  <div class='ocr_page' id='page_1' title='image "/cluster/home/n/w/nwhite01/storage/ocr_20150623/158/uva.x000829800/023.png"; bbox 0 0 4174 6180; ppageno 0'>
   <div class='ocr_carea' id='block_1_1' title="bbox 649 214 3899 307">
    <p class='ocr_par' dir='ltr' id='par_1_1' title="bbox 649 214 3899 307">
     <span class='ocr_line' id='line_1_1' title="bbox 649 214 3899 307; baseline 0.011 -38"><span class='ocrx_word' id='word_1_1' title='bbox 649 214 709 271; x_wconf 80' lang='lat' dir='ltr'><strong>:i</strong></span> <span class='ocrx_word' id='word_1_2' title='bbox 1626 233 1680 284; x_wconf 86' lang='lat' dir='ltr'><strong>s.</strong></span> <span class='ocrx_word' id='word_1_3' title='bbox 1724 232 2083 307; x_wconf 63' lang='lat' dir='ltr'><strong>axszzmuzs</strong></span> <span class='ocrx_word' id='word_1_4' title='bbox 2115 214 2454 292; x_wconf 60' lang='lat' dir='ltr'><strong>emrtua.</strong></span> <span class='ocrx_word' id='word_1_5' title='bbox 2498 240 2799 296; x_wconf 73' lang='lat' dir='ltr'><strong>ARCIllEl‘.</strong></span> <span class='ocrx_word' id='word_1_6' title='bbox 3776 252 3805 303; x_wconf 67' lang='grc' dir='ltr'><strong>δ</strong></span> <span class='ocrx_word' id='word_1_7' title='bbox 3896 238 3899 243; x_wconf 81' lang='grc'><em>’</em></span> 
     </span>
    </p>
   </div>
   <div class='ocr_carea' id='block_1_2' title="bbox 937 320 1895 396">
    <p class='ocr_par' dir='ltr' id='par_1_2' title="bbox 937 320 1895 396">
     <span class='ocr_line' id='line_1_2' title="bbox 937 320 1895 396; baseline 0.015 -14"><span class='ocrx_word' id='word_1_8' title='bbox 937 328 1165 384; x_wconf 70' lang='lat' dir='ltr'><strong>Censura</strong></span> <span class='ocrx_word' id='word_1_9' title='bbox 1200 320 1597 389; x_wconf 70' lang='lat' dir='ltr'><strong>.lleditationiun</strong></span> <span class='ocrx_word' id='word_1_10' title='bbox 1624 342 1689 392; x_wconf 66' lang='lat'><strong>1&#39;2</strong></span> <span class='ocrx_word' id='word_1_11' title='bbox 1726 353 1772 393; x_wconf 76' lang='lat' dir='ltr'><strong>et</strong></span> <span class='ocrx_word' id='word_1_12' title='bbox 1817 345 1895 396; x_wconf 75' lang='lat' dir='ltr'><strong>l5.</strong></span> 
     </span>
    </p>
   </div>
   <div class='ocr_carea' id='block_1_3' title="bbox 719 405 2237 498">
    <p class='ocr_par' dir='ltr' id='par_1_3' title="bbox 719 405 2237 498">
     <span class='ocr_line' id='line_1_3' title="bbox 719 405 2237 498; baseline 0.016 -32"><span class='ocrx_word' id='word_1_13' title='bbox 719 414 945 490; x_wconf 74' lang='lat' dir='ltr'><strong>Primus,</strong></span> <span class='ocrx_word' id='word_1_14' title='bbox 981 419 1023 471; x_wconf 90' lang='lat' dir='ltr'><strong>si</strong></span> <span class='ocrx_word' id='word_1_15' title='bbox 1072 420 1203 473; x_wconf 83' lang='lat' dir='ltr'><strong>bene</strong></span> <span class='ocrx_word' id='word_1_16' title='bbox 1261 424 1393 485; x_wconf 89' lang='lat' dir='ltr'><strong>scio,</strong></span> <span class='ocrx_word' id='word_1_17' title='bbox 1449 425 1507 478; x_wconf 80' lang='grc' dir='ltr'>Ρ.</span> <span class='ocrx_word' id='word_1_18' title='bbox 1552 428 1870 498; x_wconf 75' lang='lat' dir='ltr'><strong>llayumulns</strong></span> <span class='ocrx_word' id='word_1_19' title='bbox 1928 448 2017 488; x_wconf 85' lang='lat' dir='ltr'><strong>eas</strong></span> <span class='ocrx_word' id='word_1_20' title='bbox 2059 405 2237 492; x_wconf 47' lang='lat' dir='ltr'><strong>inter.</strong></span> 
     </span>
    </p>
   </div>
   <div class='ocr_carea' id='block_1_4' title="bbox 649 504 2194 588">
    <p class='ocr_par' dir='ltr' id='par_1_4' title="bbox 649 504 2194 588">
     <span class='ocr_line' id='line_1_4' title="bbox 649 504 2194 588; baseline 0.017 -34"><span class='ocrx_word' id='word_1_21' title='bbox 649 504 818 557; x_wconf 89' lang='lat' dir='ltr'><strong>sancti</strong></span> <span class='ocrx_word' id='word_1_22' title='bbox 866 505 1100 560; x_wconf 84' lang='lat' dir='ltr'><strong>Anselmi</strong></span> <span class='ocrx_word' id='word_1_23' title='bbox 1150 512 1519 567; x_wconf 85' lang='lat' dir='ltr'><strong>meditationes</strong></span> <span class='ocrx_word' id='word_1_24' title='bbox 1562 520 1828 588; x_wconf 75' lang='lat' dir='ltr'><strong>evolgavit</strong></span> <span class='ocrx_word' id='word_1_25' title='bbox 1862 535 1955 575; x_wconf 88' lang='lat' dir='ltr'><strong>:et</strong></span> <span class='ocrx_word' id='word_1_26' title='bbox 2008 542 2098 580; x_wconf 89' lang='lat' dir='ltr'><strong>eas</strong></span> <span class='ocrx_word' id='word_1_27' title='bbox 2144 529 2194 581; x_wconf 89' lang='lat' dir='ltr'><strong>in</strong></span> 
     </span>
    </p>
   </div>
   <div class='ocr_carea' id='block_1_5' title="bbox 650 591 2196 687">
    <p class='ocr_par' dir='ltr' id='par_1_5' title="bbox 650 591 2196 687">
     <span class='ocr_line' id='line_1_5' title="bbox 650 591 2196 687; baseline 0.019 -46"><span class='ocrx_word' id='word_1_28' title='bbox 650 591 809 687; x_wconf 82' lang='lat' dir='ltr'><strong>unico</strong></span> <span class='ocrx_word' id='word_1_29' title='bbox 845 608 969 658; x_wconf 88' lang='lat' dir='ltr'><strong>ms.,</strong></span> <span class='ocrx_word' id='word_1_30' title='bbox 1020 596 1159 687; x_wconf 63' lang='lat' dir='ltr'><strong>quod</strong></span> <span class='ocrx_word' id='word_1_31' title='bbox 1203 612 1284 655; x_wconf 88' lang='lat' dir='ltr'><strong>est</strong></span> <span class='ocrx_word' id='word_1_32' title='bbox 1328 604 1525 681; x_wconf 78' lang='lat' dir='ltr'><strong>domini</strong></span> <span class='ocrx_word' id='word_1_33' title='bbox 1552 608 1763 687; x_wconf 26' lang='lat' dir='ltr'><strong>olligot,</strong></span> <span class='ocrx_word' id='word_1_34' title='bbox 1803 609 1860 664; x_wconf 98' lang='grc'><strong>8.</strong></span> <span class='ocrx_word' id='word_1_35' title='bbox 1912 612 2196 670; x_wconf 83' lang='lat' dir='ltr'><strong>Anselmns</strong></span> 
     </span>
    </p>
   </div>
   <div class='ocr_carea' id='block_1_6' title="bbox 646 683 2193 759">
    <p class='ocr_par' dir='ltr' id='par_1_6' title="bbox 646 683 2193 759">
     <span class='ocr_line' id='line_1_6' title="bbox 646 683 2193 759; baseline 0.017 -27"><span class='ocrx_word' id='word_1_36' title='bbox 646 683 1083 741; x_wconf 83' lang='lat' dir='ltr'><strong>meditationibus</strong></span> <span class='ocrx_word' id='word_1_37' title='bbox 1158 697 1433 749; x_wconf 87' lang='lat' dir='ltr'><strong>aceenscri</strong></span> <span class='ocrx_word' id='word_1_38' title='bbox 1500 683 1682 753; x_wconf 73' lang='lat' dir='ltr'><strong>didici.</strong></span> <span class='ocrx_word' id='word_1_39' title='bbox 1754 700 1810 754; x_wconf 91' lang='lat' dir='ltr'><strong>ln</strong></span> <span class='ocrx_word' id='word_1_40' title='bbox 1879 702 2193 759; x_wconf 86' lang='lat' dir='ltr'><strong>duodecima</strong></span> 
     </span>
    </p>
   </div>
   <div class='ocr_carea' id='block_1_7' title="bbox 644 772 2194 862">
    <p class='ocr_par' dir='ltr' id='par_1_7' title="bbox 644 772 2194 862">
     <span class='ocr_line' id='line_1_7' title="bbox 644 772 2194 862; baseline 0.019 -42"><span class='ocrx_word' id='word_1_41' title='bbox 644 772 879 837; x_wconf 85' lang='lat' dir='ltr'><strong>phrasim</strong></span> <span class='ocrx_word' id='word_1_42' title='bbox 912 777 1146 833; x_wconf 78' lang='lat' dir='ltr'><strong>Anselmi</strong></span> <span class='ocrx_word' id='word_1_43' title='bbox 1192 783 1434 847; x_wconf 87' lang='lat' dir='ltr'><strong>adverto,</strong></span> <span class='ocrx_word' id='word_1_44' title='bbox 1486 787 1536 840; x_wconf 90' lang='lat' dir='ltr'><strong>in</strong></span> <span class='ocrx_word' id='word_1_45' title='bbox 1567 792 1718 842; x_wconf 83' lang='lat' dir='ltr'><strong>tertia</strong></span> <span class='ocrx_word' id='word_1_46' title='bbox 1743 792 1943 845; x_wconf 86' lang='lat' dir='ltr'><strong>decima</strong></span> <span class='ocrx_word' id='word_1_47' title='bbox 1976 776 2194 862; x_wconf 24' lang='lat' dir='ltr'><strong>{stylnm</strong></span> 
     </span>
    </p>
   </div>
   <div class='ocr_carea' id='block_1_8' title="bbox 643 860 2193 949">
    <p class='ocr_par' dir='ltr' id='par_1_8' title="bbox 643 860 2193 949">
     <span class='ocr_line' id='line_1_8' title="bbox 643 860 2193 949; baseline 0.019 -39"><span class='ocrx_word' id='word_1_48' title='bbox 643 860 797 913; x_wconf 78' lang='lat' dir='ltr'><strong>video</strong></span> <span class='ocrx_word' id='word_1_49' title='bbox 840 866 1058 922; x_wconf 79' lang='lat' dir='ltr'><strong>Omnino</strong></span> <span class='ocrx_word' id='word_1_50' title='bbox 1087 869 1379 939; x_wconf 86' lang='lat' dir='ltr'><strong>disparem;</strong></span> <span class='ocrx_word' id='word_1_51' title='bbox 1414 884 1645 945; x_wconf 84' lang='lat' dir='ltr'><strong>utraque</strong></span> <span class='ocrx_word' id='word_1_52' title='bbox 1666 889 1835 933; x_wconf 84' lang='lat' dir='ltr'><strong>tamen</strong></span> <span class='ocrx_word' id='word_1_53' title='bbox 1861 883 1960 949; x_wconf 86' lang='lat' dir='ltr'><strong>piis</strong></span> <span class='ocrx_word' id='word_1_54' title='bbox 2008 860 2193 938; x_wconf 71' lang='lat' dir='ltr'><strong>aienti-</strong></span> 
     </span>
    </p>
   </div>
   <div class='ocr_carea' id='block_1_9' title="bbox 642 949 932 1021">
    <p class='ocr_par' dir='ltr' id='par_1_9' title="bbox 642 949 932 1021">
     <span class='ocr_line' id='line_1_9' title="bbox 642 949 932 1021; baseline 0.014 -18"><span class='ocrx_word' id='word_1_55' title='bbox 642 949 742 1007; x_wconf 87' lang='lat' dir='ltr'><strong>bus</strong></span> <span class='ocrx_word' id='word_1_56' title='bbox 772 956 932 1021; x_wconf 88' lang='lat' dir='ltr'><strong>sapit’.</strong></span> 
     </span>
    </p>
   </div>
   <div class='ocr_carea' id='block_1_10' title="bbox 922 1045 1810 1111">
    <p class='ocr_par' dir='ltr' id='par_1_10' title="bbox 922 1045 1810 1111">
     <span class='ocr_line' id='line_1_10' title="bbox 922 1045 1810 1111; baseline 0.016 -14"><span class='ocrx_word' id='word_1_57' title='bbox 922 1050 933 1062; x_wconf 82' lang='lat'><strong><em>‘</em></strong></span> <span class='ocrx_word' id='word_1_58' title='bbox 1031 1045 1265 1103; x_wconf 78' lang='lat' dir='ltr'><strong>Censura</strong></span> <span class='ocrx_word' id='word_1_59' title='bbox 1318 1055 1669 1109; x_wconf 69' lang='lat' dir='ltr'><strong>meditationis</strong></span> <span class='ocrx_word' id='word_1_60' title='bbox 1726 1058 1810 1111; x_wconf 74' lang='grc' dir='ltr'>Η.</span> 
     </span>
    </p>
   </div>
   <div class='ocr_carea' id='block_1_11' title="bbox 712 1127 2190 1214">
    <p class='ocr_par' dir='ltr' id='par_1_11' title="bbox 712 1127 2190 1214">
     <span class='ocr_line' id='line_1_11' title="bbox 712 1127 2190 1214; baseline 0.015 -31"><span class='ocrx_word' id='word_1_61' title='bbox 712 1127 860 1184; x_wconf 85' lang='lat' dir='ltr'><strong>Hanc</strong></span> <span class='ocrx_word' id='word_1_62' title='bbox 875 1135 1043 1187; x_wconf 91' lang='lat' dir='ltr'><strong>sancti</strong></span> <span class='ocrx_word' id='word_1_63' title='bbox 1068 1136 1302 1190; x_wconf 77' lang='lat' dir='ltr'><strong>Ansclmi</strong></span> <span class='ocrx_word' id='word_1_64' title='bbox 1331 1142 1547 1197; x_wconf 82' lang='lat' dir='ltr'><strong>nomine</strong></span> <span class='ocrx_word' id='word_1_65' title='bbox 1571 1143 1626 1195; x_wconf 88' lang='lat' dir='ltr'><strong>P.</strong></span> <span class='ocrx_word' id='word_1_66' title='bbox 1656 1144 1984 1214; x_wconf 80' lang='lat' dir='ltr'><strong>Theophilus</strong></span> <span class='ocrx_word' id='word_1_67' title='bbox 1998 1164 2061 1203; x_wconf 78' lang='lat' dir='ltr'><strong>ex</strong></span> <span class='ocrx_word' id='word_1_68' title='bbox 2092 1168 2190 1205; x_wconf 89' lang='lat' dir='ltr'><strong>ms.</strong></span> 
     </span>
    </p>
   </div>
   <div class='ocr_carea' id='block_1_12' title="bbox 638 1218 2188 1303">
    <p class='ocr_par' dir='ltr' id='par_1_12' title="bbox 638 1218 2188 1303">
     <span class='ocr_line' id='line_1_12' title="bbox 638 1218 2188 1303; baseline 0.016 -34"><span class='ocrx_word' id='word_1_69' title='bbox 638 1218 755 1270; x_wconf 77' lang='lat' dir='ltr'><strong>cadi</strong></span> <span class='ocrx_word' id='word_1_70' title='bbox 792 1233 822 1271; x_wconf 93' lang='lat' dir='ltr'><strong>c</strong></span> <span class='ocrx_word' id='word_1_71' title='bbox 848 1220 1095 1289; x_wconf 76' lang='lat' dir='ltr'><strong>(collegii,</strong></span> <span class='ocrx_word' id='word_1_72' title='bbox 1128 1232 1185 1277; x_wconf 91' lang='lat' dir='ltr'><strong>ut</strong></span> <span class='ocrx_word' id='word_1_73' title='bbox 1207 1218 1731 1301; x_wconf 29' lang='lat' dir='ltr'><strong>puto,‘Viennensis)</strong></span> <span class='ocrx_word' id='word_1_74' title='bbox 1756 1236 1957 1303; x_wconf 86' lang='lat' dir='ltr'><strong>primus</strong></span> <span class='ocrx_word' id='word_1_75' title='bbox 1987 1239 2188 1302; x_wconf 88' lang='lat' dir='ltr'><strong>edidit;</strong></span> 
     </span>
    </p>
   </div>
   <div class='ocr_carea' id='block_1_13' title="bbox 638 1304 2191 1382">
    <p class='ocr_par' dir='ltr' id='par_1_13' title="bbox 638 1304 2191 1382">
     <span class='ocr_line' id='line_1_13' title="bbox 638 1304 2191 1382; baseline 0.017 -27"><span class='ocrx_word' id='word_1_76' title='bbox 638 1305 749 1377; x_wconf 72' lang='lat' dir='ltr'><strong>ipsa</strong></span> <span class='ocrx_word' id='word_1_77' title='bbox 781 1309 941 1361; x_wconf 89' lang='lat' dir='ltr'><strong>etiam</strong></span> <span class='ocrx_word' id='word_1_78' title='bbox 966 1308 1103 1363; x_wconf 87' lang='lat' dir='ltr'><strong>inter</strong></span> <span class='ocrx_word' id='word_1_79' title='bbox 1125 1311 1183 1365; x_wconf 91' lang='lat' dir='ltr'><strong>S.</strong></span> <span class='ocrx_word' id='word_1_80' title='bbox 1221 1313 1456 1371; x_wconf 78' lang='lat' dir='ltr'><strong>Ans&#39;elmi</strong></span> <span class='ocrx_word' id='word_1_81' title='bbox 1480 1304 1856 1379; x_wconf 84' lang='lat' dir='ltr'><strong>Meditationes</strong></span> <span class='ocrx_word' id='word_1_82' title='bbox 1877 1328 2114 1381; x_wconf 82' lang='lat' dir='ltr'><strong>occurrit</strong></span> <span class='ocrx_word' id='word_1_83' title='bbox 2140 1329 2191 1382; x_wconf 91' lang='lat' dir='ltr'><strong>in</strong></span> 
     </span>
    </p>
   </div>
   <div class='ocr_carea' id='block_1_14' title="bbox 641 1397 1700 1481">
    <p class='ocr_par' dir='ltr' id='par_1_14' title="bbox 641 1397 1700 1481">
     <span class='ocr_line' id='line_1_14' title="bbox 641 1397 1700 1481; baseline 0.018 -34"><span class='ocrx_word' id='word_1_84' title='bbox 641 1410 742 1450; x_wconf 88' lang='lat' dir='ltr'><strong>ms.</strong></span> <span class='ocrx_word' id='word_1_85' title='bbox 773 1397 833 1450; x_wconf 92' lang='lat' dir='ltr'><strong>D.</strong></span> <span class='ocrx_word' id='word_1_86' title='bbox 866 1398 1038 1468; x_wconf 84' lang='lat' dir='ltr'><strong>Bigot;</strong></span> <span class='ocrx_word' id='word_1_87' title='bbox 1076 1401 1130 1454; x_wconf 90' lang='lat' dir='ltr'><strong>in</strong></span> <span class='ocrx_word' id='word_1_88' title='bbox 1153 1401 1272 1457; x_wconf 90' lang='lat' dir='ltr'><strong>aliis</strong></span> <span class='ocrx_word' id='word_1_89' title='bbox 1292 1418 1409 1459; x_wconf 88' lang='lat' dir='ltr'><strong>eam</strong></span> <span class='ocrx_word' id='word_1_90' title='bbox 1433 1423 1537 1463; x_wconf 88' lang='lat' dir='ltr'><strong>non</strong></span> <span class='ocrx_word' id='word_1_91' title='bbox 1576 1411 1700 1481; x_wconf 81' lang='lat' dir='ltr'><strong>legi.</strong></span> 
     </span>
    </p>
   </div>
   <div class='ocr_carea' id='block_1_15' title="bbox 707 1488 2191 1562">
    <p class='ocr_par' dir='ltr' id='par_1_15' title="bbox 707 1488 2191 1562">
     <span class='ocr_line' id='line_1_15' title="bbox 707 1488 2191 1562; baseline 0.015 -21"><span class='ocrx_word' id='word_1_92' title='bbox 707 1488 1105 1543; x_wconf 71' lang='lat' dir='ltr'><strong>Observandum</strong></span> <span class='ocrx_word' id='word_1_93' title='bbox 1159 1502 1336 1547; x_wconf 88' lang='lat' dir='ltr'><strong>autem</strong></span> <span class='ocrx_word' id='word_1_94' title='bbox 1366 1499 1527 1553; x_wconf 87' lang='lat' dir='ltr'><strong>estin</strong></span> <span class='ocrx_word' id='word_1_95' title='bbox 1575 1516 1637 1556; x_wconf 91' lang='lat' dir='ltr'><strong>ca</strong></span> <span class='ocrx_word' id='word_1_96' title='bbox 1691 1505 1951 1559; x_wconf 75' lang='lat' dir='ltr'><strong>contineri</strong></span> <span class='ocrx_word' id='word_1_97' title='bbox 2002 1522 2191 1562; x_wconf 90' lang='lat' dir='ltr'><strong>novem</strong></span> 
     </span>
    </p>
   </div>
   <div class='ocr_carea' id='block_1_16' title="bbox 639 1580 2191 1665">
    <p class='ocr_par' dir='ltr' id='par_1_16' title="bbox 639 1580 2191 1665">
     <span class='ocr_line' id='line_1_16' title="bbox 639 1580 2191 1665; baseline 0.014 -36"><span class='ocrx_word' id='word_1_98' title='bbox 639 1580 819 1647; x_wconf 78' lang='lat' dir='ltr'><strong>priora</strong></span> <span class='ocrx_word' id='word_1_99' title='bbox 872 1584 1103 1651; x_wconf 89' lang='lat' dir='ltr'><strong>capitula</strong></span> <span class='ocrx_word' id='word_1_100' title='bbox 1167 1588 1329 1643; x_wconf 85' lang='lat' dir='ltr'><strong>libelli</strong></span> <span class='ocrx_word' id='word_1_101' title='bbox 1370 1591 1460 1658; x_wconf 88' lang='lat' dir='ltr'><strong>qui</strong></span> <span class='ocrx_word' id='word_1_102' title='bbox 1508 1591 1753 1649; x_wconf 76' lang='lat' dir='ltr'><strong>Manuale</strong></span> <span class='ocrx_word' id='word_1_103' title='bbox 1788 1594 1843 1648; x_wconf 91' lang='lat' dir='ltr'><strong>S.</strong></span> <span class='ocrx_word' id='word_1_104' title='bbox 1897 1585 2191 1665; x_wconf 71' lang='lat' dir='ltr'><strong>Augustini</strong></span> 
     </span>
    </p>
   </div>
   <div class='ocr_carea' id='block_1_17' title="bbox 2364 348 3809 419">
    <p class='ocr_par' dir='ltr' id='par_1_17' title="bbox 2364 348 3809 419">
     <span class='ocr_line' id='line_1_17' title="bbox 2364 348 3809 419; baseline 0.008 -15"><span class='ocrx_word' id='word_1_105' title='bbox 2364 352 2563 404; x_wconf 76' lang='lat' dir='ltr'><strong>Auctor</strong></span> <span class='ocrx_word' id='word_1_106' title='bbox 2586 352 2741 419; x_wconf 86' lang='lat' dir='ltr'><strong>hujus</strong></span> <span class='ocrx_word' id='word_1_107' title='bbox 2770 351 2929 406; x_wconf 77' lang='lat' dir='ltr'><strong>libelli</strong></span> <span class='ocrx_word' id='word_1_108' title='bbox 2957 353 3007 407; x_wconf 87' lang='lat' dir='ltr'><strong>in</strong></span> <span class='ocrx_word' id='word_1_109' title='bbox 3038 369 3085 410; x_wconf 91' lang='lat' dir='ltr'><strong>c.</strong></span> <span class='ocrx_word' id='word_1_110' title='bbox 3114 355 3209 409; x_wconf 83' lang='lat' dir='ltr'><strong>ult.</strong></span> <span class='ocrx_word' id='word_1_111' title='bbox 3234 356 3431 413; x_wconf 86' lang='lat' dir='ltr'><strong>fatetur</strong></span> <span class='ocrx_word' id='word_1_112' title='bbox 3448 374 3505 414; x_wconf 87' lang='lat' dir='ltr'><strong>se</strong></span> <span class='ocrx_word' id='word_1_113' title='bbox 3526 359 3610 415; x_wconf 82' lang='lat' dir='ltr'><strong>bis</strong></span> <span class='ocrx_word' id='word_1_114' title='bbox 3641 348 3809 416; x_wconf 79' lang='lat' dir='ltr'><strong>media</strong></span> 
     </span>
    </p>
   </div>
   <div class='ocr_carea' id='block_1_18' title="bbox 2303 434 3814 512">
    <p class='ocr_par' dir='ltr' id='par_1_18' title="bbox 2303 434 3814 512">
     <span class='ocr_line' id='line_1_18' title="bbox 2303 434 3814 512; baseline 0.009 -21"><span class='ocrx_word' id='word_1_115' title='bbox 2303 440 2531 493; x_wconf 86' lang='lat' dir='ltr'><strong>tionibus</strong></span> <span class='ocrx_word' id='word_1_116' title='bbox 2572 441 2645 492; x_wconf 87' lang='lat' dir='ltr'><strong>De</strong></span> <span class='ocrx_word' id='word_1_117' title='bbox 2699 442 2886 494; x_wconf 72' lang='lat' dir='ltr'><strong>divinis</strong></span> <span class='ocrx_word' id='word_1_118' title='bbox 2942 442 3216 509; x_wconf 77' lang='lat' dir='ltr'><strong>beneﬁciis.</strong></span> <span class='ocrx_word' id='word_1_119' title='bbox 3273 434 3575 512; x_wconf 69' lang='lat' dir='ltr'><strong>adiunxisse</strong></span> <span class='ocrx_word' id='word_1_120' title='bbox 3629 450 3814 505; x_wconf 88' lang='lat' dir='ltr'><strong>vivend</strong></span> 
     </span>
    </p>
   </div>
   <div class='ocr_carea' id='block_1_19' title="bbox 2300 529 3814 608">
    <p class='ocr_par' dir='ltr' id='par_1_19' title="bbox 2300 529 3814 608">
     <span class='ocr_line' id='line_1_19' title="bbox 2300 529 3814 608; baseline 0.008 -27"><span class='ocrx_word' id='word_1_121' title='bbox 2300 529 2521 583; x_wconf 77' lang='lat' dir='ltr'><strong>formam</strong></span> <span class='ocrx_word' id='word_1_122' title='bbox 2544 546 2703 598; x_wconf 89' lang='lat' dir='ltr'><strong>quam</strong></span> <span class='ocrx_word' id='word_1_123' title='bbox 2727 545 2820 599; x_wconf 87' lang='lat' dir='ltr'><strong>per</strong></span> <span class='ocrx_word' id='word_1_124' title='bbox 2848 531 2917 586; x_wconf 73' lang='grc'><strong>46</strong></span> <span class='ocrx_word' id='word_1_125' title='bbox 2960 534 3190 600; x_wconf 88' lang='lat' dir='ltr'><strong>capitula</strong></span> <span class='ocrx_word' id='word_1_126' title='bbox 3216 535 3286 589; x_wconf 85' lang='lat' dir='ltr'><strong>ibi</strong></span> <span class='ocrx_word' id='word_1_127' title='bbox 3318 539 3670 608; x_wconf 73' lang='lat' dir='ltr'><strong>praescripsit;</strong></span> <span class='ocrx_word' id='word_1_128' title='bbox 3698 539 3814 593; x_wconf 56' lang='lat' dir='ltr'><strong>und.</strong></span> 
     </span>
    </p>
   </div>
   <div class='ocr_carea' id='block_1_20' title="bbox 2298 621 3823 703">
    <p class='ocr_par' dir='ltr' id='par_1_20' title="bbox 2298 621 3823 703">
     <span class='ocr_line' id='line_1_20' title="bbox 2298 621 3823 703; baseline 0.008 -32"><span class='ocrx_word' id='word_1_129' title='bbox 2298 621 2357 672; x_wconf 81' lang='lat' dir='ltr'><strong>ﬁt</strong></span> <span class='ocrx_word' id='word_1_130' title='bbox 2381 621 2597 676; x_wconf 83' lang='lat' dir='ltr'><strong>evidens</strong></span> <span class='ocrx_word' id='word_1_131' title='bbox 2622 638 2783 676; x_wconf 89' lang='lat' dir='ltr'><strong>unum</strong></span> <span class='ocrx_word' id='word_1_132' title='bbox 2824 638 2943 678; x_wconf 88' lang='lat' dir='ltr'><strong>esse</strong></span> <span class='ocrx_word' id='word_1_133' title='bbox 2967 632 3019 679; x_wconf 89' lang='lat' dir='ltr'><strong>et</strong></span> <span class='ocrx_word' id='word_1_134' title='bbox 3061 625 3214 679; x_wconf 84' lang='lat' dir='ltr'><strong>istius</strong></span> <span class='ocrx_word' id='word_1_135' title='bbox 3253 628 3462 703; x_wconf 81' lang='lat' dir='ltr'><strong>vivendi</strong></span> <span class='ocrx_word' id='word_1_136' title='bbox 3497 628 3734 684; x_wconf 73' lang='lat' dir='ltr'><strong>formula:</strong></span> <span class='ocrx_word' id='word_1_137' title='bbox 3785 645 3823 685; x_wconf 77' lang='lat' dir='ltr'><strong>e.</strong></span> 
     </span>
    </p>
   </div>
   <div class='ocr_carea' id='block_1_21' title="bbox 2298 710 3259 769">
    <p class='ocr_par' dir='ltr' id='par_1_21' title="bbox 2298 710 3259 769">
     <span class='ocr_line' id='line_1_21' title="bbox 2298 710 3259 769; baseline 0.006 -6"><span class='ocrx_word' id='word_1_138' title='bbox 2298 710 2518 764; x_wconf 88' lang='lat' dir='ltr'><strong>istarum</strong></span> <span class='ocrx_word' id='word_1_139' title='bbox 2544 713 2937 768; x_wconf 81' lang='lat' dir='ltr'><strong>meditationem</strong></span> <span class='ocrx_word' id='word_1_140' title='bbox 2966 723 3259 769; x_wconf 81' lang='lat' dir='ltr'><strong>auctorem.</strong></span> 
     </span>
    </p>
   </div>
   <div class='ocr_carea' id='block_1_22' title="bbox 2707 790 3421 862">
    <p class='ocr_par' dir='ltr' id='par_1_22' title="bbox 2707 790 3421 862">
     <span class='ocr_line' id='line_1_22' title="bbox 2707 790 3421 862; baseline 0.006 -7"><span class='ocrx_word' id='word_1_141' title='bbox 2707 800 2939 856; x_wconf 84' lang='lat' dir='ltr'><strong>Censura</strong></span> <span class='ocrx_word' id='word_1_142' title='bbox 2962 790 3310 860; x_wconf 71' lang='lat' dir='ltr'><strong>meditationis</strong></span> <span class='ocrx_word' id='word_1_143' title='bbox 3334 808 3421 862; x_wconf 79' lang='grc'><strong>18.</strong></span> 
     </span>
    </p>
   </div>
   <div class='ocr_carea' id='block_1_23' title="bbox 2366 890 3813 969">
    <p class='ocr_par' dir='ltr' id='par_1_23' title="bbox 2366 890 3813 969">
     <span class='ocr_line' id='line_1_23' title="bbox 2366 890 3813 969; baseline 0.005 -27"><span class='ocrx_word' id='word_1_144' title='bbox 2366 890 2439 967; x_wconf 75' lang='lat' dir='ltr'><strong>Ex</strong></span> <span class='ocrx_word' id='word_1_145' title='bbox 2472 906 2569 944; x_wconf 90' lang='lat' dir='ltr'><strong>ms.</strong></span> <span class='ocrx_word' id='word_1_146' title='bbox 2586 890 2793 961; x_wconf 83' lang='lat' dir='ltr'><strong>collegii</strong></span> <span class='ocrx_word' id='word_1_147' title='bbox 2840 894 3157 950; x_wconf 76' lang='lat' dir='ltr'><strong>Viennensis</strong></span> <span class='ocrx_word' id='word_1_148' title='bbox 3184 895 3241 948; x_wconf 86' lang='lat' dir='ltr'><strong>P.</strong></span> <span class='ocrx_word' id='word_1_149' title='bbox 3260 896 3548 969; x_wconf 69' lang='grc' dir='ltr'><strong>Ἧιεοριιῐι.</strong></span> <span class='ocrx_word' id='word_1_150' title='bbox 3568 937 3583 962; x_wconf 87' lang='grc'><em>,</em></span> <span class='ocrx_word' id='word_1_151' title='bbox 3608 907 3668 953; x_wconf 89' lang='lat' dir='ltr'><strong>ut</strong></span> <span class='ocrx_word' id='word_1_152' title='bbox 3688 894 3763 952; x_wconf 89' lang='lat' dir='ltr'><strong>ait</strong></span> <span class='ocrx_word' id='word_1_153' title='bbox 3786 899 3813 951; x_wconf 66' lang='lat' dir='ltr'><strong>ii</strong></span> 
     </span>
    </p>
   </div>
   <div class='ocr_carea' id='block_1_24' title="bbox 2298 980 3813 1049">
    <p class='ocr_par' dir='ltr' id='par_1_24' title="bbox 2298 980 3813 1049">
     <span class='ocr_line' id='line_1_24' title="bbox 2298 980 3813 1049; baseline 0.007 -17"><span class='ocrx_word' id='word_1_154' title='bbox 2298 981 2611 1049; x_wconf 72' lang='lat' dir='ltr'><strong>prmlationc</strong></span> <span class='ocrx_word' id='word_1_155' title='bbox 2636 982 2700 1035; x_wconf 89' lang='lat' dir='ltr'><strong>ad</strong></span> <span class='ocrx_word' id='word_1_156' title='bbox 2728 980 3057 1049; x_wconf 81' lang='lat' dir='ltr'><strong>Mantissam,</strong></span> <span class='ocrx_word' id='word_1_157' title='bbox 3108 985 3248 1040; x_wconf 90' lang='lat' dir='ltr'><strong>hanc</strong></span> <span class='ocrx_word' id='word_1_158' title='bbox 3294 986 3437 1040; x_wconf 86' lang='lat' dir='ltr'><strong>inter</strong></span> <span class='ocrx_word' id='word_1_159' title='bbox 3465 987 3596 1042; x_wconf 89' lang='lat' dir='ltr'><strong>alias</strong></span> <span class='ocrx_word' id='word_1_160' title='bbox 3633 982 3813 1042; x_wconf 77' lang='lat' dir='ltr'><strong>omnes</strong></span> 
     </span>
    </p>
   </div>
   <div class='ocr_carea' id='block_1_25' title="bbox 2298 1071 3808 1143">
    <p class='ocr_par' dir='ltr' id='par_1_25' title="bbox 2298 1071 3808 1143">
     <span class='ocr_line' id='line_1_25' title="bbox 2298 1071 3808 1143; baseline 0.003 -20"><span class='ocrx_word' id='word_1_161' title='bbox 2298 1079 2354 1123; x_wconf 92' lang='lat' dir='ltr'><strong>ut</strong></span> <span class='ocrx_word' id='word_1_162' title='bbox 2384 1080 2565 1136; x_wconf 76' lang='lat' dir='ltr'><strong>vocat,</strong></span> <span class='ocrx_word' id='word_1_163' title='bbox 2593 1071 2921 1134; x_wconf 81' lang='lat' dir='ltr'><strong>faculas,seu</strong></span> <span class='ocrx_word' id='word_1_164' title='bbox 2952 1073 3181 1143; x_wconf 18' lang='lat' dir='ltr'><strong>alloqiuia</strong></span> <span class='ocrx_word' id='word_1_165' title='bbox 3204 1075 3374 1129; x_wconf 79' lang='lat' dir='ltr'><strong>sancti</strong></span> <span class='ocrx_word' id='word_1_166' title='bbox 3410 1075 3647 1130; x_wconf 85' lang='lat' dir='ltr'><strong>Anselmi</strong></span> <span class='ocrx_word' id='word_1_167' title='bbox 3683 1077 3733 1128; x_wconf 92' lang='lat' dir='ltr'><strong>in</strong></span> <span class='ocrx_word' id='word_1_168' title='bbox 3756 1075 3808 1128; x_wconf 93' lang='lat' dir='ltr'><strong>lu</strong></span> 
     </span>
    </p>
   </div>
   <div class='ocr_carea' id='block_1_26' title="bbox 2294 1159 3802 1232">
    <p class='ocr_par' dir='ltr' id='par_1_26' title="bbox 2294 1159 3802 1232">
     <span class='ocr_line' id='line_1_26' title="bbox 2294 1159 3802 1232; baseline 0.001 -19"><span class='ocrx_word' id='word_1_169' title='bbox 2294 1173 2409 1213; x_wconf 89' lang='lat' dir='ltr'><strong>cem</strong></span> <span class='ocrx_word' id='word_1_170' title='bbox 2436 1160 2637 1225; x_wconf 87' lang='lat' dir='ltr'><strong>primus</strong></span> <span class='ocrx_word' id='word_1_171' title='bbox 2661 1160 2857 1217; x_wconf 89' lang='lat' dir='ltr'><strong>emisit.</strong></span> <span class='ocrx_word' id='word_1_172' title='bbox 2893 1159 3058 1230; x_wconf 79' lang='lat' dir='ltr'><strong>llujus</strong></span> <span class='ocrx_word' id='word_1_173' title='bbox 3101 1163 3310 1216; x_wconf 80' lang='lat' dir='ltr'><strong>initium</strong></span> <span class='ocrx_word' id='word_1_174' title='bbox 3347 1163 3543 1232; x_wconf 77' lang='lat' dir='ltr'><strong>legitur</strong></span> <span class='ocrx_word' id='word_1_175' title='bbox 3578 1164 3630 1217; x_wconf 89' lang='lat' dir='ltr'><strong>in</strong></span> <span class='ocrx_word' id='word_1_176' title='bbox 3670 1164 3802 1231; x_wconf 89' lang='lat' dir='ltr'><strong>prim</strong></span> 
     </span>
    </p>
   </div>
   <div class='ocr_carea' id='block_1_27' title="bbox 2294 1239 3811 1321">
    <p class='ocr_par' dir='ltr' id='par_1_27' title="bbox 2294 1239 3811 1321">
     <span class='ocr_line' id='line_1_27' title="bbox 2294 1239 3811 1321; baseline 0.005 -23"><span class='ocrx_word' id='word_1_177' title='bbox 2294 1256 2445 1314; x_wconf 89' lang='lat' dir='ltr'><strong>parte</strong></span> <span class='ocrx_word' id='word_1_178' title='bbox 2471 1250 2595 1315; x_wconf 76' lang='lat' dir='ltr'><strong>cap.‘</strong></span> <span class='ocrx_word' id='word_1_179' title='bbox 2630 1248 2695 1302; x_wconf 81' lang='lat' dir='ltr'><strong>l8</strong></span> <span class='ocrx_word' id='word_1_180' title='bbox 2726 1248 2846 1302; x_wconf 86' lang='lat' dir='ltr'><strong>libri</strong></span> <span class='ocrx_word' id='word_1_181' title='bbox 2886 1239 3287 1305; x_wconf 82' lang='lat' dir='ltr'><strong>Meditatio&#39;num</strong></span> <span class='ocrx_word' id='word_1_182' title='bbox 3313 1252 3405 1321; x_wconf 88' lang='lat' dir='ltr'><strong>qui</strong></span> <span class='ocrx_word' id='word_1_183' title='bbox 3455 1252 3596 1306; x_wconf 87' lang='lat' dir='ltr'><strong>inter</strong></span> <span class='ocrx_word' id='word_1_184' title='bbox 3656 1262 3811 1305; x_wconf 88' lang='lat' dir='ltr'><strong>sanet</strong></span> 
     </span>
    </p>
   </div>
   <div class='ocr_carea' id='block_1_28' title="bbox 2295 1337 3279 1407">
    <p class='ocr_par' dir='ltr' id='par_1_28' title="bbox 2295 1337 3279 1407">
     <span class='ocr_line' id='line_1_28' title="bbox 2295 1337 3279 1407; baseline 0.007 -16"><span class='ocrx_word' id='word_1_185' title='bbox 2295 1337 2575 1405; x_wconf 80' lang='lat' dir='ltr'><strong>Augustini</strong></span> <span class='ocrx_word' id='word_1_186' title='bbox 2598 1353 2759 1407; x_wconf 87' lang='lat' dir='ltr'><strong>opera</strong></span> <span class='ocrx_word' id='word_1_187' title='bbox 2788 1340 3037 1395; x_wconf 83' lang='lat' dir='ltr'><strong>volvitur.</strong></span> <span class='ocrx_word' id='word_1_188' title='bbox 3276 1347 3279 1350; x_wconf 55' lang='grc'><em>⁴</em></span> 
     </span>
    </p>
   </div>
   <div class='ocr_carea' id='block_1_29' title="bbox 2363 1429 3810 1505">
    <p class='ocr_par' dir='ltr' id='par_1_29' title="bbox 2363 1429 3810 1505">
     <span class='ocr_line' id='line_1_29' title="bbox 2363 1429 3810 1505; baseline 0.003 -22"><span class='ocrx_word' id='word_1_189' title='bbox 2363 1430 2439 1483; x_wconf 87' lang='lat' dir='ltr'><strong>De</strong></span> <span class='ocrx_word' id='word_1_190' title='bbox 2480 1429 2623 1484; x_wconf 90' lang='lat' dir='ltr'><strong>illius</strong></span> <span class='ocrx_word' id='word_1_191' title='bbox 2673 1439 2892 1505; x_wconf 80' lang='lat' dir='ltr'><strong>auctore</strong></span> <span class='ocrx_word' id='word_1_192' title='bbox 2920 1433 3022 1488; x_wconf 89' lang='lat' dir='ltr'><strong>hoc</strong></span> <span class='ocrx_word' id='word_1_193' title='bbox 3056 1448 3219 1487; x_wconf 88' lang='lat' dir='ltr'><strong>unum</strong></span> <span class='ocrx_word' id='word_1_194' title='bbox 3248 1435 3431 1495; x_wconf 83' lang='lat' dir='ltr'><strong>scitur,</strong></span> <span class='ocrx_word' id='word_1_195' title='bbox 3458 1434 3597 1504; x_wconf 91' lang='lat' dir='ltr'><strong>quod</strong></span> <span class='ocrx_word' id='word_1_196' title='bbox 3638 1434 3810 1488; x_wconf 77' lang='lat' dir='ltr'><strong>vivere</strong></span> 
     </span>
    </p>
   </div>
   <div class='ocr_carea' id='block_1_30' title="bbox 2296 1514 3806 1592">
    <p class='ocr_par' dir='ltr' id='par_1_30' title="bbox 2296 1514 3806 1592">
     <span class='ocr_line' id='line_1_30' title="bbox 2296 1514 3806 1592; baseline 0.004 -23"><span class='ocrx_word' id='word_1_197' title='bbox 2296 1515 2349 1569; x_wconf 88' lang='lat' dir='ltr'><strong>in</strong></span> <span class='ocrx_word' id='word_1_198' title='bbox 2378 1517 2638 1572; x_wconf 83' lang='lat' dir='ltr'><strong>societate</strong></span> <span class='ocrx_word' id='word_1_199' title='bbox 2684 1518 2908 1573; x_wconf 80' lang='lat' dir='ltr'><strong>fratrum</strong></span> <span class='ocrx_word' id='word_1_200' title='bbox 2949 1520 3142 1589; x_wconf 89' lang='lat' dir='ltr'><strong>quibus</strong></span> <span class='ocrx_word' id='word_1_201' title='bbox 3186 1532 3443 1592; x_wconf 72' lang='lat' dir='ltr'><strong>prmerat;</strong></span> <span class='ocrx_word' id='word_1_202' title='bbox 3478 1514 3530 1577; x_wconf 87' lang='lat' dir='ltr'><strong>id</strong></span> <span class='ocrx_word' id='word_1_203' title='bbox 3570 1522 3710 1576; x_wconf 89' lang='lat' dir='ltr'><strong>enim</strong></span> <span class='ocrx_word' id='word_1_204' title='bbox 3766 1523 3806 1576; x_wconf 75' lang='lat' dir='ltr'><strong>i1</strong></span> 
     </span>
    </p>
   </div>
   <div class='ocr_carea' id='block_1_31' title="bbox 2295 1605 3810 1680">
    <p class='ocr_par' dir='ltr' id='par_1_31' title="bbox 2295 1605 3810 1680">
     <span class='ocr_line' id='line_1_31' title="bbox 2295 1605 3810 1680; baseline 0.003 -22"><span class='ocrx_word' id='word_1_205' title='bbox 2295 1605 2537 1673; x_wconf 85' lang='lat' dir='ltr'><strong>pluribus</strong></span> <span class='ocrx_word' id='word_1_206' title='bbox 2593 1606 2814 1661; x_wconf 87' lang='lat' dir='ltr'><strong>indicat.</strong></span> <span class='ocrx_word' id='word_1_207' title='bbox 2861 1608 3002 1663; x_wconf 81' lang='lat' dir='ltr'><strong>Nihil</strong></span> <span class='ocrx_word' id='word_1_208' title='bbox 3053 1619 3228 1664; x_wconf 87' lang='lat' dir='ltr'><strong>autem</strong></span> <span class='ocrx_word' id='word_1_209' title='bbox 3280 1612 3331 1664; x_wconf 90' lang='lat' dir='ltr'><strong>in</strong></span> <span class='ocrx_word' id='word_1_210' title='bbox 3351 1626 3415 1664; x_wconf 81' lang='lat' dir='ltr'><strong>ea</strong></span> <span class='ocrx_word' id='word_1_211' title='bbox 3446 1621 3530 1665; x_wconf 88' lang='lat' dir='ltr'><strong>est</strong></span> <span class='ocrx_word' id='word_1_212' title='bbox 3558 1612 3699 1680; x_wconf 89' lang='lat' dir='ltr'><strong>quod</strong></span> <span class='ocrx_word' id='word_1_213' title='bbox 3730 1611 3810 1664; x_wconf 81' lang='lat' dir='ltr'><strong>Au</strong></span> 
     </span>
    </p>
   </div>
   <div class='ocr_carea' id='block_1_32' title="bbox 637 1666 3810 1766">
    <p class='ocr_par' dir='ltr' id='par_1_32' title="bbox 637 1666 3810 1766">
     <span class='ocr_line' id='line_1_32' title="bbox 637 1666 3810 1766; baseline 0.011 -46"><span class='ocrx_word' id='word_1_214' title='bbox 637 1670 797 1739; x_wconf 88' lang='lat' dir='ltr'><strong>vulgo</strong></span> <span class='ocrx_word' id='word_1_215' title='bbox 820 1672 1033 1730; x_wconf 85' lang='lat' dir='ltr'><strong>dicitur.</strong></span> <span class='ocrx_word' id='word_1_216' title='bbox 1070 1675 1223 1733; x_wconf 85' lang='lat' dir='ltr'><strong>Unde</strong></span> <span class='ocrx_word' id='word_1_217' title='bbox 1263 1680 1420 1735; x_wconf 88' lang='lat' dir='ltr'><strong>istius</strong></span> <span class='ocrx_word' id='word_1_218' title='bbox 1466 1680 1610 1748; x_wconf 86' lang='lat' dir='ltr'><strong>libri,</strong></span> <span class='ocrx_word' id='word_1_219' title='bbox 1637 1684 1777 1737; x_wconf 87' lang='lat' dir='ltr'><strong>sicut</strong></span> <span class='ocrx_word' id='word_1_220' title='bbox 1804 1693 1859 1739; x_wconf 88' lang='lat' dir='ltr'><strong>ct</strong></span> <span class='ocrx_word' id='word_1_221' title='bbox 1887 1672 2192 1740; x_wconf 86' lang='lat' dir='ltr'><strong>Meditatio—</strong></span> <span class='ocrx_word' id='word_1_222' title='bbox 2224 1666 2266 1720; x_wconf 74' lang='grc' dir='ltr'><strong><em>Β</em></strong></span> <span class='ocrx_word' id='word_1_223' title='bbox 2292 1666 2518 1747; x_wconf 80' lang='lat' dir='ltr'><strong>selmum</strong></span> <span class='ocrx_word' id='word_1_224' title='bbox 2559 1709 2663 1748; x_wconf 91' lang='lat' dir='ltr'><strong>non</strong></span> <span class='ocrx_word' id='word_1_225' title='bbox 2698 1696 2891 1764; x_wconf 86' lang='lat' dir='ltr'><strong>sapiat,</strong></span> <span class='ocrx_word' id='word_1_226' title='bbox 2928 1698 3068 1751; x_wconf 86' lang='lat' dir='ltr'><strong>unde</strong></span> <span class='ocrx_word' id='word_1_227' title='bbox 3106 1698 3177 1753; x_wconf 85' lang='lat' dir='ltr'><strong>ab</strong></span> <span class='ocrx_word' id='word_1_228' title='bbox 3211 1666 3654 1766; x_wconf 33' lang='lat' dir='ltr'><strong>Anselmo,gldum</strong></span> <span class='ocrx_word' id='word_1_229' title='bbox 3707 1699 3810 1754; x_wconf 75' lang='lat' dir='ltr'><strong>Bec</strong></span> 
     </span>
    </p>
   </div>
   <div class='ocr_carea' id='block_1_33' title="bbox 642 1764 2189 1837">
    <p class='ocr_par' dir='ltr' id='par_1_33' title="bbox 642 1764 2189 1837">
     <span class='ocr_line' id='line_1_33' title="bbox 642 1764 2189 1837; baseline 0.013 -27"><span class='ocrx_word' id='word_1_230' title='bbox 642 1775 801 1826; x_wconf 89' lang='lat' dir='ltr'><strong>num,</strong></span> <span class='ocrx_word' id='word_1_231' title='bbox 855 1773 907 1817; x_wconf 89' lang='lat' dir='ltr'><strong>et</strong></span> <span class='ocrx_word' id='word_1_232' title='bbox 949 1764 1068 1819; x_wconf 88' lang='lat' dir='ltr'><strong>libri</strong></span> <span class='ocrx_word' id='word_1_233' title='bbox 1104 1766 1177 1819; x_wconf 88' lang='lat' dir='ltr'><strong>De</strong></span> <span class='ocrx_word' id='word_1_234' title='bbox 1228 1771 1536 1825; x_wconf 81' lang='lat' dir='ltr'><strong>contritione</strong></span> <span class='ocrx_word' id='word_1_235' title='bbox 1576 1774 1782 1837; x_wconf 86' lang='lat' dir='ltr'><strong>cordis,</strong></span> <span class='ocrx_word' id='word_1_236' title='bbox 1828 1774 2009 1828; x_wconf 90' lang='lat' dir='ltr'><strong>crisim</strong></span> <span class='ocrx_word' id='word_1_237' title='bbox 2053 1775 2189 1829; x_wconf 88' lang='lat' dir='ltr'><strong>inl&#39;ra</strong></span> 
     </span>
    </p>
   </div>
   <div class='ocr_carea' id='block_1_34' title="bbox 639 1848 1988 1927">
    <p class='ocr_par' dir='ltr' id='par_1_34' title="bbox 639 1848 1988 1927">
     <span class='ocr_line' id='line_1_34' title="bbox 639 1848 1988 1927; baseline 0.011 -24"><span class='ocrx_word' id='word_1_238' title='bbox 639 1850 902 1906; x_wconf 87' lang='lat' dir='ltr'><strong>dabimus.</strong></span> <span class='ocrx_word' id='word_1_239' title='bbox 1350 1924 1351 1927; x_wconf 9' lang='grc' dir='ltr'>γ</span> <span class='ocrx_word' id='word_1_240' title='bbox 1956 1848 1965 1857; x_wconf 85' lang='grc'><strong>’</strong></span> <span class='ocrx_word' id='word_1_241' title='bbox 1986 1916 1988 1918; x_wconf 75' lang='grc'>,</span> 
     </span>
    </p>
   </div>
   <div class='ocr_carea' id='block_1_35' title="bbox 881 1943 1974 2018">
    <p class='ocr_par' dir='ltr' id='par_1_35' title="bbox 881 1943 1974 2018">
     <span class='ocr_line' id='line_1_35' title="bbox 881 1943 1974 2018; baseline 0.009 -21"><span class='ocrx_word' id='word_1_242' title='bbox 881 1943 1114 1999; x_wconf 80' lang='lat' dir='ltr'><strong>Censura</strong></span> <span class='ocrx_word' id='word_1_243' title='bbox 1146 1946 1543 2005; x_wconf 79' lang='lat' dir='ltr'><strong>Meditationum</strong></span> <span class='ocrx_word' id='word_1_244' title='bbox 1592 1951 1678 2018; x_wconf 70' lang='lat'><strong>15,</strong></span> <span class='ocrx_word' id='word_1_245' title='bbox 1712 1953 1778 2007; x_wconf 75' lang='grc'><strong>16</strong></span> <span class='ocrx_word' id='word_1_246' title='bbox 1814 1964 1863 2008; x_wconf 89' lang='lat' dir='ltr'><strong>et</strong></span> <span class='ocrx_word' id='word_1_247' title='bbox 1888 1954 1974 2009; x_wconf 79' lang='lat' dir='ltr'><strong>l7.</strong></span> 
     </span>
    </p>
   </div>
   <div class='ocr_carea' id='block_1_36' title="bbox 707 2028 2191 2105">
    <p class='ocr_par' dir='ltr' id='par_1_36' title="bbox 707 2028 2191 2105">
     <span class='ocr_line' id='line_1_36' title="bbox 707 2028 2191 2105; baseline 0.011 -20"><span class='ocrx_word' id='word_1_248' title='bbox 707 2028 877 2087; x_wconf 88' lang='lat' dir='ltr'><strong>Unica</strong></span> <span class='ocrx_word' id='word_1_249' title='bbox 902 2028 953 2087; x_wconf 86' lang='lat' dir='ltr'><strong>in</strong></span> <span class='ocrx_word' id='word_1_250' title='bbox 979 2042 1087 2089; x_wconf 89' lang='lat' dir='ltr'><strong>tres</strong></span> <span class='ocrx_word' id='word_1_251' title='bbox 1124 2046 1305 2105; x_wconf 85' lang='lat' dir='ltr'><strong>partes</strong></span> <span class='ocrx_word' id='word_1_252' title='bbox 1328 2040 1613 2095; x_wconf 91' lang='lat' dir='ltr'><strong>distributa</strong></span> <span class='ocrx_word' id='word_1_253' title='bbox 1641 2050 1818 2097; x_wconf 79' lang='lat' dir='ltr'><strong>exstat</strong></span> <span class='ocrx_word' id='word_1_254' title='bbox 1848 2043 1901 2097; x_wconf 87' lang='lat' dir='ltr'><strong>in</strong></span> <span class='ocrx_word' id='word_1_255' title='bbox 1953 2044 2191 2102; x_wconf 86' lang='lat' dir='ltr'><strong>editione</strong></span> 
     </span>
    </p>
   </div>
   <div class='ocr_carea' id='block_1_37' title="bbox 638 2117 2190 2196">
    <p class='ocr_par' dir='ltr' id='par_1_37' title="bbox 638 2117 2190 2196">
     <span class='ocr_line' id='line_1_37' title="bbox 638 2117 2190 2196; baseline 0.012 -25"><span class='ocrx_word' id='word_1_256' title='bbox 638 2117 978 2187; x_wconf 82' lang='lat' dir='ltr'><strong>Lugdunensi</strong></span> <span class='ocrx_word' id='word_1_257' title='bbox 1006 2138 1095 2177; x_wconf 92' lang='lat' dir='ltr'><strong>an.</strong></span> <span class='ocrx_word' id='word_1_258' title='bbox 1121 2125 1275 2189; x_wconf 73' lang='grc'>1650,</span> <span class='ocrx_word' id='word_1_259' title='bbox 1291 2142 1450 2196; x_wconf 87' lang='lat' dir='ltr'><strong>quam</strong></span> <span class='ocrx_word' id='word_1_260' title='bbox 1477 2145 1575 2184; x_wconf 86' lang='lat' dir='ltr'><strong>nos</strong></span> <span class='ocrx_word' id='word_1_261' title='bbox 1606 2130 1657 2183; x_wconf 90' lang='lat' dir='ltr'><strong>in</strong></span> <span class='ocrx_word' id='word_1_262' title='bbox 1683 2139 1790 2191; x_wconf 89' lang='lat' dir='ltr'><strong>tres</strong></span> <span class='ocrx_word' id='word_1_263' title='bbox 1819 2133 2190 2190; x_wconf 88' lang='lat' dir='ltr'><strong>meditationes</strong></span> 
     </span>
    </p>
   </div>
   <div class='ocr_carea' id='block_1_38' title="bbox 638 2208 2186 2293">
    <p class='ocr_par' dir='ltr' id='par_1_38' title="bbox 638 2208 2186 2293">
     <span class='ocr_line' id='line_1_38' title="bbox 638 2208 2186 2293; baseline 0.011 -32"><span class='ocrx_word' id='word_1_264' title='bbox 638 2208 938 2266; x_wconf 86' lang='lat' dir='ltr'><strong>divisimus.</strong></span> <span class='ocrx_word' id='word_1_265' title='bbox 972 2210 1105 2268; x_wconf 86' lang='lat' dir='ltr'><strong>Huic</strong></span> <span class='ocrx_word' id='word_1_266' title='bbox 1152 2214 1215 2270; x_wconf 86' lang='lat' dir='ltr'><strong>P.</strong></span> <span class='ocrx_word' id='word_1_267' title='bbox 1254 2216 1497 2288; x_wconf 85' lang='lat' dir='ltr'><strong>Theoph.</strong></span> <span class='ocrx_word' id='word_1_268' title='bbox 1526 2234 1592 2293; x_wconf 66' lang='lat' dir='ltr'><strong>ex</strong></span> <span class='ocrx_word' id='word_1_269' title='bbox 1620 2235 1722 2275; x_wconf 91' lang='lat' dir='ltr'><strong>ms.</strong></span> <span class='ocrx_word' id='word_1_270' title='bbox 1751 2222 1992 2293; x_wconf 33' lang='lat' dir='ltr'><strong>primam.</strong></span> <span class='ocrx_word' id='word_1_271' title='bbox 2012 2223 2186 2279; x_wconf 87' lang='lat' dir='ltr'><strong>lucem</strong></span> 
     </span>
    </p>
   </div>
   <div class='ocr_carea' id='block_1_39' title="bbox 636 2300 2188 2368">
    <p class='ocr_par' dir='ltr' id='par_1_39' title="bbox 636 2300 2188 2368">
     <span class='ocr_line' id='line_1_39' title="bbox 636 2300 2188 2368; baseline 0.01 -15"><span class='ocrx_word' id='word_1_272' title='bbox 636 2300 814 2365; x_wconf 86' lang='lat' dir='ltr'><strong>dedit,</strong></span> <span class='ocrx_word' id='word_1_273' title='bbox 838 2312 890 2357; x_wconf 92' lang='lat' dir='ltr'><strong>et</strong></span> <span class='ocrx_word' id='word_1_274' title='bbox 912 2320 1031 2359; x_wconf 90' lang='lat' dir='ltr'><strong>eam</strong></span> <span class='ocrx_word' id='word_1_275' title='bbox 1062 2308 1129 2360; x_wconf 88' lang='lat' dir='ltr'><strong>ab</strong></span> <span class='ocrx_word' id='word_1_276' title='bbox 1145 2306 1397 2364; x_wconf 81' lang='lat' dir='ltr'><strong>Anselmo</strong></span> <span class='ocrx_word' id='word_1_277' title='bbox 1425 2310 1493 2365; x_wconf 89' lang='lat' dir='ltr'><strong>ad</strong></span> <span class='ocrx_word' id='word_1_278' title='bbox 1512 2326 1749 2367; x_wconf 84' lang='lat' dir='ltr'><strong>sororem</strong></span> <span class='ocrx_word' id='word_1_279' title='bbox 1771 2327 1921 2367; x_wconf 90' lang='lat' dir='ltr'><strong>suam</strong></span> <span class='ocrx_word' id='word_1_280' title='bbox 1934 2314 2188 2368; x_wconf 90' lang='lat' dir='ltr'><strong>directam</strong></span> 
     </span>
    </p>
   </div>
   <div class='ocr_carea' id='block_1_40' title="bbox 635 2391 2187 2470">
    <p class='ocr_par' dir='ltr' id='par_1_40' title="bbox 635 2391 2187 2470">
     <span class='ocr_line' id='line_1_40' title="bbox 635 2391 2187 2470; baseline 0.009 -28"><span class='ocrx_word' id='word_1_281' title='bbox 635 2391 843 2445; x_wconf 89' lang='lat' dir='ltr'><strong>scribit.</strong></span> <span class='ocrx_word' id='word_1_282' title='bbox 872 2392 999 2448; x_wconf 82' lang='lat' dir='ltr'><strong>Mihi</strong></span> <span class='ocrx_word' id='word_1_283' title='bbox 1029 2397 1243 2464; x_wconf 86' lang='lat' dir='ltr'><strong>quidem</strong></span> <span class='ocrx_word' id='word_1_284' title='bbox 1272 2406 1419 2452; x_wconf 89' lang='lat' dir='ltr'><strong>certo</strong></span> <span class='ocrx_word' id='word_1_285' title='bbox 1450 2401 1812 2458; x_wconf 80' lang='lat' dir='ltr'><strong>renuntiatum</strong></span> <span class='ocrx_word' id='word_1_286' title='bbox 1835 2412 1919 2455; x_wconf 90' lang='lat' dir='ltr'><strong>est</strong></span> <span class='ocrx_word' id='word_1_287' title='bbox 1946 2402 2187 2470; x_wconf 89' lang='lat' dir='ltr'><strong>triparti-</strong></span> 
     </span>
    </p>
   </div>
   <div class='ocr_carea' id='block_1_41' title="bbox 637 2480 2189 2560">
    <p class='ocr_par' dir='ltr' id='par_1_41' title="bbox 637 2480 2189 2560">
     <span class='ocr_line' id='line_1_41' title="bbox 637 2480 2189 2560; baseline 0.011 -31"><span class='ocrx_word' id='word_1_288' title='bbox 637 2486 746 2531; x_wconf 87' lang='lat' dir='ltr'><strong>tam</strong></span> <span class='ocrx_word' id='word_1_289' title='bbox 779 2480 915 2536; x_wconf 86' lang='lat' dir='ltr'><strong>hanc</strong></span> <span class='ocrx_word' id='word_1_290' title='bbox 946 2484 1433 2541; x_wconf 74' lang='lat' dir='ltr'><strong>meditationem&#39;ad</strong></span> <span class='ocrx_word' id='word_1_291' title='bbox 1457 2503 1699 2544; x_wconf 88' lang='lat' dir='ltr'><strong>sororem</strong></span> <span class='ocrx_word' id='word_1_292' title='bbox 1724 2490 1912 2545; x_wconf 91' lang='lat' dir='ltr'><strong>haberi</strong></span> <span class='ocrx_word' id='word_1_293' title='bbox 1940 2491 1995 2544; x_wconf 92' lang='lat' dir='ltr'><strong>in</strong></span> <span class='ocrx_word' id='word_1_294' title='bbox 2027 2506 2189 2560; x_wconf 76' lang='lat' dir='ltr'><strong>saepe-</strong></span> 
     </span>
    </p>
   </div>
   <div class='ocr_carea' id='block_1_42' title="bbox 634 2566 2184 2648">
    <p class='ocr_par' dir='ltr' id='par_1_42' title="bbox 634 2566 2184 2648">
     <span class='ocr_line' id='line_1_42' title="bbox 634 2566 2184 2648; baseline 0.011 -29"><span class='ocrx_word' id='word_1_295' title='bbox 634 2566 765 2643; x_wconf 77' lang='lat' dir='ltr'><strong>i‘ato.</strong></span> <span class='ocrx_word' id='word_1_296' title='bbox 814 2586 919 2627; x_wconf 88' lang='lat' dir='ltr'><strong>ms.</strong></span> <span class='ocrx_word' id='word_1_297' title='bbox 951 2572 1217 2647; x_wconf 71' lang='lat' dir='ltr'><strong>D.Bigot;</strong></span> <span class='ocrx_word' id='word_1_298' title='bbox 1244 2592 1342 2648; x_wconf 85' lang='lat' dir='ltr'><strong>ego</strong></span> <span class='ocrx_word' id='word_1_299' title='bbox 1366 2593 1493 2634; x_wconf 81' lang='lat' dir='ltr'><strong>vero</strong></span> <span class='ocrx_word' id='word_1_300' title='bbox 1516 2593 1601 2634; x_wconf 89' lang='lat' dir='ltr'><strong>me</strong></span> <span class='ocrx_word' id='word_1_301' title='bbox 1632 2578 1778 2635; x_wconf 91' lang='lat' dir='ltr'><strong>illam</strong></span> <span class='ocrx_word' id='word_1_302' title='bbox 1821 2579 1873 2634; x_wconf 91' lang='lat' dir='ltr'><strong>in</strong></span> <span class='ocrx_word' id='word_1_303' title='bbox 1898 2579 2045 2634; x_wconf 89' lang='lat' dir='ltr'><strong>nullo</strong></span> <span class='ocrx_word' id='word_1_304' title='bbox 2076 2595 2184 2636; x_wconf 92' lang='lat' dir='ltr'><strong>ms.</strong></span> 
     </span>
    </p>
   </div>
   <div class='ocr_carea' id='block_1_43' title="bbox 633 2660 1035 2729">
    <p class='ocr_par' dir='ltr' id='par_1_43' title="bbox 633 2660 1035 2729">
     <span class='ocr_line' id='line_1_43' title="bbox 633 2660 1035 2729; baseline 0.007 -17"><span class='ocrx_word' id='word_1_305' title='bbox 633 2660 825 2729; x_wconf 76' lang='lat' dir='ltr'><strong>legisse</strong></span> <span class='ocrx_word' id='word_1_306' title='bbox 848 2661 1035 2717; x_wconf 81' lang='lat' dir='ltr'><strong>fateor.</strong></span> 
     </span>
    </p>
   </div>
   <div class='ocr_carea' id='block_1_44' title="bbox 705 2753 2185 2833">
    <p class='ocr_par' dir='ltr' id='par_1_44' title="bbox 705 2753 2185 2833">
     <span class='ocr_line' id='line_1_44' title="bbox 705 2753 2185 2833; baseline 0.009 -28"><span class='ocrx_word' id='word_1_307' title='bbox 705 2753 782 2809; x_wconf 86' lang='lat' dir='ltr'><strong>De</strong></span> <span class='ocrx_word' id='word_1_308' title='bbox 830 2753 1040 2810; x_wconf 87' lang='lat' dir='ltr'><strong>illarum</strong></span> <span class='ocrx_word' id='word_1_309' title='bbox 1094 2766 1314 2815; x_wconf 87' lang='lat' dir='ltr'><strong>auctore</strong></span> <span class='ocrx_word' id='word_1_310' title='bbox 1361 2769 1573 2833; x_wconf 76' lang='lat' dir='ltr'><strong>certum</strong></span> <span class='ocrx_word' id='word_1_311' title='bbox 1605 2769 1687 2817; x_wconf 89' lang='lat' dir='ltr'><strong>est</strong></span> <span class='ocrx_word' id='word_1_312' title='bbox 1717 2780 1730 2815; x_wconf 90' lang='lat'><strong>:</strong></span> <span class='ocrx_word' id='word_1_313' title='bbox 1765 2762 1818 2816; x_wconf 81' lang='lat' dir='ltr'><strong>l.</strong></span> <span class='ocrx_word' id='word_1_314' title='bbox 1848 2777 1969 2817; x_wconf 91' lang='lat' dir='ltr'><strong>eum</strong></span> <span class='ocrx_word' id='word_1_315' title='bbox 2022 2760 2185 2817; x_wconf 81' lang='lat' dir='ltr'><strong>fuisse</strong></span> 
     </span>
    </p>
   </div>
   <div class='ocr_carea' id='block_1_45' title="bbox 602 2842 2185 2920">
    <p class='ocr_par' dir='ltr' id='par_1_45' title="bbox 602 2842 2185 2920">
     <span class='ocr_line' id='line_1_45' title="bbox 602 2842 2185 2920; baseline 0.008 -27"><span class='ocrx_word' id='word_1_316' title='bbox 602 2842 855 2898; x_wconf 76' lang='lat' dir='ltr'><strong>.t‘ratrem</strong></span> <span class='ocrx_word' id='word_1_317' title='bbox 876 2844 1019 2899; x_wconf 89' lang='lat' dir='ltr'><strong>illius</strong></span> <span class='ocrx_word' id='word_1_318' title='bbox 1057 2846 1276 2915; x_wconf 79' lang='lat' dir='ltr'><strong>virginis</strong></span> <span class='ocrx_word' id='word_1_319' title='bbox 1304 2850 1370 2901; x_wconf 88' lang='lat' dir='ltr'><strong>ad</strong></span> <span class='ocrx_word' id='word_1_320' title='bbox 1401 2864 1560 2918; x_wconf 89' lang='lat' dir='ltr'><strong>quam</strong></span> <span class='ocrx_word' id='word_1_321' title='bbox 1613 2848 1828 2905; x_wconf 62' lang='lat' dir='ltr'><strong>directa</strong></span> <span class='ocrx_word' id='word_1_322' title='bbox 1854 2859 2008 2916; x_wconf 88' lang='lat' dir='ltr'><strong>sunt;</strong></span> <span class='ocrx_word' id='word_1_323' title='bbox 2071 2852 2185 2920; x_wconf 89' lang='lat' dir='ltr'><strong>ipse</strong></span> 
     </span>
    </p>
   </div>
   <div class='ocr_carea' id='block_1_46' title="bbox 2291 1783 3804 1857">
    <p class='ocr_par' dir='ltr' id='par_1_46' title="bbox 2291 1783 3804 1857">
     <span class='ocr_line' id='line_1_46' title="bbox 2291 1783 3804 1857; baseline 0.003 -22"><span class='ocrx_word' id='word_1_324' title='bbox 2291 1796 2450 1835; x_wconf 83' lang='lat' dir='ltr'><strong>cense</strong></span> <span class='ocrx_word' id='word_1_325' title='bbox 2478 1783 2777 1838; x_wconf 84' lang='lat' dir='ltr'><strong>coenobium</strong></span> <span class='ocrx_word' id='word_1_326' title='bbox 2807 1795 3035 1856; x_wconf 85' lang='lat' dir='ltr'><strong>regeret,</strong></span> <span class='ocrx_word' id='word_1_327' title='bbox 3059 1801 3177 1840; x_wconf 87' lang='lat' dir='ltr'><strong>eam</strong></span> <span class='ocrx_word' id='word_1_328' title='bbox 3199 1788 3457 1857; x_wconf 88' lang='lat' dir='ltr'><strong>scriptam</strong></span> <span class='ocrx_word' id='word_1_329' title='bbox 3512 1801 3630 1842; x_wconf 81' lang='lat' dir='ltr'><strong>esse</strong></span> <span class='ocrx_word' id='word_1_330' title='bbox 3681 1787 3804 1841; x_wconf 81' lang='lat' dir='ltr'><strong>facil</strong></span> 
     </span>
    </p>
   </div>
   <div class='ocr_carea' id='block_1_47' title="bbox 2290 1860 2915 1928">
    <p class='ocr_par' dir='ltr' id='par_1_47' title="bbox 2290 1860 2915 1928">
     <span class='ocr_line' id='line_1_47' title="bbox 2290 1860 2915 1928; baseline 0.003 -3"><span class='ocrx_word' id='word_1_331' title='bbox 2290 1872 2631 1928; x_wconf 84' lang='lat' dir='ltr'><strong>crediderim.</strong></span> <span class='ocrx_word' id='word_1_332' title='bbox 2794 1900 2799 1903; x_wconf 59' lang='grc' dir='ltr'><strong><em>τ</em></strong></span> <span class='ocrx_word' id='word_1_333' title='bbox 2914 1860 2915 1863; x_wconf 9' lang='grc' dir='ltr'><strong>η</strong></span> 
     </span>
    </p>
   </div>
   <div class='ocr_carea' id='block_1_48' title="bbox 2704 1963 3419 2022">
    <p class='ocr_par' dir='ltr' id='par_1_48' title="bbox 2704 1963 3419 2022">
     <span class='ocr_line' id='line_1_48' title="bbox 2704 1963 3419 2022; baseline 0.004 -4"><span class='ocrx_word' id='word_1_334' title='bbox 2704 1963 2935 2019; x_wconf 81' lang='lat' dir='ltr'><strong>Censura</strong></span> <span class='ocrx_word' id='word_1_335' title='bbox 2957 1966 3303 2021; x_wconf 76' lang='lat' dir='ltr'><strong>meditationis</strong></span> <span class='ocrx_word' id='word_1_336' title='bbox 3337 1967 3419 2022; x_wconf 78' lang='lat' dir='ltr'><strong>i9.</strong></span> 
     </span>
    </p>
   </div>
   <div class='ocr_carea' id='block_1_49' title="bbox 2359 2049 3804 2124">
    <p class='ocr_par' dir='ltr' id='par_1_49' title="bbox 2359 2049 3804 2124">
     <span class='ocr_line' id='line_1_49' title="bbox 2359 2049 3804 2124; baseline 0.001 -19"><span class='ocrx_word' id='word_1_337' title='bbox 2359 2049 2567 2108; x_wconf 85' lang='lat' dir='ltr'><strong>Primus</strong></span> <span class='ocrx_word' id='word_1_338' title='bbox 2597 2068 2717 2108; x_wconf 89' lang='lat' dir='ltr'><strong>eam</strong></span> <span class='ocrx_word' id='word_1_339' title='bbox 2739 2069 2801 2109; x_wconf 85' lang='lat' dir='ltr'><strong>ex</strong></span> <span class='ocrx_word' id='word_1_340' title='bbox 2839 2071 2940 2109; x_wconf 91' lang='lat' dir='ltr'><strong>ms.</strong></span> <span class='ocrx_word' id='word_1_341' title='bbox 2956 2055 3201 2110; x_wconf 81' lang='lat' dir='ltr'><strong>Vatican.</strong></span> <span class='ocrx_word' id='word_1_342' title='bbox 3233 2055 3398 2111; x_wconf 88' lang='lat' dir='ltr'><strong>edidit</strong></span> <span class='ocrx_word' id='word_1_343' title='bbox 3421 2054 3481 2109; x_wconf 88' lang='lat' dir='ltr'><strong>P.</strong></span> <span class='ocrx_word' id='word_1_344' title='bbox 3510 2054 3804 2124; x_wconf 75' lang='lat' dir='ltr'><strong>Raynaldus</strong></span> 
     </span>
    </p>
   </div>
   <div class='ocr_carea' id='block_1_50' title="bbox 2288 2127 3805 2214">
    <p class='ocr_par' dir='ltr' id='par_1_50' title="bbox 2288 2127 3805 2214">
     <span class='ocr_line' id='line_1_50' title="bbox 2288 2127 3805 2214; baseline 0.001 -19"><span class='ocrx_word' id='word_1_345' title='bbox 2288 2141 2457 2211; x_wconf 88' lang='lat' dir='ltr'><strong>Ipsam</strong></span> <span class='ocrx_word' id='word_1_346' title='bbox 2486 2158 2583 2197; x_wconf 90' lang='lat' dir='ltr'><strong>nos</strong></span> <span class='ocrx_word' id='word_1_347' title='bbox 2605 2158 2672 2198; x_wconf 80' lang='lat' dir='ltr'><strong>ex</strong></span> <span class='ocrx_word' id='word_1_348' title='bbox 2698 2160 2798 2199; x_wconf 90' lang='lat' dir='ltr'><strong>ms.</strong></span> <span class='ocrx_word' id='word_1_349' title='bbox 2823 2144 2882 2198; x_wconf 92' lang='lat' dir='ltr'><strong>S.</strong></span> <span class='ocrx_word' id='word_1_350' title='bbox 2914 2127 3070 2199; x_wconf 70' lang='lat' dir='ltr'><strong>Mart.</strong></span> <span class='ocrx_word' id='word_1_351' title='bbox 3096 2146 3324 2201; x_wconf 80' lang='lat' dir='ltr'><strong>Ternac.</strong></span> <span class='ocrx_word' id='word_1_352' title='bbox 3342 2144 3659 2214; x_wconf 85' lang='lat' dir='ltr'><strong>castigatam</strong></span> <span class='ocrx_word' id='word_1_353' title='bbox 3690 2143 3805 2198; x_wconf 88' lang='lat' dir='ltr'><strong>dedi</strong></span> 
     </span>
    </p>
   </div>
   <div class='ocr_carea' id='block_1_51' title="bbox 2289 2234 3243 2306">
    <p class='ocr_par' dir='ltr' id='par_1_51' title="bbox 2289 2234 3243 2306">
     <span class='ocr_line' id='line_1_51' title="bbox 2289 2234 3243 2306; baseline 0 -18"><span class='ocrx_word' id='word_1_354' title='bbox 2289 2249 2426 2288; x_wconf 85' lang='lat' dir='ltr'><strong>mus.</strong></span> <span class='ocrx_word' id='word_1_355' title='bbox 2453 2234 2707 2299; x_wconf 84' lang='lat' dir='ltr'><strong>Anselmo</strong></span> <span class='ocrx_word' id='word_1_356' title='bbox 2727 2250 2944 2303; x_wconf 88' lang='lat' dir='ltr'><strong>prorsus</strong></span> <span class='ocrx_word' id='word_1_357' title='bbox 2960 2235 3120 2306; x_wconf 83' lang='lat' dir='ltr'><strong>digna</strong></span> <span class='ocrx_word' id='word_1_358' title='bbox 3142 2244 3243 2290; x_wconf 91' lang='lat' dir='ltr'><strong>est.</strong></span> 
     </span>
    </p>
   </div>
   <div class='ocr_carea' id='block_1_52' title="bbox 2701 2322 3419 2379">
    <p class='ocr_par' dir='ltr' id='par_1_52' title="bbox 2701 2322 3419 2379">
     <span class='ocr_line' id='line_1_52' title="bbox 2701 2322 3419 2379; baseline 0.001 -2"><span class='ocrx_word' id='word_1_359' title='bbox 2701 2322 2931 2378; x_wconf 75' lang='lat' dir='ltr'><strong>Censura</strong></span> <span class='ocrx_word' id='word_1_360' title='bbox 2958 2326 3305 2379; x_wconf 74' lang='lat' dir='ltr'><strong>meditationis</strong></span> <span class='ocrx_word' id='word_1_361' title='bbox 3331 2324 3419 2378; x_wconf 74' lang='lat'><strong>20.</strong></span> 
     </span>
    </p>
   </div>
   <div class='ocr_carea' id='block_1_53' title="bbox 2356 2408 3798 2468">
    <p class='ocr_par' dir='ltr' id='par_1_53' title="bbox 2356 2408 3798 2468">
     <span class='ocr_line' id='line_1_53' title="bbox 2356 2408 3798 2468; baseline 0.001 -6"><span class='ocrx_word' id='word_1_362' title='bbox 2356 2408 2498 2463; x_wconf 83' lang='lat' dir='ltr'><strong>inter</strong></span> <span class='ocrx_word' id='word_1_363' title='bbox 2522 2410 2577 2464; x_wconf 90' lang='grc'><strong>8.</strong></span> <span class='ocrx_word' id='word_1_364' title='bbox 2596 2411 2839 2466; x_wconf 74' lang='lat' dir='ltr'><strong>Anselmi</strong></span> <span class='ocrx_word' id='word_1_365' title='bbox 2873 2414 3141 2468; x_wconf 85' lang='lat' dir='ltr'><strong>orationes</strong></span> <span class='ocrx_word' id='word_1_366' title='bbox 3169 2412 3279 2467; x_wconf 69' lang='lat' dir='ltr'><strong>hmc</strong></span> <span class='ocrx_word' id='word_1_367' title='bbox 3292 2414 3520 2466; x_wconf 74' lang='lat' dir='ltr'><strong>trahetur</strong></span> <span class='ocrx_word' id='word_1_368' title='bbox 3546 2411 3603 2465; x_wconf 88' lang='lat' dir='ltr'><strong>in</strong></span> <span class='ocrx_word' id='word_1_369' title='bbox 3618 2410 3798 2464; x_wconf 78' lang='lat' dir='ltr'><strong>ms.‘26</strong></span> 
     </span>
    </p>
   </div>
   <div class='ocr_carea' id='block_1_54' title="bbox 2288 2498 3802 2573">
    <p class='ocr_par' dir='ltr' id='par_1_54' title="bbox 2288 2498 3802 2573">
     <span class='ocr_line' id='line_1_54' title="bbox 2288 2498 3802 2573; baseline 0.002 -23"><span class='ocrx_word' id='word_1_370' title='bbox 2288 2498 2531 2554; x_wconf 87' lang='lat' dir='ltr'><strong>biblioth.</strong></span> <span class='ocrx_word' id='word_1_371' title='bbox 2586 2499 2843 2568; x_wconf 67' lang='lat' dir='ltr'><strong>Thuane,</strong></span> <span class='ocrx_word' id='word_1_372' title='bbox 2876 2518 2943 2557; x_wconf 78' lang='lat' dir='ltr'><strong>ex</strong></span> <span class='ocrx_word' id='word_1_373' title='bbox 3005 2518 3111 2572; x_wconf 91' lang='lat' dir='ltr'><strong>quo</strong></span> <span class='ocrx_word' id='word_1_374' title='bbox 3170 2503 3338 2571; x_wconf 87' lang='lat' dir='ltr'><strong>ipsam</strong></span> <span class='ocrx_word' id='word_1_375' title='bbox 3389 2503 3526 2573; x_wconf 78' lang='lat' dir='ltr'><strong>typis</strong></span> <span class='ocrx_word' id='word_1_376' title='bbox 3567 2502 3802 2557; x_wconf 81' lang='lat' dir='ltr'><strong>dedimus</strong></span> 
     </span>
    </p>
   </div>
   <div class='ocr_carea' id='block_1_55' title="bbox 2289 2587 3803 2663">
    <p class='ocr_par' dir='ltr' id='par_1_55' title="bbox 2289 2587 3803 2663">
     <span class='ocr_line' id='line_1_55' title="bbox 2289 2587 3803 2663; baseline 0.003 -24"><span class='ocrx_word' id='word_1_377' title='bbox 2289 2587 2410 2643; x_wconf 68' lang='grc' dir='ltr'><strong>ΙΙωο</strong></span> <span class='ocrx_word' id='word_1_378' title='bbox 2439 2591 2609 2644; x_wconf 92' lang='lat' dir='ltr'><strong>sancti</strong></span> <span class='ocrx_word' id='word_1_379' title='bbox 2640 2592 2874 2647; x_wconf 82' lang='lat' dir='ltr'><strong>Anselmi</strong></span> <span class='ocrx_word' id='word_1_380' title='bbox 2903 2592 3201 2648; x_wconf 84' lang='lat' dir='ltr'><strong>doetrinam</strong></span> <span class='ocrx_word' id='word_1_381' title='bbox 3228 2607 3293 2647; x_wconf 90' lang='lat' dir='ltr'><strong>ac</strong></span> <span class='ocrx_word' id='word_1_382' title='bbox 3317 2592 3569 2663; x_wconf 88' lang='lat' dir='ltr'><strong>pietatem</strong></span> <span class='ocrx_word' id='word_1_383' title='bbox 3584 2593 3639 2648; x_wconf 91' lang='lat' dir='ltr'><strong>in</strong></span> <span class='ocrx_word' id='word_1_384' title='bbox 3663 2592 3803 2648; x_wconf 88' lang='lat' dir='ltr'><strong>omni</strong></span> 
     </span>
    </p>
   </div>
   <div class='ocr_carea' id='block_1_56' title="bbox 2286 2670 2965 2750">
    <p class='ocr_par' dir='ltr' id='par_1_56' title="bbox 2286 2670 2965 2750">
     <span class='ocr_line' id='line_1_56' title="bbox 2286 2670 2965 2750; baseline 0 -11"><span class='ocrx_word' id='word_1_385' title='bbox 2286 2685 2385 2739; x_wconf 85' lang='lat' dir='ltr'><strong>bus</strong></span> <span class='ocrx_word' id='word_1_386' title='bbox 2401 2670 2675 2750; x_wconf 74' lang='lat' dir='ltr'><strong>exprimit.</strong></span> <span class='ocrx_word' id='word_1_387' title='bbox 2960 2688 2965 2694; x_wconf 85' lang='grc'><strong>’</strong></span> 
     </span>
    </p>
   </div>
   <div class='ocr_carea' id='block_1_57' title="bbox 2707 2770 3415 2827">
    <p class='ocr_par' dir='ltr' id='par_1_57' title="bbox 2707 2770 3415 2827">
     <span class='ocr_line' id='line_1_57' title="bbox 2707 2770 3415 2827; baseline -0.004 0"><span class='ocrx_word' id='word_1_388' title='bbox 2707 2772 2936 2827; x_wconf 81' lang='lat' dir='ltr'><strong>Censura</strong></span> <span class='ocrx_word' id='word_1_389' title='bbox 2965 2773 3310 2827; x_wconf 81' lang='lat' dir='ltr'><strong>meditationis</strong></span> <span class='ocrx_word' id='word_1_390' title='bbox 3334 2770 3415 2824; x_wconf 74' lang='lat'><strong>21.</strong></span> 
     </span>
    </p>
   </div>
   <div class='ocr_carea' id='block_1_58' title="bbox 2354 2854 3792 2929">
    <p class='ocr_par' dir='ltr' id='par_1_58' title="bbox 2354 2854 3792 2929">
     <span class='ocr_line' id='line_1_58' title="bbox 2354 2854 3792 2929; baseline -0.002 -15"><span class='ocrx_word' id='word_1_391' title='bbox 2354 2860 2504 2915; x_wconf 83' lang='lat' dir='ltr'><strong>Hanc</strong></span> <span class='ocrx_word' id='word_1_392' title='bbox 2529 2875 2636 2915; x_wconf 88' lang='lat' dir='ltr'><strong>non</strong></span> <span class='ocrx_word' id='word_1_393' title='bbox 2683 2860 2826 2914; x_wconf 89' lang='lat' dir='ltr'><strong>aliud</strong></span> <span class='ocrx_word' id='word_1_394' title='bbox 2880 2875 3078 2915; x_wconf 87' lang='lat' dir='ltr'><strong>censeo</strong></span> <span class='ocrx_word' id='word_1_395' title='bbox 3100 2876 3258 2928; x_wconf 88' lang='lat' dir='ltr'><strong>quam</strong></span> <span class='ocrx_word' id='word_1_396' title='bbox 3290 2860 3506 2929; x_wconf 88' lang='lat' dir='ltr'><strong>pietatis</strong></span> <span class='ocrx_word' id='word_1_397' title='bbox 3559 2854 3721 2913; x_wconf 78' lang='lat' dir='ltr'><strong>liores</strong></span> <span class='ocrx_word' id='word_1_398' title='bbox 3764 2874 3792 2911; x_wconf 87' lang='lat' dir='ltr'><strong>e</strong></span> 
     </span>
    </p>
   </div>
   <div class='ocr_carea' id='block_1_59' title="bbox 632 2931 3797 3032">
    <p class='ocr_par' dir='ltr' id='par_1_59' title="bbox 632 2931 3797 3032">
     <span class='ocr_line' id='line_1_59' title="bbox 632 2931 3797 3032; baseline 0.004 -47"><span class='ocrx_word' id='word_1_399' title='bbox 632 2931 776 2986; x_wconf 88' lang='lat' dir='ltr'><strong>enim</strong></span> <span class='ocrx_word' id='word_1_400' title='bbox 807 2933 859 2987; x_wconf 89' lang='lat' dir='ltr'><strong>in</strong></span> <span class='ocrx_word' id='word_1_401' title='bbox 913 2936 1146 2989; x_wconf 88' lang='lat' dir='ltr'><strong>secunda</strong></span> <span class='ocrx_word' id='word_1_402' title='bbox 1193 2932 1428 2991; x_wconf 82' lang='lat' dir='ltr'><strong>declarat</strong></span> <span class='ocrx_word' id='word_1_403' title='bbox 1449 2938 1590 3006; x_wconf 89' lang='lat' dir='ltr'><strong>quod</strong></span> <span class='ocrx_word' id='word_1_404' title='bbox 1615 2953 1708 2995; x_wconf 87' lang='lat' dir='ltr'><strong>eos</strong></span> <span class='ocrx_word' id='word_1_405' title='bbox 1740 2940 1878 2994; x_wconf 90' lang='lat' dir='ltr'><strong>idem</strong></span> <span class='ocrx_word' id='word_1_406' title='bbox 1917 2950 2069 3009; x_wconf 87' lang='lat' dir='ltr'><strong>pater</strong></span> <span class='ocrx_word' id='word_1_407' title='bbox 2093 2957 2185 3010; x_wconf 85' lang='lat' dir='ltr'><strong>gc-</strong></span> <span class='ocrx_word' id='word_1_408' title='bbox 2211 2976 2252 3032; x_wconf 63' lang='grc' dir='ltr'>ϐ</span> <span class='ocrx_word' id='word_1_409' title='bbox 2284 2947 2556 3016; x_wconf 82' lang='lat' dir='ltr'><strong>Proslogio</strong></span> <span class='ocrx_word' id='word_1_410' title='bbox 2584 2948 2696 3002; x_wconf 91' lang='lat' dir='ltr'><strong>sive</strong></span> <span class='ocrx_word' id='word_1_411' title='bbox 2720 2948 2788 3002; x_wconf 89' lang='lat' dir='ltr'><strong>ab</strong></span> <span class='ocrx_word' id='word_1_412' title='bbox 2819 2948 2936 3015; x_wconf 90' lang='lat' dir='ltr'><strong>ipso</strong></span> <span class='ocrx_word' id='word_1_413' title='bbox 2956 2947 3238 3014; x_wconf 81' lang='lat' dir='ltr'><strong>Anselmo,</strong></span> <span class='ocrx_word' id='word_1_414' title='bbox 3263 2948 3377 3001; x_wconf 89' lang='lat' dir='ltr'><strong>sive</strong></span> <span class='ocrx_word' id='word_1_415' title='bbox 3418 2948 3486 2999; x_wconf 91' lang='lat' dir='ltr'><strong>ab</strong></span> <span class='ocrx_word' id='word_1_416' title='bbox 3519 2946 3627 3000; x_wconf 88' lang='lat' dir='ltr'><strong>alio</strong></span> <span class='ocrx_word' id='word_1_417' title='bbox 3672 2946 3797 3000; x_wconf 72' lang='lat' dir='ltr'><strong>colle</strong></span> 
     </span>
    </p>
   </div>
   <div class='ocr_carea' id='block_1_60' title="bbox 632 3021 2184 3095">
    <p class='ocr_par' dir='ltr' id='par_1_60' title="bbox 632 3021 2184 3095">
     <span class='ocr_line' id='line_1_60' title="bbox 632 3021 2184 3095; baseline 0.008 -23"><span class='ocrx_word' id='word_1_418' title='bbox 632 3022 828 3079; x_wconf 88' lang='lat' dir='ltr'><strong>nuerit.</strong></span> <span class='ocrx_word' id='word_1_419' title='bbox 863 3021 1001 3075; x_wconf 91' lang='lat' dir='ltr'><strong>idem</strong></span> <span class='ocrx_word' id='word_1_420' title='bbox 1053 3032 1239 3078; x_wconf 84' lang='lat' dir='ltr'><strong>venter</strong></span> <span class='ocrx_word' id='word_1_421' title='bbox 1280 3026 1587 3095; x_wconf 78' lang='lat' dir='ltr'><strong>complexus</strong></span> <span class='ocrx_word' id='word_1_422' title='bbox 1608 3037 1709 3091; x_wconf 88' lang='lat' dir='ltr'><strong>est,</strong></span> <span class='ocrx_word' id='word_1_423' title='bbox 1744 3030 1927 3083; x_wconf 90' lang='lat' dir='ltr'><strong>eadem</strong></span> <span class='ocrx_word' id='word_1_424' title='bbox 1978 3032 2184 3085; x_wconf 84' lang='lat' dir='ltr'><strong>viscera</strong></span> 
     </span>
    </p>
   </div>
   <div class='ocr_carea' id='block_1_61' title="bbox 633 3106 2182 3186">
    <p class='ocr_par' dir='ltr' id='par_1_61' title="bbox 633 3106 2182 3186">
     <span class='ocr_line' id='line_1_61' title="bbox 633 3106 2182 3186; baseline 0.008 -27"><span class='ocrx_word' id='word_1_425' title='bbox 633 3106 1017 3175; x_wconf 73' lang='lat' dir='ltr'><strong>profuderunt;</strong></span> <span class='ocrx_word' id='word_1_426' title='bbox 1046 3108 1098 3161; x_wconf 76' lang='grc'>2.</span> <span class='ocrx_word' id='word_1_427' title='bbox 1130 3125 1251 3165; x_wconf 91' lang='lat' dir='ltr'><strong>eum</strong></span> <span class='ocrx_word' id='word_1_428' title='bbox 1279 3113 1331 3166; x_wconf 93' lang='lat' dir='ltr'><strong>in</strong></span> <span class='ocrx_word' id='word_1_429' title='bbox 1350 3112 1649 3181; x_wconf 86' lang='lat' dir='ltr'><strong>juventutis</strong></span> <span class='ocrx_word' id='word_1_430' title='bbox 1676 3117 1803 3169; x_wconf 87' lang='lat' dir='ltr'><strong>vitia</strong></span> <span class='ocrx_word' id='word_1_431' title='bbox 1856 3118 2182 3186; x_wconf 84' lang='lat' dir='ltr'><strong>prolapsum.</strong></span> 
     </span>
    </p>
   </div>
   <div class='ocr_carea' id='block_1_62' title="bbox 632 3199 2185 3285">
    <p class='ocr_par' dir='ltr' id='par_1_62' title="bbox 632 3199 2185 3285">
     <span class='ocr_line' id='line_1_62' title="bbox 632 3199 2185 3285; baseline 0.009 -35"><span class='ocrx_word' id='word_1_432' title='bbox 632 3207 693 3251; x_wconf 89' lang='lat' dir='ltr'><strong>ut</strong></span> <span class='ocrx_word' id='word_1_433' title='bbox 719 3202 906 3252; x_wconf 89' lang='lat' dir='ltr'><strong>eodem</strong></span> <span class='ocrx_word' id='word_1_434' title='bbox 968 3199 1070 3255; x_wconf 90' lang='lat' dir='ltr'><strong>loci</strong></span> <span class='ocrx_word' id='word_1_435' title='bbox 1116 3201 1215 3270; x_wconf 86' lang='lat' dir='ltr'><strong>ipsi</strong></span> <span class='ocrx_word' id='word_1_436' title='bbox 1259 3203 1487 3285; x_wconf 80' lang='lat' dir='ltr'><strong>fatetur;</strong></span> <span class='ocrx_word' id='word_1_437' title='bbox 1534 3207 1590 3261; x_wconf 86' lang='grc'><strong>’5.</strong></span> <span class='ocrx_word' id='word_1_438' title='bbox 1620 3207 1798 3276; x_wconf 90' lang='lat' dir='ltr'><strong>ipsum</strong></span> <span class='ocrx_word' id='word_1_439' title='bbox 1825 3209 2036 3263; x_wconf 84' lang='lat' dir='ltr'><strong>tandem</strong></span> <span class='ocrx_word' id='word_1_440' title='bbox 2091 3211 2185 3285; x_wconf 77' lang='lat' dir='ltr'><strong>Dei</strong></span> 
     </span>
    </p>
   </div>
   <div class='ocr_carea' id='block_1_63' title="bbox 633 3278 2186 3368">
    <p class='ocr_par' dir='ltr' id='par_1_63' title="bbox 633 3278 2186 3368">
     <span class='ocr_line' id='line_1_63' title="bbox 633 3278 2186 3368; baseline 0.008 -29"><span class='ocrx_word' id='word_1_441' title='bbox 633 3288 998 3344; x_wconf 88' lang='lat' dir='ltr'><strong>misericordia</strong></span> <span class='ocrx_word' id='word_1_442' title='bbox 1030 3302 1061 3343; x_wconf 84' lang='lat' dir='ltr'><strong>a</strong></span> <span class='ocrx_word' id='word_1_443' title='bbox 1087 3292 1285 3347; x_wconf 76' lang='lat' dir='ltr'><strong>smeulo</strong></span> <span class='ocrx_word' id='word_1_444' title='bbox 1317 3278 1440 3349; x_wconf 81' lang='lat' dir='ltr'><strong>esse</strong></span> <span class='ocrx_word' id='word_1_445' title='bbox 1469 3308 1814 3361; x_wconf 86' lang='lat' dir='ltr'><strong>conversum;</strong></span> <span class='ocrx_word' id='word_1_446' title='bbox 1840 3298 1893 3351; x_wconf 69' lang='grc'>4.</span> <span class='ocrx_word' id='word_1_447' title='bbox 1923 3300 2063 3368; x_wconf 86' lang='lat' dir='ltr'><strong>quod</strong></span> <span class='ocrx_word' id='word_1_448' title='bbox 2107 3278 2186 3353; x_wconf 11' lang='lat' dir='ltr'><strong>uil-</strong></span> 
     </span>
    </p>
   </div>
   <div class='ocr_carea' id='block_1_64' title="bbox 630 3373 2186 3453">
    <p class='ocr_par' dir='ltr' id='par_1_64' title="bbox 630 3373 2186 3453">
     <span class='ocr_line' id='line_1_64' title="bbox 630 3373 2186 3453; baseline 0.009 -26"><span class='ocrx_word' id='word_1_449' title='bbox 630 3373 735 3431; x_wconf 89' lang='lat' dir='ltr'><strong>lius</strong></span> <span class='ocrx_word' id='word_1_450' title='bbox 754 3388 908 3433; x_wconf 88' lang='lat' dir='ltr'><strong>soror</strong></span> <span class='ocrx_word' id='word_1_451' title='bbox 931 3379 983 3432; x_wconf 91' lang='lat' dir='ltr'><strong>in</strong></span> <span class='ocrx_word' id='word_1_452' title='bbox 1015 3378 1339 3450; x_wconf 80' lang='lat' dir='ltr'><strong>virginitatis</strong></span> <span class='ocrx_word' id='word_1_453' title='bbox 1363 3384 1635 3453; x_wconf 88' lang='lat' dir='ltr'><strong>proposito</strong></span> <span class='ocrx_word' id='word_1_454' title='bbox 1665 3385 1887 3451; x_wconf 88' lang='lat' dir='ltr'><strong>viveret,</strong></span> <span class='ocrx_word' id='word_1_455' title='bbox 1937 3395 1993 3439; x_wconf 92' lang='lat' dir='ltr'><strong>ut</strong></span> <span class='ocrx_word' id='word_1_456' title='bbox 2020 3386 2071 3439; x_wconf 93' lang='lat' dir='ltr'><strong>in</strong></span> <span class='ocrx_word' id='word_1_457' title='bbox 2100 3387 2186 3441; x_wconf 92' lang='lat' dir='ltr'><strong>his</strong></span> 
     </span>
    </p>
   </div>
   <div class='ocr_carea' id='block_1_65' title="bbox 631 3468 1185 3537">
    <p class='ocr_par' dir='ltr' id='par_1_65' title="bbox 631 3468 1185 3537">
     <span class='ocr_line' id='line_1_65' title="bbox 631 3468 1185 3537; baseline 0.007 -20"><span class='ocrx_word' id='word_1_458' title='bbox 631 3475 816 3534; x_wconf 84' lang='lat' dir='ltr'><strong>aperte</strong></span> <span class='ocrx_word' id='word_1_459' title='bbox 835 3468 1185 3537; x_wconf 78' lang='lat' dir='ltr'><strong>signiﬁcatur.</strong></span> 
     </span>
    </p>
   </div>
   <div class='ocr_carea' id='block_1_66' title="bbox 643 3557 2180 3630">
    <p class='ocr_par' dir='ltr' id='par_1_66' title="bbox 643 3557 2180 3630">
     <span class='ocr_line' id='line_1_66' title="bbox 643 3557 2180 3630; baseline 0.007 -21"><span class='ocrx_word' id='word_1_460' title='bbox 643 3562 645 3564; x_wconf 77' lang='grc'><em>’</em></span> <span class='ocrx_word' id='word_1_461' title='bbox 698 3557 768 3610; x_wconf 82' lang='lat' dir='ltr'><strong>At</strong></span> <span class='ocrx_word' id='word_1_462' title='bbox 805 3557 862 3611; x_wconf 86' lang='grc'><strong>8.</strong></span> <span class='ocrx_word' id='word_1_463' title='bbox 885 3560 1171 3614; x_wconf 77' lang='lat' dir='ltr'><strong>Anselmus</strong></span> <span class='ocrx_word' id='word_1_464' title='bbox 1199 3561 1409 3616; x_wconf 88' lang='lat' dir='ltr'><strong>unicam</strong></span> <span class='ocrx_word' id='word_1_465' title='bbox 1446 3577 1686 3618; x_wconf 89' lang='lat' dir='ltr'><strong>sororem</strong></span> <span class='ocrx_word' id='word_1_466' title='bbox 1708 3563 1961 3619; x_wconf 87' lang='lat' dir='ltr'><strong>habuisse</strong></span> <span class='ocrx_word' id='word_1_467' title='bbox 1991 3566 2180 3630; x_wconf 89' lang='lat' dir='ltr'><strong>scitur,</strong></span> 
     </span>
    </p>
   </div>
   <div class='ocr_carea' id='block_1_67' title="bbox 631 3649 2184 3724">
    <p class='ocr_par' dir='ltr' id='par_1_67' title="bbox 631 3649 2184 3724">
     <span class='ocr_line' id='line_1_67' title="bbox 631 3649 2184 3724; baseline 0.006 -23"><span class='ocrx_word' id='word_1_468' title='bbox 631 3649 853 3704; x_wconf 88' lang='lat' dir='ltr'><strong>nomine</strong></span> <span class='ocrx_word' id='word_1_469' title='bbox 875 3649 1185 3715; x_wconf 81' lang='lat' dir='ltr'><strong>Rieheram,</strong></span> <span class='ocrx_word' id='word_1_470' title='bbox 1213 3667 1333 3719; x_wconf 67' lang='lat' dir='ltr'><strong>quae</strong></span> <span class='ocrx_word' id='word_1_471' title='bbox 1376 3654 1560 3721; x_wconf 87' lang='lat' dir='ltr'><strong>nupsit</strong></span> <span class='ocrx_word' id='word_1_472' title='bbox 1616 3653 1939 3722; x_wconf 82' lang='lat' dir='ltr'><strong>Burgondio,</strong></span> <span class='ocrx_word' id='word_1_473' title='bbox 1975 3669 2041 3708; x_wconf 84' lang='lat' dir='ltr'><strong>ex</strong></span> <span class='ocrx_word' id='word_1_474' title='bbox 2077 3671 2184 3724; x_wconf 89' lang='lat' dir='ltr'><strong>quo</strong></span> 
     </span>
    </p>
   </div>
   <div class='ocr_carea' id='block_1_68' title="bbox 633 3737 2184 3811">
    <p class='ocr_par' dir='ltr' id='par_1_68' title="bbox 633 3737 2184 3811">
     <span class='ocr_line' id='line_1_68' title="bbox 633 3737 2184 3811; baseline 0.005 -21"><span class='ocrx_word' id='word_1_475' title='bbox 633 3737 796 3793; x_wconf 80' lang='lat' dir='ltr'><strong>filium</strong></span> <span class='ocrx_word' id='word_1_476' title='bbox 822 3740 1004 3807; x_wconf 82' lang='lat' dir='ltr'><strong>genuit</strong></span> <span class='ocrx_word' id='word_1_477' title='bbox 1026 3740 1109 3793; x_wconf 89' lang='lat' dir='ltr'><strong>cui</strong></span> <span class='ocrx_word' id='word_1_478' title='bbox 1133 3740 1370 3795; x_wconf 78' lang='lat' dir='ltr'><strong>Anselmi</strong></span> <span class='ocrx_word' id='word_1_479' title='bbox 1400 3756 1591 3798; x_wconf 90' lang='lat' dir='ltr'><strong>nomen</strong></span> <span class='ocrx_word' id='word_1_480' title='bbox 1648 3742 1953 3811; x_wconf 90' lang='lat' dir='ltr'><strong>impositum</strong></span> <span class='ocrx_word' id='word_1_481' title='bbox 1998 3752 2101 3797; x_wconf 90' lang='lat' dir='ltr'><strong>est.</strong></span> <span class='ocrx_word' id='word_1_482' title='bbox 2128 3744 2184 3798; x_wconf 88' lang='lat' dir='ltr'><strong>ld</strong></span> 
     </span>
    </p>
   </div>
   <div class='ocr_carea' id='block_1_69' title="bbox 631 3820 2185 3902">
    <p class='ocr_par' dir='ltr' id='par_1_69' title="bbox 631 3820 2185 3902">
     <span class='ocr_line' id='line_1_69' title="bbox 631 3820 2185 3902; baseline 0.006 -23"><span class='ocrx_word' id='word_1_483' title='bbox 631 3834 897 3881; x_wconf 87' lang='lat' dir='ltr'><strong>testantur</strong></span> <span class='ocrx_word' id='word_1_484' title='bbox 932 3828 1112 3896; x_wconf 89' lang='lat' dir='ltr'><strong>plures</strong></span> <span class='ocrx_word' id='word_1_485' title='bbox 1149 3830 1389 3898; x_wconf 84' lang='lat' dir='ltr'><strong>epistolae</strong></span> <span class='ocrx_word' id='word_1_486' title='bbox 1416 3830 1487 3885; x_wconf 89' lang='lat' dir='ltr'><strong>ab</strong></span> <span class='ocrx_word' id='word_1_487' title='bbox 1507 3831 1777 3899; x_wconf 39' lang='lat' dir='ltr'><strong>.Anselmo</strong></span> <span class='ocrx_word' id='word_1_488' title='bbox 1834 3832 1899 3885; x_wconf 86' lang='lat' dir='ltr'><strong>ad</strong></span> <span class='ocrx_word' id='word_1_489' title='bbox 1935 3820 2185 3902; x_wconf 40' lang='lat' dir='ltr'><strong>&#39;Burgon—</strong></span> 
     </span>
    </p>
   </div>
   <div class='ocr_carea' id='block_1_70' title="bbox 630 3918 2181 3993">
    <p class='ocr_par' dir='ltr' id='par_1_70' title="bbox 630 3918 2181 3993">
     <span class='ocr_line' id='line_1_70' title="bbox 630 3918 2181 3993; baseline 0.005 -24"><span class='ocrx_word' id='word_1_490' title='bbox 630 3918 809 3981; x_wconf 87' lang='lat' dir='ltr'><strong>dium,</strong></span> <span class='ocrx_word' id='word_1_491' title='bbox 860 3926 916 3972; x_wconf 89' lang='lat' dir='ltr'><strong>et</strong></span> <span class='ocrx_word' id='word_1_492' title='bbox 960 3921 1028 3972; x_wconf 90' lang='lat' dir='ltr'><strong>ad</strong></span> <span class='ocrx_word' id='word_1_493' title='bbox 1058 3918 1344 3977; x_wconf 73' lang='lat' dir='ltr'><strong>Rieheram</strong></span> <span class='ocrx_word' id='word_1_494' title='bbox 1370 3928 1428 3974; x_wconf 89' lang='lat' dir='ltr'><strong>et</strong></span> <span class='ocrx_word' id='word_1_495' title='bbox 1478 3921 1545 3975; x_wconf 90' lang='lat' dir='ltr'><strong>ad</strong></span> <span class='ocrx_word' id='word_1_496' title='bbox 1585 3920 1893 3976; x_wconf 84' lang='lat' dir='ltr'><strong>Anselmum</strong></span> <span class='ocrx_word' id='word_1_497' title='bbox 1937 3933 2181 3993; x_wconf 88' lang='lat' dir='ltr'><strong>nepotem</strong></span> 
     </span>
    </p>
   </div>
   <div class='ocr_carea' id='block_1_71' title="bbox 628 3996 2183 4077">
    <p class='ocr_par' dir='ltr' id='par_1_71' title="bbox 628 3996 2183 4077">
     <span class='ocr_line' id='line_1_71' title="bbox 628 3996 2183 4077; baseline 0.003 -15"><span class='ocrx_word' id='word_1_498' title='bbox 628 4008 862 4075; x_wconf 72' lang='lat' dir='ltr'><strong>scriptzc.</strong></span> <span class='ocrx_word' id='word_1_499' title='bbox 889 4008 947 4061; x_wconf 82' lang='lat' dir='ltr'><strong>In</strong></span> <span class='ocrx_word' id='word_1_500' title='bbox 973 4022 1154 4062; x_wconf 89' lang='lat' dir='ltr'><strong>earum</strong></span> <span class='ocrx_word' id='word_1_501' title='bbox 1183 4023 1312 4073; x_wconf 90' lang='lat' dir='ltr'><strong>una,</strong></span> <span class='ocrx_word' id='word_1_502' title='bbox 1339 4024 1456 4077; x_wconf 73' lang='lat' dir='ltr'><strong>qua:</strong></span> <span class='ocrx_word' id='word_1_503' title='bbox 1480 4019 1563 4063; x_wconf 88' lang='lat' dir='ltr'><strong>est</strong></span> <span class='ocrx_word' id='word_1_504' title='bbox 1589 4010 1654 4063; x_wconf 87' lang='lat'><strong>67</strong></span> <span class='ocrx_word' id='word_1_505' title='bbox 1683 4009 1718 4062; x_wconf 92' lang='lat' dir='ltr'><strong>l.</strong></span> <span class='ocrx_word' id='word_1_506' title='bbox 1752 3996 1833 4074; x_wconf 84' lang='lat' dir='ltr'><strong>nr,</strong></span> <span class='ocrx_word' id='word_1_507' title='bbox 1861 4013 2030 4077; x_wconf 83' lang='lat' dir='ltr'><strong>sorori</strong></span> <span class='ocrx_word' id='word_1_508' title='bbox 2074 4027 2183 4066; x_wconf 65' lang='lat' dir='ltr'><strong>sua:</strong></span> 
     </span>
    </p>
   </div>
   <div class='ocr_carea' id='block_1_72' title="bbox 629 4097 2182 4168">
    <p class='ocr_par' dir='ltr' id='par_1_72' title="bbox 629 4097 2182 4168">
     <span class='ocr_line' id='line_1_72' title="bbox 629 4097 2182 4168; baseline 0.002 -17"><span class='ocrx_word' id='word_1_509' title='bbox 629 4098 817 4151; x_wconf 86' lang='lat' dir='ltr'><strong>scribit</strong></span> <span class='ocrx_word' id='word_1_510' title='bbox 846 4097 1113 4152; x_wconf 86' lang='lat' dir='ltr'><strong>neminem</strong></span> <span class='ocrx_word' id='word_1_511' title='bbox 1145 4112 1283 4162; x_wconf 90' lang='lat' dir='ltr'><strong>esse,</strong></span> <span class='ocrx_word' id='word_1_512' title='bbox 1312 4108 1537 4167; x_wconf 78' lang='lat' dir='ltr'><strong>excepto</strong></span> <span class='ocrx_word' id='word_1_513' title='bbox 1559 4098 1675 4167; x_wconf 82' lang='lat' dir='ltr'><strong>ejus</strong></span> <span class='ocrx_word' id='word_1_514' title='bbox 1696 4100 1832 4164; x_wconf 83' lang='lat' dir='ltr'><strong>viro,</strong></span> <span class='ocrx_word' id='word_1_515' title='bbox 1864 4103 2012 4168; x_wconf 88' lang='lat' dir='ltr'><strong>cujus</strong></span> <span class='ocrx_word' id='word_1_516' title='bbox 2037 4102 2182 4156; x_wconf 87' lang='lat' dir='ltr'><strong>salu-</strong></span> 
     </span>
    </p>
   </div>
   <div class='ocr_carea' id='block_1_73' title="bbox 630 4191 2179 4261">
    <p class='ocr_par' dir='ltr' id='par_1_73' title="bbox 630 4191 2179 4261">
     <span class='ocr_line' id='line_1_73' title="bbox 630 4191 2179 4261; baseline 0.003 -18"><span class='ocrx_word' id='word_1_517' title='bbox 630 4198 737 4243; x_wconf 90' lang='lat' dir='ltr'><strong>tem</strong></span> <span class='ocrx_word' id='word_1_518' title='bbox 771 4197 975 4242; x_wconf 90' lang='lat' dir='ltr'><strong>tantum</strong></span> <span class='ocrx_word' id='word_1_519' title='bbox 1003 4203 1160 4244; x_wconf 84' lang='lat' dir='ltr'><strong>nosse</strong></span> <span class='ocrx_word' id='word_1_520' title='bbox 1181 4200 1236 4243; x_wconf 91' lang='lat' dir='ltr'><strong>et</strong></span> <span class='ocrx_word' id='word_1_521' title='bbox 1266 4191 1453 4244; x_wconf 91' lang='lat' dir='ltr'><strong>audire</strong></span> <span class='ocrx_word' id='word_1_522' title='bbox 1480 4191 1592 4259; x_wconf 88' lang='lat' dir='ltr'><strong>ipsa</strong></span> <span class='ocrx_word' id='word_1_523' title='bbox 1620 4191 1890 4245; x_wconf 88' lang='lat' dir='ltr'><strong>desiderat</strong></span> <span class='ocrx_word' id='word_1_524' title='bbox 1917 4201 2179 4261; x_wconf 89' lang='lat' dir='ltr'><strong>quantum</strong></span> 
     </span>
    </p>
   </div>
   <div class='ocr_carea' id='block_1_74' title="bbox 626 4279 2256 4349">
    <p class='ocr_par' dir='ltr' id='par_1_74' title="bbox 626 4279 2256 4349">
     <span class='ocr_line' id='line_1_74' title="bbox 626 4279 2256 4349; baseline 0.001 -15"><span class='ocrx_word' id='word_1_525' title='bbox 626 4295 779 4334; x_wconf 87' lang='lat' dir='ltr'><strong>suam</strong></span> <span class='ocrx_word' id='word_1_526' title='bbox 806 4290 859 4333; x_wconf 91' lang='lat' dir='ltr'><strong>et</strong></span> <span class='ocrx_word' id='word_1_527' title='bbox 891 4279 981 4334; x_wconf 85' lang='lat' dir='ltr'><strong>lilii</strong></span> <span class='ocrx_word' id='word_1_528' title='bbox 1006 4280 1119 4346; x_wconf 89' lang='lat' dir='ltr'><strong>sui;</strong></span> <span class='ocrx_word' id='word_1_529' title='bbox 1149 4281 1275 4349; x_wconf 86' lang='lat' dir='ltr'><strong>quia</strong></span> <span class='ocrx_word' id='word_1_530' title='bbox 1320 4280 1433 4348; x_wconf 89' lang='lat' dir='ltr'><strong>ipse</strong></span> <span class='ocrx_word' id='word_1_531' title='bbox 1466 4280 1652 4335; x_wconf 90' lang='lat' dir='ltr'><strong>unicus</strong></span> <span class='ocrx_word' id='word_1_532' title='bbox 1670 4280 1784 4348; x_wconf 86' lang='lat' dir='ltr'><strong>ejus</strong></span> <span class='ocrx_word' id='word_1_533' title='bbox 1808 4279 1975 4336; x_wconf 80' lang='lat' dir='ltr'><strong>frater</strong></span> <span class='ocrx_word' id='word_1_534' title='bbox 1998 4290 2100 4346; x_wconf 87' lang='lat' dir='ltr'><strong>est,</strong></span> <span class='ocrx_word' id='word_1_535' title='bbox 2127 4291 2181 4335; x_wconf 89' lang='lat' dir='ltr'><strong>et</strong></span> <span class='ocrx_word' id='word_1_536' title='bbox 2209 4283 2256 4341; x_wconf 88' lang='grc' dir='ltr'><strong>Ι)</strong></span> 
     </span>
    </p>
   </div>
   <div class='ocr_carea' id='block_1_75' title="bbox 630 4367 2181 4437">
    <p class='ocr_par' dir='ltr' id='par_1_75' title="bbox 630 4367 2181 4437">
     <span class='ocr_line' id='line_1_75' title="bbox 630 4367 2181 4437; baseline 0.001 -14"><span class='ocrx_word' id='word_1_537' title='bbox 630 4369 718 4425; x_wconf 91' lang='lat' dir='ltr'><strong>ille</strong></span> <span class='ocrx_word' id='word_1_538' title='bbox 751 4370 939 4424; x_wconf 82' lang='lat' dir='ltr'><strong>imicus</strong></span> <span class='ocrx_word' id='word_1_539' title='bbox 985 4367 1099 4436; x_wconf 73' lang='lat' dir='ltr'><strong>eius</strong></span> <span class='ocrx_word' id='word_1_540' title='bbox 1153 4369 1292 4423; x_wconf 86' lang='lat' dir='ltr'><strong>ﬁlius</strong></span> <span class='ocrx_word' id='word_1_541' title='bbox 1326 4386 1339 4422; x_wconf 89' lang='lat'><strong>:</strong></span> <span class='ocrx_word' id='word_1_542' title='bbox 1374 4385 1491 4437; x_wconf 64' lang='lat' dir='ltr'><strong>quae</strong></span> <span class='ocrx_word' id='word_1_543' title='bbox 1533 4385 1637 4423; x_wconf 82' lang='lat' dir='ltr'><strong>non</strong></span> <span class='ocrx_word' id='word_1_544' title='bbox 1669 4371 1894 4425; x_wconf 90' lang='lat' dir='ltr'><strong>obscure</strong></span> <span class='ocrx_word' id='word_1_545' title='bbox 1942 4371 2181 4427; x_wconf 88' lang='lat' dir='ltr'><strong>indicant</strong></span> 
     </span>
    </p>
   </div>
   <div class='ocr_carea' id='block_1_76' title="bbox 628 4458 2178 4529">
    <p class='ocr_par' dir='ltr' id='par_1_76' title="bbox 628 4458 2178 4529">
     <span class='ocr_line' id='line_1_76' title="bbox 628 4458 2178 4529; baseline 0 -15"><span class='ocrx_word' id='word_1_546' title='bbox 628 4476 737 4514; x_wconf 88' lang='lat' dir='ltr'><strong>non</strong></span> <span class='ocrx_word' id='word_1_547' title='bbox 775 4460 935 4514; x_wconf 91' lang='lat' dir='ltr'><strong>aliam</strong></span> <span class='ocrx_word' id='word_1_548' title='bbox 963 4458 1127 4513; x_wconf 80' lang='lat' dir='ltr'><strong>fuisse</strong></span> <span class='ocrx_word' id='word_1_549' title='bbox 1154 4458 1213 4512; x_wconf 91' lang='grc'><strong>8.</strong></span> <span class='ocrx_word' id='word_1_550' title='bbox 1236 4460 1471 4523; x_wconf 80' lang='lat' dir='ltr'><strong>Anselmi</strong></span> <span class='ocrx_word' id='word_1_551' title='bbox 1499 4475 1773 4525; x_wconf 85' lang='lat' dir='ltr'><strong>sororem;</strong></span> <span class='ocrx_word' id='word_1_552' title='bbox 1807 4461 1850 4514; x_wconf 92' lang='lat' dir='ltr'><strong>si</strong></span> <span class='ocrx_word' id='word_1_553' title='bbox 1899 4475 2005 4529; x_wconf 87' lang='lat' dir='ltr'><strong>qua</strong></span> <span class='ocrx_word' id='word_1_554' title='bbox 2037 4463 2178 4514; x_wconf 91' lang='lat' dir='ltr'><strong>cnim</strong></span> 
     </span>
    </p>
   </div>
   <div class='ocr_carea' id='block_1_77' title="bbox 627 4550 2178 4621">
    <p class='ocr_par' dir='ltr' id='par_1_77' title="bbox 627 4550 2178 4621">
     <span class='ocr_line' id='line_1_77' title="bbox 627 4550 2178 4621; baseline 0 -15"><span class='ocrx_word' id='word_1_555' title='bbox 627 4553 835 4617; x_wconf 80' lang='lat' dir='ltr'><strong>fuisset,</strong></span> <span class='ocrx_word' id='word_1_556' title='bbox 891 4550 1169 4604; x_wconf 78' lang='lat' dir='ltr'><strong>Anselmus</strong></span> <span class='ocrx_word' id='word_1_557' title='bbox 1215 4566 1317 4603; x_wconf 91' lang='lat' dir='ltr'><strong>non</strong></span> <span class='ocrx_word' id='word_1_558' title='bbox 1347 4560 1489 4605; x_wconf 79' lang='lat' dir='ltr'><strong>esset</strong></span> <span class='ocrx_word' id='word_1_559' title='bbox 1523 4561 1644 4621; x_wconf 88' lang='lat' dir='ltr'><strong>post</strong></span> <span class='ocrx_word' id='word_1_560' title='bbox 1693 4552 1943 4605; x_wconf 86' lang='lat' dir='ltr'><strong>maritum</strong></span> <span class='ocrx_word' id='word_1_561' title='bbox 1990 4552 2178 4606; x_wconf 89' lang='lat' dir='ltr'><strong>unicus</strong></span> 
     </span>
    </p>
   </div>
   <div class='ocr_carea' id='block_1_78' title="bbox 625 4641 2177 4714">
    <p class='ocr_par' dir='ltr' id='par_1_78' title="bbox 625 4641 2177 4714">
     <span class='ocr_line' id='line_1_78' title="bbox 625 4641 2177 4714; baseline -0.001 -17"><span class='ocrx_word' id='word_1_562' title='bbox 625 4646 716 4714; x_wconf 86' lang='lat' dir='ltr'><strong>qui</strong></span> <span class='ocrx_word' id='word_1_563' title='bbox 749 4659 869 4697; x_wconf 90' lang='lat' dir='ltr'><strong>cum</strong></span> <span class='ocrx_word' id='word_1_564' title='bbox 897 4650 1089 4709; x_wconf 90' lang='lat' dir='ltr'><strong>nepote</strong></span> <span class='ocrx_word' id='word_1_565' title='bbox 1112 4656 1208 4695; x_wconf 91' lang='lat' dir='ltr'><strong>suo</strong></span> <span class='ocrx_word' id='word_1_566' title='bbox 1234 4656 1263 4695; x_wconf 88' lang='lat' dir='ltr'><strong>a</strong></span> <span class='ocrx_word' id='word_1_567' title='bbox 1294 4642 1519 4696; x_wconf 80' lang='lat' dir='ltr'><strong>Richera</strong></span> <span class='ocrx_word' id='word_1_568' title='bbox 1552 4642 1709 4697; x_wconf 90' lang='lat' dir='ltr'><strong>unice</strong></span> <span class='ocrx_word' id='word_1_569' title='bbox 1743 4642 2076 4711; x_wconf 82' lang='lat' dir='ltr'><strong>diligeretur.</strong></span> <span class='ocrx_word' id='word_1_570' title='bbox 2121 4641 2177 4696; x_wconf 86' lang='lat' dir='ltr'><strong>id</strong></span> 
     </span>
    </p>
   </div>
   <div class='ocr_carea' id='block_1_79' title="bbox 628 4731 2178 4804">
    <p class='ocr_par' dir='ltr' id='par_1_79' title="bbox 628 4731 2178 4804">
     <span class='ocr_line' id='line_1_79' title="bbox 628 4731 2178 4804; baseline -0.003 -16"><span class='ocrx_word' id='word_1_571' title='bbox 628 4751 788 4788; x_wconf 89' lang='lat' dir='ltr'><strong>unum</strong></span> <span class='ocrx_word' id='word_1_572' title='bbox 811 4732 1058 4804; x_wconf 88' lang='lat' dir='ltr'><strong>prohibet</strong></span> <span class='ocrx_word' id='word_1_573' title='bbox 1080 4734 1203 4801; x_wconf 88' lang='lat' dir='ltr'><strong>quin</strong></span> <span class='ocrx_word' id='word_1_574' title='bbox 1229 4731 1439 4787; x_wconf 89' lang='lat' dir='ltr'><strong>credam</strong></span> <span class='ocrx_word' id='word_1_575' title='bbox 1456 4733 1523 4787; x_wconf 89' lang='lat' dir='ltr'><strong>ab</strong></span> <span class='ocrx_word' id='word_1_576' title='bbox 1545 4732 1800 4787; x_wconf 87' lang='lat' dir='ltr'><strong>Anselmo</strong></span> <span class='ocrx_word' id='word_1_577' title='bbox 1820 4732 2047 4801; x_wconf 74' lang='lat' dir='ltr'><strong>scriptas</strong></span> <span class='ocrx_word' id='word_1_578' title='bbox 2061 4744 2178 4786; x_wconf 84' lang='lat' dir='ltr'><strong>esse</strong></span> 
     </span>
    </p>
   </div>
   <div class='ocr_carea' id='block_1_80' title="bbox 626 4821 1420 4895">
    <p class='ocr_par' dir='ltr' id='par_1_80' title="bbox 626 4821 1420 4895">
     <span class='ocr_line' id='line_1_80' title="bbox 626 4821 1420 4895; baseline -0.009 -17"><span class='ocrx_word' id='word_1_579' title='bbox 626 4826 756 4878; x_wconf 89' lang='lat' dir='ltr'><strong>istas</strong></span> <span class='ocrx_word' id='word_1_580' title='bbox 784 4821 1171 4876; x_wconf 88' lang='lat' dir='ltr'><strong>meditationes.</strong></span> <span class='ocrx_word' id='word_1_581' title='bbox 1416 4882 1420 4895; x_wconf 36' lang='lat'>‘</span> 
     </span>
    </p>
   </div>
   <div class='ocr_carea' id='block_1_81' title="bbox 696 4909 2173 4981">
    <p class='ocr_par' dir='ltr' id='par_1_81' title="bbox 696 4909 2173 4981">
     <span class='ocr_line' id='line_1_81' title="bbox 696 4909 2173 4981; baseline -0.002 -16"><span class='ocrx_word' id='word_1_582' title='bbox 696 4912 922 4978; x_wconf 85' lang='lat' dir='ltr'><strong>Quidam</strong></span> <span class='ocrx_word' id='word_1_583' title='bbox 945 4926 1038 4964; x_wconf 90' lang='lat' dir='ltr'><strong>eas</strong></span> <span class='ocrx_word' id='word_1_584' title='bbox 1060 4910 1117 4962; x_wconf 87' lang='lat' dir='ltr'><strong>S.</strong></span> <span class='ocrx_word' id='word_1_585' title='bbox 1146 4910 1444 4981; x_wconf 83' lang='lat' dir='ltr'><strong>Augustino</strong></span> <span class='ocrx_word' id='word_1_586' title='bbox 1479 4910 1816 4980; x_wconf 90' lang='lat' dir='ltr'><strong>ascripsere;</strong></span> <span class='ocrx_word' id='word_1_587' title='bbox 1861 4918 1915 4964; x_wconf 91' lang='lat' dir='ltr'><strong>et</strong></span> <span class='ocrx_word' id='word_1_588' title='bbox 1959 4909 2173 4977; x_wconf 88' lang='lat' dir='ltr'><strong>quidem</strong></span> 
     </span>
    </p>
   </div>
   <div class='ocr_carea' id='block_1_82' title="bbox 628 5000 2175 5068">
    <p class='ocr_par' dir='ltr' id='par_1_82' title="bbox 628 5000 2175 5068">
     <span class='ocr_line' id='line_1_82' title="bbox 628 5000 2175 5068; baseline -0.001 -12"><span class='ocrx_word' id='word_1_589' title='bbox 628 5004 681 5057; x_wconf 89' lang='lat' dir='ltr'><strong>in</strong></span> <span class='ocrx_word' id='word_1_590' title='bbox 717 5003 894 5057; x_wconf 90' lang='lat' dir='ltr'><strong>libello</strong></span> <span class='ocrx_word' id='word_1_591' title='bbox 932 5003 1007 5057; x_wconf 86' lang='lat' dir='ltr'><strong>De</strong></span> <span class='ocrx_word' id='word_1_592' title='bbox 1054 5003 1157 5056; x_wconf 75' lang='lat' dir='ltr'><strong>vita</strong></span> <span class='ocrx_word' id='word_1_593' title='bbox 1202 5004 1400 5056; x_wconf 83' lang='lat' dir='ltr'><strong>eremit.</strong></span> <span class='ocrx_word' id='word_1_594' title='bbox 1438 5006 1507 5056; x_wconf 82' lang='lat' dir='ltr'><strong>ad</strong></span> <span class='ocrx_word' id='word_1_595' title='bbox 1548 5018 1809 5068; x_wconf 87' lang='lat' dir='ltr'><strong>sororem,</strong></span> <span class='ocrx_word' id='word_1_596' title='bbox 1858 5017 1905 5055; x_wconf 87' lang='lat' dir='ltr'><strong>c.</strong></span> <span class='ocrx_word' id='word_1_597' title='bbox 1959 5000 2048 5067; x_wconf 74' lang='grc'><strong>47,</strong></span> <span class='ocrx_word' id='word_1_598' title='bbox 2109 5001 2175 5054; x_wconf 89' lang='lat' dir='ltr'><strong>ad</strong></span> 
     </span>
    </p>
   </div>
   <div class='ocr_carea' id='block_1_83' title="bbox 626 5092 2176 5163">
    <p class='ocr_par' dir='ltr' id='par_1_83' title="bbox 626 5092 2176 5163">
     <span class='ocr_line' id='line_1_83' title="bbox 626 5092 2176 5163; baseline 0 -16"><span class='ocrx_word' id='word_1_599' title='bbox 626 5094 790 5148; x_wconf 78' lang='lat' dir='ltr'><strong>ﬁnem</strong></span> <span class='ocrx_word' id='word_1_600' title='bbox 842 5104 953 5149; x_wconf 88' lang='lat' dir='ltr'><strong>tres</strong></span> <span class='ocrx_word' id='word_1_601' title='bbox 1006 5094 1121 5148; x_wconf 78' lang='lat' dir='ltr'><strong>ista:</strong></span> <span class='ocrx_word' id='word_1_602' title='bbox 1157 5109 1223 5148; x_wconf 79' lang='lat' dir='ltr'><strong>ex</strong></span> <span class='ocrx_word' id='word_1_603' title='bbox 1264 5094 1471 5163; x_wconf 88' lang='lat' dir='ltr'><strong>integro</strong></span> <span class='ocrx_word' id='word_1_604' title='bbox 1519 5094 1789 5163; x_wconf 85' lang='lat' dir='ltr'><strong>leguntur.</strong></span> <span class='ocrx_word' id='word_1_605' title='bbox 1842 5092 2035 5147; x_wconf 85' lang='lat' dir='ltr'><strong>Verum</strong></span> <span class='ocrx_word' id='word_1_606' title='bbox 2079 5107 2176 5147; x_wconf 90' lang='lat' dir='ltr'><strong>nec</strong></span> 
     </span>
    </p>
   </div>
   <div class='ocr_carea' id='block_1_84' title="bbox 626 5183 2174 5254">
    <p class='ocr_par' dir='ltr' id='par_1_84' title="bbox 626 5183 2174 5254">
     <span class='ocr_line' id='line_1_84' title="bbox 626 5183 2174 5254; baseline -0.002 -14"><span class='ocrx_word' id='word_1_607' title='bbox 626 5186 782 5241; x_wconf 87' lang='lat' dir='ltr'><strong>istius</strong></span> <span class='ocrx_word' id='word_1_608' title='bbox 816 5184 973 5239; x_wconf 91' lang='lat' dir='ltr'><strong>libelli</strong></span> <span class='ocrx_word' id='word_1_609' title='bbox 1002 5186 1327 5254; x_wconf 82' lang='lat' dir='ltr'><strong>Augustinus</strong></span> <span class='ocrx_word' id='word_1_610' title='bbox 1356 5194 1541 5239; x_wconf 87' lang='lat' dir='ltr'><strong>auctor</strong></span> <span class='ocrx_word' id='word_1_611' title='bbox 1568 5193 1670 5249; x_wconf 92' lang='lat' dir='ltr'><strong>est,</strong></span> <span class='ocrx_word' id='word_1_612' title='bbox 1698 5184 1791 5239; x_wconf 89' lang='lat' dir='ltr'><strong>sed</strong></span> <span class='ocrx_word' id='word_1_613' title='bbox 1815 5183 2008 5252; x_wconf 86' lang='lat' dir='ltr'><strong>aliquis</strong></span> <span class='ocrx_word' id='word_1_614' title='bbox 2048 5198 2174 5237; x_wconf 90' lang='lat' dir='ltr'><strong>san-</strong></span> 
     </span>
    </p>
   </div>
   <div class='ocr_carea' id='block_1_85' title="bbox 626 5276 2173 5347">
    <p class='ocr_par' dir='ltr' id='par_1_85' title="bbox 626 5276 2173 5347">
     <span class='ocr_line' id='line_1_85' title="bbox 626 5276 2173 5347; baseline -0.001 -17"><span class='ocrx_word' id='word_1_615' title='bbox 626 5287 712 5330; x_wconf 85' lang='lat' dir='ltr'><strong>cto</strong></span> <span class='ocrx_word' id='word_1_616' title='bbox 737 5277 1021 5331; x_wconf 87' lang='lat' dir='ltr'><strong>Benedicto</strong></span> <span class='ocrx_word' id='word_1_617' title='bbox 1043 5285 1094 5331; x_wconf 91' lang='lat' dir='ltr'><strong>et</strong></span> <span class='ocrx_word' id='word_1_618' title='bbox 1132 5286 1320 5331; x_wconf 90' lang='lat' dir='ltr'><strong>sancto</strong></span> <span class='ocrx_word' id='word_1_619' title='bbox 1348 5276 1834 5346; x_wconf 81' lang='lat' dir='ltr'><strong>Grcgoriojunior;</strong></span> <span class='ocrx_word' id='word_1_620' title='bbox 1870 5276 2008 5347; x_wconf 90' lang='lat' dir='ltr'><strong>illius</strong></span> <span class='ocrx_word' id='word_1_621' title='bbox 2032 5276 2173 5329; x_wconf 88' lang='lat' dir='ltr'><strong>enim</strong></span> 
     </span>
    </p>
   </div>
   <div class='ocr_carea' id='block_1_86' title="bbox 631 5367 2172 5436">
    <p class='ocr_par' dir='ltr' id='par_1_86' title="bbox 631 5367 2172 5436">
     <span class='ocr_line' id='line_1_86' title="bbox 631 5367 2172 5436; baseline 0.001 -16"><span class='ocrx_word' id='word_1_622' title='bbox 631 5368 875 5420; x_wconf 88' lang='lat' dir='ltr'><strong>meminit</strong></span> <span class='ocrx_word' id='word_1_623' title='bbox 924 5368 976 5421; x_wconf 92' lang='lat' dir='ltr'><strong>in</strong></span> <span class='ocrx_word' id='word_1_624' title='bbox 1006 5382 1055 5421; x_wconf 92' lang='lat' dir='ltr'><strong>c.</strong></span> <span class='ocrx_word' id='word_1_625' title='bbox 1104 5367 1167 5420; x_wconf 68' lang='grc' dir='ltr'>Μ</span> <span class='ocrx_word' id='word_1_626' title='bbox 1192 5376 1246 5421; x_wconf 93' lang='lat' dir='ltr'><strong>et</strong></span> <span class='ocrx_word' id='word_1_627' title='bbox 1297 5368 1383 5430; x_wconf 73' lang='lat'><strong>19,</strong></span> <span class='ocrx_word' id='word_1_628' title='bbox 1413 5376 1465 5421; x_wconf 93' lang='lat' dir='ltr'><strong>ct</strong></span> <span class='ocrx_word' id='word_1_629' title='bbox 1489 5368 1643 5423; x_wconf 90' lang='lat' dir='ltr'><strong>istius</strong></span> <span class='ocrx_word' id='word_1_630' title='bbox 1696 5369 1748 5421; x_wconf 91' lang='lat' dir='ltr'><strong>in</strong></span> <span class='ocrx_word' id='word_1_631' title='bbox 1784 5382 1832 5422; x_wconf 91' lang='lat' dir='ltr'><strong>c.</strong></span> <span class='ocrx_word' id='word_1_632' title='bbox 1878 5367 1967 5420; x_wconf 74' lang='grc'><strong>46.</strong></span> <span class='ocrx_word' id='word_1_633' title='bbox 1992 5367 2172 5436; x_wconf 78' lang='lat' dir='ltr'><strong>Adjicc</strong></span> 
     </span>
    </p>
   </div>
   <div class='ocr_carea' id='block_1_87' title="bbox 628 5456 2203 5539">
    <p class='ocr_par' dir='ltr' id='par_1_87' title="bbox 628 5456 2203 5539">
     <span class='ocr_line' id='line_1_87' title="bbox 628 5456 2203 5539; baseline 0.004 -32"><span class='ocrx_word' id='word_1_634' title='bbox 628 5458 765 5524; x_wconf 83' lang='lat' dir='ltr'><strong>quod</strong></span> <span class='ocrx_word' id='word_1_635' title='bbox 792 5458 841 5509; x_wconf 87' lang='lat' dir='ltr'><strong>in</strong></span> <span class='ocrx_word' id='word_1_636' title='bbox 873 5456 1015 5510; x_wconf 90' lang='lat' dir='ltr'><strong>nullo</strong></span> <span class='ocrx_word' id='word_1_637' title='bbox 1037 5472 1101 5510; x_wconf 69' lang='lat' dir='ltr'><strong>ex</strong></span> <span class='ocrx_word' id='word_1_638' title='bbox 1129 5457 1515 5523; x_wconf 87' lang='lat' dir='ltr'><strong>antiquioribus</strong></span> <span class='ocrx_word' id='word_1_639' title='bbox 1540 5460 1708 5512; x_wconf 69' lang='lat' dir='ltr'><strong>sancti</strong></span> <span class='ocrx_word' id='word_1_640' title='bbox 1738 5459 2011 5529; x_wconf 81' lang='lat' dir='ltr'><strong>Augustini</strong></span> <span class='ocrx_word' id='word_1_641' title='bbox 2030 5474 2168 5523; x_wconf 87' lang='lat' dir='ltr'><strong>mss.</strong></span> <span class='ocrx_word' id='word_1_642' title='bbox 2200 5536 2203 5539; x_wconf 17' lang='grc' dir='ltr'><em>Α</em></span> 
     </span>
    </p>
   </div>
   <div class='ocr_carea' id='block_1_88' title="bbox 629 5548 1572 5617">
    <p class='ocr_par' dir='ltr' id='par_1_88' title="bbox 629 5548 1572 5617">
     <span class='ocr_line' id='line_1_88' title="bbox 629 5548 1572 5617; baseline 0.001 -16"><span class='ocrx_word' id='word_1_643' title='bbox 629 5548 679 5601; x_wconf 90' lang='lat' dir='ltr'><strong>id</strong></span> <span class='ocrx_word' id='word_1_644' title='bbox 702 5548 872 5614; x_wconf 83' lang='lat' dir='ltr'><strong>operis</strong></span> <span class='ocrx_word' id='word_1_645' title='bbox 903 5548 1222 5617; x_wconf 72' lang='lat' dir='ltr'><strong>descriptum</strong></span> <span class='ocrx_word' id='word_1_646' title='bbox 1259 5550 1572 5617; x_wconf 76' lang='lat' dir='ltr'><strong>reperiatur.</strong></span> 
     </span>
    </p>
   </div>
   <div class='ocr_carea' id='block_1_89' title="bbox 2288 3028 3796 3106">
    <p class='ocr_par' dir='ltr' id='par_1_89' title="bbox 2288 3028 3796 3106">
     <span class='ocr_line' id='line_1_89' title="bbox 2288 3028 3796 3106; baseline -0.003 -15"><span class='ocrx_word' id='word_1_647' title='bbox 2288 3028 2433 3103; x_wconf 83' lang='lat' dir='ltr'><strong>ctos;</strong></span> <span class='ocrx_word' id='word_1_648' title='bbox 2458 3047 2511 3090; x_wconf 90' lang='lat' dir='ltr'><strong>et</strong></span> <span class='ocrx_word' id='word_1_649' title='bbox 2539 3038 2609 3091; x_wconf 91' lang='lat' dir='ltr'><strong>ita</strong></span> <span class='ocrx_word' id='word_1_650' title='bbox 2639 3038 2781 3091; x_wconf 91' lang='lat' dir='ltr'><strong>omni</strong></span> <span class='ocrx_word' id='word_1_651' title='bbox 2798 3036 2921 3105; x_wconf 84' lang='lat' dir='ltr'><strong>jure</strong></span> <span class='ocrx_word' id='word_1_652' title='bbox 2946 3037 3199 3092; x_wconf 84' lang='lat' dir='ltr'><strong>Ansclmo</strong></span> <span class='ocrx_word' id='word_1_653' title='bbox 3214 3036 3505 3092; x_wconf 85' lang='lat' dir='ltr'><strong>ascribitur</strong></span> <span class='ocrx_word' id='word_1_654' title='bbox 3530 3037 3582 3090; x_wconf 90' lang='lat' dir='ltr'><strong>in</strong></span> <span class='ocrx_word' id='word_1_655' title='bbox 3596 3034 3796 3106; x_wconf 85' lang='lat' dir='ltr'><strong>pluribu</strong></span> 
     </span>
    </p>
   </div>
   <div class='ocr_carea' id='block_1_90' title="bbox 2287 3127 3268 3197">
    <p class='ocr_par' dir='ltr' id='par_1_90' title="bbox 2287 3127 3268 3197">
     <span class='ocr_line' id='line_1_90' title="bbox 2287 3127 3268 3197; baseline 0 -16"><span class='ocrx_word' id='word_1_656' title='bbox 2287 3142 2414 3183; x_wconf 89' lang='lat' dir='ltr'><strong>mss.</strong></span> <span class='ocrx_word' id='word_1_657' title='bbox 2447 3144 2510 3182; x_wconf 89' lang='lat' dir='ltr'><strong>ac</strong></span> <span class='ocrx_word' id='word_1_658' title='bbox 2532 3129 2583 3181; x_wconf 92' lang='lat' dir='ltr'><strong>in</strong></span> <span class='ocrx_word' id='word_1_659' title='bbox 2615 3127 2676 3182; x_wconf 90' lang='lat' dir='ltr'><strong>P.</strong></span> <span class='ocrx_word' id='word_1_660' title='bbox 2708 3127 2987 3196; x_wconf 79' lang='lat' dir='ltr'><strong>Theophili</strong></span> <span class='ocrx_word' id='word_1_661' title='bbox 3015 3127 3268 3197; x_wconf 73' lang='lat' dir='ltr'><strong>editione,</strong></span> 
     </span>
    </p>
   </div>
   <div class='ocr_carea' id='block_1_91' title="bbox 2725 3216 3358 3272">
    <p class='ocr_par' dir='ltr' id='par_1_91' title="bbox 2725 3216 3358 3272">
     <span class='ocr_line' id='line_1_91' title="bbox 2725 3216 3358 3272; baseline 0.002 -1"><span class='ocrx_word' id='word_1_662' title='bbox 2725 3216 2928 3271; x_wconf 65' lang='lat' dir='ltr'><strong>Cursu&quot;</strong></span> <span class='ocrx_word' id='word_1_663' title='bbox 3022 3216 3358 3272; x_wconf 76' lang='lat' dir='ltr'><strong>ORATIONUI.</strong></span> 
     </span>
    </p>
   </div>
   <div class='ocr_carea' id='block_1_92' title="bbox 2749 3305 3343 3360">
    <p class='ocr_par' dir='ltr' id='par_1_92' title="bbox 2749 3305 3343 3360">
     <span class='ocr_line' id='line_1_92' title="bbox 2749 3305 3343 3360; baseline -0.002 -1"><span class='ocrx_word' id='word_1_664' title='bbox 2749 3305 2979 3360; x_wconf 75' lang='lat' dir='ltr'><strong>CenSura</strong></span> <span class='ocrx_word' id='word_1_665' title='bbox 3013 3306 3267 3358; x_wconf 76' lang='lat' dir='ltr'><strong>orationis</strong></span> <span class='ocrx_word' id='word_1_666' title='bbox 3291 3306 3343 3358; x_wconf 74' lang='grc'>1.</span> 
     </span>
    </p>
   </div>
   <div class='ocr_carea' id='block_1_93' title="bbox 2355 3395 3792 3467">
    <p class='ocr_par' dir='ltr' id='par_1_93' title="bbox 2355 3395 3792 3467">
     <span class='ocr_line' id='line_1_93' title="bbox 2355 3395 3792 3467; baseline -0.001 -17"><span class='ocrx_word' id='word_1_667' title='bbox 2355 3397 2397 3450; x_wconf 80' lang='grc' dir='ltr'><strong>Δ</strong></span> <span class='ocrx_word' id='word_1_668' title='bbox 2422 3395 2481 3450; x_wconf 84' lang='grc' dir='ltr'>Ρ.</span> <span class='ocrx_word' id='word_1_669' title='bbox 2512 3395 2684 3467; x_wconf 81' lang='lat' dir='ltr'><strong>Rayn.</strong></span> <span class='ocrx_word' id='word_1_670' title='bbox 2710 3408 2777 3450; x_wconf 82' lang='lat' dir='ltr'><strong>ex</strong></span> <span class='ocrx_word' id='word_1_671' title='bbox 2799 3412 2899 3450; x_wconf 91' lang='lat' dir='ltr'><strong>ms.</strong></span> <span class='ocrx_word' id='word_1_672' title='bbox 2925 3395 3047 3450; x_wconf 91' lang='lat' dir='ltr'><strong>coll.</strong></span> <span class='ocrx_word' id='word_1_673' title='bbox 3092 3395 3248 3451; x_wconf 61' lang='lat' dir='ltr'><strong>Vien.</strong></span> <span class='ocrx_word' id='word_1_674' title='bbox 3306 3395 3537 3465; x_wconf 85' lang='lat' dir='ltr'><strong>primum</strong></span> <span class='ocrx_word' id='word_1_675' title='bbox 3583 3395 3792 3465; x_wconf 73' lang='lat' dir='ltr'><strong>evulgat</strong></span> 
     </span>
    </p>
   </div>
   <div class='ocr_carea' id='block_1_94' title="bbox 2284 3487 3787 3556">
    <p class='ocr_par' dir='ltr' id='par_1_94' title="bbox 2284 3487 3787 3556">
     <span class='ocr_line' id='line_1_94' title="bbox 2284 3487 3787 3556; baseline 0 -15"><span class='ocrx_word' id='word_1_676' title='bbox 2284 3495 2386 3550; x_wconf 90' lang='lat' dir='ltr'><strong>est,</strong></span> <span class='ocrx_word' id='word_1_677' title='bbox 2417 3502 2515 3541; x_wconf 87' lang='lat' dir='ltr'><strong>nec</strong></span> <span class='ocrx_word' id='word_1_678' title='bbox 2534 3501 2651 3540; x_wconf 88' lang='lat' dir='ltr'><strong>eam</strong></span> <span class='ocrx_word' id='word_1_679' title='bbox 2676 3487 2729 3539; x_wconf 88' lang='lat' dir='ltr'><strong>in</strong></span> <span class='ocrx_word' id='word_1_680' title='bbox 2755 3487 2875 3541; x_wconf 91' lang='lat' dir='ltr'><strong>ullis</strong></span> <span class='ocrx_word' id='word_1_681' title='bbox 2901 3488 3014 3541; x_wconf 91' lang='lat' dir='ltr'><strong>sive</strong></span> <span class='ocrx_word' id='word_1_682' title='bbox 3038 3487 3250 3543; x_wconf 78' lang='lat' dir='ltr'><strong>excusis</strong></span> <span class='ocrx_word' id='word_1_683' title='bbox 3278 3488 3393 3541; x_wconf 85' lang='lat' dir='ltr'><strong>sive</strong></span> <span class='ocrx_word' id='word_1_684' title='bbox 3415 3503 3545 3542; x_wconf 91' lang='lat' dir='ltr'><strong>mss.</strong></span> <span class='ocrx_word' id='word_1_685' title='bbox 3571 3503 3787 3556; x_wconf 75' lang='lat' dir='ltr'><strong>compar</strong></span> 
     </span>
    </p>
   </div>
   <div class='ocr_carea' id='block_1_95' title="bbox 2283 3563 3791 3649">
    <p class='ocr_par' dir='ltr' id='par_1_95' title="bbox 2283 3563 3791 3649">
     <span class='ocr_line' id='line_1_95' title="bbox 2283 3563 3791 3649; baseline 0.003 -22"><span class='ocrx_word' id='word_1_686' title='bbox 2283 3577 2530 3629; x_wconf 85' lang='lat' dir='ltr'><strong>Attamen</strong></span> <span class='ocrx_word' id='word_1_687' title='bbox 2583 3576 2651 3629; x_wconf 89' lang='lat' dir='ltr'><strong>ab</strong></span> <span class='ocrx_word' id='word_1_688' title='bbox 2676 3576 2911 3630; x_wconf 86' lang='lat' dir='ltr'><strong>Anselmi</strong></span> <span class='ocrx_word' id='word_1_689' title='bbox 2932 3563 2936 3567; x_wconf 61' lang='grc'><em>’</em></span> <span class='ocrx_word' id='word_1_690' title='bbox 2959 3577 3096 3649; x_wconf 85' lang='lat' dir='ltr'><strong>stylo</strong></span> <span class='ocrx_word' id='word_1_691' title='bbox 3128 3592 3231 3631; x_wconf 91' lang='lat' dir='ltr'><strong>non</strong></span> <span class='ocrx_word' id='word_1_692' title='bbox 3259 3578 3441 3640; x_wconf 85' lang='lat' dir='ltr'><strong>distat,</strong></span> <span class='ocrx_word' id='word_1_693' title='bbox 3465 3586 3518 3632; x_wconf 93' lang='lat' dir='ltr'><strong>et</strong></span> <span class='ocrx_word' id='word_1_694' title='bbox 3558 3590 3791 3633; x_wconf 72' lang='lat' dir='ltr'><strong>auctore:</strong></span> 
     </span>
    </p>
   </div>
   <div class='ocr_carea' id='block_1_96' title="bbox 2284 3666 3645 3737">
    <p class='ocr_par' dir='ltr' id='par_1_96' title="bbox 2284 3666 3645 3737">
     <span class='ocr_line' id='line_1_96' title="bbox 2284 3666 3645 3737; baseline 0.001 -18"><span class='ocrx_word' id='word_1_695' title='bbox 2284 3679 2437 3719; x_wconf 87' lang='lat' dir='ltr'><strong>suum</strong></span> <span class='ocrx_word' id='word_1_696' title='bbox 2466 3667 2738 3734; x_wconf 82' lang='lat' dir='ltr'><strong>proposito</strong></span> <span class='ocrx_word' id='word_1_697' title='bbox 2765 3674 2820 3720; x_wconf 86' lang='lat' dir='ltr'><strong>et</strong></span> <span class='ocrx_word' id='word_1_698' title='bbox 2844 3666 3029 3722; x_wconf 80' lang='lat' dir='ltr'><strong>habitu</strong></span> <span class='ocrx_word' id='word_1_699' title='bbox 3055 3666 3327 3737; x_wconf 83' lang='lat' dir='ltr'><strong>religionis</strong></span> <span class='ocrx_word' id='word_1_700' title='bbox 3350 3666 3645 3737; x_wconf 84' lang='lat' dir='ltr'><strong>distinguit.</strong></span> 
     </span>
    </p>
   </div>
   <div class='ocr_carea' id='block_1_97' title="bbox 2734 3772 3341 3830">
    <p class='ocr_par' dir='ltr' id='par_1_97' title="bbox 2734 3772 3341 3830">
     <span class='ocr_line' id='line_1_97' title="bbox 2734 3772 3341 3830; baseline 0.003 -3"><span class='ocrx_word' id='word_1_701' title='bbox 2734 3772 2965 3830; x_wconf 83' lang='lat' dir='ltr'><strong>Censura</strong></span> <span class='ocrx_word' id='word_1_702' title='bbox 2990 3777 3241 3830; x_wconf 82' lang='lat' dir='ltr'><strong>orationis</strong></span> <span class='ocrx_word' id='word_1_703' title='bbox 3288 3776 3341 3829; x_wconf 70' lang='grc'>2.</span> 
     </span>
    </p>
   </div>
   <div class='ocr_carea' id='block_1_98' title="bbox 2352 3882 3790 3957">
    <p class='ocr_par' dir='ltr' id='par_1_98' title="bbox 2352 3882 3790 3957">
     <span class='ocr_line' id='line_1_98' title="bbox 2352 3882 3790 3957; baseline 0.003 -22"><span class='ocrx_word' id='word_1_704' title='bbox 2352 3882 2468 3953; x_wconf 84' lang='lat' dir='ltr'><strong>ipsa</strong></span> <span class='ocrx_word' id='word_1_705' title='bbox 2494 3883 2546 3938; x_wconf 89' lang='lat' dir='ltr'><strong>in</strong></span> <span class='ocrx_word' id='word_1_706' title='bbox 2572 3885 2783 3940; x_wconf 80' lang='lat' dir='ltr'><strong>excusis</strong></span> <span class='ocrx_word' id='word_1_707' title='bbox 2810 3887 2973 3940; x_wconf 89' lang='lat' dir='ltr'><strong>etiam</strong></span> <span class='ocrx_word' id='word_1_708' title='bbox 2997 3887 3391 3956; x_wconf 89' lang='lat' dir='ltr'><strong>antiquioribus</strong></span> <span class='ocrx_word' id='word_1_709' title='bbox 3420 3894 3616 3950; x_wconf 78' lang='lat' dir='ltr'><strong>exstat,</strong></span> <span class='ocrx_word' id='word_1_710' title='bbox 3670 3903 3790 3957; x_wconf 70' lang='lat' dir='ltr'><strong>qua:</strong></span> 
     </span>
    </p>
   </div>
   <div class='ocr_carea' id='block_1_99' title="bbox 2283 3972 3788 4044">
    <p class='ocr_par' dir='ltr' id='par_1_99' title="bbox 2283 3972 3788 4044">
     <span class='ocr_line' id='line_1_99' title="bbox 2283 3972 3788 4044; baseline 0.004 -21"><span class='ocrx_word' id='word_1_711' title='bbox 2283 3985 2408 4038; x_wconf 81' lang='lat' dir='ltr'><strong>pars</strong></span> <span class='ocrx_word' id='word_1_712' title='bbox 2437 3972 2713 4038; x_wconf 86' lang='lat' dir='ltr'><strong>orationis,</strong></span> <span class='ocrx_word' id='word_1_713' title='bbox 2776 3989 2901 4042; x_wconf 59' lang='lat' dir='ltr'><strong>qua:</strong></span> <span class='ocrx_word' id='word_1_714' title='bbox 2952 3976 3177 4044; x_wconf 89' lang='lat' dir='ltr'><strong>incipit;</strong></span> <span class='ocrx_word' id='word_1_715' title='bbox 3228 3976 3365 4029; x_wconf 85' lang='lat' dir='ltr'><strong>Deus</strong></span> <span class='ocrx_word' id='word_1_716' title='bbox 3390 3993 3552 4042; x_wconf 85' lang='lat' dir='ltr'><strong>meus,</strong></span> <span class='ocrx_word' id='word_1_717' title='bbox 3578 3978 3646 4028; x_wconf 85' lang='lat' dir='ltr'><strong>da</strong></span> <span class='ocrx_word' id='word_1_718' title='bbox 3685 3994 3788 4030; x_wconf 76' lang='grc' dir='ltr'><em>εοη</em></span> 
     </span>
    </p>
   </div>
   <div class='ocr_carea' id='block_1_100' title="bbox 2282 4059 3786 4131">
    <p class='ocr_par' dir='ltr' id='par_1_100' title="bbox 2282 4059 3786 4131">
     <span class='ocr_line' id='line_1_100' title="bbox 2282 4059 3786 4131; baseline 0.004 -21"><span class='ocrx_word' id='word_1_719' title='bbox 2282 4075 2427 4123; x_wconf 85' lang='lat' dir='ltr'><strong>meo,</strong></span> <span class='ocrx_word' id='word_1_720' title='bbox 2451 4068 2554 4114; x_wconf 90' lang='lat' dir='ltr'><strong>etc.</strong></span> <span class='ocrx_word' id='word_1_721' title='bbox 2589 4059 2696 4116; x_wconf 82' lang='lat' dir='ltr'><strong>Nos</strong></span> <span class='ocrx_word' id='word_1_722' title='bbox 2724 4076 2841 4116; x_wconf 90' lang='lat' dir='ltr'><strong>eam</strong></span> <span class='ocrx_word' id='word_1_723' title='bbox 2864 4062 2934 4116; x_wconf 86' lang='lat' dir='ltr'><strong>ab</strong></span> <span class='ocrx_word' id='word_1_724' title='bbox 2980 4062 3068 4115; x_wconf 89' lang='lat' dir='ltr'><strong>illa</strong></span> <span class='ocrx_word' id='word_1_725' title='bbox 3087 4077 3191 4117; x_wconf 90' lang='lat' dir='ltr'><strong>non</strong></span> <span class='ocrx_word' id='word_1_726' title='bbox 3221 4064 3579 4131; x_wconf 83' lang='lat' dir='ltr'><strong>sejunximus,</strong></span> <span class='ocrx_word' id='word_1_727' title='bbox 3632 4063 3733 4117; x_wconf 83' lang='lat' dir='ltr'><strong>nisi</strong></span> <span class='ocrx_word' id='word_1_728' title='bbox 3769 4080 3786 4116; x_wconf 86' lang='grc' dir='ltr'>ι</span> 
     </span>
    </p>
   </div>
   <div class='ocr_carea' id='block_1_101' title="bbox 2282 4151 3787 4219">
    <p class='ocr_par' dir='ltr' id='par_1_101' title="bbox 2282 4151 3787 4219">
     <span class='ocr_line' id='line_1_101' title="bbox 2282 4151 3787 4219; baseline 0.001 -18"><span class='ocrx_word' id='word_1_729' title='bbox 2282 4161 2373 4201; x_wconf 89' lang='lat' dir='ltr'><strong>cas</strong></span> <span class='ocrx_word' id='word_1_730' title='bbox 2413 4162 2530 4215; x_wconf 77' lang='lat' dir='ltr'><strong>quae</strong></span> <span class='ocrx_word' id='word_1_731' title='bbox 2579 4151 3038 4218; x_wconf 89' lang='lat' dir='ltr'><strong>compunctionem</strong></span> <span class='ocrx_word' id='word_1_732' title='bbox 3065 4151 3321 4214; x_wconf 82' lang='lat' dir='ltr'><strong>excitant,</strong></span> <span class='ocrx_word' id='word_1_733' title='bbox 3351 4151 3451 4205; x_wconf 88' lang='lat' dir='ltr'><strong>illis</strong></span> <span class='ocrx_word' id='word_1_734' title='bbox 3470 4152 3787 4219; x_wconf 74' lang='lat' dir='ltr'><strong>przemittere</strong></span> 
     </span>
    </p>
   </div>
   <div class='ocr_carea' id='block_1_102' title="bbox 2283 4236 3784 4305">
    <p class='ocr_par' dir='ltr' id='par_1_102' title="bbox 2283 4236 3784 4305">
     <span class='ocr_line' id='line_1_102' title="bbox 2283 4236 3784 4305; baseline 0.005 -19"><span class='ocrx_word' id='word_1_735' title='bbox 2283 4250 2403 4288; x_wconf 91' lang='lat' dir='ltr'><strong>mus</strong></span> <span class='ocrx_word' id='word_1_736' title='bbox 2421 4249 2538 4303; x_wconf 63' lang='lat' dir='ltr'><strong>qua:</strong></span> <span class='ocrx_word' id='word_1_737' title='bbox 2568 4236 2633 4290; x_wconf 90' lang='lat' dir='ltr'><strong>ad</strong></span> <span class='ocrx_word' id='word_1_738' title='bbox 2647 4237 2870 4291; x_wconf 90' lang='lat' dir='ltr'><strong>virtutes</strong></span> <span class='ocrx_word' id='word_1_739' title='bbox 2898 4238 3330 4304; x_wconf 87' lang='lat' dir='ltr'><strong>impenetrandas</strong></span> <span class='ocrx_word' id='word_1_740' title='bbox 3345 4247 3467 4291; x_wconf 86' lang='lat' dir='ltr'><strong>sunt</strong></span> <span class='ocrx_word' id='word_1_741' title='bbox 3492 4238 3784 4305; x_wconf 85' lang='lat' dir='ltr'><strong>composita</strong></span> 
     </span>
    </p>
   </div>
   <div class='ocr_carea' id='block_1_103' title="bbox 2280 4322 3785 4396">
    <p class='ocr_par' dir='ltr' id='par_1_103' title="bbox 2280 4322 3785 4396">
     <span class='ocr_line' id='line_1_103' title="bbox 2280 4322 3785 4396; baseline 0.003 -19"><span class='ocrx_word' id='word_1_742' title='bbox 2280 4322 2521 4391; x_wconf 91' lang='lat' dir='ltr'><strong>Capitula</strong></span> <span class='ocrx_word' id='word_1_743' title='bbox 2537 4324 2589 4390; x_wconf 84' lang='lat'><strong>5,</strong></span> <span class='ocrx_word' id='word_1_744' title='bbox 2608 4324 2660 4387; x_wconf 90' lang='grc'><strong>6,</strong></span> <span class='ocrx_word' id='word_1_745' title='bbox 2690 4325 2740 4387; x_wconf 85' lang='grc'><strong>7,</strong></span> <span class='ocrx_word' id='word_1_746' title='bbox 2765 4325 2935 4379; x_wconf 88' lang='lat' dir='ltr'><strong>8libri</strong></span> <span class='ocrx_word' id='word_1_747' title='bbox 2964 4326 3386 4391; x_wconf 78' lang='lat' dir='ltr'><strong>Meditationum,</strong></span> <span class='ocrx_word' id='word_1_748' title='bbox 3407 4329 3493 4394; x_wconf 87' lang='lat' dir='ltr'><strong>qui</strong></span> <span class='ocrx_word' id='word_1_749' title='bbox 3526 4328 3785 4396; x_wconf 82' lang='lat' dir='ltr'><strong>Augustin</strong></span> 
     </span>
    </p>
   </div>
   <div class='ocr_carea' id='block_1_104' title="bbox 2279 4410 3787 4485">
    <p class='ocr_par' dir='ltr' id='par_1_104' title="bbox 2279 4410 3787 4485">
     <span class='ocr_line' id='line_1_104' title="bbox 2279 4410 3787 4485; baseline 0.003 -20"><span class='ocrx_word' id='word_1_750' title='bbox 2279 4410 2415 4466; x_wconf 79' lang='lat' dir='ltr'><strong>falso</strong></span> <span class='ocrx_word' id='word_1_751' title='bbox 2475 4413 2746 4481; x_wconf 88' lang='lat' dir='ltr'><strong>tribuitur,</strong></span> <span class='ocrx_word' id='word_1_752' title='bbox 2794 4424 3043 4471; x_wconf 89' lang='lat' dir='ltr'><strong>constant</strong></span> <span class='ocrx_word' id='word_1_753' title='bbox 3096 4430 3161 4470; x_wconf 81' lang='lat' dir='ltr'><strong>ex</strong></span> <span class='ocrx_word' id='word_1_754' title='bbox 3224 4416 3325 4469; x_wconf 88' lang='lat' dir='ltr'><strong>ista</strong></span> <span class='ocrx_word' id='word_1_755' title='bbox 3371 4417 3649 4480; x_wconf 90' lang='lat' dir='ltr'><strong>oratione,</strong></span> <span class='ocrx_word' id='word_1_756' title='bbox 3705 4433 3787 4485; x_wconf 71' lang='lat' dir='ltr'><strong>qu:</strong></span> 
     </span>
    </p>
   </div>
   <div class='ocr_carea' id='block_1_105' title="bbox 2281 4500 3780 4560">
    <p class='ocr_par' dir='ltr' id='par_1_105' title="bbox 2281 4500 3780 4560">
     <span class='ocr_line' id='line_1_105' title="bbox 2281 4500 3780 4560; baseline 0.001 -6"><span class='ocrx_word' id='word_1_757' title='bbox 2281 4510 2457 4555; x_wconf 90' lang='lat' dir='ltr'><strong>tamen</strong></span> <span class='ocrx_word' id='word_1_758' title='bbox 2487 4502 2538 4555; x_wconf 91' lang='lat' dir='ltr'><strong>in</strong></span> <span class='ocrx_word' id='word_1_759' title='bbox 2574 4518 2676 4556; x_wconf 92' lang='lat' dir='ltr'><strong>ms.</strong></span> <span class='ocrx_word' id='word_1_760' title='bbox 2712 4513 2767 4556; x_wconf 87' lang='lat' dir='ltr'><strong>et</strong></span> <span class='ocrx_word' id='word_1_761' title='bbox 2815 4504 2865 4556; x_wconf 91' lang='lat' dir='ltr'><strong>in</strong></span> <span class='ocrx_word' id='word_1_762' title='bbox 2890 4504 3138 4558; x_wconf 91' lang='lat' dir='ltr'><strong>omnibus</strong></span> <span class='ocrx_word' id='word_1_763' title='bbox 3181 4500 3394 4559; x_wconf 84' lang='lat' dir='ltr'><strong>excusis</strong></span> <span class='ocrx_word' id='word_1_764' title='bbox 3450 4503 3509 4558; x_wconf 90' lang='lat' dir='ltr'><strong>S.</strong></span> <span class='ocrx_word' id='word_1_765' title='bbox 3560 4506 3780 4560; x_wconf 83' lang='lat' dir='ltr'><strong>Anselm</strong></span> 
     </span>
    </p>
   </div>
   <div class='ocr_carea' id='block_1_106' title="bbox 2279 4590 3782 4660">
    <p class='ocr_par' dir='ltr' id='par_1_106' title="bbox 2279 4590 3782 4660">
     <span class='ocr_line' id='line_1_106' title="bbox 2279 4590 3782 4660; baseline 0.003 -17"><span class='ocrx_word' id='word_1_766' title='bbox 2279 4591 2583 4645; x_wconf 86' lang='lat' dir='ltr'><strong>ascribitur.</strong></span> <span class='ocrx_word' id='word_1_767' title='bbox 2612 4591 2742 4646; x_wconf 81' lang='lat' dir='ltr'><strong>Vide</strong></span> <span class='ocrx_word' id='word_1_768' title='bbox 2770 4590 2911 4645; x_wconf 75' lang='lat' dir='ltr'><strong>infra</strong></span> <span class='ocrx_word' id='word_1_769' title='bbox 2947 4591 3213 4660; x_wconf 85' lang='lat' dir='ltr'><strong>judicium</strong></span> <span class='ocrx_word' id='word_1_770' title='bbox 3260 4592 3417 4648; x_wconf 83' lang='lat' dir='ltr'><strong>istius</strong></span> <span class='ocrx_word' id='word_1_771' title='bbox 3445 4593 3607 4649; x_wconf 88' lang='lat' dir='ltr'><strong>libelli</strong></span> <span class='ocrx_word' id='word_1_772' title='bbox 3653 4594 3782 4647; x_wconf 81' lang='lat' dir='ltr'><strong>Medi</strong></span> 
     </span>
    </p>
   </div>
   <div class='ocr_carea' id='block_1_107' title="bbox 2280 4680 3471 4743">
    <p class='ocr_par' dir='ltr' id='par_1_107' title="bbox 2280 4680 3471 4743">
     <span class='ocr_line' id='line_1_107' title="bbox 2280 4680 3471 4743; baseline 0.01 -12"><span class='ocrx_word' id='word_1_773' title='bbox 2280 4680 2559 4735; x_wconf 87' lang='lat' dir='ltr'><strong>talionum.</strong></span> <span class='ocrx_word' id='word_1_774' title='bbox 3466 4738 3471 4743; x_wconf 88' lang='lat'><strong>.</strong></span> 
     </span>
    </p>
   </div>
   <div class='ocr_carea' id='block_1_108' title="bbox 2588 4771 3508 4840">
    <p class='ocr_par' dir='ltr' id='par_1_108' title="bbox 2588 4771 3508 4840">
     <span class='ocr_line' id='line_1_108' title="bbox 2588 4771 3508 4840; baseline 0.004 -16"><span class='ocrx_word' id='word_1_775' title='bbox 2588 4771 2819 4826; x_wconf 79' lang='lat' dir='ltr'><strong>Censura</strong></span> <span class='ocrx_word' id='word_1_776' title='bbox 2840 4772 3091 4826; x_wconf 87' lang='lat' dir='ltr'><strong>orationis</strong></span> <span class='ocrx_word' id='word_1_777' title='bbox 3115 4774 3168 4840; x_wconf 75' lang='lat'><strong>&#39;5,</strong></span> <span class='ocrx_word' id='word_1_778' title='bbox 3205 4774 3258 4840; x_wconf 69' lang='grc'><strong>4,</strong></span> <span class='ocrx_word' id='word_1_779' title='bbox 3288 4772 3339 4839; x_wconf 86' lang='lat'><strong>5,</strong></span> <span class='ocrx_word' id='word_1_780' title='bbox 3374 4774 3427 4839; x_wconf 90' lang='lat'><strong>6,</strong></span> <span class='ocrx_word' id='word_1_781' title='bbox 3454 4776 3508 4828; x_wconf 89' lang='lat'><strong>7.</strong></span> 
     </span>
    </p>
   </div>
   <div class='ocr_carea' id='block_1_109' title="bbox 2344 4881 3788 4954">
    <p class='ocr_par' dir='ltr' id='par_1_109' title="bbox 2344 4881 3788 4954">
     <span class='ocr_line' id='line_1_109' title="bbox 2344 4881 3788 4954; baseline 0.002 -19"><span class='ocrx_word' id='word_1_782' title='bbox 2344 4881 2486 4936; x_wconf 90' lang='lat' dir='ltr'><strong>lnter</strong></span> <span class='ocrx_word' id='word_1_783' title='bbox 2509 4884 2566 4937; x_wconf 88' lang='lat' dir='ltr'><strong>S.</strong></span> <span class='ocrx_word' id='word_1_784' title='bbox 2607 4881 2839 4937; x_wconf 86' lang='lat' dir='ltr'><strong>Anselmi</strong></span> <span class='ocrx_word' id='word_1_785' title='bbox 2878 4884 3156 4939; x_wconf 84' lang='lat' dir='ltr'><strong>orationes</strong></span> <span class='ocrx_word' id='word_1_786' title='bbox 3203 4883 3285 4939; x_wconf 74' lang='lat' dir='ltr'><strong>hae</strong></span> <span class='ocrx_word' id='word_1_787' title='bbox 3318 4884 3567 4954; x_wconf 83' lang='lat' dir='ltr'><strong>leguntur</strong></span> <span class='ocrx_word' id='word_1_788' title='bbox 3602 4887 3654 4938; x_wconf 92' lang='lat' dir='ltr'><strong>in</strong></span> <span class='ocrx_word' id='word_1_789' title='bbox 3683 4900 3788 4939; x_wconf 81' lang='lat' dir='ltr'><strong>mss</strong></span> 
     </span>
    </p>
   </div>
   <div class='ocr_carea' id='block_1_110' title="bbox 2275 4972 3781 5045">
    <p class='ocr_par' dir='ltr' id='par_1_110' title="bbox 2275 4972 3781 5045">
     <span class='ocr_line' id='line_1_110' title="bbox 2275 4972 3781 5045; baseline 0 -19"><span class='ocrx_word' id='word_1_790' title='bbox 2275 4988 2393 5041; x_wconf 70' lang='lat' dir='ltr'><strong>qua:</strong></span> <span class='ocrx_word' id='word_1_791' title='bbox 2423 4973 2476 5026; x_wconf 87' lang='lat' dir='ltr'><strong>in</strong></span> <span class='ocrx_word' id='word_1_792' title='bbox 2508 4972 2671 5026; x_wconf 88' lang='lat' dir='ltr'><strong>variis</strong></span> <span class='ocrx_word' id='word_1_793' title='bbox 2699 4972 3019 5027; x_wconf 87' lang='lat' dir='ltr'><strong>lectionibus</strong></span> <span class='ocrx_word' id='word_1_794' title='bbox 3067 4974 3371 5045; x_wconf 85' lang='lat' dir='ltr'><strong>notavimus</strong></span> <span class='ocrx_word' id='word_1_795' title='bbox 3403 4991 3417 5026; x_wconf 89' lang='lat'><em>:</em></span> <span class='ocrx_word' id='word_1_796' title='bbox 3450 4974 3643 5041; x_wconf 88' lang='lat' dir='ltr'><strong>quibus</strong></span> <span class='ocrx_word' id='word_1_797' title='bbox 3679 4974 3781 5026; x_wconf 87' lang='lat' dir='ltr'><strong>add</strong></span> 
     </span>
    </p>
   </div>
   <div class='ocr_carea' id='block_1_111' title="bbox 2277 5050 3789 5132">
    <p class='ocr_par' dir='ltr' id='par_1_111' title="bbox 2277 5050 3789 5132">
     <span class='ocr_line' id='line_1_111' title="bbox 2277 5050 3789 5132; baseline -0.001 -16"><span class='ocrx_word' id='word_1_798' title='bbox 2277 5078 2377 5117; x_wconf 89' lang='lat' dir='ltr'><strong>ms.</strong></span> <span class='ocrx_word' id='word_1_799' title='bbox 2408 5063 2467 5115; x_wconf 90' lang='lat' dir='ltr'><strong>D.</strong></span> <span class='ocrx_word' id='word_1_800' title='bbox 2490 5050 2661 5132; x_wconf 79' lang='lat' dir='ltr'><strong>Bigot,</strong></span> <span class='ocrx_word' id='word_1_801' title='bbox 2686 5072 2743 5117; x_wconf 87' lang='lat' dir='ltr'><strong>et</strong></span> <span class='ocrx_word' id='word_1_802' title='bbox 2770 5078 2870 5116; x_wconf 88' lang='lat' dir='ltr'><strong>ms.</strong></span> <span class='ocrx_word' id='word_1_803' title='bbox 2893 5057 3210 5128; x_wconf 81' lang='lat' dir='ltr'><strong>coll.Vien.,</strong></span> <span class='ocrx_word' id='word_1_804' title='bbox 3229 5080 3292 5117; x_wconf 75' lang='lat' dir='ltr'><strong>ex</strong></span> <span class='ocrx_word' id='word_1_805' title='bbox 3327 5078 3431 5131; x_wconf 88' lang='lat' dir='ltr'><strong>quo</strong></span> <span class='ocrx_word' id='word_1_806' title='bbox 3453 5077 3543 5116; x_wconf 86' lang='lat' dir='ltr'><strong>eas</strong></span> <span class='ocrx_word' id='word_1_807' title='bbox 3572 5063 3625 5115; x_wconf 81' lang='lat' dir='ltr'><strong>l’.</strong></span> <span class='ocrx_word' id='word_1_808' title='bbox 3644 5063 3789 5132; x_wconf 75' lang='lat' dir='ltr'><strong>llayn</strong></span> 
     </span>
    </p>
   </div>
   <div class='ocr_carea' id='block_1_112' title="bbox 2275 5142 3784 5223">
    <p class='ocr_par' dir='ltr' id='par_1_112' title="bbox 2275 5142 3784 5223">
     <span class='ocr_line' id='line_1_112' title="bbox 2275 5142 3784 5223; baseline 0.002 -18"><span class='ocrx_word' id='word_1_809' title='bbox 2275 5156 2478 5223; x_wconf 83' lang='lat' dir='ltr'><strong>primus</strong></span> <span class='ocrx_word' id='word_1_810' title='bbox 2507 5154 2693 5209; x_wconf 89' lang='lat' dir='ltr'><strong>edidit.</strong></span> <span class='ocrx_word' id='word_1_811' title='bbox 2726 5153 2921 5221; x_wconf 86' lang='lat' dir='ltr'><strong>Quinta</strong></span> <span class='ocrx_word' id='word_1_812' title='bbox 2944 5162 3049 5211; x_wconf 83' lang='lat' dir='ltr'><strong>est.</strong></span> <span class='ocrx_word' id='word_1_813' title='bbox 3076 5172 3124 5211; x_wconf 88' lang='lat' dir='ltr'><strong>c.</strong></span> <span class='ocrx_word' id='word_1_814' title='bbox 3156 5156 3224 5210; x_wconf 69' lang='lat'><strong>34</strong></span> <span class='ocrx_word' id='word_1_815' title='bbox 3248 5142 3454 5223; x_wconf 72' lang='lat' dir='ltr'><strong>przcl‘ati</strong></span> <span class='ocrx_word' id='word_1_816' title='bbox 3499 5154 3616 5207; x_wconf 86' lang='lat' dir='ltr'><strong>libri</strong></span> <span class='ocrx_word' id='word_1_817' title='bbox 3650 5153 3784 5208; x_wconf 80' lang='lat' dir='ltr'><strong>Medi</strong></span> 
     </span>
    </p>
   </div>
   <div class='ocr_carea' id='block_1_113' title="bbox 2279 5246 2562 5299">
    <p class='ocr_par' dir='ltr' id='par_1_113' title="bbox 2279 5246 2562 5299">
     <span class='ocr_line' id='line_1_113' title="bbox 2279 5246 2562 5299; baseline 0.004 -1"><span class='ocrx_word' id='word_1_818' title='bbox 2279 5246 2562 5299; x_wconf 88' lang='lat' dir='ltr'><strong>talionum.</strong></span> 
     </span>
    </p>
   </div>
   <div class='ocr_carea' id='block_1_114' title="bbox 2750 5335 3337 5393">
    <p class='ocr_par' dir='ltr' id='par_1_114' title="bbox 2750 5335 3337 5393">
     <span class='ocr_line' id='line_1_114' title="bbox 2750 5335 3337 5393; baseline -0.007 -2"><span class='ocrx_word' id='word_1_819' title='bbox 2750 5335 2982 5393; x_wconf 78' lang='lat' dir='ltr'><strong>Censura</strong></span> <span class='ocrx_word' id='word_1_820' title='bbox 3004 5337 3249 5390; x_wconf 85' lang='lat' dir='ltr'><strong>orationis</strong></span> <span class='ocrx_word' id='word_1_821' title='bbox 3285 5335 3337 5388; x_wconf 89' lang='lat'><strong>8.</strong></span> 
     </span>
    </p>
   </div>
   <div class='ocr_carea' id='block_1_115' title="bbox 2342 5444 3785 5514">
    <p class='ocr_par' dir='ltr' id='par_1_115' title="bbox 2342 5444 3785 5514">
     <span class='ocr_line' id='line_1_115' title="bbox 2342 5444 3785 5514; baseline -0.006 -8"><span class='ocrx_word' id='word_1_822' title='bbox 2342 5453 2397 5506; x_wconf 91' lang='lat' dir='ltr'><strong>ln</strong></span> <span class='ocrx_word' id='word_1_823' title='bbox 2436 5466 2535 5505; x_wconf 81' lang='lat' dir='ltr'><strong>ms.</strong></span> <span class='ocrx_word' id='word_1_824' title='bbox 2564 5449 2806 5505; x_wconf 87' lang='lat' dir='ltr'><strong>biblioth.</strong></span> <span class='ocrx_word' id='word_1_825' title='bbox 2839 5450 2895 5504; x_wconf 91' lang='lat' dir='ltr'><strong>S.</strong></span> <span class='ocrx_word' id='word_1_826' title='bbox 2937 5447 3144 5503; x_wconf 81' lang='lat' dir='ltr'><strong>Martini</strong></span> <span class='ocrx_word' id='word_1_827' title='bbox 3168 5446 3393 5500; x_wconf 87' lang='lat' dir='ltr'><strong>Tornac.</strong></span> <span class='ocrx_word' id='word_1_828' title='bbox 3429 5444 3672 5513; x_wconf 80' lang='lat' dir='ltr'><strong>leguntur</strong></span> <span class='ocrx_word' id='word_1_829' title='bbox 3700 5444 3785 5514; x_wconf 86' lang='lat' dir='ltr'><strong>plu</strong></span> 
     </span>
    </p>
   </div>
   <div class='ocr_carea' id='block_1_116' title="bbox 2276 5538 3788 5605">
    <p class='ocr_par' dir='ltr' id='par_1_116' title="bbox 2276 5538 3788 5605">
     <span class='ocr_line' id='line_1_116' title="bbox 2276 5538 3788 5605; baseline -0.005 -6"><span class='ocrx_word' id='word_1_830' title='bbox 2276 5561 2357 5600; x_wconf 85' lang='lat' dir='ltr'><strong>res</strong></span> <span class='ocrx_word' id='word_1_831' title='bbox 2394 5543 2445 5597; x_wconf 88' lang='lat' dir='ltr'><strong>S.</strong></span> <span class='ocrx_word' id='word_1_832' title='bbox 2478 5542 2710 5599; x_wconf 72' lang='lat' dir='ltr'><strong>Anselmi</strong></span> <span class='ocrx_word' id='word_1_833' title='bbox 2739 5541 3158 5605; x_wconf 79' lang='lat' dir='ltr'><strong>lamentationes,</strong></span> <span class='ocrx_word' id='word_1_834' title='bbox 3193 5541 3289 5593; x_wconf 82' lang='lat' dir='ltr'><strong>hoc</strong></span> <span class='ocrx_word' id='word_1_835' title='bbox 3316 5546 3395 5592; x_wconf 78' lang='lat' dir='ltr'><strong>est</strong></span> <span class='ocrx_word' id='word_1_836' title='bbox 3423 5538 3788 5593; x_wconf 78' lang='lat' dir='ltr'><strong>nieditat&#39;ones</strong></span> 
     </span>
    </p>
   </div>
  </div>
