4174 6204
320 222 403 275 53

324 335 485 386 inter
514 344 649 399 (luas
678 328 789 382 lucc
808 324 1052 388 habetur,
1093 335 1249 390 quam
1277 317 1343 373 ad
1372 334 1467 371 nos
1523 315 1885 371 transmissan'.
1916 321 1963 375 Α

322 422 682 491 protulimus.
1101 418 1105 422 ’
1476 418 1479 419 ⁷

405 509 600 565 Oratio
622 507 655 562 9
682 506 864 559 eadem
886 513 968 558 est
991 516 1054 557 ae
1080 501 1135 565 2,
1160 500 1308 568 cujus
1336 498 1458 553 vide
1487 510 1769 551 censuram

820 593 1050 649 Censura
1072 589 1319 644 orationis
1343 586 1429 642 10.

407 686 542 741 “an:
573 682 807 738 confecit
844 689 1071 748 quatuor
1104 675 1281 745 priora
1333 673 1559 743 capitula
1587 670 1793 740 prmfati
1834 668 1894 721 lio

326 775 466 830 belli
492 771 917 827 Meditationum.
944 766 1189 819 Attamen
1215 777 1400 819 omnes
1418 762 1579 815 etiam
1627 757 1865 826 antiqqu

331 880 430 917 res
462 847 860 914 Mcditationum
878 853 1191 909 S.Anselmi
1206 851 1465 929 editiones
1481 850 1648 919 ipsam
1676 846 1893 910 habent;

335 967 445 1007 nec
474 965 579 1004 non
609 963 709 1003 tus.
736 947 942 1001 Tbuan.
965 943 1069 998 267
1095 951 1147 997 et
1174 958 1272 997 ms.
1303 940 1490 1011 colleg.
1529 939 1723 996 Vienn.

746 1081 758 1089 .
805 1030 1034 1087 Censura
1086 1028 1448 1082 orationis“.

425 1135 561 1183 inter
581 1124 638 1180 S.
674 1122 913 1179 Anselmi
935 1120 1204 1203 orationes
1228 1117 1419 1187 legitur
1446 1116 1561 1170 haec
1581 1114 1634 1169 in
1661 1112 1900 1183 pluribus

350 1229 481 1269 mss.
518 1214 567 1267 in
588 1212 781 1281 quibus
815 1201 1061 1264 diversos
1080 1205 1469 1268 babettitulos,
1496 1213 1553 1257 ut
1580 1203 1759 1257 videre
1779 1201 1902 1254 licet

356 1302 411 1353 in
438 1299 594 1353 variis
610 1297 943 1351 lectionibus.
972 1294 1028 1348 in
1057 1307 1157 1348 ms.
1186 1290 1419 1361 D.Bigot
1445 1293 1556 1345 haec
1584 1291 1758 1343 oratio
1783 1287 1901 1341 aliis

355 1390 560 1443 duabus
589 1387 867 1456 conjuncta
898 1393 1003 1439 est.
1040 1383 1172 1438 Eam
1209 1398 1277 1438 ex
1318 1396 1416 1437 ms.
1460 1380 1634 1435 Vatic.
1671 1380 1733 1433 P.
1760 1377 1903 1446 Ray-

350 1480 497 1534 ualdi
538 1479 742 1548 primus
771 1475 1034 1547 publicam
1061 1474 1207 1529 fecit.

701 1564 932 1619 Censura
952 1564 1260 1618 Orationum
1310 1561 1379 1616 12
1398 1571 1445 1616 et
1469 1560 1552 1616 15.

1388 204 1702 260 CENSL'RA
1740 197 1963 255 θῐηῖιιυ

1958 196 2017 250 Ill
2059 193 2117 247 S.
2160 186 2481 243 ANSELMI.
3468 174 3537 229 δι

1991 320 2106 360 esse
2132 304 2294 372 probe
2314 299 2461 353 novit
2503 296 2742 365 quisquis
2791 294 2842 347 in
2881 293 2995 363 ejus
3028 290 3259 347 lectione
3302 296 3541 343 versatus

1992 406 2093 452 est.
2117 393 2265 460 Quod
2285 400 2462 445 autem
2494 389 2606 442 haec
2644 387 2786 443 inter
2837 384 3056 438 Joannis
3093 380 3300 436 abbatis
3353 378 3543 433 Fiscu-

1994 483 2285 552 ncnsis-pia
2332 479 2658 557 collectanea
2713 474 3010 543 reperiatur
3058 473 3113 525 in
3163 470 3537 534 bletensims.,

1992 573 2120 642 quid
2152 581 2480 638 consequens
2514 576 2616 632 cst,
2681 564 2785 618 nisi
2842 563 3086 618 abbatem
3136 562 3297 622 hunc,
3350 558 3439 627 qui
3479 574 3541 613 ea

1994 661 2167 715 adhuc
2187 667 2347 713 actate
2372 657 2586 726 vigebat
2622 669 2725 723 qua
2755 669 2782 706 a
2812 654 2868 714 S.
2901 651 3155 706 Anselmo
3181 649 3391 719 plurimi
3431 649 3545 717 pias

1994 765 2129 819 quas
2181 755 2584 818 composuerat,
2626 744 2898 799 orationes
2958 739 3337 810 deposcebant,
3380 739 3450 794 ab
3480 754 3546 793 eo

1997 842 2173 904 istam,
2215 839 2481 908 accepisse
2528 844 2583 889 et
2622 844 2894 910 acceptam
2924 829 3371 901 exscripsisseild
3408 828 3559 884 infra.

1995 943 2181 983 suturis
2204 924 2639 981 demonstraturi.
2873 972 2881 979 _

2069 1013 2299 1069 Censura
2327 1014 2617 1068 orationum
2638 1011 2727 1076 50,
2760 1011 2848 1077 5|,
2878 1011 2967 1076 52,
2994 1010 3085 1075 55,
3106 1007 3197 1073 54,
3228 1007 3298 1063 55
3318 1017 3365 1061 et
3389 1007 3477 1061 56.

2067 1104 2177 1160 llas
2222 1118 2406 1159 omnes
2442 1102 2502 1156 P.
2554 1101 2829 1172 Rayuaud.
2890 1114 2956 1155 ex
2985 1114 3088 1155 ms.
3143 1100 3300 1155 Vien.
3349 1099 3551 1165 primus

1998 1194 2166 1249 edidit
2186 1194 2452 1248 tricesima
2473 1193 2630 1245 tertia
2653 1192 2869 1261 legitur
2893 1191 3055 1245 etiam
3088 1191 3142 1244 in
3170 1203 3272 1244 ms.
3302 1189 3366 1243 D.
3400 1188 3554 1262 Bigut

1999 1285 2099 1339 sub
2150 1283 2426 1338 boctituio
2455 1298 2469 1337 :
2502 1281 2685 1345 Oratio
2727 1280 3045 1350 apologetica
3085 1279 3253 1333 sancti
3299 1277 3551 1332 Anselmi.

2000 1375 2271 1429 tricesima
2317 1384 2507 1443 quarta
2560 1387 2686 1427 vero
2747 1378 2924 1431 exstat
2977 1370 3030 1424 in
3064 1384 3166 1424 ms.
3196 1369 3383 1423 Tluta‘n
3413 1378 3467 1424 et
3496 1369 3553 1423 in

2002 1482 2102 1522 ms.
2124 1466 2305 1531 Becc.,
2339 1466 2472 1520 utin
2508 1465 2668 1519 variis
2691 1462 3008 1517 lectionibus
3037 1461 3410 1516 indicavimus.

2233 1548 2467 1609 Censura
2492 1554 2786 1605 orationum
2811 1551 2899 1616 37,
2931 1550 3019 1615 38,
3040 1550 3111 1604 39
3144 1559 3190 1604 et
3234 1548 3334 1609 40.

424 1659 483 1712 Ρ.
512 1657 750 1724 Theopb.
798 1670 866 1711 ex
913 1669 1013 1709 ms.
1050 1652 1240 1707 Vienn.
1292 1652 1496 1720 primus
1532 1664 1626 1705 eas
1671 1648 1809 1702 inter
1839 1646 1897 1701 S.
1931 1631 1975 1685 Β
2070 1642 2149 1695 Ex
2176 1657 2278 1696 ms.
2308 1639 2730 1695 CorbeiensilGO
2752 1638 2866 1693 illas
2880 1638 3076 1707 publici
3094 1636 3234 1707 juris
3258 1636 3479 1691 fecimus
3503 1644 3557 1691 et

352 1746 592 1804 Anselmi
613 1744 841 1815 alioquin
860 1742 1143 1798 recensuit.

812 1832 1042 1886 Censura
1084 1828 1331 1882 orationis
1360 1826 1445 1881 14.

418 1925 615 1979 Exstat
642 1923 756 1976 haec
790 1920 843 1973 in
866 1918 1111 1973 omnibus
1135 1914 1442 1991 excusisset
1464 1913 1515 1965 in
1539 1912 1727 1966 ms.'D.
1752 1911 1905 1980 Bigot

352 2029 417 2067 ac
440 2013 498 2065 in
526 2026 624 2064 ms.
652 2008 865 2062 Thuan.
891 2014 944 2059 et
970 2006 1022 2059 in
1045 2018 1148 2058 ms.
1176 2002 1330 2057 Vica.
1353 2002 1468 2069 ipsa
1500 2009 1672 2054 tamen
1700 2010 1781 2053 est
1807 2000 1895 2053 c.9

354 2116 501 2169 sirpe
529 2098 622 2152 fati
660 2094 818 2151 libelli
850 2092 1275 2158 Meditationum,
1320 2090 1469 2160 cujus
1492 2090 1627 2146 infra
1648 2089 1904 2158 judicium

355 2189 628 2244 dabimus.

806 2273 1035 2328 Censura
1082 2272 1330 2342 orationis
1363 2271 1445 2324 15.

440 2367 590 2420 lianc
642 2366 775 2419 inter
831 2363 889 2417 S.
940 2361 1174 2417 Anselmi
1232 2361 1500 2417 orationes
1556 2362 1753 2417 habent
1804 2376 1907 2416 ms.

366 2456 527 2510 Corb.
567 2454 684 2518 160,
709 2468 807 2507 ms.
838 2451 997 2507 Vallis
1040 2450 1194 2514 Luc.-,
1231 2465 1328 2504 ms.
1378 2448 1697 2503 San-Germ.
1724 2460 1779 2503 et
1806 2466 1906 2505 ms.

363 2545 501 2598 Col-1.
536 2543 707 2604 Vien.,
729 2556 795 2596 ex
815 2556 920 2611 quo
944 2555 1059 2596 eam
1087 2538 1147 2591 P.
1166 2524 1401 2608 Thcopii.
1430 2539 1634 2609 primus
1653 2539 1840 2595 edidit.

609 2632 837 2685 Censura
867 2632 1154 2684 orationum
1184 2632 1269 2695 16,
1301 2632 1385 2695 17,
1414 2629 1477 2685 18
1497 2639 1546 2683 et
1576 2629 1660 2685 19.

434 2725 554 2777 ista:
583 2721 756 2791 capita
784 2720 853 2775 36
879 2731 934 2775 et
961 2721 1027 2797 57
1055 2722 1293 2788 praedicti
1323 2720 1446 2774 libri
1505 2720 1911 2777 Meditationum

362 2813 646 2881 complent.
681 2811 796 2879 Ipsa
831 2820 1029 2875 tamen,
1062 2826 1161 2865 nec
1199 2811 1486 2875 immerito,
1528 2809 1589 2866 P.
1624 2811 1821 2880 Rayn.»
1845 2826 1912 2867 ex

368 2919 472 2957 ms.
498 2900 625 2958 Coll.
657 2903 811 2956 Vien.
836 2901 892 2956 S.
918 2902 1151 2957 Anseimi
1178 2902 1421 2970 alloquiis
1442 2904 1736 2958 acccnsuit.

816 2992 1045 3047 Censura
1089 2993 1338 3046 orationis
1371 2993 1459 3046 20.
1664 3035 1669 3040 .

438 3079 547 3133 Hac
574 3080 818 3135 oratione
854 3080 1119 3135 clauditur
1167 3080 1417 3149 praefatus
1445 3080 1579 3137 liber
1617 3081 1916 3138 Meditatio-

362 3186 490 3225 num
518 3188 531 3222 :
564 3170 681 3238 ipsa
707 3180 883 3232 tamen
937 3170 1077 3224 inter
1121 3167 1178 3225 S.
1210 3170 1444 3226 Ansebui
1490 3171 1759 3226 orationes
1790 3170 1918 3241 legi-

364 3270 453 3313 tur
481 3274 590 3313 non
619 3259 788 3324 solum
817 3259 869 3312 in
897 3274 997 3314 ms.
1027 3274 1142 3329 quae
1188 3260 1240 3314 in
1272 3263 1432 3316 variis
1461 3263 1785 3331 lectionibus
1824 3262 1916 3317 dc-

362 3351 719 3420 siguavimus,
742 3350 835 3404 sed
862 3360 915 3405 et
955 3352 1008 3405 in
1044 3367 1143 3405 ms.
1189 3351 1245 3407 S.
1277 3352 1551 3425 Germani,
1602 3354 1653 3406 in
1680 3368 1777 3408 ms.
1814 3352 1918 3408 Lo-

361 3456 494 3493 van.
528 3440 773 3515 etiame.
807 3438 992 3495 Vienn.
1024 3458 1089 3497 ex
1118 3458 1223 3512 quo
1251 3442 1311 3496 P.
1339 3443 1509 3513 ltayn.
1541 3458 1661 3498 eam
1696 3443 1756 3499 S.
1809 3444 1920 3498 An-

304 3510 321 3533 ⁴
362 3530 522 3585 seltni
549 3512 796 3598 alloquiis
840 3530 1042 3598 primus
1066 3510 1330 3601 adiunxit.

747 3616 975 3672 Censura
998 3622 1245 3674 orationis
1271 3620 1357 3693 21.
1373 3632 1421 3674 et
1440 3620 1531 3674 22.

439 3708 589 3777 lpsas
615 3723 679 3762 ex
703 3723 801 3761 ms.
828 3707 997 3762 Vatic.
1032 3710 1237 3779 accepit
1282 3724 1346 3763 ac
1382 3711 1527 3763 dedit
1554 3710 1616 3764 Ρ.
1668 3712 1919 3781 Raynau-

369 3797 499 3851 dus.
551 3796 905 3866 Reperiuntur
948 3798 1161 3865 quidem
1200 3785 1251 3848 in
1300 3796 1437 3849 libro
1490 3796 1573 3850 De
1610 3800 1920 3851 contritione

369 3884 571 3948 cordis,
599 3900 660 3939 ac
688 3885 736 3939 in
764 3886 902 3940 libro
958 3885 1379 3946 Meditatiouum,
1422 3901 1472 3939 c.
1528 3887 1613 3939 10.
1642 3887 1711 3940 At
1758 3902 1919 3956 quam

369 3972 512 4026 falso
569 3973 621 4025 bi
676 3973 793 4027 libri
842 3989 1035 4027 nomen
1085 3973 1362 4041 Augustini
1413 3973 1726 4041 prmferant‘,
1782 3973 1919 4029 infra

371 4060 874 4115 demonstrabimus.

481 4146 712 4200 Censura
755 4151 1045 4203 orationum
1077 4152 1166 4216 23,
1197 4152 1285 4215 21,
1318 4152 1404 4215 25,
1440 4152 1531 4215 26,
1562 4151 1627 4203 27
1652 4153 1813 4206 e128.

379 4337 474 4373 ms.
506 4322 658 4387 Lov.,
688 4339 786 4378 ms.
816 4325 1065 4380 Bibliotlt.
1097 4328 1297 4397 ltegize,
1357 4345 1458 4384 ms.
1515 4330 1772 4395 Floriac.,
1823 4348 1922 4386 nec

382 4424 481 4464 non
505 4428 627 4466 mss.
659 4414 901 4469 Vatican.
928 4418 1283 4471 etCollouien.
1320 4420 1494 4493 Vien.,
1524 4436 1588 4473 ex
1619 4422 1810 4488 quibus
1830 4437 1921 4477 cas

381 4500 443 4552 l’.
466 4500 697 4573 'l‘bcoph.
727 4506 1075 4575 deprompsit,
1100 4520 1190 4562 eas
1217 4523 1335 4563 esse
1355 4510 1591 4564 Anselmi
1626 4520 1924 4579 protestan-

377 4601 485 4646 tur.

830 4683 1055 4739 Censura
1087 4689 1334 4740 orationis
1382 4688 1473 4742 29.

444 4773 575 4828 Cum
609 4776 742 4829 lidcs
790 4792 916 4829 mss.
962 4778 1231 4831 codicibus
1268 4780 1470 4847 integra
1500 4768 1673 4833 danda
1700 4780 1790 4843 sit,
1831 4780 1919 4834 ubi

372 4865 516 4917 nulla
544 4865 646 4917 alia
672 4864 1193 4933 suppetitjmlicaudi
1230 4868 1383 4931 ratio,
1425 4878 1476 4922 et
1533 4870 1664 4923 nihil
1712 4870 1920 4923 aliunde

372 4962 632 5019 repugnat
653 4953 791 5005 lianc
812 4953 1103 5007 orationem
1128 4955 1254 5007 nulli
1285 4956 1371 5007 alii
1406 4970 1561 5021 quam
1584 4957 1641 5009 S.
1670 4956 1922 5011 Anselmo

369 5040 782 5107 adjudicandam
812 5042 1133 5097 censuimus.
1158 5043 1287 5096 Eam
1307 5045 1446 5096 enim
1472 5046 1523 5095 in
1548 5046 1789 5113 pluribus
1819 5061 1920 5100 non

373 5128 705 5193 iguobilioris
734 5139 871 5182 noun
897 5131 1164 5186 codicibus
1209 5147 1335 5187 mss.
1385 5134 1521 5187 inter
1572 5135 1702 5187 alias
1752 5138 1919 5189 sancti

372 5215 599 5280 hujusce
644 5219 876 5273 doctoris
922 5222 1190 5276 orationes
1232 5224 1552 5293 perlegimus
1590 5245 1600 5277 :
1633 5242 1785 5293 quos,
1839 5228 1920 5280 cui

372 5306 609 5367 libuerit,
640 5309 885 5361 consulat
929 5310 979 5361 in
1017 5311 1174 5362 variis
1225 5313 1541 5365 lectionibus
1583 5324 1807 5366 notatos.
1854 5316 1921 5369 lis

375 5395 697 5461 adjiciantur
728 5412 826 5448 ms.
854 5397 991 5449 2024
1030 5397 1274 5450 Bibliotlt.
1309 5400 1504 5467 Regna,
1559 5411 1611 5453 ct
1645 5402 1782 5453 aliud
1820 5418 1915 5453 ms.

374 5484 434 5535 D.
472 5483 640 5552 iiigot.
692 5484 843 5553 Stylo
890 5500 1098 5552 quoque
1140 5485 1370 5539 Anselmi
1424 5488 1737 5555 descriptam
1784 5491 1917 5543 itZlUC

1999 1729 2253 1785 Anselmo
2299 1728 2661 1797 ascripsimus.
2691 1726 2819 1793 Qua:
2838 1726 3243 1797 quadragesima
3273 1734 3357 1781 cst
3405 1741 3557 1796 repe-

2002 1821 2141 1875 ritur
2162 1818 2322 1873 etiam
2347 1818 2397 1870 in
2425 1832 2525 1870 ms.
2556 1814 2757 1871 Victor.
2786 1815 2996 1869 Kn.,l6.

2232 1906 2463 1960 Censura
2504 1906 2794 1960 orationum
2833 1906 2925 1971 41,
2952 1905 3043 1972 42,
3069 1905 3140 1959 45
3160 1915 3209 1959 et
3232 1904 3336 1959 44.

2072 1996 2271 2049 iiarum
2294 1996 2463 2063 prima
2492 1995 2545 2047 in
2577 1995 2828 2049 omnibus
2864 2010 2997 2064 pene
3019 1982 3149 2049 mss.
3174 1996 3317 2049 inter
3344 1994 3399 2049 S.
3454 1996 3561 2049 An-

2006 2086 2155 2141 sclmi
2178 2085 2449 2140 orationes
2473 2084 2687 2154 legitur.
2718 2084 2853 2139 Vide
2882 2085 3058 2140 varias
3087 2084 3368 2141 lectiones.
3394 2086 3562 2142 Caste-

2007 2191 2096 2229 ras
2130 2190 2256 2230 vero
2302 2190 2407 2228 non
2438 2175 2510 2227 ita
2536 2174 2720 2227 ﬁrmus
2760 2173 3012 2228 Anselmo
3052 2175 3372 2229 asseruerim
3402 2193 3415 2228 :
3441 2176 3564 2229 licet

2006 2279 2126 2319 eam
2148 2279 2264 2332 qua:
2313 2263 2721 2333 quadragesima
2756 2263 2991 2317 secunda
3030 2275 3113 2318 est
3166 2276 3230 2317 ex
3270 2279 3369 2318 ms.
3401 2264 3563 2318 Vien-

2009 2355 2190 2423 nensi,
2213 2362 2266 2408 et
2296 2353 2430 2408 alias
2455 2367 2520 2407 es
2560 2368 2661 2407 ms.
2695 2353 2869 2408 Vatic.
2898 2351 2959 2406 P.
3004 2351 3328 2423 Raynaudus
3382 2355 3435 2409 in
3483 2355 3566 2407 lu-

2010 2460 2127 2503 cem
2153 2443 2402 2498 ediderit.

2254 2531 2483 2587 Censura
2525 2531 2819 2585 orationum
2846 2530 2936 2597 45,
2967 2532 3059 2597 46,
3080 2531 3150 2585 Π
3166 2541 3213 2587 et
3233 2531 3322 2587 48.

2081 2626 2243 2679 Pater
2265 2624 2586 2693 Ilaynautlus
2616 2623 2713 2677 bas
2738 2626 2968 2690 quatuor
3005 2624 3072 2678 ad
3097 2622 3157 2676 Β.
3193 2623 3254 2677 V.
3297 2623 3567 2679 orationes

1978 2712 1981 2717 ’
2013 2727 2078 2769 ex
2107 2728 2206 2767 ms.
2231 2712 2419 2782 collcg.
2459 2712 2653 2767 Vienn.
2694 2712 2901 2781 primus
2927 2711 3067 2781 typis
3117 2712 3383 2781 expressit
3429 2712 3570 2767 inter

2013 2802 2403 2857 Anseimianas.

2311 2888 2540 2943 Censura
2577 2886 2868 2942 arationum
2918 2887 3011 2952 49,
3033 2886 3103 2942 50
3129 2898 3176 2941 et
3198 2887 3287 2943 5i.

1939 2938 1987 3000 ϐ
2089 2979 2181 3035 lite
2206 2979 2471 3034 habentur
2507 2994 2608 3032 non
2661 2978 2818 3031 modo
2848 2978 2901 3031 in
2934 2993 3034 3032 ms.
3075 2978 3265 3047 colleg.
3312 2978 3466 3033 Vien.
3516 2988 3572 3033 ct

2018 3069 2072 3122 in
2098 3084 2198 3123 ms.
2229 3068 2397 3123 Vatic.
2425 3077 2479 3123 et
2507 3069 2556 3121 in
2594 3066 2701 3122 San
2736 3068 3019 3132 Gcrmau.,
3064 3068 3158 3122 sed
3186 3077 3240 3122 et
3267 3067 3319 3120 in
3354 3068 3421 3121 iis
3448 3083 3569 3122 om-

2018 3159 2173 3213 nibus
2200 3172 2317 3228 qnaa
2343 3157 2535 3229 eyolvi,
2588 3166 2646 3211 ut
2676 3157 2728 3210 in
2774 3157 2937 3210 variis
2982 3144 3303 3211 lectionibus
3338 3156 3569 3224 signari.

2019 3249 2172 3305 Unde
2215 3251 2331 3306 illas
2365 3266 2486 3306 esse
2519 3266 2639 3305 reor
2678 3265 2812 3327 quas
2842 3249 3157 3319 prolixiores
3204 3249 3571 3317 composuisse

2017 3358 2076 3397 se
2100 3343 2382 3397 Ausclmus
2405 3343 2637 3395 nondum
2654 3343 2819 3396 abbas
2856 3341 3043 3395 scribit
3070 3341 3121 3393 in
3148 3340 3302 3407 epist.
3332 3340 3399 3392 ad
3424 3338 3571 3392 Gou-

2017 3428 2298 3501 dulpltum,
2328 3444 2446 3500 quas
2467 3439 2549 3486 est
2573 3430 2644 3486 20
2690 3431 2781 3486 lib.
2833 3445 2871 3485 l.
2927 3430 3104 3485 Unum
3136 3430 3223 3484 hic
3279 3428 3572 3484 observan—

2017 3521 2142 3574 dum
2163 3528 2263 3582 est,
2286 3520 2426 3587 quod
2456 3519 2507 3572 in
2538 3528 2697 3574 antea
2726 3518 2883 3579 editis
2908 3519 3177 3572 orationes
3212 3517 3281 3573 49
3310 3528 3355 3571 et
3378 3516 3446 3570 50
3479 3519 3573 3571 ab-

2017 3608 2270 3673 breviata:
2332 3608 2484 3675 quasi
2538 3623 2697 3661 unam
2743 3607 3033 3663 conﬁciunt
3076 3607 3175 3662 sub
3225 3608 3325 3662 boc
3371 3608 3570 3661 titulo:

2017 3692 2283 3747 Inrocatio
2306 3693 2492 3747 Matris
2528 3694 2753 3763 Virginis
2776 3693 2964 3747 Maria
2988 3695 3144 3749 simul
3182 3710 3244 3748 ac
3281 3691 3411 3748 Filii
3436 3695 3571 3760 eius,

2017 3791 2073 3835 et
2104 3770 2325 3850 incipit:
2353 3782 2547 3837 Sancta
2576 3792 2622 3834 et
2652 3784 2808 3846 inter,
2839 3793 2944 3836 ctc.

2020 3870 2249 3925 Censura
2278 3874 2573 3923 orationum
2614 3871 2703 3933 52,
2730 3871 2820 3935 55,
2853 3872 2942 3937 54,
2975 3871 3065 3936 55,
3090 3870 3178 3939 56,
3199 3872 3290 3936 57,
3322 3871 3388 3941 58
3408 3883 3455 3926 et
3478 3872 3570 3928 59.

2090 3961 2166 4015 Ex
2191 3977 2290 4014 ms.
2320 3959 2799 4023 Vicu,orationem
2846 3961 2938 4027 52,
2993 3963 3128 4015 alias
3181 3977 3309 4015 vero
3350 3976 3416 4015 ex
3467 3979 3570 4017 ms.

2024 4048 2193 4104 Vatic.
2246 4050 2306 4103 P.
2368 4050 2691 4120 Raynaudus
2760 4050 2899 4103 inter
2947 4050 3317 4106 Ansclmianas
3368 4052 3573 4121 primus

1932 4160 1939 4183 λ
2019 4142 2202 4197 edidit.

442 4233 645 4288 Praeter
673 4251 767 4291 ms.
795 4253 912 4305 quae
940 4240 991 4291 in
1021 4241 1184 4293 variis
1234 4241 1548 4294 lectionibus
1592 4251 1771 4295 notata
1796 4251 1919 4295 sunt
1950 4245 1999 4301 D

2462 4230 2692 4285 Censura
2733 4230 2984 4285 orationis
3032 4231 3118 4286 60.

2092 4321 2393 4392 thytbmus
2440 4320 2527 4375 hic
2591 4321 2728 4373 inter
2775 4321 2944 4374 sancti
2997 4318 3238 4374 Anselmi
3300 4319 3575 4375 orationes

2022 4412 2245 4466 habetur
2266 4412 2317 4465 in
2340 4426 2441 4463 ms.
2464 4410 2771 4464 Corbeiensi
2806 4408 2971 4464 l60ct
2996 4410 3046 4463 in
3074 4424 3173 4464 ms.
3208 4408 3345 4463 Vict.
3370 4409 3466 4464 Kx.
3484 4411 3572 4474 16,

2022 4515 2088 4554 cx
2116 4499 2473 4568 quibusillum
2502 4499 2663 4566 prmio
2712 4498 3077 4553 commisimus
3123 4497 3295 4552 sancti
3332 4496 3575 4551 Anselmi

2022 4589 2350 4642 orationibus
2382 4589 2655 4643 inscrtum.

2194 4678 2423 4731 Censura
2476 4677 2723 4730 orationis
2754 4675 2822 4731 62
2847 4686 2894 4729 et
2924 4676 3150 4729 aliarum
3198 4676 3267 4729 ad
3289 4675 3394 4731 SS.

2092 4768 2405 4823 Guillelmus
2452 4767 2910 4831 Cetnmeticensis,
2965 4766 3068 4827 lib.
3110 4782 3186 4830 vr,
3231 4782 3349 4834 cap.
3412 4766 3475 4828 9,
3507 4766 3575 4820 de

2020 4858 2270 4913 Auselmo
2296 4858 2481 4912 scribit
2504 4857 2641 4924 quod
2680 4856 2873 4908 librant
2918 4856 3220 4909 orationum
3250 4855 3317 4907 ad
3356 4866 3576 4910 sanctos

2022 4950 2265 5012 ediderit;
2295 4959 2457 5003 etcas
2490 4963 2607 5001 esse
2648 4946 2881 5017 Anselmi
2906 4961 3007 4999 non
3047 4957 3128 4999 est
3158 4947 3294 4998 unde
3330 4946 3454 5021 quis
3480 4947 3578 5004 ςζιι-

2022 5040 2173 5104 bitet,
2205 5041 2302 5093 nisi
2325 5055 2538 5115 ptnncm
2580 5054 2677 5091 ms.
2715 5038 2984 5091 codicibus
3008 5038 3167 5095 (idem
3191 5039 3493 5110 abnegavit.
3520 5043 3576 5097 in

2023 5132 2285 5199 aliquibus
2308 5130 2519 5199 quidem
2547 5130 2718 5183 oratio
2740 5129 2831 5192 64,
2862 5146 2980 5202 qmc
3010 5143 3089 5188 cst
3112 5135 3177 5185 ad
3203 5145 3444 5186 sanctum
3465 5132 3548 5183 An

2023 5222 2233 5285 drcam;
2259 5231 2310 5275 et
2336 5221 2505 5273 oratio
2519 5220 2603 5283 68,
2633 5241 2750 5291 qua:
2771 5236 2851 5277 est
2880 5211 2942 5276 ad
2966 5234 3207 5287 sanctum
3234 5222 3575 5275 Laurentium

2023 5322 2073 5364 ct
2098 5312 2183 5375 7i,
2212 5328 2327 5380 qum
2354 5323 2434 5365 est
2466 5314 2528 5365 ad
2578 5326 2817 5367 sanctum
2862 5315 3223 5376 Dunstanum,
3267 5313 3576 5365 desideran-

2027 5410 2144 5452 tur:
2174 5403 2263 5454 sed
2291 5418 2410 5453 cum
2450 5404 2616 5470 prium
2652 5404 2701 5456 in
2756 5420 2851 5458 ms.
2885 5406 3038 5458 Vicn.
3076 5415 3127 5457 ct
3160 5406 3209 5456 in
3260 5420 3359 5455 ms.
3390 5401 3490 5452 'l'b.
3520 5408 3574 5449 et

2026 5490 2075 5539 in
2112 5506 2206 5541 ms.
2259 5488 2436 5542 Sancti
2477 5492 2723 5543 Gennani
2758 5492 2980 5560 legatur;
3007 5495 3168 5545 altera
3200 5507 3322 5544 νει-υ
3375 5491 3424 5540 in
3468 5504 3565 5538 ms.
