4174 6220
545 323 613 377 55
1207 279 1210 285 ’
1547 315 1604 368 s.
1644 311 2008 366 ANSELMUS
2050 309 2398 364 eurum.
2441 308 2757 365 menter.
3540 272 3544 277 ’
3667 297 3753 368 ευ

544 430 645 483 Th.
669 438 722 483 ct
766 427 816 481 in
842 423 1272 480 ms.V’ien.tcrtia
1297 424 1505 500 tandem
1535 426 1586 474 in
1622 438 1720 476 ms.
1742 423 1990 484 Vien.,ea
2013 434 2097 473 sa-
2128 433 2175 490 Λ
2202 426 2498 474 orationem
2530 420 2619 484 6!),
2647 433 2764 489 quae
2793 420 2938 474 nullo
2966 421 3127 476 dubio
3159 422 3392 477 Anselmi
3440 432 3583 487 sunt,
3613 434 3668 478 et
3696 424 3748 480 in

545 523 616 575 tis
644 520 751 573 sint
771 515 1024 570 facienda:
1057 514 1154 567 hac.
1184 514 1236 565 in
1269 529 1324 578 rc
1345 513 1489 583 lidei.

612 609 1008 664 Advertendutn
1053 615 1293 673 superest
1322 623 1335 658 :
1368 605 1410 655 l.
1443 604 1500 656 In
1538 619 1637 656 nts.
1689 602 1868 654 codice
1919 600 2098 653 Sancti

475 735 482 764 ρ
511 757 514 761 ,
542 701 802 769 Arnulphi
830 696 1108 761 hletensis,
1138 712 1202 748 ex
1233 711 1393 763 supra
1419 697 1646 747 recentis
1668 696 1834 748 sancti
1866 691 2099 746 Anseltni

545 791 1033 852 Meditationibuset
1044 788 1384 841 Orationibus
1397 787 1651 854 plurimas
1665 787 1913 855 (quarum
1928 785 2102 852 speci-

547 883 688 935 tnina
707 881 764 932 D.
786 877 1120 932 Mabillonius
1135 886 1169 929 ι.
1187 872 1861 949 lAnalectorumeithibuit)
1880 872 2100 942 reperiri

546 973 684 1026 inter
710 970 853 1022 varia
886 968 1097 1037 pietatis
1130 966 1383 1034 Opuscula
1410 980 1527 1033 qua:
1551 965 1783 1018 Joannes
1804 965 1968 1032 abbas
1995 963 2102 1016 An-

550 1073 717 1132 gustze
743 1041 1255 1125 nuncupavit.'lpsas
1275 1066 1449 1108 autem
1470 1069 1572 1107 non
1599 1055 1664 1107 ab
1678 1069 1740 1106 eo
1759 1052 2098 1121 compositas,

546 1152 720 1206 sedex
753 1148 866 1216 jam
897 1158 1005 1200 tum
1029 1146 1226 1223 editisa
1269 1153 1453 1217 sancto
1477 1143 1729 1212 Auselmo
1745 1141 2122 1194 Meditationio'

545 1242 642 1295 bus
664 1243 778 1294 sive
806 1238 1144 1294 Orationibus
1169 1222 1418 1303 collectas
1450 1236 1572 1288 inde
1593 1235 1849 1304 arguitur,
1874 1234 1930 1286 1ο
1957 1231 2098 1301 quod

545 1343 611 1382 ex
640 1327 885 1391 oumibus
911 1324 1226 1379 Orationum
1258 1323 1425 1376 sancti
1452 1321 1972 1376 Anselmicodicibus
1996 1334 2093 1372 ms.

547 1433 682 1486 quos
719 1416 962 1482 viderim,
995 1423 1048 1467 et
1081 1414 1168 1481 qui
1195 1422 1301 1464 tam
1333 1412 1384 1463 itt
1421 1411 1697 1480 proloquio
1723 1424 1883 1478 quam
1936 1408 1989 1460 in
2017 1422 2102 1458 va-

548 1509 643 1560 riis
694 1486 1394 1564 lectionibus.denotamur,
1440 1497 1615 1570 nullus
1662 1499 1844 1566 sitqui
1877 1497 2103 1550 istarum

544 1611 762 1664 precum
792 1594 979 1647 saltem
1020 1607 1177 1660 qnam
1201 1591 1457 1661 plurimas
1487 1599 1672 1643 sancto
1698 1587 1953 1658 Anselmo
1994 1600 2100 1638 non

545 1687 803 1741 ascribat.
835 1684 946 1750 Qua
989 1698 1170 1752 qnwso
1204 1681 1471 1749 aequitatis
1516 1681 1664 1733 lance
1695 1687 1771 1732 tot
1809 1676 2098 1730 tns.‘l‘tdem

2201 512 2394 577 quibus
2431 511 2842 565 homuncionem
2885 523 2938 564 et
2964 510 3346 566 homunculum
3389 513 3502 581 ipse
3531 526 3588 566 se
3617 528 3752 568 nun-

2201 609 2379 667 cupnt.

2201 734 2204 736 .
2271 691 2326 744 ln
2357 691 2588 762 alloquio
2618 693 2704 756 12,
2741 694 2883 762 quod
2931 694 2982 746 in
3031 701 3212 746 nostra
3249 692 3350 745 hac
3381 691 3622 746 editione
3665 699 3750 750 est

2200 782 2501 845 meditatio,
2533 783 2654 847 181,
2701 793 2887 837 auctor
2925 781 3133 836 indicat
3184 795 3242 835 se
3275 781 3503 851 pastoris
3556 783 3754 847 habere

2199 871 2430 925 oﬂieium
2458 874 2609 939 cujus
2629 889 2794 928 onere
2849 889 3065 944 pressus
3118 874 3517 943 ingetniseebat.
3551 874 3616 927 Et
3641 875 3755 929 hate

2200 963 2410 1030 quidem
2436 963 2692 1040 Anselmo
2727 965 2891 1032 priori
2928 958 3203 1035 aptissime
3235 965 3577 1029 conveniunt,
3603 962 3756 1032 cujus

2201 1059 2299 1107 sub
2327 1053 2651 1122 praelationis
2681 1055 2834 1109 istius
2856 1041 3089 1124 pondere
3114 1056 3342 1123 suspiria
3383 1055 3755 1124 lacrymasquo

2200 1145 2456 1199 describit
2483 1146 2778 1200 Eadtnerus
2803 1145 2861 1216 (ι.
2897 1146 3017 1198 tDe
3059 1145 3172 1198 Vita
3201 1143 3434 1215 S,Ans.)
3473 1144 3629 1206 Cum,
3665 1145 3754 1198 ina

2201 1235 2346 1303 quit,
2372 1251 2464 1306 pro
2491 1236 2680 1287 amissa
2710 1245 2875 1287 status
2900 1236 2981 1288 sui
3009 1234 3387 1303 tranquillitate
3425 1229 3754 1286 vehementis-

2201 1325 2328 1374 sime
2349 1324 2511 1391 fleret,
2545 1324 2606 1375 ab
2648 1318 2808 1376 onere
2839 1310 3179 1392 pra-talionis,
3208 1322 3345 1392 quod
3365 1322 3462 1375 sibi
3492 1322 3756 1390 fatebatur

2200 1413 2544 1481 iﬁtportabile,
2577 1424 2629 1465 ut
2654 1414 2867 1488 relevari
2897 1424 3199 1476 mereretur,
3226 1427 3535 1480 magnopere
3577 1408 3756 1488 (Mnu-

2203 1501 2404 1569 riliunt)
2437 1503 2742 1568 archiepisc.
2781 1485 3020 1564 Rat/tom,
3070 1494 3216 1569 erepit
3250 1517 3451 1569 rogare.
3506 1485 3752 1566 [ptinere

2204 1587 2490 1642 Μαίη-ἕηκε
2511 1590 2758 1659 .pra'cepit
2789 1601 2842 1642 ut
2863 1589 3215 1658 pretationem
3252 1598 3406 1657 quam
3431 1587 3647 1640 habebat
3667 1602 3752 1640 re-

2200 1680 2404 1731 tineret.

545 1775 772 1830 elevabit
795 1776 984 1828 unicus
1007 1776 1171 1827 codex
1211 1787 1310 1825 ms.
1343 1773 1427 1825 cui
1452 1770 1597 1824 nulla
1646 1769 1749 1822 alia
1775 1768 2095 1838 suffragatur
2127 1767 2170 1824 Β
2267 1766 2504 1836 Denique
2543 1768 2684 1836 quod
2733 1769 2958 1840 gratiam
2995 1767 3111 1821 loca
3140 1766 3427 1833 commissa
3469 1764 3752 1818 ordinandi

548 1864 723 1918 ratio?

617 1953 672 2006 9..
695 1922 843 2018 Quod
870 1967 935 2006 ex
950 1951 1118 2005 sancti
1145 1949 1378 2004 Anselmi
1409 1947 1664 2018 epistolis,
1694 1961 1826 2016 quas
1847 1945 1900 2000 in
1929 1946 2098 2015 prima

547 2042 949 2112 Meditationum
978 2054 1205 2094 censura
1238 2039 1590 2093 indicavimus
1611 2078 1624 2102 ,
1647 2045 1702 2090 et
1728 2053 1794 2089 ex
1824 2036 2101 2104 ipsiusmet

555 2132 800 2185 liadmeri
826 2132 1128 2206 testimonio
1153 2130 1211 2199 (l.
1241 2145 1257 2182 ι
1286 2129 1359 2181 De
1390 2128 1471 2180 Vit
1499 2126 1562 2194 δ.-
1610 2127 1857 2189 Anselmi,
1883 2125 2097 2193 col.-56)

543 2229 752 2274 constet
779 2219 1046 2273 orationes
1062 2219 1127 2270 ab
1154 2219 1404 2272 Anseltno
1421 2217 1552 2268 dum
1571 2217 1742 2269 adhuc.
1773 2217 1915 2284 priur
1936 2223 2099 2277 esset,

548 2312 648 2363 hoc
686 2319 768 2363 est
800 2317 937 2361 ante
969 2323 1092 2360 ann.
1140 2307 1293 2370 1078,
1338 2308 1530 2369 editas,
1558 2319 1611 2360 et
1661 2323 1689 2359 a
1738 2308 1977 2375 pluribus
2007 2320 2100 2358 ex-

546 2398 796 2466 scriptas.
825 2395 976 2451 Unde
1001 2409 1110 2448 non
1147 2395 1332 2448 leviter
1386 2393 1666 2461 conjiciunt
1723 2395 1892 2462 ipsum
1941 2393 2099 2445 etiam

544 2490 804 2545 Joannem
828 2487 1202 2541 Fiscanensem
1223 2484 1475 2540 Anselmo
1499 2483 1749 2538 Beceensi
1789 2482 2098 2535 vicinior-em

551 2579 670 2632 illas
692 2578 758 2630 ab
785 2581 849 2631 eo
875 2576 1168 2643 accepisse.
1223 2642 1229 2647 _
1717 2621 1720 2628 ,

620 2668 674 2720 5.
706 2667 854 2733 Quod
882 2652 1021 2719 inter
1047 2680 1139 2720 eas
1165 2665 1268 2718 illae
1296 2664 1492 2732 passim
1535 2662 1812 2730 descripta:
1859 2661 2103 2730 legantur

553 2773 688 2827 quas
708 2757 958 2810 Anscltno
997 2763 1242 2809 asScrunt
1283 2755 1521 2822 ipsamaet
1568 2752 1800 2804 Attsrlttti
1840 2751 2098 2819 cpiStolze,

549 2847 800 2899 videlicet
831 2855 940 2899 tres
985 2845 1258 2898 orationes
1295 2844 1361 2896 ad
1408 2853 1648 2895 sanctam
1691 2841 1929 2902 Mariam,
1968 2856 2121 2909 quas,

548 2922 662 3003 ipse
691 2948 815 2987 suas
842 2932 971 2987 facit
994 2933 1046 2986 in
1080 2932 1303 3000 epistola
1332 2931 1396 2984 ad
1425 2930 1817 2998 Gondulphnm,
1873 2945 1990 2999 qua:
2018 2941 2104 2985 est

547 3023 615 3076 90
642 3023 733 3075 lib.
759 3011 819 3086 tt,
865 3032 919 3075 et
960 3022 1232 3075 meditatio
1259 3063 1274 3087 ,
1312 3021 1481 3073 Terret
1523 3037 1622 3083 me,
1669 3029 1769 3072 etc.
1804 3019 1960 3088 (Vide
1985 3037 2101 3073 cen-

2201 1866 2392 1910 auctor
2420 1859 2724 1909 orationum
2757 1855 3014 1926 postulet,
3055 1853 3312 1908 JOannem
3343 1854 3712 1908 Fiscanensetn
3733 1891 3749 1916 ,

2198 1946 2286 2013 qui
2310 1946 2415 1997 duo
2445 1945 2664 2014 regebat
2707 1946 3062 2007 monasteria,
3115 1945 3300 2012 utquid
3343 1946 3519 2010 arguit
3547 1960 3564 1998 ς
3597 1935 3749 2010 (ιναέί

2201 2046 2327 2086 vero
2361 2032 2538 2101 plures
2557 2031 2811 2085 ecclesias
2845 2047 3027 2100 regere
3052 2033 3302 2086 credatur
3325 2033 3576 2084 sacerdos
3606 2033 3752 2099 quis-

2199 2126 2320 2193 quis
2364 2126 2415 2176 in
2441 2123 2543 2176 line
2575 2125 2813 2177 brevium
2867 2124 3169 2176 litaniarunt
3212 2123 3405 2177 recitat
3453 2123 3753 2176 orationem

2201 2212 2253 2264 in
2311 2227 2418 2279 qua
2455 2211 2567 2264 lure
2596 2211 2754 2264 verba
2804 2210 2917 2264 loco
2982 2213 3127 2264 nobis
3177 2211 3448 2264 commissa
3502 2223 3754 2279 expressa

2201 2306 2468 2373 leguntur.

2275 2393 2373 2449 Uni
2391 2395 2549 2463 igitur
2563 2395 2817 2450 Anselmo
2850 2379 3225 2448 Cantuariensi
3249 2392 3371 2457 iure
3397 2392 3587 2446 merito
3615 2391 3750 2448 istas

2200 2486 2472 2538 orationes
2503 2486 2851 2547 asseruitnus,
2881 2500 3014 2553 quas
3054 2498 3157 2536 non
3191 2482 3530 2540 Fiscanensis
3554 2483 3711 2535 modo
3736 2523 3754 2548 ,

2199 2573 2292 2624 sel
2323 2582 2377 2625 et
2404 2575 2680 2626 Dnrandus
2701 2573 2977 2626 (insae—Dei
3020 2571 3186 2625 abbas
3208 2572 3274 2624 ab
3305 2587 3444 2626 anno
3502 2571 3638 2626 1068
3687 2573 3754 2625 ad

2201 2677 2398 2713 annum
2422 2662 2552 2716 1078
2575 2648 2828 2731 etplures
2859 2662 2948 2715 alii
2997 2661 3162 2714 multa
3191 2652 3410 2730 pictatis
3445 2663 3624 2717 studio
3661 2677 3756 2717 ex-

2202 2759 2458 2815 ceperunt
2485 2760 2537 2803 et
2565 2751 2908 2818 collegerunt.

2269 2841 2663 2907 Advertendum
2690 2841 2725 2892 2
2753 2856 2817 2894 ex
2865 2841 3200 2895 orationibus
3244 2855 3362 2910 qua:
3394 2843 3538 2897 nullo
3587 2844 3752 2898 dubio

2202 2931 2608 2994 suntAnselmi,
2651 2931 2898 2984 videlicet
2923 2945 2989 2984 ex
3035 2940 3174 2985 orat.
3202 2932 3267 2984 ad
3299 2933 3355 2984 S.
3405 2932 3642 2998 Petrum,
3686 2936 3758 2988 ad

2204 3020 2259 3072 S.
2288 3020 2526 3083 Paulum,
2550 3022 2615 3073 ad
2640 3020 2696 3074 S.
2725 3020 3021 3084 Nicolaum,
3053 3022 3117 3073 ad
3145 3021 3204 3074 S.
3237 3021 3610 3088 Benedictum,
3640 3024 3758 3092 plu-

548 3129 724 3166 suram
756 3108 1298 3179 Meditationis‘l)cum
1323 3110 1441 3162 aliis
1457 3111 1522 3163 de
1563 3110 1735 3163 cordis
1759 3111 2099 3174 contritione,
2129 3085 2174 3144 ο
2207 3109 2336 3162 rima
2365 3119 2613 3176 excerpta
2641 3125 2760 3163 esse
2786 3126 2849 3164 ex
2881 3111 3077 3178 quibus
3106 3126 3293 3181 magna
3327 3127 3391 3166 ex
3423 3121 3574 3180 parte
3601 3128 3750 3167 com-

534 3189 615 3253 'dc
645 3199 835 3266 quibus
864 3186 1145 3251 Durandus
1174 3199 1336 3252 abbas
1361 3197 1630 3251 Cassi-Dei
1653 3199 1699 3249 ei
1736 3197 2101 3265 gratulaturin

538 3285 785 3356 ejusdem
814 3289 932 3341 libri
968 3287 1189 3355 epistola
1227 3287 1313 3340 Gl.
1369 3287 1447 3340 Ex
1474 3286 1677 3354 quibus
1725 3286 2024 3348 coniicitur,
2050 3288 2103 3339 1ο

551 3377 797 3431 codiceni
821 3378 958 3431 hunc
994 3376 1283 3430 Metensem
1329 3392 1433 3430 non
1478 3391 1596 3429 esse
1631 3377 1952 3443 descriptum
2001 3377 2101 3430 nisi

552 3479 829 3537 postquam
861 3477 1076 3521 sanctus
1104 3467 1386 3520 Anseltnus
1421 3481 1546 3520 suas
1592 3465 1961 3518 Μειλιίιτιιίυηες
1985 3469 2099 3520 sive

554 3557 834 3611 Orationes
868 3556 1034 3609 edidit
1063 3572 1077 3619 ;
1107 3555 1165 3607 2°
1191 3554 1448 3609 Joannem
1480 3555 1617 3606 hunc
1636 3555 1880 3624 abbatem
1925 3553 2104 3620 plures

551 3630 618 3702 ab
639 3647 889 3699 Anselmo
911 3647 1228 3714 compositas
1255 3647 1524 3698 orationes
1550 3645 1984 3711 cxscripsisse,ct
2007 3661 2101 3697 er-

555 3738 782 3807 scriptas
815 3739 1075 3806 direxisse
1103 3739 1167 3791 ad
1198 3738 1516 3806 Augustam.
1549 3735 1604 3788 3°
1628 3734 1852 3787 lstarutn
1883 3737 2109 3803 proinde

551 3828 912 3896 precationem
945 3828 1086 3880 hunc
1115 3842 1218 3881 non
1252 3837 1546 3890 auctorem,
1569 3823 1661 3878 sed
1680 3825 1825 3894 pium
1847 3826 2122 3905 duntaxat,

551 3920 669 3972 COHi
687 3926 887 3972 clorem
910 3917 1228 3970 habendum.

621 4009 788 4064 Porro
818 4007 948 4059 nihil
979 4016 1234 4075 repugnat
1283 4016 1430 4074 certo
1477 4005 1601 4060 huic
1625 4003 1732 4069 juri
1779 4005 1921 4073 quod
1973 4005 2104 4058 istas

551 4111 738 4165 preces
767 4105 955 4149 saneto
985 4095 1547 4160 Anselmoadjudieat.
1602 4092 1750 4158 Quod
1782 4093 1925 4144 enim
1964 4108 2101 4160 pra:-

554 4180 696 4236 fatus
725 4184 972 4258 Metensis
996 4185 1158 4235 codex
1187 4184 1402 4250 optima:
1455 4193 1592 4234 nota:
1649 4182 1882 4248 scriptus
1913 4182 1984 4234 sit
2039 4183 2105 4236 ad

555 4275 816 4328 undecimi
845 4275 1020 4327 saeculi
1049 4277 1224 4334 tinent,
1257 4283 1306 4326 et
1337 4273 1476 4341 quod
1504 4271 1737 4326 Joannes
1767 4269 2106 4327 Fiscanensis

526 4352 660 4415 ‘vita
683 4365 904 4417 cesserit
933 4380 1073 4418 anno
1104 4364 1250 4425 1078,
1286 4356 1441 4430 quem
1478 4374 1656 4418 tamen
1711 4362 2100 4414 monasterium

557 4462 756 4513 rexisse
792 4475 955 4526 usque
984 4463 1047 4513 ad
1073 4473 1269 4512 annmn
1300 4458 1432 4511 108?.
1462 4466 1649 4508 auctor
1683 4453 1945 4508 Neustrite
1995 4457 2101 4510 Pia:

555 4531 716 4603 refert
743 4565 804 4602 ex
835 4551 1089 4614 Ot'derico
1113 4548 1239 4612 \’it.,
1289 4549 1323 4599 l.
1351 4563 1423 4610 tv,
1449 4548 1514 4599 ad
1554 4562 1680 4597 ann.
1713 4545 1865 4606 1072,
1901 4556 1953 4600 et
1979 4548 2012 4600 Ι.
2041 4565 2100 4612 tt,

552 4640 616 4692 ad
650 4655 774 4714 anu.
811 4641 962 4702 ll'd'l,
1003 4654 1106 4691 non
1157 4640 1311 4696 modo
1345 4637 1472 4690 nihil
1510 4636 1750 4697 obstant,
1779 4636 1871 4689 sed
1924 4621 2106 4693 lavent

554 4717 860 4797 plurimum.
901 4727 1051 4786 Nam.
1096 4739 1153 4779 ut
1189 4741 1347 4795 supra
1385 4729 1494 4794 jam
1551 4730 1765 4798 tetigit,
1821 4729 2104 4781 Anscltntts

554 4820 677 4870 tium
719 4817 876 4870 Becci
936 4817 1078 4884 prior
1116 4825 1232 4869 erat
1260 4856 1274 4880 ,
1313 4809 1490 4883 plures
1526 4811 1796 4872 orationes
1823 4817 2103 4884 scripsisse

554 4916 699 4957 certo
724 4895 910 4968 soitar,
933 4894 986 4957 et
1011 4906 1077 4958 ab
1105 4922 1228 4958 ann.
1262 4906 1393 4959 1065
1424 4907 1523 4960 hoc
1555 4921 1770 4961 munere
1794 4907 2102 4977 perfunctus

565 4996 631 5047 ad
665 5012 751 5046 an.
781 4995 933 5058 1078,
966 5011 1070 5066 quo
1097 4997 1147 5046 in
1179 4997 1423 5052 abbatem
1453 5008 1755 5066 assumptus
1783 5008 1879 5049 est.
1941 4989 1946 4995 ’

626 5083 818 5135 l'larum
852 5095 1036 5134 auctor
1062 5085 1468 5139 homuncionem
1505 5086 1714 5154 quidem
1752 5101 1809 5139 se
1825 5086 1997 5138 ‘dicit.
2034 5086 2104 5139 At

556 5193 674 5228 eum
700 5191 800 5231 n0n
835 5177 899 5229 de
925 5179 1161 5244 corporis
1190 5177 1346 5238 mole,
1378 5179 1470 5230 scd
1521 5193 1588 5230 ex
1618 5178 1797 5229 animo
1828 5177 1892 5229 de
1922 5192 1978 5228 se
2002 5175 2102 5228 itu-

559 5268 754 5319 militer
785 5267 1060 5319 sentientis
1103 5267 1200 5320 ista
1239 5266 1442 5335 prolata
1475 5268 1581 5319 sint
1629 5264 1887 5317 Joannem
1940 5265 2098 5326 hunc,

557 5359 642 5424 qui
686 5373 750 5409 ex
783 5359 1020 5425 corporis
1062 5357 1349 5425 exiguitate
1396 5356 1758 5408 Joanttellimts
1808 5353 2096 5410 dicebatur.

557 5446 686 5496 nihil
728 5445 950 5512 juvant;
999 5447 1090 5498 sed
1139 5445 1440 5497 Anseltnttnt
1483 5455 1668 5511 apt-rte
1718 5443 1968 5511 produnt,
2015 5443 2099 5494 cui

558 5537 803 5601 iri-quens
835 5545 950 5588 erat
981 5537 1196 5602 hujusce
1229 5538 1374 5589 vocis
1403 5537 1759 5586 ltmimitriouis
1805 5545 1847 5583 ct
1885 5535 2101 5582 homun-

556 5625 654 5680 culi
687 5641 837 5690 Usus,
877 5638 931 5678 ut
961 5638 1097 5696 palt‘l
1144 5628 1332 5698 legenti
1376 5626 1582 5678 tertiam
1619 5624 2014 5696 meditationem
2049 5634 2099 5673 et

2168 3199 2176 3205 ⁷
2205 3201 2360 3267 positi
2392 3209 2514 3252 sunt
2536 3199 2670 3252 liber
2700 3200 2774 3252 De
2802 3200 3109 3253 contritione
3155 3201 3350 3267 cordis,
3384 3212 3437 3254 et
3465 3203 3601 3255 liber
3643 3202 3754 3257 Me-

2204 3290 2543 3352 ditationum,
2572 3290 2663 3357 qui
2688 3289 2738 3341 itt
2766 3298 2800 3342 t.
2833 3287 2901 3341 IX
2923 3288 3155 3357 Operum
3194 3289 3255 3344 S.
3288 3291 3423 3358 Aug.
3459 3291 3757 3357 habentur,

2206 3395 2263 3433 et
2324 3381 2387 3432 de
2434 3379 2629 3448 quibus
2690 3388 2969 3447 propterea
3000 3379 3125 3446 quid
3175 3379 3512 3434 sentiendum
3575 3381 3645 3435 sit
3673 3377 3758 3435 in-

2207 3470 2285 3522 fra
2312 3472 2807 3538 prontmtiabimus;
2862 3471 2914 3523 3.
2946 3470 3241 3523 orationem
3281 3469 3348 3524 69
3379 3471 3557 3524 minus
3602 3479 3750 3527 recte
3835 3493 3851 3508 θ

2211 3560 2519 3625 inscriptam
2558 3573 2675 3610 esse
2716 3560 2781 3610 ad
2814 3568 3074 3619 sanctum,
3105 3557 3409 3622 Martinam,
3441 3575 3561 3614 cum
3594 3562 3660 3616 ad
3695 3559 3754 3615 S.

2206 3645 2479 3698 Nitolaum
2533 3661 2652 3698 eam
2701 3661 2758 3699 se
2790 3644 2983 3698 fecisse
3016 3647 3127 3714 ipse
3154 3647 3439 3703 Anseltnus
3471 3649 3674 3702 scribat
3703 3648 3757 3704 itt

2204 3735 2461 3802 cpist.-ad
2491 3735 2813 3797 Baldricum,
2844 3750 2962 3804 qua:
2992 3745 3074 3789 est
3096 3734 3154 3788 51
3187 3736 3287 3806 lib...
3314 3753 3373 3802 tt,
3407 3739 3572 3807 inqua
3595 3739 3758 3792 etiam

2205 3809 2532 3903 indicateatn
2555 3825 2711 3894 paulo
2740 3835 3024 3894 antequam
3048 3821 3103 3880 in'
3150 3827 3389 3896 Angliam
3440 3812 3550 3897 ipse
3579 3837 3797 3883 trans»

2206 3916 2448 3981 fretaret,
2497 3931 2617 3971 esse
2689 3918 3065 3986 compositam,
3129 3918 3376 3971 videlicet
3431 3919 3575 3972 circa
3618 3920 3757 3974 idem

2205 4015 2411 4075 tempus
2464 4021 2572 4075 quo
2603 4006 2796 4059 librum
2845 4006 2917 4058 De
2965 3998 3337 4060 lncaruatio'ne
3365 4006 3526 4079 γει-ὁὶ
3576 4017 3756 4063 contra

2205 4093 2532 4148 Ruscetiimm
2561 4096 2925 4149 inchoaverat.
2976 4095 3161 4150 Exstat
3211 4098 3323 4150 haec
3362 4098 3535 4157 oratio
3587 4099 3754 4151 sancti

2204 4183 2404 4238 Nicolai
2436 4185 2924 4254 nomineinseripta
2949 4186 3001 4238 in
3025 4202 3126 4241 ms.
3162 4189 3473 4241 monasterii
3511 4189 3575 4242 de
3610 4187 3754 4241 lira.

2451 4274 2698 4328 CENSURA
2745 4271 2990 4328 Psalter‘ii
3029 4276 3190 4329 beata:
3254 4276 3499 4344 Virgin's.

2191 4416 2196 4420 τ
2274 4363 2404 4417 lllud
2427 4363 2776 4431 D..Pieardus
2834 4366 3041 4434 primus
3083 4366 3135 4419 in
3187 4366 3356 4418 lucem
3405 4367 3570 4430 misit,
3614 4366 3754 4420 haud

2205 4455 2363 4508 dubie
2389 4469 2456 4507 ex
2493 4455 2672 4522 aliquo
2709 4470 2809 4507 ms.
2862 4456 3002 4522 quod
3052 4457 3222 4508 sancti
3271 4448 3508 4508 Anselmi
3561 4472 3755 4510 nomen

2204 4550 2436 4615 pnel'ert.
2492 4548 2549 4601 P.
2608 4548 2781 4617 Rayn.
2826 4548 3026 4617 nullum
3066 4548 3315 4604 habuisse
3371 4550 3513 4605 illius
3569 4554 3747 4622 operis

2204 4639 2444 4691 codicem
2483 4654 2582 4693 nis.
2618 4632 2832 4691 fatetur.
2889 4642 2995 4711 Ego
3037 4633 3281 4710 quidetn'
3316 4642 3474 4695 incidi
3531 4644 3580 4694 itt
3601 4646 3749 4703 duos,

2202 4730 2452 4784 videlicet
2510 4747 2674 4783 unum
2739 4730 3100 4797 Victorinum,
3166 4741 3220 4793 et
3264 4731 3754 4786 altcrtun‘Floria-

2202 4834 2434 4882 censent,
2501 4822 2552 4873 in
2610 4823 2800 4893 quibus
2849 4821 3358 4889 hujuscePsaltetii
3414 4822 3620 4875 initium
3667 4836 3756 4874 us-

2171 4904 2305 4976 que
2363 4910 2426 4961 ad
2471 4910 2882 4978 Completorium
2931 4913 3161 4966 habetur
3194 4927 3216 4964 τ
3269 4916 3361 4977 set
3419 4913 3472 4964 in
3534 4922 3758 4978 utroque

2201 5006 2393 5049 czctera
2418 4999 2827 5064 desiderantur,
2874 5009 2928 5054 et
2982 5000 3032 5052 itt
3061 5008 3258 5054 neutro
3311 5000 3507 5067 legitur
3560 5004 3754 5052 ttbnten

2203 5087 2455 5141 auctoris.
2515 5088 2762 5141 Occurrit
2788 5090 2948 5143 etiam
2985 5091 3127 5145 .mihi
3180 5090 3230 5143 itt
3261 5101 3454 5142 nostue
3507 5093 3536 5140 ιι
3563 5090 3749 5143 hliotb.

2208 5178 2393 5229 codice
2426 5194 2525 5230 ms.
2554 5179 2657 5232 515
2688 5179 3008 5234 Psalterium
3036 5180 3094 5233 Β.
3129 5182 3187 5233 ν.
3240 5193 3290 5233 et
3313 5181 3456 5231 aliud
3516 5179 3675 5232 etiam
3699 5179 3750 5232 in

2204 5280 2303 5316 ms.
2337 5264 2543 5316 Bilaliot.
2579 5265 2780 5334 Regna;
2806 5268 2896 5320 sed
2926 5267 3031 5321 duo
3049 5269 3127 5321 ha:
3154 5282 3375 5335 prorsus
3402 5266 3503 5318 alia
3526 5276 3649 5318 sunt
3680 5265 3748 5318 ab

2201 5371 2265 5407 eo
2288 5357 2425 5422 quod
2444 5357 2526 5408 hic
2548 5357 2745 5409 editum
2770 5368 2873 5423 cst,
2902 5361 3031 5412 etab
3049 5374 3110 5410 eo
3132 5358 3269 5425 quod
3299 5358 3354 5410 S.
3386 5356 3750 5409 Bonet-cutura

2202 5447 2516 5513 composuit.

2397 5532 2642 5588 Jt‘otcu'tt
2687 5553 2824 5591 LlBltl
2871 5538 2944 5590 De
2995 5538 3299 5589 contritione
3358 5536 3545 5589 cordis.

2276 5623 2431 5677 Primi
2466 5627 2657 5693 capitis
2708 5630 2886 5681 ultima
2941 5643 3230 5696 pnr5,rum
3285 5627 3516 5679 secunth
3554 5624 3742 5692 capite,
