4174 6248
325 281 392 336 57
1389 267 1709 326 CENSL’RA
1751 264 2029 320 Ol'ERUM
2067 263 2125 320 5.
2167 260 2478 316 ANSELMI.
2888 340 2890 346 γ
3465 255 3530 307 58

330 400 443 447 tota
479 388 544 441 ad
566 387 782 440 verbum
809 392 1015 453 sumpta
1055 392 1134 437 est
1167 397 1230 437 ex
1264 389 1531 450 postrema
1586 385 1735 445 parte
1767 391 1875 429 rne-
1906 383 1955 440 Α
1979 380 2227 434 ,Ιιιοιςιω
2252 391 2354 428 un.
2394 371 2812 434 Μδλίῖαιέοηιιηι,
2843 384 2929 430 ρει
2973 382 3131 420 INTER
3159 367 3215 422 S.
3253 370 3541 426 AUGUSTIM

329 481 606 536 (litationis
634 479 692 541 9.,
719 491 877 544 quam
904 473 962 528 S.
991 473 1276 528 Auselmus
1311 485 1453 524 anno
1483 469 1620 522 1099
1666 467 1883 535 ‘scripsit

331 572 397 626 de
420 571 654 622 humana
688 561 1069 632 redemptione.

400 677 569 732 Tertii
600 673 788 740 capitis
823 686 944 739 pars
983 667 1262 737 posterior.
1314 663 1534 729 Qualem
1583 679 1661 715 nte
1693 660 1882 728 fecisti,

328 778 461 832 etc.,
493 775 548 818 et
577 760 724 831 prior
753 777 878 830 pars
932 759 1122 826 capitis
1142 758 1197 823 4,
1233 771 1398 824 usque
1452 754 1518 807 ad
1549 755 1662 807 lucc
1697 754 1881 814 verba,

331 863 521 916 Anima
559 873 670 908 mea
695 867 809 908 ante
825 853 1019 912 omnia,
1049 860 1176 912 etc.,
1207 850 1468 914 decerpta:
1494 855 1619 898 sunt
1648 860 1716 895 ex
1762 857 1886 896 san-

306 977 308 979 »
334 955 405 1007 cti
435 947 671 1004 Ansebui
695 945 936 1014 oratione
965 941 1028 992 ad
1055 941 1112 992 S.
1141 938 1336 993 Joaun.
1364 938 1516 1004 Bapt.
1553 935 1735 988 Altera
1761 948 1886 1002 pars

339 1038 706 1106 istiusCapitis
729 1035 913 1099 Leuat
961 1043 1130 1085 autem
1174 1031 1304 1092 (nec,
1358 1039 1487 1092 etc.,
1550 1034 1885 1092 transumpta

348 1139 431 1183 est
454 1143 511 1179 ex
535 1125 778 1178 oratione
812 1123 846 1174 4
876 1122 941 1174 ad
972 1120 1158 1181 Deum,
1199 1132 1315 1184 qua:
1340 1115 1525 1182 incipit
1556 1132 1569 1167 :
1602 1113 1886 1174 Altissime,
1927 1161 1932 1169 _

350 1229 446 1274 etc.
479 1215 671 1281 Ultima
706 1212 916 1267 tandem
947 1225 1079 1279 pars
1117 1207 1289 1260 abhis
1311 1205 1512 1267 verbis,
1544 1202 1712 1267 Quam
1763 1200 1889 1255 tole-

350 1303 573 1365 rabilius,
605 1314 734 1366 etc.,
779 1309 834 1354 et
871 1299 1080 1353 initium
1136 1295 1326 1363 capitis
1393 1293 1666 1361 sequentis
1725 1303 1891 1357 usque

343 1397 406 1450 ad
429 1396 530 1446 ista
549 1392 696 1457 Noli,
717 1391 950 1452 Domine,
976 1396 1106 1451 etc.,
1133 1385 1385 1439 translata
1411 1391 1535 1437 sunt
1563 1397 1626 1433 ex
1656 1379 1889 1434 secunda

341 1466 748 1550 indubitataque
797 1481 857 1533 S.
893 1477 1130 1532 Ansehni
1190 1474 1532 1529 meditatione
1583 1470 1737 1539 Cujus
1790 1469 1894 1523 iui-

339 1573 470 1627 tium
492 1579 578 1625 est
602 1610 617 1636 ,
646 1556 819 1622 Terret
845 1584 945 1632 me,
973 1576 1079 1620 etc.
1097 1629 1109 1649 ⁸

2435 463 2608 515 Opem
2648 472 3077 513 cmccurenrcn.

2053 560 2167 612 Duo
2191 551 2722 609 Meditationumlibri
2748 559 2952 602 exstant
2981 551 3032 602 in
3062 559 3191 602 tom.
3220 548 3288 601 IX
3311 549 3542 618 Operum

1983 649 2152 704 sancti
2184 642 2464 708 Augustini
2503 657 2516 690 :
2551 655 2683 690 unus
2740 641 2876 691 inter
2929 639 3042 706 ejus
3071 640 3266 707 Opera,
3307 642 3441 693 alter
3493 644 3542 694 in

1987 736 2294 804 Appeudicc
2321 734 2496 788 editus
2517 736 2620 782 est.
2650 728 2722 779 De
2746 731 2974 781 secundo
3000 732 3080 782 cui
3111 731 3389 788 nihilcnm
3439 733 3546 783 An-

1985 825 2135 879 selmi
2166 821 2591 876 Meiiitationibus
2615 835 2894 874 counuune
2933 831 3037 884 cst,
3098 823 3227 876 nihil
3299 825 3385 877 hie
3436 834 3546 876 sta.

1988 917 2202 975 tuimus,
2235 912 2326 964 sed
2358 912 2420 964 de
2443 911 2615 980 primo
2645 909 2772 978 quid
2803 908 3139 963 sentiendum
3188 915 3256 965 sit
3310 924 3364 965 ut
3418 929 3544 966 con-

1979 1005 2252 1066 cludatur,
2284 1001 2386 1053 duo
2408 1001 2774 1068 przemittcnda
2796 1010 2940 1052 sunt.

2057 1093 2107 1145 1.
2145 1090 2309 1144 Totus
2331 1091 2440 1142 fere
2494 1086 2580 1141 hic
2632 1087 2765 1142 liber
2805 1087 2994 1156 legitur
3018 1089 3071 1142 in
3108 1090 3276 1143 sancti
3315 1090 3542 1145 Ausebui

1989 1179 2415 1235 licditaliouibus
2451 1187 2502 1234 et
2530 1175 2892 1230 Orationibus.
2930 1177 3168 1243 Quatuor
3204 1180 3343 1232 enim
3373 1181 3545 1247 p:iora
3619 1203 3626 1212 -

1990 1269 2206 1338 hujusce
2237 1269 2354 1322 libri
2382 1269 2608 1337 capitula
2653 1266 2941 1321 conﬁciunt
2978 1269 3273 1322 oratioaem
3310 1270 3395 1332 10,
3431 1284 3548 1336 qua:

1992 1361 2197 1429 incipit,
2225 1360 2440 1413 Domine
2471 1361 2625 1421 Deus,
2658 1358 2725 1410 da
2750 1360 2924 1421 cordi,
2953 1368 3086 1434 etc.,
3109 1376 3272 1426 usque
3307 1360 3371 1411 ad
3404 1361 3545 1412 lm-r:

1994 1451 2161 1516 Quam
2191 1467 2426 1520 magnas,
2456 1435 2688 1514 Domine,
2718 1459 2824 1504 etc.
2851 1451 3092 1515 Quatuor
3119 1462 3292 1503 autem
3326 1466 3548 1518 sequen-

1995 1542 2065 1593 tia
2097 1540 2323 1607 capitula
2349 1542 2414 1594 de
2441 1541 2600 1592 verbo
2623 1541 2690 1591 ad
2729 1540 2944 1592 verbum
2977 1541 3272 1594 redduntur
3321 1540 3373 1592 in
3424 1555 3548 1594 ora-

1998 1626 2137 1680 tione
2155 1626 2210 1691 2,
2249 1642 2366 1693 qua:
2391 1626 2581 1694 incipit
2612 1642 2624 1677 :
2655 1626 2847 1679 Invoco
2879 1638 2949 1681 te.

404 1683 620 1764 Abistis
639 1683 814 1785 autem
838 1681 1012 1783 verbis
1039 1697 1052 1733 :
1081 1677 1227 1745 Noli,
1253 1674 1729 1785 Demonacte-tif
1754 1675 1891 1785 lia-3f:
1925 1700 1968 1757 Β
2063 1674 2229 1784 Capiit
2263 1674 2457 1768 nonum
2495 1674 2651 1770 irstius
2672 1716 2832 1769 libelli
2861 1717 3042 1785 implet
3071 1717 3129 1770 S.
3161 1718 3395 1772 Ausetani
3426 1735 3548 1773 ora.

344 1776 509 1830 Parce
533 1775 802 1843 peccatrici
826 1773 1011 1825 animis
1048 1787 1192 1831 mere,
1245 1780 1374 1832 etc.,
1429 1770 1738 1834 deprompta
1770 1774 1896 1818 sunt

345 1883 402 1922 ex
435 1865 622 1918 ultima
649 1871 797 1930 parte
829 1861 996 1914 tertim
1047 1858 1401 1912 meditationis
1447 1856 1612 1910 sancti
1636 1855 1892 1918 Auselmi,

341 1969 457 2023 qum
484 1962 570 2006 est
588 1950 880 2018 deploratio
909 1949 1047 2002 male
1075 1949 1283 2001 amissae
1315 1945 1653 2013 virginitatis.

409 2045 494 2097 Ab
522 2043 605 2096 his
630 2040 799 2108 quinti
827 2039 1018 2107 capitis
1068 2038 1242 2090 verbis
1269 2076 1284 2100 ,
1322 2036 1418 2089 heu
1449 2035 1469 2088 !
1495 2036 1652 2086 miser
1679 2049 1894 2100 semper,

338 2144 472 2194 etc.,
508 2145 673 2197 usque
700 2132 764 2181 ad
789 2129 908 2188 ista,
959 2143 1250 2195 perrersuin
1301 2128 1476 2190 etiam,
1509 2135 1638 2186 etc.,
1664 2127 1900 2178 emendi-

340 2230 464 2274 Cata
490 2227 636 2280 sunt,
662 2219 869 2270 inverso
891 2214 1013 2269 licet
1040 2215 1319 2278 ordinevex
1351 2213 1656 2267 S.‘Anselmi
1696 2215 1897 2267 oratio-

349 2325 418 2362 ne
445 2307 600 2360 tertia
626 2307 689 2359 ad
713 2307 898 2359 Deum.
921 2306 998 2357 Ab
1025 2304 1138 2357 istis
1167 2314 1340 2357 autem
1359 2343 1375 2366 ,
1401 2319 1688 2371 perversum
1720 2306 1917 2367 etiam,

354 2410 484 2461 etc.,
515 2398 676 2466 usque
730 2397 793 2450 ad
826 2397 925 2450 ista
951 2396 994 2447 0
1023 2405 1248 2463 peccata,
1278 2393 1397 2448 'etc.
1420 2435 1433 2457 ,
1477 2404 1724 2461 excerpta
1752 2404 1897 2460 sunt,
1981 2433 1984 2438 -

356 2501 562 2544 mutatu
588 2498 758 2543 tamen
780 2490 986 2552 ordine,
1015 2505 1079 2543 ex
1099 2489 1336 2543 oratione
1349 2489 1414 2541 ad
1437 2485 1495 2542 S.
1522 2481 1715 2540 Bened.
1740 2501 1897 2555 quam

349 2597 468 2636 esse
493 2581 658 2635 sancti
683 2581 916 2636 Ansebni
939 2590 1166 2635 constat.

416 2690 498 2743 Ab
530 2691 593 2742 iis
619 2705 773 2758 porro
796 2690 969 2744 verbis
994 2688 1038 2743 Ο
1064 2698 1292 2757 peccata,
1338 2697 1424 2742 etc
1455 2729 1469 2753 ,
1499 2703 1665 2759 usque
1691 2689 1754 2740 ad
1788 2689 1900 2742 hac

346 2776 559 2832 Exaudi
611 2797 762 2849 ergo,
821 2785 948 2843 etc.,
999 2795 1115 2848 qua:
1166 2789 1288 2836 sunt
1338 2780 1544 2833 initium
1597 2779 1785 2846 capitis
1812 2778 1899 2842 ‘10,

351 2878 560 2936 sumpta
605 2877 730 2921 sunt
780 2884 847 2921 ex
890 2869 1128 2923 oratione
1191 2869 1255 2920 ad
1314 2879 1556 2922 sanctmu
1607 2868 1898 2930 Nicolaum,

351 2971 509 3023 quam
537 2957 642 3025 ipse
668 2956 949 3011 Anselmus
978 2972 1034 3010 se
1063 2957 1250 3011 fecisse
1279 2957 1511 3012 declarat
1541 2959 1591 3010 in
1618 2958 1771 3026 epist.
1807 2958 1897 3020 51,

349 3043 386 3097 Ι.
427 3060 482 3097 ιι.
511 3046 589 3098 Ab
621 3045 722 3108 his,
762 3043 971 3098 Exaudi
999 3062 1140 3114 ergo,
1189 3035 1317 3107 etc.,
1373 3048 1436 3099 ad
1484 3048 1581 3100 ista
1610 3047 1713 3101 Sed
1766 3049 1899 3101 unde

344 3132 486 3186 Deus
516 3142 830 3198 meus,etc.,
881 3140 1119 3196 extracta
1165 3134 1366 3202 pariter
1414 3144 1624 3188 suntex
1683 3135 1903 3204 praelata

344 3231 484 3276 orat.
512 3221 580 3273 ad
602 3220 658 3274 S.
683 3217 800 3274 Nic.

412 3329 497 3382 Ab
529 3329 648 3382 istis
695 3329 798 3383 Sed
834 3329 963 3380 unde
1012 3328 1170 3394 Deus,
1227 3338 1352 3390 etc.,
1376 3330 1440 3382 ad
1488 3330 1597 3382 haec
1624 3330 1898 3393 Memento,

345 3428 450 3472 etc.
473 3459 488 3484 ,
514 3427 637 3470 sunt
667 3431 732 3469 ex
772 3417 923 3469 tertia
946 3417 1112 3470 sancti
1137 3418 1368 3471 Auselmi
1400 3419 1759 3486 meditatione,
1785 3424 1901 3488 qua

346 3519 428 3564 est
468 3511 535 3563 de
564 3508 866 3577 virginitate
896 3508 1030 3561 male
1063 3509 1278 3563 amissa.

418 3620 500 3672 Ab
539 3619 624 3672 his
667 3616 940 3682 Memento,
976 3627 1105 3682 etc.,
1131 3620 1196 3671 ad
1225 3619 1322 3672 ista
1352 3638 1364 3672 :
1403 3619 1537 3674 Deus
1559 3637 1721 3684 meus,
1773 3621 1826 3673 in
1843 3621 1903 3688 {te

347 3726 506 3779 pono,
532 3718 656 3772 etc.,
685 3709 906 3761 deducta
937 3716 1057 3762 sunt
1078 3723 1140 3773 ex
1166 3708 1266 3765 line
1292 3711 1547 3764 orationis
1566 3711 1630 3764 ad
1661 3721 1901 3764 sanctum

353 3799 652 3862 Nicolaum,
675 3807 804 3852 etes
833 3798 1173 3851 meditatione
1205 3800 1270 3851 de
1306 3799 1438 3852 male
1465 3801 1660 3854 amissa
1687 3802 1902 3871 virgini-

356 3898 486 3943 tate.

425 4003 532 4056 Ista
559 4003 743 4070 capitis
791 4001 980 4064 ultimi,
1016 4000 1236 4054 Peccare
1257 4015 1329 4056 est
1366 4003 1523 4056 Deum
1572 4004 1900 4067 inhonorare,

351 4102 485 4154 etc.,
526 4100 648 4144 sunt
675 4108 738 4145 ex
769 4091 1112 4144 meditatione
1139 4092 1222 4154 11,
1265 4108 1422 4160 quam
1473 4102 1687 4145 sanctus
1713 4093 1901 4146 Auset-

355 4195 475 4233 mus
503 4179 740 4246 Lugduni
763 4179 1078 4249 composuit,
1121 4189 1174 4234 et
1219 4197 1285 4235 et
1342 4183 1578 4252 pluribus
1628 4182 1745 4236 aliis
1789 4183 1903 4252 ejus

358 4267 605 4337 capitulis
631 4283 644 4318 ε

431 4378 551 4434 Il-nc
577 4379 812 4448 ejusdem
860 4384 1070 4452 capitis,
1103 4387 1199 4437 heu
1243 4383 1361 4436 me!
1386 4383 1610 4451 peccavi,
1660 4390 1785 4444 etc.,
1839 4383 1905 4434 ad

371 4468 466 4524 ista
495 4484 510 4521 :
541 4461 672 4523 Deus
701 4470 949 4525 Dominus
993 4473 1162 4540 cujus,
1193 4483 1292 4526 etc.
1317 4515 1330 4537 ,
1382 4473 1645 4539 exscripta
1695 4481 1817 4524 sunt
1846 4486 1910 4524 cx

365 4548 588 4614 secunda
644 4562 814 4615 sancti
869 4562 1101 4615 Auselmi
1154 4561 1512 4616 meditatione.
1557 4560 1678 4614 llaec
1736 4570 1908 4613 tamen

360 4647 564 4702 verba:
604 4648 689 4702 Vw
713 4649 844 4702 male
865 4652 1052 4719 agenti,
1109 4659 1238 4714 etc.,
1298 4659 1625 4717 transumpta
1672 4659 1796 4704 sunt
1845 4666 1907 4703 ex

353 4730 599 4793 oratione
637 4741 703 4792 ad
727 4728 964 4793 sanctum
997 4739 1214 4793 Paulum
1242 4727 1306 4793 ex
1355 4756 1456 4810 qua
1483 4741 1640 4793 etiam
1664 4741 1910 4807 decerpta

327 4836 481 4880 sunt
511 4828 607 4881 ista
634 4827 772 4880 Deus
826 4830 971 4895 cujus
1020 4829 1242 4896 bonitas,
1296 4839 1420 4894 etc.,
1473 4845 1641 4900 usque
1685 4829 1750 4882 ad
1800 4832 1912 4884 tunc

356 4912 481 4968 Scio
501 4916 707 4984 quidem
733 4925 779 4968 et
808 4914 1121 4982 fateorretc.

427 5023 504 5076 Ex
541 5025 626 5078 his
653 5035 836 5079 autem
864 5028 1107 5082 omnibus
1143 5031 1198 5082 lit
1227 5030 1441 5084 evidens
1469 5028 1660 5082 librum
1699 5030 1769 5083 De
1792 5047 1912 5083 con-

355 5113 567 5165 tritione
589 5115 780 5178 cordis,
820 5113 968 5182 cujus
1000 5126 1182 5171 auctor
1203 5119 1435 5172 incertus
1464 5118 1560 5172 fuit
1592 5119 1719 5187 ipsis
1742 5121 1911 5173 sancti

353 5202 970 5271 Augustiuicensoribus
1021 5205 1180 5261 fuisse
1238 5210 1588 5277 compositum
1641 5210 1707 5261 ab
1737 5211 1914 5278 aliquo

355 5293 680 5366 recentiore,
707 5296 796 5363 qui
845 5298 1012 5350 sancti
1043 5298 1318 5366 Augustini
1357 5312 1409 5353 et
1455 5302 1624 5353 sancti
1679 5302 1912 5354 AuSclmi

355 5387 657 5441 sententias
679 5402 796 5454 quae
827 5380 993 5456 magis
1019 5389 1084 5440 ad
1105 5390 1282 5442 cordis
1303 5392 1667 5443 (‘Ollll'lliOIICtll
1702 5407 1913 5445 movere

277 5515 285 5528 .
355 5485 580 5544 possunt
609 5477 996 5531 studiosissime
1043 5479 1273 5547 collegit,
1305 5478 1375 5542 lct
1435 5497 1497 5534 ex
1535 5482 1658 5548 ipsis
1722 5481 1910 5535 librant

359 5568 500 5620 hunc
533 5567 806 5635 aptissime
839 5567 1190 5622 concinuaiit.

1996 1805 2192 1860 tionem
2227 1805 2310 1868 14,
2333 1792 2459 1857 Ιαηιν
2487 1822 2516 1859 o
2544 1805 2702 1858 divini
2723 1823 2889 1870 amor,
2915 1817 3022 1860 etc.

2063 1897 2193 1965 Cap.
2227 1899 2290 1949 10
2315 1903 2399 1949 est
2447 1896 2559 1965 ipsa
2592 1896 2762 1949 oratio
2789 1914 2795 1919 ·
2820 1898 2908 1960 9.1,
2959 1897 3100 1959 Scio,
3152 1897 3386 1960 Domine,
3444 1909 3548 1952 etc.

1996 1986 2206 2040 Initium
2227 1987 2414 2055 capitis
2438 1987 2501 2040 18
2531 1987 2750 2039 inchoat
2769 1988 3167 2040 meditationem
3194 1989 3278 2051 18,
3330 1990 3545 2042 Omissis

1998 2075 2196 2144 aliquot
2225 2075 2461 2128 versibus
2483 2092 2600 2142 qua:
2632 2076 2750 2128 huic
2783 2075 2963 2141 prmnii
2994 2084 3197 2128 tantur.

2066 2166 2249 2232 Capita
2277 2165 2344 2218 92
2370 2175 2422 2218 et
2470 2165 2539 2217 23
2559 2165 2780 2231 plurima
2808 2164 3005 2217 habent
3058 2183 3174 2232 qua:
3228 2167 3472 2234 leguntur
3499 2168 3550 2218 7n

2001 2253 2025 2325 §
2053 2255 2102 2318 5,
2133 2254 2244 2308 6'ct
2275 2253 2305 2306 7
2333 2253 2692 2308 Meditaliouis
2720 2253 2809 2319 14,
2839 2268 2956 2321 qua:
2991 2261 3045 2306 et
3089 2253 3426 2308 Enciiriiiou
3475 2256 3556 2308 di-

1998 2347 2156 2398 citur.

2068 2438 2196 2502 Cap.
2221 2433 2290 2487 ἓξ)
2327 2442 2380 2487 et
2417 2432 2485 2486 50
2507 2433 2848 2487 continentur
2878 2433 2929 2487 in
2963 2433 2990 2504 ᾗ
3019 2435 3040 2486 1
3073 2434 3305 2503 przel'atze
3333 2435 3553 2488 Medita—

2001 2524 2158 2577 tionis
2188 2523 2271 2576 1-1.
3069 2581 3072 2584 λ

2071 2613 2239 2681 Caput
2263 2611 2330 2666 34
2352 2621 2432 2666 est
2453 2613 2622 2666 oratic
2646 2614 2853 2683 integra
2888 2629 3048 2682 quam
3103 2615 3340 2683 quintam
3370 2630 3552 2668 inime-

2004 2702 2256 2757 ravim‘us.

2073 2797 2239 2861 Caput
2264 2794 2332 2848 55
2353 2794 2567 2848 coniicit
2593 2795 2886 2848 orationem
2923 2796 3008 2850 17.

2075 2884 2242 2953 Caput
2263 2884 2329 2937 '56
2355 2886 2444 2938 dat
2469 2887 2762 2957 orationem
2794 2885 2876 2959 16.

2073 2975 2241 3043 Caput
2263 2975 2329 3027 57
2362 2976 2590 3044 complet
2613 2976 2678 3029 18
2701 2985 2751 3028 et
2787 2977 2850 3030 l9
2879 2978 3173 3030 orationes.

2073 3065 2330 3135 Capnt59
2368 3066 2573 3133 aliquas
2633 3067 2663 3119 li
2703 3068 2792 3119 bet
2849 3071 3140 3121 sententias
3191 3085 3308 3136 qua:
3357 3082 3471 3122 sunt
3503 3072 3552 3124 in

2004 3158 2242 3209 oratione
2271 3155 2337 3207 62
2373 3155 2579 3223 aliquas
2616 3171 2734 3224 qua:
2759 3170 3048 3211 occurrunt
3081 3154 3130 3210 in
3161 3162 3341 3212 medit.
3368 3141 3425 3225 ’5,
3453 3164 3552 3215 ali-

2001 3261 2137 3315 quas
2165 3261 2279 3313 qua:
2301 3245 2544 3314 leguntur
2592 3247 2642 3298 iu
2693 3256 2828 3299 orat.
2859 3247 2915 3311 2,
2943 3247 3148 3317 aliquas
3175 3251 3334 3302 etiam
3367 3266 3479 3319 qua:
3504 3253 3556 3306 in

2001 3352 2049 3389 c.
2086 3338 2103 3388 l
2140 3335 2391 3404 Proslogii
2422 3336 2779 3401 reperiuntur.
2926 3396 2928 3399 ι

2070 3424 2304 3493 Denique
2332 3424 2576 3493 caput“
2618 3433 2671 3479 et
2715 3424 2810 3477 ult.
2844 3426 3104 3496 integram
3161 3431 3373 3484 conﬁcit
3429 3447 3555 3485 ora-

2002 3515 2199 3569 tionem
2226 3516 2312 3569 9-0.
2811 3584 2816 3585 ν

2071 3606 2148 3660 Ex
2176 3604 2257 3658 his
2286 3603 2401 3658 lucc
2433 3603 2627 3658 clarius
2666 3611 2749 3657 est
2805 3614 2896 3658 aut
2930 3605 3058 3660 istas
3101 3608 3471 3664 meditationes
3501 3620 3555 3665 ct

2001 3693 2269 3764 orationes
2296 3708 2360 3746 ex
2390 3691 2607 3759 przel'ato
2671 3691 2807 3746 libro
2857 3708 2973 3746 esse
3002 3694 3318 3763 descriptas,
3349 3708 3439 3750 aut
3488 3700 3554 3752 li-

2003 3783 2154 3840 brum
2178 3781 2316 3855 hunc
2341 3794 2404 3834 ex
2433 3779 2550 3833 istis
2577 3779 2806 3832 maxime
2830 3782 3160 3854 orationibus
3208 3800 3298 3837 seu
3329 3789 3553 3841 medita-

1952 3876 1966 3890 '
2005 3869 2236 3925 tionibus
2261 3886 2365 3924 non
2389 3868 2456 3923 ab
2474 3870 2724 3922 Ansehno
2750 3869 2840 3923 sed
2869 3870 3200 3940 aliojuniore
3235 3872 3394 3927 fuisse
3409 3892 3556 3928 Cum-

2003 3961 2244 4026 positurn.
2275 3959 2459 4012 Utrum
2493 3971 2673 4010 verum
2726 3955 2797 4006 sit
2822 3967 2876 4007 ut
2910 3957 3254 4029 intelligatur,
3280 3965 3503 4017 adverto
3537 3983 3548 4017 :

2004 4051 2058 4102 1ο
2088 4048 2391 4116 Proslogiin
2414 4058 2466 4102 et
2489 4048 2620 4104 alias
2645 4049 2829 4103 saltem
2861 4061 2929 4102 ex
2960 4047 3040 4103 his
3076 4049 3260 4118 oratioi
3285 4049 3403 4106 ilus
3439 4070 3557 4121 qum

2003 4142 2186 4192 eadem
2216 4139 2409 4192 habent
2437 4154 2500 4191 ac
2537 4142 2636 4192 iste
2666 4139 2800 4193 liber
2820 4179 2834 4204 ,
2886 4140 3177 4193 indubitata
3201 4135 3335 4194 esse
3384 4147 3554 4197 sant-ti

2004 4229 2233 4283 Anselmi
2257 4229 2528 4296 opuscula.
2562 4229 2710 4284 Unde
2729 4241 3137 4299 consectaneum
3189 4231 3356 4301 magis
3380 4243 3459 4286 est
3492 4250 3558 4288 ex

1936 4331 1981 4389 [)
2008 4319 2174 4371 sancti
2205 4317 2439 4372 Ansclmi
2463 4319 2795 4373 orationibus
2838 4320 3027 4373 librum
3060 4320 3199 4374 hunc
3245 4337 3362 4375 esse
3407 4332 3555 4376 tran-

2010 4418 2272 4477 snmptum
2325 4425 2484 4478 quam
2528 4423 2591 4461 ex
2622 4424 2685 4463 eo
2711 4410 2923 4472 libello,
2979 4409 3129 4476 cujus
3159 4419 3345 4466 auctor
3385 4414 3559 4469 nul'us

2012 4509 2134 4553 ante
2158 4498 2459 4552 Anselmum
2486 4510 2630 4552 certo
2662 4499 2858 4564 scitur,
2878 4507 2931 4551 ct
2971 4499 3061 4568 qui
3094 4515 3194 4552 non
3227 4502 3324 4554 n'si
3357 4502 3406 4554 in
3429 4518 3557 4557 mss.

2012 4591 2390 4643 recentioribus
2410 4589 2614 4659 legitur,
2649 4590 2778 4643 istas
2808 4589 3078 4644 ora'iones
3101 4590 3262 4644 fuisse
3290 4593 3355 4645 ab
3377 4594 3560 4648 Angel-

2013 4693 2097 4732 mo
2123 4679 2431 4747 descriptas.
2480 4677 2589 4732 Nec
2638 4679 2780 4732 enim
2827 4675 2893 4733 is'
2931 4687 3046 4732 erat
3095 4681 3264 4733 saicti
3325 4681 3571 4736 Anselml‘
3620 4750 3623 4752 η

2013 4769 2239 4821 animus.

2081 4858 2310 4911 Adverto
2334 4857 2391 4908 2°
2425 4857 2616 4911 librum
2645 4859 2787 4912 hunc
2811 4857 3206 4912 Meditationum
3263 4859 3394 4913 nihil
3418 4861 3557 4915 aliud

2010 4962 2128 5002 esse
2151 4962 2304 5013 quam
2338 4956 2586 5001 centones
2613 4962 2992 5014 nonnunquam
3043 4948 3217 5002 minus
3239 4959 3358 5018 apte
3409 4966 3561 5003 assu-

2016 5046 2112 5088 tos.
2144 5035 2195 5088 lu
2237 5035 2565 5088 orationibus
2621 5047 2748 5089 vero
2791 5038 2960 5089 sancti
2988 5037 3220 5090 Anselnti
3286 5039 3572 5093 sententia

2013 5126 2286 5178 sententis
2317 5135 2368 5178 et
2396 5133 2573 5192 partes
2594 5126 2828 5193 partibus
2874 5126 3043 5195 magis
3064 5127 3348 5179 cohazrent.
3377 5127 3561 5182 Potius

2015 5216 2192 5283 itaque
2233 5215 2317 5267 ille
2364 5229 2429 5268 cx
2481 5215 2594 5268 istis
2618 5255 2632 5279 ,
2663 5232 2819 5284 quam
2847 5217 2960 5269 ista:
2995 5232 3060 5269 ex
3084 5217 3170 5268 illo
3194 5255 3208 5280 ,
3240 5211 3562 5285 compositus

2013 5313 2112 5357 est.

2224 5383 2461 5448 Ῐυῡιςιωι
2512 5407 2648 5444 unm
2679 5407 2765 5454 ρει
2819 5393 3063 5448 Manuale
3120 5410 3350 5448 mcn'un.

2084 5478 2234 5532 Hunc
2263 5480 2453 5532 librum
2483 5496 2584 5532 non
2615 5496 2730 5534 esse
2758 5483 3034 5550 Augustini
3073 5489 3276 5532 constat
3318 5499 3329 5532 :
3378 5480 3431 5529 1ο
3493 5496 3561 5534 ex

2015 5585 2075 5623 co
2126 5572 2263 5641 quod
2312 5571 2360 5622 in
2431 5566 2814 5638 antiquitiribus
2862 5589 2957 5625 ms.
3011 5587 3108 5621 non
3153 5568 3375 5636 legatur,
3409 5568 3462 5618 Εἰο
3497 5584 3559 5619 ρ(
