4174 6194
598 195 666 248 59
1586 195 1641 249 s.
1682 196 2043 249 ussuros
2074 169 2418 249 dmum.
2462 193 2774 248 ARCIIIEP.
3726 202 3794 255 to

597 303 765 369 ipsius
789 302 1021 371 prologo,
1074 300 1162 355 ubi
1198 312 1410 363 auctor
1453 302 1707 371 prmfatur
1750 318 1808 358 sc
1833 319 1899 358 ex
1947 302 2156 371 elegan-
2182 308 2229 364 Α
2262 305 2420 356 niam.
2456 303 2684 371 [eqtius
2721 315 2900 356 tamen
2946 304 3240 356 censuerim
3290 304 3339 357 id
3388 308 3567 373 operis
3597 322 3692 362 nec
3735 312 3800 364 ab

598 390 822 444 tioribus
848 390 1003 443 dictis
1028 389 1129 444 SS.
1158 391 1376 445 Patrum
1418 390 1659 445 Manuale
1701 392 1800 446 hoc
1828 392 2100 462 cellegisse
2129 433 2145 457 ,

572 479 651 532 5⁸
678 491 741 531 ex
769 491 834 531 eo
857 478 999 545 quod
1028 493 1118 533 sex
1154 480 1339 532 ultnna
1366 476 1587 545 hujusce
1613 480 1733 553 libri
1761 480 1993 548 capitula
2023 496 2143 539 ver-2

589 563 755 618 batim
782 564 951 617 sancti
976 565 1211 623 Anselmi
1240 563 1518 634 Proslogio
1545 574 1875 632 transumpta
1912 565 2038 617 sint.

658 652 741 705 An
762 666 891 739 vero
918 653 1003 707 hic
1051 653 1187 706 liber
1214 652 1286 707 sit
1334 652 1573 708 Anselmi
1597 668 1702 707 non
1722 660 1809 737 est
1836 651 1977 706 unde
2014 650 2145 706 deli-

2252 392 2566 460 Attgustino,
2586 406 2694 446 ‘ncc
2724 393 2791 445 ab
2811 392 3059 446 Διιεεὶωο
3106 393 3385 460 prodiissc,
3414 396 3508 448 sed
3531 398 3598 449 ab
3622 398 3802 467 aliquo

2252 476 2382 545 ipsis
2417 476 2730 539 recentiore,
2762 479 2852 545 qui
2877 492 2941 531 ex
2993 479 3217 533 diversis
3248 488 3304 532 et
3333 480 3566 535 maxinte
3600 481 3658 535 S.
3687 484 3801 537 Au»

2251 565 2445 632 gustini
2468 572 2522 618 et
2545 566 2714 619 sancti
2746 566 2982 621 Anselmi
3002 567 3280 623 sententiis
3303 576 3360 622 et
3381 568 3628 638 capitulis
3657 570 3800 627 hunc

2249 652 2442 707 librum
2466 667 2585 707 con.
2619 655 2928 707 sarcinavit.
2988 650 2989 653 “

1651 796 2177 887 CENSURA
2237 750 2731 886 OPERUM

1332 962 1542 1030 QUAE
1605 959 1674 1013 IN
1724 958 2309 1017 APPENDICE
2369 963 2664 1019 EDITA
2725 966 2998 1024 SUNT.

1072 1094 1313 1169 Censoris
1357 1089 1671 1144 Elncidarii.

654 1188 872 1244 Oxoniaa
903 1186 954 1238 in
980 1200 1087 1239 ms.
1116 1183 1220 1235 225
1250 1182 1378 1236 bibl.
1408 1180 1763 1236 Mertonensis
1783 1181 1921 1236 liber
1939 1181 2040 1235 iste
2064 1180 2143 1236 sic

585 1279 870 1342 inscriptus
923 1274 1156 1343 legitur:
1202 1269 1355 1349 Liber
1416 1273 1503 1341 qui
1548 1282 1756 1325 vocatur
1810 1269 2141 1324 Elucitlarius

580 1370 646 1423 B.
680 1367 926 1428 Anselnti.
954 1365 1293 1435 Cantabrigre'
1312 1365 1364 1418 in
1393 1378 1494 1417 ms.
1542 1362 1669 1426 £23;
1697 1362 1886 1432 colleg.
1919 1360 2137 1424 Bened.,

582 1456 945 1535 @lncidoriu'm
967 1454 1215 1508 Anselmi.
1258 1453 1313 1506 in
1357 1452 1599 1521 pluribus
1624 1451 1744 1506 aliis
1765 1467 1891 1505 mss.
1939 1459 2135 1515 exstat,

579 1546 673 1601 sed
704 1546 820 1600 sine
870 1544 1083 1598 nomine
1127 1541 1385 1607 auctoris.
1416 1539 1473 1593 In
1529 1556 1631 1594 ms.
1658 1538 1934 1606 cujusdam
1960 1537 2144 1591 biblio.

578 1636 748 1689 thecae
767 1633 1069 1702 Anglicana:
1094 1638 1272 1685 exstat
1300 1630 1460 1683 etiam
1484 1630 1582 1683 hoc
1597 1644 1731 1697 opus
1754 1627 1959 1682 Gallice
2005 1627 2141 1681 scri-

577 1732 747 1793 ptum,
778 1730 837 1775 ut
867 1710 1015 1776 certo
1042 1702 1172 1774 mihi
1202 1719 1270 1773 ab
1309 1718 1504 1785 amico,
1554 1732 1665 1787 pra:
1700 1716 1851 1783 cujus
1900 1715 2142 1770 manibus

578 1822 715 1876 erat,
741 1812 1104 1867 renuntiatum
1143 1819 1246 1864 est.

648 1900 800 1954 llunc
830 1900 1023 1954 librum
1053 1898 1291 1953 Anselmi
1335 1896 1551 1952 nomine
1580 1897 1888 1966 insignitum
1937 1893 2139 1962 Espen-

576 2005 720 2045 cacus
753 1990 902 2060 prelo
924 1990 1130 2059 primus
1155 1988 1424 2043 commisit
1444 1987 1665 2040 Parisiis
1692 2003 1779 2039 an.
1808 1987 1967 2048 1560,
2003 1985 2143 2040 unde

578 2093 761 2150 postea
783 2081 924 2135 inter
948 2079 1117 2134 sancti
1155 2078 1393 2133 Anselnii
1426 2078 1598 2146 Opera
1649 2092 1905 2132 exeusum
1938 2084 2021 2129 est
2041 2074 2142 2129 Co-

577 2171 736 2225 lou'izn
762 2186 850 2224 an.
899 2168 1053 2223 1575.
1081 2166 1517 2236 Quandoquidem
1559 2180 1686 2221 vero
1716 2168 1766 2219 in
1805 2180 1871 2220 eo
1915 2164 2139 2234 plurima

576 2260 977 2328 rana,incpta,
1019 2268 1074 2314 et
1141 2256 1568 2311 sanctiAnselmi
1614 2255 1867 2310 doctrina:
1919 2254 2141 2308 adversa

574 2349 1064 2418 deprehenduntur,
1098 2347 1371 2415 indignant
1395 2361 1621 2415 prorsus
1649 2347 1789 2413 quod
1823 2344 1963 2397 illius
1998 2343 2138 2412 Ope-

574 2441 724 2493 ribus
750 2440 1213 2502 adnumeraretur,
1244 2430 1545 2506 judicatum
1587 2446 1690 2490 est.
1724 2436 1851 2501 Quae
1898 2436 2040 2487 enim
2076 2434 2141 2487 de

578 2529 721 2583 luctu
748 2528 938 2591 Adam,
984 2526 1115 2580 Abel
1147 2528 1349 2602 occiso,
1393 2526 1643 2580 dicuntur
1695 2526 1747 2578 in
1800 2525 1836 2577 l.
1868 2540 1904 2586 ι,
1930 2524 2069 2577 ε.15
2088 2533 2143 2576 et

576 2620 642 2671 de
665 2616 935 2670 miraculis
977 2615 1068 2681 qui
1130 2614 1355 2668 Domino
1379 2620 1635 2667 nascente
1682 2612 1967 2680 contigisse
2019 2624 2142 2661 nar—

578 2715 769 2763 t‘antur
801 2706 855 2759 in
909 2702 1122 2767 cod.i.,
1152 2718 1203 2757 c.
1240 2702 1327 2767 19,
1361 2716 1458 2755 nec
1485 2700 1749 2769 theologo,
1789 2692 1887 2754 nec
1908 2712 2037 2753 sano
2055 2712 2142 2751 ca—

576 2795 688 2864 pite
714 2795 872 2866 digna
922 2803 1047 2849 sunt
1078 2812 1091 2848 :
1121 2795 1333 2848 Etcum
1381 2792 1658 2846 arbitrium
1704 2788 2029 2858 deliniturtl.
2054 2805 2137 2853 ιιι,

2250 1096 2382 1150 nihil
2412 1097 2680 1166 loquitur;
2714 1102 2769 1155 4ο
2797 1110 2851 1156 et
2871 1105 3099 1159 maxime
3134 1120 3245 1175 pra:
3284 1106 3480 1164 fabulis
3500 1120 3553 1166 et
3580 1114 3798 1182 puerili-

2243 1184 2346 1238 bus
2366 1185 2520 1255 nugis
2540 1187 2734 1257 quibus
2760 1189 3002 1261 dialogus
3030 1193 3131 1248 iste
3150 1194 3390 1263 oppletus
3413 1206 3515 1252 est.

2442 1274 2685 1330 CENSURA
2726 1272 2865 1332 unm
2904 1279 2983 1333 De
3008 1283 3384 1338 mensuratione
3426 1287 3617 1341 crucis.

2312 1361 2366 1415 ln
2389 1364 2643 1433 omnibus
2662 1366 2897 1433 quidem,
2924 1368 3089 1422 etiam
3123 1371 3532 1439 antiquioribus,
3568 1378 3792 1430 ‘cxcusis

2244 1452 2300 1507 S.
2321 1452 2555 1508 Anselmi
2581 1452 2843 1524 Opertbus
2890 1457 3023 1513 liber
3062 1460 3165 1514 iste
3213 1462 3425 1530 legitur.
3452 1462 3649 1518 Verum
3670 1479 3789 1519 cum

2242 1544 2294 1597 in
2326 1543 2481 1597 nullis
2508 1545 2804 1613 reperiatur
2840 1560 2973 1601 mss.
3020 1556 3077 1601 et
3124 1558 3314 1603 auctor
3346 1550 3400 1604 in
3451 1565 3570 1620 cap.
3602 1552 3635 1606 5
3666 1552 3789 1605 Ber-

2241 1633 2465 1686 nardum
2495 1634 2644 1699 citet,
2686 1634 2861 1702 palam
2884 1644 2965 1689 est
3007 1650 3129 1689 eum
3182 1652 3301 1693 esse
3332 1639 3584 1693 Anselmo
3616 1650 3792 1707 poste-

2241 1723 2458 1789 riorem,
2486 1722 2577 1792 qui
2600 1737 2742 1778 anno
2770 1722 2905 1796 1109
2951 1724 3276 1792 decesserat,
3320 1720 3635 1796 antequam’
3661 1728 3793 1784 Ber—

2242 1812 2446 1864 nardus
2496 1809 2581 1863 vel
2625 1794 2945 1865 monachum
2996 1810 3269 1868 induisset.
3322 1794 3482 1881 Quod
3517 1814 3679 1869 etiam
3727 1816 3795 1870 de

2240 1899 2433 1954 merito
2457 1914 2523 1953 ex
2551 1901 2814 1969 condiguo
2862 1899 3098 1969 loquitur
3125 1901 3178 1955 in
3224 1916 3274 1957 c.
3321 1903 3373 1968 1,
3423 1901 3626 1957 indicat
3690 1904 3795 1958 hoc

2240 2004 2373 2057 opus
2401 2002 2504 2042 non
2530 1986 2789 2057 prodiisse
2810 1998 2935 2043 ante
2959 1988 3208 2043 saeculum
3243 1989 3509 2045 decimum
3557 1991 3793 2045 tertium.

2345 2080 2586 2135 CENSUﬂA
2616 2095 2754 2134 ment
2782 2079 2857 2133 De
2879 2080 3205 2149 conceptione
3242 2081 3402 2135 beata:
3436 2080 3688 2150 Virginis.

2309 2170 2542 2238 llnjusce
2567 2170 2901 2225 tractationis
2928 2168 3227 2239 fragmenta
3276 2185 3399 2225 cum
3453 2171 3553 2224 hac
3586 2171 3797 2239 epigra-

2239 2256 2361 2324 phe,
2412 2254 2489 2309 De
2524 2266 2769 2325 conceptu
2817 2256 3057 2325 virginali
3111 2257 3332 2324 passivo,
3377 2257 3581 2324 primus
3630 2258 3797 2311 edidit

2239 2344 2299 2400 P.
2324 2346 2665 2416 Raynaudus,
2699 2349 2790 2415 qui
2813 2356 2955 2402 totus
2979 2348 3255 2401 contendit
3279 2348 3483 2403 huncce
3508 2357 3795 2403 tractatum

2238 2451 2267 2488 a
2296 2436 2353 2489 S.
2383 2436 2771 2493 Anselmoesse
2793 2437 3166 2505 compositum.
3212 2438 3469 2507 Equidem
3515 2439 3626 2507 ipse
3667 2439 3780 2492 scio

2240 2525 2292 2578 in
2316 2539 2415 2603 ms.
2439 2525 2541 2580 271
2566 2526 2695 2581 bibl.
2740 2525 2967 2581 Merton.
3014 2529 3067 2580 in
3108 2527 3457 2595 Anglia,ante
3507 2537 3792 2583 tractatum

2241 2614 2316 2667 De
2335 2614 2634 2669 excellentia
2668 2615 2733 2669 B.
2777 2616 2963 2670 Mariae
2987 2617 3127 2672 ltunc
3174 2618 3275 2690 legi
3318 2620 3397 2674 sic
3426 2619 3736 2689 inscriptum
3774 2636 3788 2670 :

2239 2703 2510 2759 Ansclmus
2531 2705 2597 2759 de
2640 2706 2969 2774 conceptione
3013 2704 3075 2760 Β.
3119 2707 3304 2762 Maria:
3331 2718 3429 2765 :et
3466 2710 3520 2763 in
3570 2723 3670 2763 ms.
3724 2708 3795 2762 Ἡ

2238 2795 2366 2848 bibl.
2392 2795 2597 2849 Lincol.
2630 2796 2771 2850 inter
2800 2796 2903 2848 alia
2964 2796 3021 2850 S.
3070 2799 3306 2853 Anselmi
3356 2815 3516 2868 opera
3544 2800 3670 2854 illud
3696 2802 3794 2854 ba-

576 2901 622 2939 c.
653 2883 708 2953 5)
741 2903 759 2936 ι
804 2884 1023 2939 libertas
1075 2883 1301 2954 eligendi
1351 2883 1547 2936 bonum
1598 2881 1682 2933 vel
1736 2880 1958 2943 malum.
1995 2896 2011 2928 ι
2066 2878 2134 2930 ab
2159 2880 2204 2939 C
2236 2885 2345 2939 beri
2372 2883 2446 2938 De
2473 2884 2813 2953 Conceptione
2855 2884 2919 2937 Β.
2959 2885 3201 2956 Virginis.
3250 2889 3586 2957 Cantabrigze
3613 2890 3664 2943 in
3692 2906 3793 2946 ms.

571 2973 807 3028 Anselmi
830 2973 1070 3027 doctrina
1116 2972 1384 3028 receditur
1411 2988 1424 3025 :
1451 2969 1605 3039 cujus
1651 2972 1810 3024 etiam
1860 2969 2134 3024 sententia:

574 3073 834 3136 repugnat
862 3063 1003 3133 quod
1033 3063 1069 3118 1.
1097 3079 1157 3130 ιι,
1200 3078 1253 3122 c.
1300 3062 1389 3127 15,
1424 3062 1491 3117 de
1537 3061 1754 3115 seminis
1801 3059 2135 3114 immunditia

574 3155 974 3227 pronuntiatur.
1002 3154 1203 3207 Deinde
1239 3160 1461 3205 sanctus
1510 3149 1792 3204 Anselmus
1822 3148 1876 3202 in
1922 3147 2137 3216 prologo

583 3246 650 3298 ad
686 3245 952 3313 dialogum
983 3242 1057 3296 De
1087 3242 1297 3297 veritate
1328 3241 1439 3311 ipse
1462 3247 1693 3309 quatuor
1720 3255 1750 3292 a
1793 3252 1851 3293 se
1879 3239 2136 3305 composi-

578 3348 661 3390 tos
676 3334 910 3403 dialogos
931 3334 1171 3388 scribens
1208 3340 1262 3387 et
1299 3344 1647 3391 enumerans.
1683 3328 1840 3397 hujus
1888 3341 1989 3380 non
2021 3340 2134 3379 me-

574 3426 749 3479 minit.
789 3424 898 3480 Nec
918 3423 1040 3493 quis
1065 3424 1208 3478 dicat
1236 3436 1297 3476 ea
1340 3431 1497 3477 aetate
1524 3420 1788 3489 dialogum
1833 3419 1970 3472 ltunc
2007 3434 2136 3471 non-

576 3515 703 3567 dum
733 3515 802 3568 ab
846 3528 911 3568 eo
953 3513 1157 3568 editum
1204 3512 1397 3575 fuisse;
1432 3525 1555 3564 nam
1604 3507 1979 3563 exElueidarii
2007 3521 2136 3574 prae-

576 3606 777 3661 fatione
812 3605 978 3674 liquet
1009 3605 1181 3674 ipsum
1206 3603 1272 3656 ab
1298 3602 1477 3670 aliquo
1502 3601 1592 3669 qui
1624 3602 1677 3654 in
1724 3598 1919 3653 scholis
1943 3599 2136 3675 adhuc

580 3704 782 3765 ageret,
809 3706 862 3749 et
887 3695 1118 3748 nondum
1139 3702 1283 3746 esset
1307 3691 1579 3760 praelatus,
1603 3704 1721 3743 esse
1750 3678 2093 3756 compesitum
2118 3699 2133 3738 :

575 3782 826 3837 Anselmo
845 3791 1024 3835 autem
1056 3779 1336 3851 Beccensis
1364 3776 1593 3832 coanobii
1619 3776 1852 3844 regimen
1888 3773 1999 3843 jatn
2024 3783 2134 3828 tum

575 3871 979 3939 obtigeratcum
1012 3868 1078 3922 ad
1112 3883 1239 3922 suos
1260 3866 1499 3935 dialogos
1524 3864 1801 3934 prologum
1834 3860 2061 3932 scripsit.

650 3960 885 4015 Honorio
905 3956 1375 4030 Augustodunensi
1413 3955 1465 4009 id
1495 3955 1673 4024 Operis
1720 3953 1968 4021 ascripsit
2013 3950 2133 4006 Tri-

579 4051 811 4106 thentins
834 4050 868 4102 l.
904 4051 975 4103 De
1004 4046 1149 4102 Eccl.
1179 4046 1369 4117 script.
1400 4045 1683 4101 Guillelmo
1731 4042 2134 4100 Conventriensi

576 4142 897 4205 Cartnelitzn,
928 4140 1016 4210 qui
1051 4139 1183 4193 vixit
1218 4140 1363 4193 circa
1395 4154 1483 4191 an.
1538 4136 1695 4201 i360,
1725 4136 1784 4189 Ρ.
1812 4133 2134 4204 TheOphilus

2235 2975 2337 3031 538
2372 2976 2559 3045 collcg.
2670 2976 2943 3030 Benedict.
2970 2988 3085 3045 post
3112 2978 3361 3033 Eadmeri
3395 2981 3571 3048 Opera
3594 2983 3798 3051 pariter

2236 3065 2473 3126 occurrite
2499 3072 2759 3118 tractatus
2780 3063 2855 3118 De
2882 3066 3209 3134 conceptione
3242 3065 3300 3120 S.
3331 3068 3537 3124 Marica.
3592 3070 3696 3125 Sed
3741 3080 3795 3125 et

2236 3156 2291 3208 in
2342 3169 2443 3209 ms.
2497 3153 2734 3208 Cluniae.
2791 3152 3026 3230 legitur:
3060 3154 3333 3210 Tractatus
3370 3156 3436 3209 Β.
3476 3160 3704 3213 Anselmi
3730 3160 3792 3214 de

2235 3242 2559 3309 conceptione
2583 3239 2647 3294 Β.
2681 3239 2867 3296 Mario:
2904 3240 3047 3310 Virg.
3105 3242 3173 3297 Et
3223 3242 3278 3297 in
3334 3260 3437 3303 ms.
3465 3245 3629 3301 Corb.
3656 3246 3796 3301 inter

2234 3331 2402 3385 sancti
2431 3329 2669 3385 Anselmi
2694 3328 2869 3399 Opera
2897 3329 2985 3386 hic
3009 3332 3171 3386 etiam
3223 3340 3483 3388 tractatus
3510 3338 3794 3405 reperitur,

2234 3420 2310 3473 De
2330 3420 2655 3488 conceptione
2684 3418 2747 3473 Β.
2799 3419 2943 3490 Virg.
2993 3420 3180 3475 Maria:
3224 3436 3292 3477 ex
3344 3424 3537 3493 quibus
3588 3428 3796 3482 duobus

2236 3522 2336 3562 ms.
2362 3507 2567 3562 huncce
2590 3516 2880 3562 tractatum
2940 3509 3206 3579 integrum
3259 3513 3542 3567 edidimus.
3572 3513 3684 3567 Non
3716 3526 3794 3568 ta—

2235 3613 2355 3651 men
2378 3597 2517 3653 inter
2536 3597 2705 3652 sancti
2738 3597 2976 3653 Anselmi
3017 3598 3191 3668 Opera
3240 3602 3666 3672 quandoquidem
3698 3605 3793 3659 ho-

2234 3702 2353 3740 rum
2385 3701 2511 3741 mss.
2542 3702 2661 3755 qua:
2691 3687 2943 3757 pauciora
2984 3697 3130 3753 sunt,
3181 3698 3237 3743 et
3269 3690 3402 3744 alios
3429 3704 3591 3758 quam
3621 3692 3793 3747 sancti

2234 3773 2469 3846 Anselmi
2522 3782 2780 3827 tractatus
2817 3775 3114 3839 continent,
3165 3776 3323 3831 tidem
3380 3778 3593 3846 penitus
3639 3779 3795 3833 abro-

2226 3843 2480 3933 ‘gantalia
2507 3860 2783 3917 innumera
2813 3861 3042 3932 Operum
3084 3864 3143 3919 S.
3170 3843 3400 3943 Anselmi
3433 3881 3564 3921 mss.
3593 3881 3711 3935 qua:
3738 3867 3793 3920 in

2236 3953 2423 4022 Regia,
2454 3951 2749 4017 Victorina,
2780 3954 3032 4019 Thuana,
3088 3963 3143 4009 et
3197 3956 3437 4023 pluribus
3465 3955 3581 4011 aliis
3610 3955 3794 4010 biblio-
3886 4030 3891 4035 ι

2237 4044 2406 4097 thecis
2448 4043 2499 4095 in
2528 4042 2719 4109 Gallia,
2758 4041 2810 4095 in
2836 4042 3025 4113 Anglia
3053 4052 3108 4097 et
3132 4044 3185 4097 in
3209 4043 3387 4110 Belgio
3420 4051 3790 4098 asservantur.

2235 4134 2291 4187 in
2330 4134 2411 4188 his
2448 4134 2589 4187 enim
2632 4134 2881 4187 omnibus
2908 4150 2976 4188 ne
3012 4133 3365 4203 fragmentum
3408 4134 3622 4202 quidem
3666 4134 3792 4187 ista-

577 4232 631 4285 in
658 4232 924 4286 Eromatis
964 4228 1330 4298 adjudicavit:
1382 4228 1535 4297 cujus
1586 4236 1760 4279 tamen
1818 4226 2134 4279 sententiam
2171 4218 2213 4270 1)
2240 4240 2355 4279 rum
2387 4225 2764 4278 tractationum
2791 4226 3026 4291 reperire
3076 4232 3176 4278 est.
3228 4224 3333 4278 Sed
3380 4240 3476 4278 nec
3520 4226 3633 4278 scio
3676 4224 3794 4291 quis

579 4320 638 4372 Ρ.
671 4319 847 4373 Labbe
897 4317 1137 4373 confutat
1175 4332 1240 4371 ex
1266 4331 1367 4370 ms.
1393 4316 1576 4369 codice
1605 4313 1729 4367 coll.
1770 4312 2023 4375 Clarom.,
2047 4312 2134 4379 qni

581 4408 801 4481 hujusce
839 4406 1139 4461 Carmelitm
1159 4414 1369 4460 artatem
1394 4413 1626 4471 superat.
1669 4402 1851 4455 Νριιιιί
1888 4416 1982 4470 ego
2014 4400 2138 4454 illud

581 4514 715 4567 Opus
744 4511 1005 4561 asseram,
1039 4500 1130 4550 sed
1158 4496 1368 4550 cuidam
1419 4495 1589 4573 sancti
1639 4492 1872 4546 Anselnti
1904 4492 2137 4544 studioso

578 4592 668 4660 qui
700 4606 761 4644 ex
790 4591 953 4659 ipsius
996 4591 1227 4643 maxime
1282 4588 1563 4643 sententiis
1606 4586 1743 4639 hanc
1799 4585 2135 4649 Christianae,

578 4691 635 4733 ut
658 4681 747 4740 ait,
781 4679 1057 4749 theologia:
1083 4693 1345 4733 summam
1374 4676 1733 4731 concinnavit.

796 4772 1033 4824 Cansuna
1064 4784 1270 4823 DIALOGI
1302 4769 1378 4822 Dc
1428 4765 1680 4820 Passione
1704 4764 1928 4819 Dom-'ni.

652 4861 837 4912 Exstat
871 4862 956 4913 hic
971 4862 1208 4929 dtaIOgus
1263 4860 1315 4913 in
1367 4874 1468 4912 ms.
1514 4857 1615 4911 519
1638 4857 1765 4911 bibl.
1800 4855 2006 4909 Thuan.
2039 4856 2139 4908 sub

581 4953 681 5005 hoc
708 4952 860 5013 titulo
886 4970 896 5002 :
934 4950 1178 5002 Planctus
1199 4952 1357 5002 beata:
1398 4949 1585 5001 Maria:
1616 4947 1681 5000 V.
1729 4948 1795 4999 ad
1825 4946 2137 5010 Ansefntum,

580 5043 645 5092 tl:
679 5041 916 5106 passione
943 5038 1152 5091 Christi.
1185 5038 1372 5090 Exstat
1401 5049 1451 5089 et
1472 5036 1523 5089 in
1554 5036 1798 5089 omnibus
1838 5036 2012 5089 editis.
2045 5035 2138 5086 Ni-

504 5130 505 5135 “
584 5133 871 5185 hilominus
927 5142 1101 5184 tamen
1142 5130 1281 5183 hunc
1338 5143 1440 5182 non
1475 5143 1593 5182 esse
1636 5126 1971 5194 S._Ansclmi
2012 5125 2139 5178 mini

582 5232 813 5285 constat,
848 5224 907 5275 1"
935 5236 997 5274 ex
1038 5220 1275 5289 prologo,
1329 5220 1417 5273 ubi
1472 5218 1585 5272 haec
1629 5218 1874 5287 leguntur
1906 5233 1919 5268 :
1950 5214 2141 5266 Beatus

584 5311 1029 5375 .4nselntus,ctc.;
1058 5311 1116 5362 2ο
1142 5306 1321 5377 quinis
1351 5324 1453 5362 non
1475 5316 1554 5360 est
1577 5322 1639 5359 ex
1668 5317 1893 5373 quatuor
1920 5302 2141 5371 dialogis

584 5420 716 5469 quos
737 5420 765 5455 a
792 5420 848 5457 se
877 5404 1202 5472 compositos
1233 5400 1513 5453 Anselmus
1538 5399 1649 5467 ipse
1679 5407 1911 5450 recenset
1935 5396 1985 5447 in
2009 5410 2141 5463 prm~

588 5495 781 5548 titione
812 5497 873 5547 ai
900 5497 1022 5549 dial.
1056 5496 1127 5549 Dc
1156 5496 1393 5554 rerisntc,‘
1429 5494 1482 5544 ὖυ
1513 5490 1632 5557 quia
1665 5490 1726 5543 dc
1749 5506 1811 5541 eo
1852 5488 2142 5540 liptdntcrus

2242 4323 2500 4368 tractatus
2529 4314 2613 4368 ille
2638 4314 2731 4378 sit,
2759 4328 2914 4381 quem
2964 4322 3072 4368 tres
3126 4314 3402 4384 Anglicani
3450 4316 3537 4368 isti
3585 4317 3795 4370 codices

2242 4404 2577 4463 inscribunt:
2609 4403 2687 4456 De
2737 4405 3062 4471 conceptione
3105 4402 3169 4456 Β.
3228 4402 3492 4471 Virginis;
3549 4405 3633 4457 hic
3653 4407 3794 4459 enim

2242 4493 2425 4546 titulus
2453 4493 2589 4547 libro
2629 4492 2704 4546 De
2726 4503 2970 4561 conceptu
3002 4493 3243 4563 rirginali
3277 4494 3344 4549 ab
3375 4493 3797 4564 exscriptoribns

2241 4584 2436 4653 prmilgi
2468 4584 2659 4652 potuit.

2312 4675 2529 4745 insuper
2554 4684 2735 4729 saneto
2776 4675 3024 4728 Ansclmo
3050 4677 3191 4729 hunc
3221 4676 3414 4730 librum
3444 4677 3576 4731 falso
3600 4676 3791 4730 ascribi

2182 4786 2187 4793 ι
2244 4774 2350 4818 tota
2381 4765 2546 4833 ipsius
2567 4764 2810 4819 doctrina
2841 4766 3119 4829 reclamat,
3146 4776 3203 4819 ιιι
3238 4767 3385 4820 novit
3415 4768 3655 4836 quisquis
3682 4764 3797 4830 ejus

2242 4856 2431 4908 librant
2464 4871 2499 4907 ιι
2532 4854 2638 4907 Cur
2666 4856 2800 4908 Deus
2824 4857 3006 4921 homo,
3063 4866 3114 4910 ct
3160 4858 3388 4912 maxime
3436 4873 3484 4911 c.
3519 4857 3582 4909 16
3625 4866 3680 4908 et
3706 4855 3793 4917 17,

2241 4946 2366 5013 legit
2393 4955 2447 4996 ut
2478 4944 2906 5013 intelligeret.gP.
2942 4945 3268 5014 Raynaudus
3312 4947 3364 4997 in
3429 4959 3522 4996 sua
3576 4941 3795 5009 hujusce

2244 5034 2403 5087 libelli
2432 5033 2655 5103 Syntaxi
2683 5034 2793 5087 vult
2819 5034 3124 5087 Anscluntm
3175 5052 3239 5090 eo
3266 5034 3390 5097 loci,
3433 5032 3571 5086 sicut
3593 5033 3797 5086 ctalios

2242 5124 2342 5175 PP.
2376 5124 2609 5177 locutum
2646 5123 2709 5178 de
2757 5126 2926 5192 prima
2964 5127 3308 5193 conceptione
3335 5137 3454 5190 qua:
3498 5124 3548 5174 in
3583 5123 3796 5191 paterni

2243 5213 2461 5267 seminis
2511 5214 2849 5282 susceptione
2911 5215 3176 5277 consistit,
3225 5222 3280 5264 ct
3332 5212 3474 5265 unde
3506 5212 3798 5265 incurritur

2244 5304 2473 5357 debitum
2504 5304 2848 5357 coittrahcndi
2899 5313 3173 5371 peccatum
3210 5301 3457 5369 originis.
3486 5300 3681 5353 Verum
3712 5300 3798 5351 his

2246 5404 2385 5450 totus
2410 5395 2721 5448 adversatur
2759 5394 3041 5447 Anselmus
3089 5391 3265 5443 citatis
3294 5390 3529 5442 maxime
3559 5390 3611 5441 in
3646 5386 3796 5448 locis,

2248 5483 2331 5539 ιιιὶί
2360 5488 2545 5554 probat
2571 5486 2768 5539 nullam
2800 5501 2915 5541 esse
2942 5486 2992 5537 in
3018 5482 3220 5538 semine
3250 5479 3642 5535 immunditiam
3681 5491 3797 5533 (tua:
