4174 6216
282 136 360 188 ιι
1369 130 1684 185 CENSURA
1718 129 1870 182 ΟΡΕΙ

1967 129 2000 179 ll
2042 128 2098 182 S.
2139 128 2458 183 ANSELMI.
3439 133 3508 184 η

282 245 652 301 mundatione
677 250 869 312 egeat;
928 249 982 295 et
1036 241 1121 293 ubi
1173 255 1269 293 suo
1311 239 1501 292 Bosoni
1554 236 1955 298 demonstratA
1985 238 2289 291 festivitatis
2333 239 2668 292 institutione
2712 248 2805 291 aut
2851 240 3136 295 abolitione
3180 255 3244 295 eo
3290 250 3531 310 tempore

282 351 528 389 necesse
559 333 724 385 fuisse
750 332 912 384 Deum
967 330 1232 382 hominem
1278 328 1390 382 ficri
1425 336 1484 379 ιιι
1525 328 1678 380 beata
1709 328 1870 394 Virgo

281 425 675 478 mundaretur,
705 418 977 484 ipsamque
994 433 1020 467 a
1051 417 1250 484 Spiritu
1277 425 1464 470 sancto
1485 433 1578 482 per
1601 416 1870 468 Christum

281 527 422 566 esse
453 507 1074 573 mundatam.Opponunt
1106 506 1190 558 alii
1222 516 1458 558 sanetum
1481 506 1786 558 Anselmnm
1819 505 1871 558 in

281 598 734 654 enarrationibns
767 597 877 649 suis
908 597 958 647 in
982 597 1151 648 sancti
1203 595 1353 647 Pauli
1394 595 1661 663 Epistolas
1683 600 1870 648 eadem

283 692 539 744 sensisse
580 703 698 755 quae
762 687 812 739 in
873 686 974 736 isto
1020 686 1156 737 libro
1187 686 1420 738 deducit.
1467 685 1520 737 In
1569 686 1671 738 ista
1719 686 1864 737 enim

289 778 545 844 Apostoli
617 776 813 839 verba,
888 776 951 826 de
1010 785 1213 839 peccato
1287 775 1549 826 damnavit
1609 785 1872 842 peccatum

293 865 482 932 (Rom.
500 862 739 929 Πηλεῖς
765 864 838 915 ait
865 880 876 913 :
907 861 1077 913 Maria
1104 878 1166 913 ex
1190 863 1352 913 Adam
1376 874 1577 914 mortua
1608 864 1709 916 nisi
1738 863 1870 915 diri-

301 953 450 1003 nitus
479 960 714 1016 exempta
735 950 933 1015 fuisset,
980 957 1120 1011 ctc.;
1175 957 1228 1001 et
1277 949 1418 1000 ista:
1456 947 1644 1000 Omnes
1683 949 1872 1000 mortui

296 1050 424 1090 slent
455 1036 534 1107 (11
559 1036 682 1094 Cor.
726 1038 796 1102 γ).
830 1037 907 1088 sic
946 1035 1226 1102 explanat:
1259 1035 1447 1088 Omnes
1483 1039 1658 1104 itaque
1683 1047 1872 1088 mortui

321 1136 440 1176 sunt
483 1127 532 1178 in
555 1107 805 1192 peccatis,
859 1125 1060 1176 nemine
1117 1139 1327 1191 prorsus
1380 1136 1619 1192 excepto,
1666 1126 1872 1191 dempta

311 1217 475 1268 Matre
504 1215 620 1288 Dei,
677 1215 780 1268 sive
828 1213 1203 1282 originalibus,
1260 1216 1362 1267 sire
1399 1217 1556 1266 etiam
1605 1214 1872 1266 voluntate

307 1305 514 1357 additis.
862 1289 870 1297 ’

373 1394 452 1446 Ad
483 1392 610 1460 quid
644 1393 788 1445 haec?
815 1408 916 1444 non
934 1393 1073 1446 enim
1101 1394 1232 1445 istas
1258 1395 1630 1446 enarrationcs
1656 1393 1870 1460 scripsit

297 1482 607 1541 Anselmns.
637 1484 725 1534 sed
759 1482 1007 1533 llervmus
1074 1480 1486 1550 Burgidolensis,
1519 1492 1576 1533 ut
1599 1481 1696 1550 ipsi
1747 1481 1868 1534 Bel-

1973 327 2204 394 scripsit,
2242 343 2362 380 eum
2397 338 2570 381 tamen
2620 330 2836 395 hujusce
2862 329 3038 381 tctatis
3080 340 3225 396 gesta
3269 339 3348 382 tot
3385 330 3530 383 Scri-

1977 422 2119 467 tores
2145 415 2297 468 nobis
2327 417 2660 468 tradiderint.
2705 417 2940 485 Denique
2971 419 3059 484 qui
3092 418 3191 471 dici
3225 429 3396 485 potest
3423 419 3534 486 pri-

1975 504 2081 557 scis
2111 508 2436 574 temporibus
2480 506 2722 559 instituta
2751 505 3029 571 festivitas,
3055 508 3375 574 pnevaleute
3404 523 3527 560 con-

1977 601 2056 646 tra
2104 595 2419 647 charitatem
2468 594 2786 662 simplicium
2818 598 3134 650 auctoritate
3179 600 3530 660 quorumdam

1973 682 2063 747 qui
2110 683 2783 751 ecclesiasticatdiguitale
2831 687 3275 752 prteerninchant,
3334 689 3532 742 abolita

1970 785 2090 823 esse
2131 772 2241 839 ipsa
2286 782 2444 825 astate
2483 773 2741 838 Anselmi,
2774 777 2863 842 qui
2913 785 3032 841 post
3059 775 3287 841 priorem
3318 793 3472 830 suum
3503 790 3536 830 e

1973 861 2189 915 civitate
2213 862 2552 929 Lugdunensi
2587 865 2696 931 (ubi
2727 866 2794 916 ab
2819 878 2884 918 eo
2907 864 3150 918 instituta
3177 864 3367 935 fertur)
3393 867 3536 921 redi-

1973 956 2086 999 tum
2109 951 2199 1000 vix
2225 950 2407 1002 decem
2437 965 2606 1003 annos
2641 951 2974 1018 impleverit?

2043 1034 2158 1088 Non
2186 1052 2313 1102 ergo
2354 1039 2614 1099 Anselmi,
2650 1038 2742 1091 sed
2774 1040 3026 1092 Bernardi
3056 1049 3187 1094 mtas
3231 1041 3344 1094 btec
3388 1042 3527 1096 tulit.

1974 1123 2048 1176 Ea
2081 1125 2344 1193 siquidem
2385 1135 2716 1195 tempestate,
2760 1127 3011 1182 videlicet
3036 1129 3180 1184 circa
3218 1145 3349 1183 ann.
3377 1131 3534 1192 tuo,

1933 1222 1937 1226 '
1972 1211 2344 1280 Lugdunensis
2358 1214 2594 1268 Ecclesia
2621 1215 2864 1269 festivam
2898 1218 3135 1272 recolere
3169 1219 3338 1272 voluit
3364 1220 3536 1275 beata!

1972 1297 2206 1366 Virginis
2230 1302 2654 1368 conceptionem.
2681 1301 2830 1368 Quod
2853 1318 2972 1357 cum
2995 1313 3212 1358 sanctus
3231 1306 3538 1360 Bernardns

1969 1397 2023 1437 et
2051 1386 2229 1454 plures
2256 1388 2344 1440 alii
2372 1391 2546 1444 minus
2573 1406 2724 1458 teque
2755 1391 2976 1457 ferrent,
3017 1408 3209 1463 graves
3246 1394 3370 1448 inde
3404 1410 3536 1449 con-

1973 1477 2247 1529 troversitc
2266 1488 2421 1530 motae
2434 1489 2578 1543 sunt,
2597 1479 2660 1532 iis
2682 1481 3150 1546 contendentibus,
3165 1483 3214 1534 1.
3229 1486 3371 1551 quod
3393 1484 3537 1538 nulla

297 1569 560 1622 larminus
603 1581 656 1622 et
683 1569 860 1623 Labbe
890 1571 938 1621 in
969 1569 1003 1622 I.
1039 1569 1109 1621 De
1139 1571 1328 1638 script.
1381 1571 1514 1623 eccl.
1562 1571 1867 1632 observant,
1898 1547 1947 1605 Β
1974 1573 2116 1617 esset
2142 1565 2280 1619 hanc
2306 1568 2708 1635 conceptionem
2737 1570 3044 1637 specialiter
3077 1570 3344 1625 recolendi
3367 1553 3534 1638 ratio;

297 1670 354 1712 et
383 1659 540 1712 nobis
562 1668 771 1712 constat
807 1676 872 1711 cx
898 1659 1078 1711 codice
1110 1675 1207 1713 ms.
1229 1660 1317 1727 qui
1352 1675 1513 1726 penes
1550 1674 1647 1712 nos
1684 1648 1785 1724 est,
1820 1668 1872 1712 ct

297 1762 366 1800 ex
396 1745 554 1811 cujus
585 1746 745 1800 etiam
781 1745 881 1799 fide
909 1756 1053 1799 certo
1117 1746 1282 1814 liquet
1317 1748 1413 1800 has
1451 1746 1734 1810 clausulas,
1771 1750 1870 1800 nisi

299 1836 547 1887 divinitus
588 1819 819 1902 exempta
867 1835 1066 1900 fuisset,
1106 1845 1159 1887 et
1187 1837 1390 1903 dempta
1415 1835 1584 1887 Matre
1603 1836 1720 1898 ‘Dei,
1751 1851 1871 1888 esse

303 1924 369 1976 ab
406 1925 517 1977 alio
547 1925 778 1978 insertas
823 1934 880 1977 ιιι
930 1925 1106 1977 Estius
1158 1926 1328 1977 fuerat
1354 1926 1464 1993 jam
1497 1925 1867 1978 subodoratus.

304 2012 432 2066 llaec
465 2014 608 2066 enim
643 2014 692 2065 in
719 2028 819 2065 ms.
856 2013 1072 2068 minimc
1101 2013 1368 2079 leguntur.

381 2100 499 2153 Non
525 2089 748 2169 estergo
769 2087 907 2156 unde
932 2102 1248 2153 concilietur
1276 2117 1455 2154 secum
1472 2117 1714 2171 pugnans
1746 2119 1871 2156 san-

296 2194 373 2247 cti
399 2193 642 2246 Anselmi
672 2195 933 2256 doctrina,
965 2195 1007 2247 si
1041 2195 1176 2248 liber
1200 2197 1300 2248 iste
1344 2194 1412 2246 ab
1465 2209 1529 2247 eo
1561 2189 1629 2247 sit
1660 2195 1865 2256 editus;

299 2285 454 2337 unde
476 2285 640 2351 magis
679 2300 796 2337 eum
827 2286 1076 2338 Anselmo
1101 2289 1347 2354 supponi,
1370 2303 1532 2354 quam
1557 2286 1868 2339 Anselmum

303 2373 410 2426 sibi
455 2389 555 2425 non
590 2384 828 2426 constare
851 2391 953 2428 non
999 2375 1178 2442 inique
1203 2377 1521 2448 censuerim.
1551 2373 1660 2428 Hoc
1682 2376 1868 2429 eodem

306 2465 608 2531 argumenti
658 2479 851 2530 genere
897 2466 1128 2534 Angelus
1174 2467 1374 2530 Rocca,
1421 2467 1866 2536 Augustinisnus,

304 2569 428 2605 cum
453 2556 624 2608 sancti
657 2557 1040 2610 Bonarenturzn
1068 2557 1241 2625 Opera
1295 2556 1477 2611 Romae
1504 2559 1692 2611 excudi
1717 2574 1870 2616 cura-

299 2651 410 2707 ret,
435 2657 735 2697 sermonem
766 2647 1056 2700 secundum
1085 2647 1148 2699 de
1171 2647 1322 2699 beata
1354 2646 1543 2710 Maria,
1572 2648 1659 2713 qui
1683 2648 1866 2700 eadem

299 2735 524 2802 exponit
557 2750 620 2788 ac
655 2736 752 2788 iste
781 2736 912 2790 liber
935 2777 949 2801 ,
981 2737 1046 2788 ad
1080 2738 1371 2805 marginem
1407 2737 1472 2804 (t.
1504 2737 1590 2799 Ill,
1617 2737 1670 2789 in
1699 2753 1860 2790 serm.

303 2826 370 2875 de
393 2826 604 2886 sanctis,
632 2842 681 2892 p.
712 2826 813 2879 389
842 2827 1008 2878 edict.
1040 2825 1216 2891 Rom),
1271 2827 1546 2881 concludit
1590 2827 1728 2878 hunc
1757 2841 1870 2878 ser-

309 2925 520 2963 monem
552 2912 606 2964 S.
643 2912 1026 2964 Bonavcnturae
1057 2927 1160 2964 non
1186 2927 1325 2975 esse,
1379 2929 1496 2964 cum
1542 2914 1650 2978 ipse
1691 2913 1868 2964 multis

309 2999 432 3051 aliis
468 3002 518 3050 in
563 3002 688 3053 locis
727 3003 1015 3068 Opinionem
1048 3002 1099 3054 in
1144 3000 1181 3053 ι.
1248 3012 1310 3053 ιιι
1366 3000 1514 3054 Sent.
1564 3002 1870 3068 afﬁrmatum

301 3092 515 3142 omnino
551 3102 596 3142 et
636 3102 927 3143 constanter
955 3091 1218 3157 defendat.

371 3179 645 3232 Batonius
665 3179 778 3245 ipse
807 3179 855 3230 in
887 3180 1028 3231 notis
1053 3179 1118 3230 ad
1149 3179 1425 3249 Martyrol.
1449 3180 1698 3233 observat
1723 3181 1867 3246 quod

304 3285 367 3321 an
403 3278 671 3320 tractatus
709 3267 780 3320 De
813 3283 1029 3335 concep.
1075 3266 1135 3320 Β.
1171 3267 1235 3319 γ.
1285 3269 1354 3320 sit
1405 3268 1640 3320 Ansclmi
1680 3268 1872 3321 merito

304 3359 524 3412 ducitur
559 3357 612 3408 in
643 3358 1092 3422 controversiam,
1143 3373 1261 3410 cum
1317 3357 1482 3409 multa
1536 3357 1871 3424 habeatqum

300 3447 480 3498 citem
505 3446 713 3497 auctori
743 3456 1044 3513 repugnent.
1066 3454 1125 3498 ut
1147 3454 1294 3496 notat
1339 3444 1494 3496 .loan.
1527 3444 1868 3496 Turrecrem.

303 3538 356 3589 in
388 3544 549 3588 tract.
577 3535 649 3586 De
673 3543 910 3601 conccpt.
931 3536 987 3587 Β.
1015 3534 1101 3597 V.,
1132 3544 1282 3601 parte
1310 3548 1403 3598 xtl,
1426 3549 1475 3585 c.
1503 3532 1556 3585 '5.
1576 3531 1686 3585 Hoc
1708 3533 1873 3600 ipsius

301 3626 526 3678 Barnuii
559 3625 839 3690 judicium.

379 3715 499 3782 Ipse
521 3729 731 3781 quoque
757 3722 1031 3776 tractatus,
1071 3713 1154 3764 hic
1196 3727 1303 3764 sua:
1357 3710 1648 3776 integritati
1677 3725 1740 3762 ac
1771 3725 1870 3775 pu-

307 3801 463 3854 ritati
490 3800 600 3867 jam
631 3800 881 3860 redditus,
909 3814 966 3851 se
998 3815 1098 3851 non
1128 3799 1228 3850 nisi
1279 3808 1397 3865 post
1452 3797 1687 3848 Anselmi
1740 3805 1874 3846 tem-

307 3906 447 3959 pora
473 3891 670 3942 editum
719 3899 1063 3959 protcstatur.
1115 3887 1321 3939 Etenim
1355 3888 1420 3939 ab
1443 3886 1557 3953 ipso
1609 3885 1873 3937 sermonis

306 3981 537 4033 exordio
572 3979 891 4040 declaratur,
921 3981 968 4029 1.
1004 3981 1142 4044 quod
1189 3976 1436 4028 multisin
1461 3974 1721 4041 locisjam
1757 3985 1868 4025 tum

309 4067 504 4120 festiva
561 4077 676 4119 erat
724 4067 1033 4119 solemnitas
1111 4063 1488 4130 Conceptionis
1520 4063 1577 4113 B.
1649 4048 1868 4125 aia-rite;

1941 1665 1943 1676 '
1973 1651 2030 1704 2.
2060 1654 2199 1720 quod
2233 1655 2277 1706 si
2307 1665 2431 1709 ante
2457 1655 2654 1710 Christi
2683 1668 2893 1725 partum
2916 1659 2977 1711 Β.
3010 1659 3169 1727 Virgo
3195 1658 3536 1726 decessisset,

1970 1741 2249 1809 originalis
2295 1744 2500 1812 peccati
2548 1746 2748 1798 sortem
2794 1761 2897 1798 non
2944 1747 3225 1811 evasisset,
3269 1757 3326 1800 ut
3370 1749 3539 1803 refert

1972 1830 2085 1898 ipse
2106 1841 2298 1885 auctor
2330 1834 2550 1900 hujusce
2579 1833 2718 1887 libri.
2751 1834 2846 1887 His
2872 1845 3049 1889 autem
3077 1837 3402 1890 subindicari
3426 1853 3537 1907 pra:

1970 1921 2180 1973 caeteris
2223 1936 2286 1974 ac
2323 1923 2566 1989 redargui
2592 1923 2810 1989 videtur
2841 1922 3011 1976 Pollio
3049 1923 3414 1988 Prumiensis,
3442 1927 3537 1992 qui

1971 2023 2112 2062 anno
2160 2010 2287 2062 1151
2337 2011 2388 2063 in
2428 2010 2519 2063 lib.
2553 2026 2609 2064 ιιι
2655 2011 2728 2063 De
2773 2021 2915 2065 statu
2955 2013 3143 2066 domus
3185 2013 3276 2066 Dei
3328 2015 3390 2081 (t.
3419 2013 3568 2075 Xll.‘

1969 2107 2112 2164 part.
2143 2111 2181 2158 ι,
2212 2095 2345 2150 Bibl.
2374 2095 2536 2162 PP.),
2569 2098 2668 2151 sub
2691 2100 2872 2160 finem,
2897 2101 2973 2151 ait
2993 2100 3223 2151 maxime
3244 2101 3535 2153 absurdum

1969 2178 2139 2237 videri
2167 2187 2309 2251 quod
2338 2185 2530 2238 festum
2554 2187 2935 2255 Conceptionis
2954 2201 3152 2244 sanctas
3173 2191 3353 2246 Mariae
3375 2193 3538 2246 fuerit

1971 2271 2050 2324 de.
2066 2285 2203 2325 novo
2237 2273 2536 2339 induetnm,
2563 2289 2664 2329 nec
2701 2285 2876 2331 tamen
2905 2295 2965 2331 se
2993 2279 3258 2334 devotioni
3299 2281 3535 2336 ﬁdelium

1971 2362 2254 2428 derogare.
2278 2364 2322 2417 si
2360 2365 2516 2432 hujus
2542 2365 2849 2419 festivitatis
2880 2369 3138 2422 rationem
3177 2381 3399 2437 quaerat.
3430 2371 3532 2426 Ubi
3570 2378 3572 2380 ’

1971 2449 2141 2504 Potho
2169 2455 2387 2504 sensum
2418 2468 2481 2506 ac
2519 2455 2682 2508 verba
2725 2457 2929 2522 profert
2964 2457 3138 2512 sancti
3173 2458 3430 2513 Bernardi
3479 2461 3536 2513 in

1969 2542 2129 2610 epist.
2164 2542 2265 2595 174
2289 2545 2353 2595 ad
2382 2544 2672 2598 canonicos
2697 2543 3099 2614 Lugdunenses.

2038 2629 2440 2683 Advertendum
2464 2647 2682 2700 quoque
2712 2641 2795 2686 est
2821 2636 2962 2702 quod
2991 2635 3042 2686 in
3069 2649 3132 2689 ea
3159 2635 3386 2703 epistola
3411 2651 3536 2690 san-

1969 2724 2089 2769 ctus
2137 2716 2448 2771 Bernartlns
2495 2720 2640 2772 dicat
2684 2735 2743 2774 se
2776 2718 2888 2786 jam
2929 2703 3217 2792 antequam
3245 2739 3362 2777 eam
3401 2726 3539 2779 scri-

1971 2804 2144 2867 beret,
2185 2807 2329 2860 hunc
2354 2807 2372 2874 (
2380 2808 2534 2860 verba
2563 2808 2684 2876 ejus
2719 2812 2865 2880 sunt)
2896 2825 3133 2863 errorem
3157 2811 3296 2880 apud
3327 2811 3537 2880 aliquos

1973 2897 2330 2962 comperisse;
2395 2896 2487 2949 sed
2539 2898 2929 2952 dissimulando
2984 2900 3288 2967 pepercisse
3333 2901 3536 2969 simpli-

1971 2982 2113 3035 cium
2143 2985 2430 3047 devotioni,
2453 2999 2611 3052 quem
2634 2987 2883 3052 iniquiori
2907 2987 3086 3040 animo
3110 2989 3230 3039 tulit
3252 2989 3302 3040 in
3323 2989 3538 3056 sapiet).

1973 3073 2116 3126 tibus
2143 3074 2274 3129 viris
2301 3083 2354 3126 et
2384 3074 2435 3126 in
2477 3073 2669 3141 insigni
2718 3072 2978 3128 Ecclesia.
3009 3074 3084 3126 Ex
3112 3075 3305 3142 quibus
3337 3077 3395 3128 tit
3420 3093 3537 3130 ma-

1973 3162 2251 3224 nifestum,
2286 3163 2336 3215 1.
2369 3161 2472 3215 hoc
2500 3162 2668 3216 sancti
2698 3161 2956 3215 Bernardi
2995 3173 3266 3230 tempore,
3295 3164 3383 3229 qui
3415 3177 3538 3230 post

1971 3253 2280 3307 Anselmum
2308 3251 2503 3314 ﬂoruit,
2543 3254 2748 3319 aliquos
2774 3254 3035 3318 duntaxat
3061 3252 3436 3321 simpliciores,
3469 3256 3537 3306 de

1972 3343 2166 3408 quibus
2200 3345 2250 3394 in
2278 3342 2500 3409 praefato
2527 3351 2754 3394 tractatu
2783 3340 2987 3395 dictum
3026 3350 3128 3403 est.
3161 3345 3329 3395 beata:
3355 3343 3536 3395 Maria)

1971 3433 2380 3499 conceptionem
2416 3433 2577 3486 fuisse
2606 3442 2922 3492 veneratos;
2954 3430 3009 3483 2.
3035 3445 3132 3484 nec
3159 3430 3284 3483 dum
3324 3432 3552 3498 publice

1972 3535 2037 3573 ac
2078 3519 2388 3574 solemniter
2438 3519 2506 3572 ab
2556 3519 2811 3573 Ecclesiis
2867 3519 3025 3572 recoli
3079 3519 3321 3584 solitam;
3372 3519 3428 3571 ὅ.
3479 3530 3538 3573 et

1972 3611 2195 3679 proinde
2224 3608 2363 3660 hanc
2409 3607 2752 3660 festivitatem
2783 3608 2851 3660 ab
2887 3607 3123 3664 Ecclesia
3167 3607 3532 3674 Lngdunensi,

1973 3712 2078 3749 non
2105 3711 2170 3748 ex
2197 3695 2433 3747 Anselmi
2461 3696 2726 3756 instituto,
2754 3709 2852 3747 nec
2874 3693 2990 3759 ejus
3015 3703 3174 3748 aetate
3202 3696 3366 3747 fuisse
3389 3695 3536 3748 cele-

1972 3787 2206 3847 bratum,
2233 3801 2353 3838 cum
2381 3797 2596 3838 sanctus
2619 3784 2918 3838 Bernardus
2941 3786 3076 3836 illius
3102 3785 3351 3838 Ecclesia:
3373 3770 3535 3838 cano-

1973 3875 2122 3926 uicos
2142 3874 2296 3939 hujus
2315 3873 2638 3925 celebritatis
2666 3873 2994 3940 redarguerit
3020 3875 3201 3925 statim
3230 3883 3391 3941 atque
3409 3890 3530 3928 eam

1973 3961 2346 4028 deprehendit.
2376 3959 2774 4027 Superstitione,
2810 3961 3000 4029 inquit,
3041 3963 3381 4029 deprehensa,
3422 3975 3531 4017 etc.

1975 4050 2105 4103 Eam
2156 4057 2330 4101 autem
2362 4063 2466 4100 non
2507 4048 2805 4115 ignorasset
2848 4050 2890 4099 si
2930 4047 2998 4099 ab
3024 4049 3260 4100 Ansclmi
3295 4061 3536 4118 tempore

307 4157 364 4210 2.
399 4156 540 4223 (μ,οά
569 4157 762 4223 priscis
816 4154 1140 4221 temporibus
1197 4152 1543 4218 frequentiori
1605 4165 1703 4202 us"
1728 4149 1870 4202 cete-
1905 4156 1950 4212 υ
1979 4146 2119 4190 esset
2147 4137 2386 4188 instituta
2421 4138 2471 4188 in
2495 4151 2558 4191 ea
2589 4135 2846 4196 Ecclesia,
2877 4136 3030 4204 cujus
3061 4140 3202 4202 ipse,
3239 4147 3296 4188 ut
3328 4140 3396 4190 ibi
3427 4141 3533 4204 ait,

311 4247 582 4308 braretur,
608 4250 729 4298 dum
759 4262 886 4312 pura
917 4245 1231 4312 simplicitas
1254 4242 1481 4310 vigebat;
1507 4240 1558 4292 3.
1588 4241 1727 4306 quod
1757 4254 1871 4306 per-

323 4341 546 4406 spicacm
608 4348 660 4392 et
698 4338 1021 4390 examinatio
1070 4327 1442 4389 modernorum
1496 4333 1867 4400 quorumdam,

325 4427 676 4493 quisaaculari
741 4435 794 4477 et
849 4426 1206 4478 ecclesiastica
1264 4423 1604 4481 auctoritate,
1661 4419 1874 4470 divitia-

323 4531 537 4582 rumqnc
568 4517 889 4569 abundantia
947 4515 1382 4581 prmemincbant,
1443 4514 1582 4565 hanc
1620 4511 1874 4564 solemni-

321 4616 481 4658 tatem
513 4608 664 4673 quasi
707 4606 910 4657 ratione
940 4614 1213 4655 vacantem
1268 4604 1330 4655 de
1377 4604 1552 4654 medio
1599 4600 1874 4654 sustulerit

311 4703 366 4748 et
396 4696 660 4764 redegerit
711 4696 760 4745 in
795 4694 1014 4746 nihilum
1042 4708 1054 4753 ;
1110 4691 1161 4742 4.
1225 4692 1365 4758 quod
1395 4690 1637 4742 charitas
1670 4687 1871 4754 simpli-

311 4788 451 4838 cium
487 4789 548 4838 de
580 4794 745 4848 tantae
775 4777 1076 4835 festivitatis
1131 4781 1420 4833 abolitione
1471 4789 1577 4830 tum
1614 4787 1867 4842 gemeret.

380 4880 448 4929 At
480 4880 581 4930 ista
629 4891 753 4928 cum
785 4875 1013 4926 Ansclmi
1040 4885 1196 4924 zelatc
1223 4885 1367 4923 stare
1400 4878 1692 4937 nequeunt;
1735 4867 1872 4920 sient

314 4985 412 5024 nec
440 4977 805 5021 conunentmn
839 4967 960 5018 illud
989 4983 1092 5032 quo
1133 4967 1229 5018 ista
1276 4964 1537 5016 festivitas
1576 4962 1769 5012 dicitur
1806 4961 1871 5010 ab

311 5061 567 5114 Anselmo
603 5058 848 5109 instituta
876 5051 1008 5107 'dnm
1049 5055 1287 5122 Lugduni
1339 5060 1658 5104 moraretur.
1695 5049 1870 5112 Quan-

309 5149 600 5216 doquidem
635 5148 698 5197 de
730 5146 794 5196 iis
819 5145 972 5212 plane
998 5145 1141 5195 siluit
1169 5143 1482 5199 liadmerus,
1514 5139 1617 5204 qui”
1643 5137 1869 5201 singula,

309 5239 392 5292 vel
442 5234 826 5296 minutissima,
873 5249 990 5300 qua:
1036 5230 1271 5299 Lugduni
1315 5231 1380 5281 ab
1429 5226 1680 5301 Anselmo
1725 5235 1869 5290 gesta

308 5339 454 5390 sunt,
488 5325 898 5381 accm-atissimc
941 5323 1191 5375 describit
1239 5331 1343 5370 tam
1395 5318 1444 5368 in
1479 5316 1626 5367 libris
1651 5314 1718 5364 de
1757 5311 1871 5376 ejus

312 5423 425 5473 γεω
455 5431 621 5485 quam
656 5414 705 5464 in
736 5411 959 5462 Historia
995 5422 1270 5460 novorum.
1315 5404 1418 5457 Nec
1449 5403 1584 5454 nllus
1623 5401 1686 5452 de
1719 5399 1869 5452 istius

636 5499 902 5554 Ριιτιιοι..
949 5491 1216 5551 CLVIII.

1973 4227 2277 4294 specialiter
2301 4237 2417 4278 erat
2447 4227 2603 4278 filius.
2637 4225 2769 4277 Cum
2801 4239 2929 4291 ergo
2959 4226 3071 4276 haec
3104 4241 3225 4292 qua:
3254 4226 3306 4276 in
3334 4242 3398 4278 eo
3425 4238 3534 4280 tra-

1971 4326 2119 4370 ctatu
2150 4318 2215 4367 de
2260 4314 2568 4373 festivitatis
2599 4313 2740 4364 illius
2771 4312 3106 4365 institutione
3150 4324 3204 4364 et
3245 4312 3534 4368 abol.:inne

1974 4412 2171 4474 scripta
2205 4407 2448 4473 legimus.
2484 4405 2655 4456 sancti
2680 4405 2912 4457 Anselnti
2952 4416 3036 4456 ten
3060 4403 3280 4470 poribus
3316 4405 3538 4456 minime

1973 4508 2283 4563 congruant.
2313 4503 2568 4549 tractatus
2591 4496 2676 4549 hic
2706 4511 2809 4547 non
2835 4496 2902 4547 ab
2927 4494 3195 4557 Anselmo,
3226 4493 3319 4547 sed
3339 4494 3408 4546 ab
3427 4494 3537 4548 alio

1977 4591 2271 4642 recentiore
2303 4589 2634 4656 compositus
2655 4596 2759 4638 est.

2473 4718 2711 4772 Cessent
2755 4730 3022 4771 εριςτοιι

2077 4824 2189 4861 sne
2230 4821 2483 4860 scnnosrs
2518 4808 2596 4858 De
2625 4807 2952 4872 conceptione
2978 4808 3140 4855 beata:
3176 4800 3425 4870 Virginis.

2043 4940 2200 4992 I’atcr
2236 4938 2558 5006 {taynaudus
2596 4949 2897 4988 sermonem
2936 4935 3075 4986 hunc
3102 4948 3168 4986 cx
3208 4948 3311 4985 ms.
3335 4949 3525 4987 mona-

1974 5031 2119 5080 sterii
2164 5029 2346 5079 Sancti
2400 5025 2720 5091 ltaguebcrti
2763 5023 3004 5075 Jurcnsis
3026 5022 3192 5074 edidit
3231 5023 3309 5074 sic
3335 5024 3533 5076 inscri-

1973 5129 2118 5184 ptum
2153 5133 2164 5167 :
2201 5115 2429 5181 Epistola
2467 5115 2630 5165 sancti
2659 5113 2887 5165 Ansetmi
2919 5111 2981 5163 de
3000 5112 3327 5178 conceptione
3361 5112 3528 5164 beam

1975 5210 2177 5262 Μανίαν.

2046 5298 2314 5349 Anselmus
2352 5292 2742 5348 Cantuariensis
2782 5290 3192 5358 archiepiscopus
3242 5295 3292 5341 et
3337 5287 3533 5356 Anyto.

1976 5408 2086 5441 rum
2143 5402 2320 5456 pastor
2373 5386 2680 5452 coepiscopis
2740 5388 2848 5435 suis
2889 5394 2933 5435 et
2971 5380 3206 5432 outnibus
3238 5376 3303 5430 Β.
3342 5375 3532 5430 Πανία

3843 5607 3856 5628 ο

3814 5655 3817 5658 ἡ
3839 5702 3852 5728 ι

3829 5737 3852 5778 ἦ

3850 5487 3860 5513 t'

3873 5733 3886 5757 ε

3869 5775 3888 5806 9

3892 5433 3900 5443 ν
