  <div class='ocr_page' id='page_1' title='image "/cluster/home/n/w/nwhite01/storage/ocr_20150623/158/uva.x000829800/029.png"; bbox 0 0 4174 6230; ppageno 0'>
   <div class='ocr_carea' id='block_1_1' title="bbox 598 272 2182 392">
    <p class='ocr_par' dir='ltr' id='par_1_1' title="bbox 598 272 2182 361">
     <span class='ocr_line' id='line_1_1' title="bbox 598 272 2182 361; baseline 0.008 -16"><span class='ocrx_word' id='word_1_1' title='bbox 598 340 599 345; x_wconf 69' lang='lat'>,</span> <span class='ocrx_word' id='word_1_2' title='bbox 632 287 705 340; x_wconf 73' lang='lat' dir='ltr'><strong>ts</strong></span> <span class='ocrx_word' id='word_1_3' title='bbox 870 272 871 275; x_wconf 52' lang='lat'>‘</span> <span class='ocrx_word' id='word_1_4' title='bbox 1158 338 1161 339; x_wconf 30' lang='grc' dir='ltr'><em>κ</em></span> <span class='ocrx_word' id='word_1_5' title='bbox 1636 300 1695 351; x_wconf 84' lang='grc'><strong>8.</strong></span> <span class='ocrx_word' id='word_1_6' title='bbox 1734 296 2102 359; x_wconf 67' lang='lat' dir='ltr'><strong>assumus</strong></span> <span class='ocrx_word' id='word_1_7' title='bbox 2138 303 2182 361; x_wconf 11' lang='lat' dir='ltr'><strong>ei</strong></span> 
     </span>
    </p>
   </div>
   <div class='ocr_carea' id='block_1_2' title="bbox 2218 272 3843 392">
    <p class='ocr_par' dir='ltr' id='par_1_2' title="bbox 2218 286 3843 392">
     <span class='ocr_line' id='line_1_2' title="bbox 2218 286 3843 392; baseline 0.02 -32"><span class='ocrx_word' id='word_1_8' title='bbox 2218 306 2485 365; x_wconf 68' lang='lat' dir='ltr'><strong>musa.</strong></span> <span class='ocrx_word' id='word_1_9' title='bbox 2522 312 2836 374; x_wconf 71' lang='lat' dir='ltr'><strong>ARCltlEP.</strong></span> <span class='ocrx_word' id='word_1_10' title='bbox 3514 286 3517 287; x_wconf 16' lang='grc' dir='ltr'>ί</span> <span class='ocrx_word' id='word_1_11' title='bbox 3775 333 3843 392; x_wconf 81' lang='lat' dir='ltr'><strong>tt</strong></span> 
     </span>
    </p>
   </div>
   <div class='ocr_carea' id='block_1_3' title="bbox 624 396 3845 501">
    <p class='ocr_par' dir='ltr' id='par_1_3' title="bbox 624 396 3845 501">
     <span class='ocr_line' id='line_1_3' title="bbox 624 396 3845 501; baseline 0.017 -55"><span class='ocrx_word' id='word_1_12' title='bbox 624 397 877 464; x_wconf 12' lang='lat' dir='ltr'><strong>ancgsteria</strong></span> <span class='ocrx_word' id='word_1_13' title='bbox 902 396 1203 465; x_wconf 70' lang='lat' dir='ltr'><strong>colentibus,</strong></span> <span class='ocrx_word' id='word_1_14' title='bbox 1231 401 1446 468; x_wconf 71' lang='lat' dir='ltr'><strong>salutent</strong></span> <span class='ocrx_word' id='word_1_15' title='bbox 1486 413 1533 458; x_wconf 86' lang='lat' dir='ltr'><strong>et</strong></span> <span class='ocrx_word' id='word_1_16' title='bbox 1569 419 1866 477; x_wconf 81' lang='lat' dir='ltr'><strong>perpetuam</strong></span> <span class='ocrx_word' id='word_1_17' title='bbox 1898 412 1954 463; x_wconf 82' lang='lat' dir='ltr'><strong>in</strong></span> <span class='ocrx_word' id='word_1_18' title='bbox 1981 410 2191 467; x_wconf 72' lang='lat' dir='ltr'><strong>Christo</strong></span> <span class='ocrx_word' id='word_1_19' title='bbox 2220 422 2265 477; x_wconf 78' lang='grc' dir='ltr'>Α</span> <span class='ocrx_word' id='word_1_20' title='bbox 2296 418 2629 488; x_wconf 83' lang='lat' dir='ltr'><strong>migraverit.</strong></span> <span class='ocrx_word' id='word_1_21' title='bbox 2660 410 2909 482; x_wconf 80' lang='lat' dir='ltr'><strong>maxime</strong></span> <span class='ocrx_word' id='word_1_22' title='bbox 2952 430 3020 482; x_wconf 89' lang='lat' dir='ltr'><strong>ad</strong></span> <span class='ocrx_word' id='word_1_23' title='bbox 3048 429 3374 500; x_wconf 73' lang='lat' dir='ltr'><strong>esploranda</strong></span> <span class='ocrx_word' id='word_1_24' title='bbox 3414 431 3681 495; x_wconf 88' lang='lat' dir='ltr'><strong>Dauorum</strong></span> <span class='ocrx_word' id='word_1_25' title='bbox 3717 460 3845 501; x_wconf 89' lang='lat' dir='ltr'><strong>cou-</strong></span> 
     </span>
    </p>
   </div>
   <div class='ocr_carea' id='block_1_4' title="bbox 633 483 1062 540">
    <p class='ocr_par' dir='ltr' id='par_1_4' title="bbox 633 483 1062 540">
     <span class='ocr_line' id='line_1_4' title="bbox 633 483 1062 540; baseline 0.007 -3"><span class='ocrx_word' id='word_1_26' title='bbox 633 483 1062 540; x_wconf 70' lang='lat' dir='ltr'><strong>benedictionem.</strong></span> 
     </span>
    </p>
   </div>
   <div class='ocr_carea' id='block_1_5' title="bbox 704 571 2190 656">
    <p class='ocr_par' dir='ltr' id='par_1_5' title="bbox 704 571 2190 656">
     <span class='ocr_line' id='line_1_5' title="bbox 704 571 2190 656; baseline 0.012 -33"><span class='ocrx_word' id='word_1_27' title='bbox 704 571 901 625; x_wconf 80' lang='lat' dir='ltr'><strong>Verum</strong></span> <span class='ocrx_word' id='word_1_28' title='bbox 931 575 1163 628; x_wconf 87' lang='lat' dir='ltr'><strong>fictitiam</strong></span> <span class='ocrx_word' id='word_1_29' title='bbox 1189 591 1307 631; x_wconf 82' lang='lat' dir='ltr'><strong>esse</strong></span> <span class='ocrx_word' id='word_1_30' title='bbox 1339 578 1477 634; x_wconf 88' lang='lat' dir='ltr'><strong>hanc</strong></span> <span class='ocrx_word' id='word_1_31' title='bbox 1502 582 1779 650; x_wconf 89' lang='lat' dir='ltr'><strong>epistolam</strong></span> <span class='ocrx_word' id='word_1_32' title='bbox 1819 586 2044 640; x_wconf 89' lang='lat' dir='ltr'><strong>suadent</strong></span> <span class='ocrx_word' id='word_1_33' title='bbox 2071 588 2190 656; x_wconf 90' lang='lat' dir='ltr'><strong>plu-</strong></span> 
     </span>
    </p>
   </div>
   <div class='ocr_carea' id='block_1_6' title="bbox 622 658 2189 744">
    <p class='ocr_par' dir='ltr' id='par_1_6' title="bbox 622 658 2189 744">
     <span class='ocr_line' id='line_1_6' title="bbox 622 658 2189 744; baseline 0.011 -32"><span class='ocrx_word' id='word_1_34' title='bbox 622 658 790 722; x_wconf 74' lang='lat' dir='ltr'><strong>rima,</strong></span> <span class='ocrx_word' id='word_1_35' title='bbox 826 662 874 713; x_wconf 93' lang='grc'>1.</span> <span class='ocrx_word' id='word_1_36' title='bbox 906 663 1177 731; x_wconf 68' lang='lat' dir='ltr'><strong>inscriptio</strong></span> <span class='ocrx_word' id='word_1_37' title='bbox 1213 667 1325 721; x_wconf 73' lang='lat' dir='ltr'><strong>lucc</strong></span> <span class='ocrx_word' id='word_1_38' title='bbox 1350 683 1450 721; x_wconf 90' lang='lat' dir='ltr'><strong>non</strong></span> <span class='ocrx_word' id='word_1_39' title='bbox 1497 678 1580 722; x_wconf 88' lang='lat' dir='ltr'><strong>est</strong></span> <span class='ocrx_word' id='word_1_40' title='bbox 1621 670 1888 737; x_wconf 83' lang='lat' dir='ltr'><strong>Auselmi;</strong></span> <span class='ocrx_word' id='word_1_41' title='bbox 1930 690 2189 744; x_wconf 86' lang='lat' dir='ltr'><strong>nusquam</strong></span> 
     </span>
    </p>
   </div>
   <div class='ocr_carea' id='block_1_7' title="bbox 630 750 2192 826">
    <p class='ocr_par' dir='ltr' id='par_1_7' title="bbox 630 750 2192 826">
     <span class='ocr_line' id='line_1_7' title="bbox 630 750 2192 826; baseline 0.01 -25"><span class='ocrx_word' id='word_1_42' title='bbox 630 750 774 802; x_wconf 87' lang='lat' dir='ltr'><strong>enim</strong></span> <span class='ocrx_word' id='word_1_43' title='bbox 818 750 871 802; x_wconf 90' lang='lat' dir='ltr'><strong>in</strong></span> <span class='ocrx_word' id='word_1_44' title='bbox 920 750 1161 817; x_wconf 71' lang='lat' dir='ltr'><strong>epistolis</strong></span> <span class='ocrx_word' id='word_1_45' title='bbox 1196 753 1310 821; x_wconf 89' lang='lat' dir='ltr'><strong>ipse</strong></span> <span class='ocrx_word' id='word_1_46' title='bbox 1337 770 1396 807; x_wconf 88' lang='lat' dir='ltr'><strong>se</strong></span> <span class='ocrx_word' id='word_1_47' title='bbox 1437 752 1725 822; x_wconf 79' lang='lat' dir='ltr'><strong>Anglorum</strong></span> <span class='ocrx_word' id='word_1_48' title='bbox 1755 767 2020 826; x_wconf 85' lang='lat' dir='ltr'><strong>pastorem</strong></span> <span class='ocrx_word' id='word_1_49' title='bbox 2056 780 2192 816; x_wconf 82' lang='lat' dir='ltr'><strong>nuu-</strong></span> 
     </span>
    </p>
   </div>
   <div class='ocr_carea' id='block_1_8' title="bbox 629 820 2183 914">
    <p class='ocr_par' dir='ltr' id='par_1_8' title="bbox 629 820 2183 914">
     <span class='ocr_line' id='line_1_8' title="bbox 629 820 2183 914; baseline 0.01 -28"><span class='ocrx_word' id='word_1_50' title='bbox 629 820 812 904; x_wconf 65' lang='grc' dir='ltr'>ευρεῆ,</span> <span class='ocrx_word' id='word_1_51' title='bbox 843 851 949 905; x_wconf 88' lang='lat' dir='ltr'><strong>quo</strong></span> <span class='ocrx_word' id='word_1_52' title='bbox 979 820 1250 892; x_wconf 72' lang='lat' dir='ltr'><strong>forte&#39;non</strong></span> <span class='ocrx_word' id='word_1_53' title='bbox 1283 839 1449 893; x_wconf 81' lang='lat' dir='ltr'><strong>levem</strong></span> <span class='ocrx_word' id='word_1_54' title='bbox 1488 820 1593 895; x_wconf 79' lang='lat' dir='ltr'><strong>sibi</strong></span> <span class='ocrx_word' id='word_1_55' title='bbox 1647 820 1899 899; x_wconf 72' lang='lat' dir='ltr'><strong>invidiam</strong></span> <span class='ocrx_word' id='word_1_56' title='bbox 1946 847 2183 914; x_wconf 86' lang='lat' dir='ltr'><strong>fecisset;</strong></span> 
     </span>
    </p>
   </div>
   <div class='ocr_carea' id='block_1_9' title="bbox 628 922 2190 998">
    <p class='ocr_par' dir='ltr' id='par_1_9' title="bbox 628 922 2190 998">
     <span class='ocr_line' id='line_1_9' title="bbox 628 922 2190 998; baseline 0.011 -22"><span class='ocrx_word' id='word_1_57' title='bbox 628 922 683 976; x_wconf 81' lang='lat'><strong>9...</strong></span> <span class='ocrx_word' id='word_1_58' title='bbox 716 932 938 977; x_wconf 85' lang='lat' dir='ltr'><strong>sanctus</strong></span> <span class='ocrx_word' id='word_1_59' title='bbox 984 923 1269 978; x_wconf 83' lang='lat' dir='ltr'><strong>Auselmus</strong></span> <span class='ocrx_word' id='word_1_60' title='bbox 1294 927 1638 998; x_wconf 88' lang='lat' dir='ltr'><strong>coepiscopos</strong></span> <span class='ocrx_word' id='word_1_61' title='bbox 1670 947 1774 986; x_wconf 90' lang='lat' dir='ltr'><strong>non</strong></span> <span class='ocrx_word' id='word_1_62' title='bbox 1827 934 2014 989; x_wconf 87' lang='lat' dir='ltr'><strong>fuisset</strong></span> <span class='ocrx_word' id='word_1_63' title='bbox 2057 938 2190 992; x_wconf 88' lang='lat' dir='ltr'><strong>allo-</strong></span> 
     </span>
    </p>
   </div>
   <div class='ocr_carea' id='block_1_10' title="bbox 627 1010 2185 1091">
    <p class='ocr_par' dir='ltr' id='par_1_10' title="bbox 627 1010 2185 1091">
     <span class='ocr_line' id='line_1_10' title="bbox 627 1010 2185 1091; baseline 0.008 -26"><span class='ocrx_word' id='word_1_64' title='bbox 627 1022 784 1066; x_wconf 87' lang='lat' dir='ltr'><strong>cutus</strong></span> <span class='ocrx_word' id='word_1_65' title='bbox 813 1014 896 1067; x_wconf 83' lang='lat' dir='ltr'><strong>his</strong></span> <span class='ocrx_word' id='word_1_66' title='bbox 921 1014 1134 1067; x_wconf 81' lang='lat' dir='ltr'><strong>verbis:</strong></span> <span class='ocrx_word' id='word_1_67' title='bbox 1168 1013 1501 1070; x_wconf 72' lang='lat' dir='ltr'><strong>Dilectissimi</strong></span> <span class='ocrx_word' id='word_1_68' title='bbox 1529 1010 1735 1086; x_wconf 77' lang='lat' dir='ltr'><strong>fratres,</strong></span> <span class='ocrx_word' id='word_1_69' title='bbox 1760 1021 1968 1075; x_wconf 73' lang='lat' dir='ltr'><strong>dilectio</strong></span> <span class='ocrx_word' id='word_1_70' title='bbox 1996 1036 2185 1091; x_wconf 77' lang='lat' dir='ltr'><strong>vestra,</strong></span> 
     </span>
    </p>
   </div>
   <div class='ocr_carea' id='block_1_11' title="bbox 629 1098 2186 1176">
    <p class='ocr_par' dir='ltr' id='par_1_11' title="bbox 629 1098 2186 1176">
     <span class='ocr_line' id='line_1_11' title="bbox 629 1098 2186 1176; baseline 0.01 -25"><span class='ocrx_word' id='word_1_71' title='bbox 629 1101 831 1168; x_wconf 80' lang='lat' dir='ltr'><strong>absque</strong></span> <span class='ocrx_word' id='word_1_72' title='bbox 878 1101 980 1153; x_wconf 90' lang='lat' dir='ltr'><strong>ulla</strong></span> <span class='ocrx_word' id='word_1_73' title='bbox 1004 1098 1279 1170; x_wconf 71' lang='lat' dir='ltr'><strong>dignitatis</strong></span> <span class='ocrx_word' id='word_1_74' title='bbox 1310 1118 1371 1158; x_wconf 90' lang='lat' dir='ltr'><strong>ac</strong></span> <span class='ocrx_word' id='word_1_75' title='bbox 1411 1116 1647 1172; x_wconf 70' lang='lat' dir='ltr'><strong>paterna:</strong></span> <span class='ocrx_word' id='word_1_76' title='bbox 1690 1110 2003 1163; x_wconf 67' lang='lat' dir='ltr'><strong>reverentia:</strong></span> <span class='ocrx_word' id='word_1_77' title='bbox 2039 1121 2186 1176; x_wconf 90' lang='lat' dir='ltr'><strong>nota,</strong></span> 
     </span>
    </p>
   </div>
   <div class='ocr_carea' id='block_1_12' title="bbox 635 1187 2187 1264">
    <p class='ocr_par' dir='ltr' id='par_1_12' title="bbox 635 1187 2187 1264">
     <span class='ocr_line' id='line_1_12' title="bbox 635 1187 2187 1264; baseline 0.01 -28"><span class='ocrx_word' id='word_1_78' title='bbox 635 1202 794 1253; x_wconf 88' lang='lat' dir='ltr'><strong>quam</strong></span> <span class='ocrx_word' id='word_1_79' title='bbox 839 1187 891 1239; x_wconf 91' lang='lat' dir='ltr'><strong>iu</strong></span> <span class='ocrx_word' id='word_1_80' title='bbox 921 1187 1130 1241; x_wconf 65' lang='lat' dir='ltr'><strong>caeteris</strong></span> <span class='ocrx_word' id='word_1_81' title='bbox 1158 1194 1370 1258; x_wconf 78' lang='lat' dir='ltr'><strong>semper</strong></span> <span class='ocrx_word' id='word_1_82' title='bbox 1410 1191 1681 1256; x_wconf 78' lang='lat' dir='ltr'><strong>adhibuit;</strong></span> <span class='ocrx_word' id='word_1_83' title='bbox 1723 1196 1774 1247; x_wconf 78' lang='lat'><strong>3.</strong></span> <span class='ocrx_word' id='word_1_84' title='bbox 1808 1196 2046 1264; x_wconf 72' lang='lat' dir='ltr'><strong>epistolae</strong></span> <span class='ocrx_word' id='word_1_85' title='bbox 2083 1214 2187 1251; x_wconf 91' lang='lat' dir='ltr'><strong>non</strong></span> 
     </span>
    </p>
   </div>
   <div class='ocr_carea' id='block_1_13' title="bbox 629 1276 2187 1346">
    <p class='ocr_par' dir='ltr' id='par_1_13' title="bbox 629 1276 2187 1346">
     <span class='ocr_line' id='line_1_13' title="bbox 629 1276 2187 1346; baseline 0.008 -19"><span class='ocrx_word' id='word_1_86' title='bbox 629 1276 949 1329; x_wconf 82' lang='lat' dir='ltr'><strong>clauduntur</strong></span> <span class='ocrx_word' id='word_1_87' title='bbox 993 1276 1076 1329; x_wconf 86' lang='lat' dir='ltr'><strong>his</strong></span> <span class='ocrx_word' id='word_1_88' title='bbox 1108 1278 1332 1331; x_wconf 70' lang='lat' dir='ltr'><strong>vocibus</strong></span> <span class='ocrx_word' id='word_1_89' title='bbox 1371 1295 1385 1331; x_wconf 87' lang='lat'><strong>:</strong></span> <span class='ocrx_word' id='word_1_90' title='bbox 1425 1290 1705 1346; x_wconf 77' lang='lat' dir='ltr'><strong>prastante</strong></span> <span class='ocrx_word' id='word_1_91' title='bbox 1743 1282 1965 1337; x_wconf 84' lang='lat' dir='ltr'><strong>Domino</strong></span> <span class='ocrx_word' id='word_1_92' title='bbox 2011 1296 2187 1340; x_wconf 75' lang='lat' dir='ltr'><strong>nostra</strong></span> 
     </span>
    </p>
   </div>
   <div class='ocr_carea' id='block_1_14' title="bbox 624 1362 2187 1440">
    <p class='ocr_par' dir='ltr' id='par_1_14' title="bbox 624 1362 2187 1440">
     <span class='ocr_line' id='line_1_14' title="bbox 624 1362 2187 1440; baseline 0.006 -22"><span class='ocrx_word' id='word_1_93' title='bbox 624 1365 754 1418; x_wconf 73' lang='lat' dir='ltr'><strong>Iesu</strong></span> <span class='ocrx_word' id='word_1_94' title='bbox 792 1362 999 1417; x_wconf 81' lang='lat' dir='ltr'><strong>Christo</strong></span> <span class='ocrx_word' id='word_1_95' title='bbox 1038 1364 1177 1417; x_wconf 83' lang='lat' dir='ltr'><strong>Filio</strong></span> <span class='ocrx_word' id='word_1_96' title='bbox 1212 1367 1325 1435; x_wconf 80' lang='lat' dir='ltr'><strong>ejus</strong></span> <span class='ocrx_word' id='word_1_97' title='bbox 1349 1406 1363 1429; x_wconf 87' lang='lat'><strong>,</strong></span> <span class='ocrx_word' id='word_1_98' title='bbox 1394 1370 1482 1435; x_wconf 85' lang='lat' dir='ltr'><strong>qui</strong></span> <span class='ocrx_word' id='word_1_99' title='bbox 1528 1385 1644 1422; x_wconf 84' lang='lat' dir='ltr'><strong>cum</strong></span> <span class='ocrx_word' id='word_1_100' title='bbox 1689 1370 1850 1424; x_wconf 88' lang='lat' dir='ltr'><strong>Patre</strong></span> <span class='ocrx_word' id='word_1_101' title='bbox 1896 1384 1941 1425; x_wconf 81' lang='lat' dir='ltr'><strong>et</strong></span> <span class='ocrx_word' id='word_1_102' title='bbox 1990 1372 2187 1440; x_wconf 79' lang='lat' dir='ltr'><strong>Spiritu</strong></span> 
     </span>
    </p>
   </div>
   <div class='ocr_carea' id='block_1_15' title="bbox 627 1453 2187 1525">
    <p class='ocr_par' dir='ltr' id='par_1_15' title="bbox 627 1453 2187 1525">
     <span class='ocr_line' id='line_1_15' title="bbox 627 1453 2187 1525; baseline 0.008 -21"><span class='ocrx_word' id='word_1_103' title='bbox 627 1453 950 1507; x_wconf 58' lang='lat' dir='ltr'><strong>sanctoaieit</strong></span> <span class='ocrx_word' id='word_1_104' title='bbox 986 1462 1033 1506; x_wconf 81' lang='grc' dir='ltr'><strong>ει</strong></span> <span class='ocrx_word' id='word_1_105' title='bbox 1060 1465 1241 1523; x_wconf 73' lang='lat' dir='ltr'><strong>regnat</strong></span> <span class='ocrx_word' id='word_1_106' title='bbox 1283 1456 1421 1508; x_wconf 73' lang='lat' dir='ltr'><strong>Deus</strong></span> <span class='ocrx_word' id='word_1_107' title='bbox 1448 1474 1539 1524; x_wconf 83' lang='lat' dir='ltr'><strong>per</strong></span> <span class='ocrx_word' id='word_1_108' title='bbox 1567 1460 1775 1525; x_wconf 76' lang='lat' dir='ltr'><strong>inﬁnita</strong></span> <span class='ocrx_word' id='word_1_109' title='bbox 1798 1462 1989 1515; x_wconf 70' lang='lat' dir='ltr'><strong>uetula</strong></span> <span class='ocrx_word' id='word_1_110' title='bbox 2022 1480 2187 1517; x_wconf 72' lang='lat' dir='ltr'><strong>mcu-</strong></span> 
     </span>
    </p>
   </div>
   <div class='ocr_carea' id='block_1_16' title="bbox 624 1542 2187 1619">
    <p class='ocr_par' dir='ltr' id='par_1_16' title="bbox 624 1542 2187 1619">
     <span class='ocr_line' id='line_1_16' title="bbox 624 1542 2187 1619; baseline 0.01 -26"><span class='ocrx_word' id='word_1_111' title='bbox 624 1542 1011 1605; x_wconf 61' lang='lat' dir='ltr'><strong>tarunLAmen</strong></span> <span class='ocrx_word' id='word_1_112' title='bbox 1030 1544 1121 1604; x_wconf 56' lang='lat'><strong>:4.</strong></span> <span class='ocrx_word' id='word_1_113' title='bbox 1153 1544 1328 1598; x_wconf 84' lang='lat' dir='ltr'><strong>nullus</strong></span> <span class='ocrx_word' id='word_1_114' title='bbox 1348 1560 1414 1599; x_wconf 79' lang='lat' dir='ltr'><strong>ex</strong></span> <span class='ocrx_word' id='word_1_115' title='bbox 1447 1546 1687 1602; x_wconf 73' lang='lat' dir='ltr'><strong>historia:</strong></span> <span class='ocrx_word' id='word_1_116' title='bbox 1709 1550 2017 1619; x_wconf 63' lang='lat' dir='ltr'><strong>Anglicanas</strong></span> <span class='ocrx_word' id='word_1_117' title='bbox 2045 1555 2187 1608; x_wconf 57' lang='lat' dir='ltr'><strong>seri»</strong></span> 
     </span>
    </p>
   </div>
   <div class='ocr_carea' id='block_1_17' title="bbox 625 1622 2184 1705">
    <p class='ocr_par' dir='ltr' id='par_1_17' title="bbox 625 1622 2184 1705">
     <span class='ocr_line' id='line_1_17' title="bbox 625 1622 2184 1705; baseline 0.008 -22"><span class='ocrx_word' id='word_1_118' title='bbox 625 1631 869 1698; x_wconf 88' lang='lat' dir='ltr'><strong>ptoribus</strong></span> <span class='ocrx_word' id='word_1_119' title='bbox 891 1631 1059 1684; x_wconf 85' lang='lat' dir='ltr'><strong>refert</strong></span> <span class='ocrx_word' id='word_1_120' title='bbox 1106 1647 1133 1685; x_wconf 91' lang='lat' dir='ltr'><strong>a</strong></span> <span class='ocrx_word' id='word_1_121' title='bbox 1174 1622 1848 1705; x_wconf 38' lang='lat' dir='ltr'><strong>Guillelmo’Con‘qucstore</strong></span> <span class='ocrx_word' id='word_1_122' title='bbox 1879 1639 1930 1693; x_wconf 91' lang='lat' dir='ltr'><strong>in</strong></span> <span class='ocrx_word' id='word_1_123' title='bbox 1963 1638 2184 1695; x_wconf 83' lang='lat' dir='ltr'><strong>Dauiam</strong></span> 
     </span>
    </p>
   </div>
   <div class='ocr_carea' id='block_1_18' title="bbox 607 1718 2260 1796">
    <p class='ocr_par' dir='ltr' id='par_1_18' title="bbox 607 1718 2260 1796">
     <span class='ocr_line' id='line_1_18' title="bbox 607 1718 2260 1796; baseline 0.008 -25"><span class='ocrx_word' id='word_1_124' title='bbox 607 1720 841 1772; x_wconf 81' lang='lat' dir='ltr'><strong>missum</strong></span> <span class='ocrx_word' id='word_1_125' title='bbox 869 1718 1130 1785; x_wconf 87' lang='lat' dir='ltr'><strong>Elsinum,</strong></span> <span class='ocrx_word' id='word_1_126' title='bbox 1156 1722 1245 1788; x_wconf 88' lang='lat' dir='ltr'><strong>qui</strong></span> <span class='ocrx_word' id='word_1_127' title='bbox 1279 1731 1454 1776; x_wconf 86' lang='lat' dir='ltr'><strong>utrum</strong></span> <span class='ocrx_word' id='word_1_128' title='bbox 1484 1723 1695 1790; x_wconf 87' lang='lat' dir='ltr'><strong>classis,</strong></span> <span class='ocrx_word' id='word_1_129' title='bbox 1727 1734 1783 1779; x_wconf 89' lang='lat' dir='ltr'><strong>ut</strong></span> <span class='ocrx_word' id='word_1_130' title='bbox 1809 1726 1949 1781; x_wconf 78' lang='lat' dir='ltr'><strong>fama</strong></span> <span class='ocrx_word' id='word_1_131' title='bbox 1967 1738 2103 1796; x_wconf 87' lang='lat' dir='ltr'><strong>erat,</strong></span> <span class='ocrx_word' id='word_1_132' title='bbox 2133 1731 2185 1784; x_wconf 88' lang='lat' dir='ltr'><strong>in</strong></span> <span class='ocrx_word' id='word_1_133' title='bbox 2220 1720 2260 1776; x_wconf 83' lang='grc' dir='ltr'>Β</span> 
     </span>
    </p>
   </div>
   <div class='ocr_carea' id='block_1_19' title="bbox 616 1806 2219 1884">
    <p class='ocr_par' dir='ltr' id='par_1_19' title="bbox 616 1806 2219 1884">
     <span class='ocr_line' id='line_1_19' title="bbox 616 1806 2219 1884; baseline 0.008 -25"><span class='ocrx_word' id='word_1_134' title='bbox 616 1806 867 1873; x_wconf 78' lang='lat' dir='ltr'><strong>Angliam</strong></span> <span class='ocrx_word' id='word_1_135' title='bbox 893 1809 1172 1878; x_wconf 75' lang='lat' dir='ltr'><strong>dirigenda</strong></span> <span class='ocrx_word' id='word_1_136' title='bbox 1206 1821 1507 1878; x_wconf 75' lang='lat' dir='ltr'><strong>pararetur,</strong></span> <span class='ocrx_word' id='word_1_137' title='bbox 1551 1814 1820 1882; x_wconf 79' lang='lat' dir='ltr'><strong>sagaciter</strong></span> <span class='ocrx_word' id='word_1_138' title='bbox 1859 1816 2181 1884; x_wconf 79' lang='lat' dir='ltr'><strong>exploraret.</strong></span> <span class='ocrx_word' id='word_1_139' title='bbox 2216 1830 2219 1833; x_wconf 76' lang='lat'><strong><em>&#39;</em></strong></span> 
     </span>
    </p>
   </div>
   <div class='ocr_carea' id='block_1_20' title="bbox 617 1893 2182 1974">
    <p class='ocr_par' dir='ltr' id='par_1_20' title="bbox 617 1893 2182 1974">
     <span class='ocr_line' id='line_1_20' title="bbox 617 1893 2182 1974; baseline 0.01 -28"><span class='ocrx_word' id='word_1_140' title='bbox 617 1893 734 1947; x_wconf 78' lang='lat' dir='ltr'><strong>imo</strong></span> <span class='ocrx_word' id='word_1_141' title='bbox 779 1897 997 1950; x_wconf 83' lang='lat' dir='ltr'><strong>tradunt</strong></span> <span class='ocrx_word' id='word_1_142' title='bbox 1035 1912 1224 1951; x_wconf 86' lang='lat' dir='ltr'><strong>omnes</strong></span> <span class='ocrx_word' id='word_1_143' title='bbox 1273 1898 1873 1966; x_wconf 71' lang='lat' dir='ltr'><strong>Gnillelmum,&#39;statim</strong></span> <span class='ocrx_word' id='word_1_144' title='bbox 1925 1908 2182 1974; x_wconf 72' lang='lat' dir='ltr'><strong>atquein</strong></span> 
     </span>
    </p>
   </div>
   <div class='ocr_carea' id='block_1_21' title="bbox 617 1982 2238 2053">
    <p class='ocr_par' dir='ltr' id='par_1_21' title="bbox 617 1982 2238 2053">
     <span class='ocr_line' id='line_1_21' title="bbox 617 1982 2238 2053; baseline 0.011 -19"><span class='ocrx_word' id='word_1_145' title='bbox 617 1982 821 2049; x_wconf 67' lang='lat' dir='ltr'><strong>Anglia:</strong></span> <span class='ocrx_word' id='word_1_146' title='bbox 853 1997 1032 2053; x_wconf 89' lang='lat' dir='ltr'><strong>regem</strong></span> <span class='ocrx_word' id='word_1_147' title='bbox 1057 1996 1301 2040; x_wconf 82' lang='lat' dir='ltr'><strong>sacratus</strong></span> <span class='ocrx_word' id='word_1_148' title='bbox 1327 1997 1430 2049; x_wconf 84' lang='lat' dir='ltr'><strong>est.</strong></span> <span class='ocrx_word' id='word_1_149' title='bbox 1459 1988 1510 2042; x_wconf 90' lang='lat' dir='ltr'><strong>iu</strong></span> <span class='ocrx_word' id='word_1_150' title='bbox 1534 1989 1978 2047; x_wconf 84' lang='lat' dir='ltr'><strong>Northmanniam</strong></span> <span class='ocrx_word' id='word_1_151' title='bbox 2005 2006 2182 2051; x_wconf 86' lang='lat' dir='ltr'><strong>trans-</strong></span> <span class='ocrx_word' id='word_1_152' title='bbox 2236 2017 2238 2021; x_wconf 50' lang='grc' dir='ltr'>ν</span> 
     </span>
    </p>
   </div>
   <div class='ocr_carea' id='block_1_22' title="bbox 617 2070 2179 2149">
    <p class='ocr_par' dir='ltr' id='par_1_22' title="bbox 617 2070 2179 2149">
     <span class='ocr_line' id='line_1_22' title="bbox 617 2070 2179 2149; baseline 0.011 -26"><span class='ocrx_word' id='word_1_153' title='bbox 617 2070 865 2135; x_wconf 87' lang='lat' dir='ltr'><strong>fretasse,</strong></span> <span class='ocrx_word' id='word_1_154' title='bbox 906 2082 961 2126; x_wconf 91' lang='lat' dir='ltr'><strong>et</strong></span> <span class='ocrx_word' id='word_1_155' title='bbox 988 2073 1261 2143; x_wconf 89' lang='lat' dir='ltr'><strong>aliquanto</strong></span> <span class='ocrx_word' id='word_1_156' title='bbox 1297 2088 1417 2144; x_wconf 85' lang='lat' dir='ltr'><strong>post</strong></span> <span class='ocrx_word' id='word_1_157' title='bbox 1457 2078 1725 2133; x_wconf 88' lang='lat' dir='ltr'><strong>Danorum</strong></span> <span class='ocrx_word' id='word_1_158' title='bbox 1756 2084 2179 2149; x_wconf 85' lang='lat' dir='ltr'><strong>potentissimam</strong></span> 
     </span>
    </p>
   </div>
   <div class='ocr_carea' id='block_1_23' title="bbox 603 2159 2180 2242">
    <p class='ocr_par' dir='ltr' id='par_1_23' title="bbox 603 2159 2180 2242">
     <span class='ocr_line' id='line_1_23' title="bbox 603 2159 2180 2242; baseline 0.011 -29"><span class='ocrx_word' id='word_1_159' title='bbox 603 2159 847 2214; x_wconf 69' lang='lat' dir='ltr'><strong>classem</strong></span> <span class='ocrx_word' id='word_1_160' title='bbox 879 2161 931 2214; x_wconf 92' lang='lat' dir='ltr'><strong>in</strong></span> <span class='ocrx_word' id='word_1_161' title='bbox 958 2161 1202 2233; x_wconf 83' lang='lat' dir='ltr'><strong>Angliam</strong></span> <span class='ocrx_word' id='word_1_162' title='bbox 1242 2166 1523 2231; x_wconf 85' lang='lat' dir='ltr'><strong>irrupisse.</strong></span> <span class='ocrx_word' id='word_1_163' title='bbox 1552 2160 1681 2223; x_wconf 86' lang='lat' dir='ltr'><strong>Cum</strong></span> <span class='ocrx_word' id='word_1_164' title='bbox 1718 2172 1913 2239; x_wconf 82' lang='lat' dir='ltr'><strong>quibus</strong></span> <span class='ocrx_word' id='word_1_165' title='bbox 1940 2175 2180 2242; x_wconf 89' lang='lat' dir='ltr'><strong>profecto</strong></span> 
     </span>
    </p>
   </div>
   <div class='ocr_carea' id='block_1_24' title="bbox 614 2248 2179 2324">
    <p class='ocr_par' dir='ltr' id='par_1_24' title="bbox 614 2248 2179 2324">
     <span class='ocr_line' id='line_1_24' title="bbox 614 2248 2179 2324; baseline 0.012 -25"><span class='ocrx_word' id='word_1_166' title='bbox 614 2248 757 2301; x_wconf 86' lang='lat' dir='ltr'><strong>male</strong></span> <span class='ocrx_word' id='word_1_167' title='bbox 797 2248 1029 2302; x_wconf 75' lang='lat' dir='ltr'><strong>cohaeret</strong></span> <span class='ocrx_word' id='word_1_168' title='bbox 1070 2251 1238 2321; x_wconf 82' lang='lat' dir='ltr'><strong>prima</strong></span> <span class='ocrx_word' id='word_1_169' title='bbox 1287 2252 1440 2307; x_wconf 85' lang='lat' dir='ltr'><strong>istius</strong></span> <span class='ocrx_word' id='word_1_170' title='bbox 1477 2256 1715 2324; x_wconf 75' lang='lat' dir='ltr'><strong>epistolte</strong></span> <span class='ocrx_word' id='word_1_171' title='bbox 1756 2260 1870 2312; x_wconf 83' lang='lat' dir='ltr'><strong>sive</strong></span> <span class='ocrx_word' id='word_1_172' title='bbox 1915 2264 2179 2318; x_wconf 83' lang='lat' dir='ltr'><strong>sermonis</strong></span> 
     </span>
    </p>
   </div>
   <div class='ocr_carea' id='block_1_25' title="bbox 582 2334 2224 2410">
    <p class='ocr_par' dir='ltr' id='par_1_25' title="bbox 582 2334 2224 2410">
     <span class='ocr_line' id='line_1_25' title="bbox 582 2334 2224 2410; baseline 0.011 -24"><span class='ocrx_word' id='word_1_173' title='bbox 582 2334 877 2389; x_wconf 78' lang='lat' dir='ltr'><strong>‘narratio.</strong></span> <span class='ocrx_word' id='word_1_174' title='bbox 910 2335 967 2389; x_wconf 89' lang='lat' dir='ltr'><strong>Si</strong></span> <span class='ocrx_word' id='word_1_175' title='bbox 996 2338 1149 2390; x_wconf 58' lang='lat' dir='ltr'><strong>enim.</strong></span> <span class='ocrx_word' id='word_1_176' title='bbox 1172 2338 1384 2394; x_wconf 83' lang='lat' dir='ltr'><strong>Elsiuus</strong></span> <span class='ocrx_word' id='word_1_177' title='bbox 1424 2351 1667 2410; x_wconf 76' lang='lat' dir='ltr'><strong>paratam</strong></span> <span class='ocrx_word' id='word_1_178' title='bbox 1715 2345 1941 2402; x_wconf 84' lang='lat' dir='ltr'><strong>classem</strong></span> <span class='ocrx_word' id='word_1_179' title='bbox 1980 2365 2179 2403; x_wconf 90' lang='lat' dir='ltr'><strong>renun-</strong></span> <span class='ocrx_word' id='word_1_180' title='bbox 2220 2361 2224 2365; x_wconf 87' lang='lat'><em>‘</em></span> 
     </span>
    </p>
   </div>
   <div class='ocr_carea' id='block_1_26' title="bbox 615 2416 2174 2503">
    <p class='ocr_par' dir='ltr' id='par_1_26' title="bbox 615 2416 2174 2503">
     <span class='ocr_line' id='line_1_26' title="bbox 615 2416 2174 2503; baseline 0.01 -29"><span class='ocrx_word' id='word_1_181' title='bbox 615 2416 1129 2480; x_wconf 69' lang='lat' dir='ltr'><strong>tiasset&#39;Guillelmo</strong></span> <span class='ocrx_word' id='word_1_182' title='bbox 1149 2466 1163 2489; x_wconf 94' lang='lat'><strong>,</strong></span> <span class='ocrx_word' id='word_1_183' title='bbox 1195 2428 1274 2481; x_wconf 86' lang='lat' dir='ltr'><strong>vel</strong></span> <span class='ocrx_word' id='word_1_184' title='bbox 1308 2429 1419 2497; x_wconf 90' lang='lat' dir='ltr'><strong>ipse</strong></span> <span class='ocrx_word' id='word_1_185' title='bbox 1449 2445 1512 2485; x_wconf 81' lang='lat' dir='ltr'><strong>ex</strong></span> <span class='ocrx_word' id='word_1_186' title='bbox 1544 2433 1732 2501; x_wconf 84' lang='lat' dir='ltr'><strong>Anglia</strong></span> <span class='ocrx_word' id='word_1_187' title='bbox 1762 2440 1883 2489; x_wconf 78' lang='lat' dir='ltr'><strong>“non</strong></span> <span class='ocrx_word' id='word_1_188' title='bbox 1923 2437 2139 2492; x_wconf 79' lang='lat' dir='ltr'><strong>exiisset</strong></span> <span class='ocrx_word' id='word_1_189' title='bbox 2159 2478 2174 2503; x_wconf 90' lang='lat'><strong>,</strong></span> 
     </span>
    </p>
   </div>
   <div class='ocr_carea' id='block_1_27' title="bbox 614 2499 2171 2595">
    <p class='ocr_par' dir='ltr' id='par_1_27' title="bbox 614 2499 2171 2595">
     <span class='ocr_line' id='line_1_27' title="bbox 614 2499 2171 2595; baseline 0.012 -31"><span class='ocrx_word' id='word_1_190' title='bbox 614 2499 701 2565; x_wconf 73' lang='lat' dir='ltr'><strong>vel</strong></span> <span class='ocrx_word' id='word_1_191' title='bbox 731 2513 920 2567; x_wconf 76' lang='lat' dir='ltr'><strong>Saltem</strong></span> <span class='ocrx_word' id='word_1_192' title='bbox 952 2515 1085 2568; x_wconf 84' lang='lat' dir='ltr'><strong>Dani</strong></span> <span class='ocrx_word' id='word_1_193' title='bbox 1115 2530 1233 2570; x_wconf 89' lang='lat' dir='ltr'><strong>eam</strong></span> <span class='ocrx_word' id='word_1_194' title='bbox 1260 2534 1325 2572; x_wconf 87' lang='lat' dir='ltr'><strong>eo</strong></span> <span class='ocrx_word' id='word_1_195' title='bbox 1370 2520 1634 2589; x_wconf 87' lang='lat' dir='ltr'><strong>imparato</strong></span> <span class='ocrx_word' id='word_1_196' title='bbox 1676 2540 1779 2576; x_wconf 88' lang='lat' dir='ltr'><strong>non</strong></span> <span class='ocrx_word' id='word_1_197' title='bbox 1829 2526 2171 2595; x_wconf 84' lang='lat' dir='ltr'><strong>invasissent.</strong></span> 
     </span>
    </p>
   </div>
   <div class='ocr_carea' id='block_1_28' title="bbox 610 2599 2174 2677">
    <p class='ocr_par' dir='ltr' id='par_1_28' title="bbox 610 2599 2174 2677">
     <span class='ocr_line' id='line_1_28' title="bbox 610 2599 2174 2677; baseline 0.012 -25"><span class='ocrx_word' id='word_1_198' title='bbox 610 2599 670 2653; x_wconf 84' lang='lat' dir='ltr'><strong>S.</strong></span> <span class='ocrx_word' id='word_1_199' title='bbox 713 2602 947 2670; x_wconf 85' lang='lat' dir='ltr'><strong>Elsinus,</strong></span> <span class='ocrx_word' id='word_1_200' title='bbox 978 2604 1198 2671; x_wconf 81' lang='lat' dir='ltr'><strong>Anglice</strong></span> <span class='ocrx_word' id='word_1_201' title='bbox 1240 2606 1519 2677; x_wconf 70' lang='lat' dir='ltr'><strong>Aiegelsin,</strong></span> <span class='ocrx_word' id='word_1_202' title='bbox 1562 2625 1665 2664; x_wconf 89' lang='lat' dir='ltr'><strong>non</strong></span> <span class='ocrx_word' id='word_1_203' title='bbox 1710 2613 1805 2664; x_wconf 87' lang='lat' dir='ltr'><strong>fuit</strong></span> <span class='ocrx_word' id='word_1_204' title='bbox 1851 2613 1902 2667; x_wconf 92' lang='lat' dir='ltr'><strong>in</strong></span> <span class='ocrx_word' id='word_1_205' title='bbox 1930 2616 2174 2669; x_wconf 82' lang='lat' dir='ltr'><strong>abbatem</strong></span> 
     </span>
    </p>
   </div>
   <div class='ocr_carea' id='block_1_29' title="bbox 609 2689 2171 2761">
    <p class='ocr_par' dir='ltr' id='par_1_29' title="bbox 609 2689 2171 2761">
     <span class='ocr_line' id='line_1_29' title="bbox 609 2689 2171 2761; baseline 0.008 -19"><span class='ocrx_word' id='word_1_206' title='bbox 609 2689 1012 2745; x_wconf 73' lang='lat' dir='ltr'><strong>Ramesiensem</strong></span> <span class='ocrx_word' id='word_1_207' title='bbox 1055 2693 1256 2747; x_wconf 84' lang='lat' dir='ltr'><strong>electus</strong></span> <span class='ocrx_word' id='word_1_208' title='bbox 1287 2695 1388 2748; x_wconf 90' lang='lat' dir='ltr'><strong>nisi</strong></span> <span class='ocrx_word' id='word_1_209' title='bbox 1422 2709 1510 2749; x_wconf 87' lang='lat' dir='ltr'><strong>an.</strong></span> <span class='ocrx_word' id='word_1_210' title='bbox 1558 2698 1710 2761; x_wconf 86' lang='grc'>1080,</span> <span class='ocrx_word' id='word_1_211' title='bbox 1754 2708 1811 2751; x_wconf 80' lang='grc' dir='ltr'><strong>ιιι</strong></span> <span class='ocrx_word' id='word_1_212' title='bbox 1856 2701 2083 2755; x_wconf 88' lang='lat' dir='ltr'><strong>habetur</strong></span> <span class='ocrx_word' id='word_1_213' title='bbox 2119 2702 2171 2759; x_wconf 91' lang='lat' dir='ltr'><strong>in</strong></span> 
     </span>
    </p>
   </div>
   <div class='ocr_carea' id='block_1_30' title="bbox 592 2775 2174 2855">
    <p class='ocr_par' dir='ltr' id='par_1_30' title="bbox 592 2775 2174 2855">
     <span class='ocr_line' id='line_1_30' title="bbox 592 2775 2174 2855; baseline 0.011 -27"><span class='ocrx_word' id='word_1_214' title='bbox 592 2775 859 2845; x_wconf 58' lang='lat' dir='ltr'><strong>“Registro</strong></span> <span class='ocrx_word' id='word_1_215' title='bbox 902 2778 970 2832; x_wconf 87' lang='lat' dir='ltr'><strong>de</strong></span> <span class='ocrx_word' id='word_1_216' title='bbox 999 2778 1271 2851; x_wconf 74' lang='lat' dir='ltr'><strong>Ramsey,</strong></span> <span class='ocrx_word' id='word_1_217' title='bbox 1324 2781 1415 2835; x_wconf 92' lang='lat' dir='ltr'><strong>fol.</strong></span> <span class='ocrx_word' id='word_1_218' title='bbox 1456 2784 1582 2838; x_wconf 63' lang='lat'><strong>$18.</strong></span> <span class='ocrx_word' id='word_1_219' title='bbox 1637 2786 1833 2840; x_wconf 83' lang='lat' dir='ltr'><strong>Fabula</strong></span> <span class='ocrx_word' id='word_1_220' title='bbox 1887 2788 2048 2855; x_wconf 85' lang='lat' dir='ltr'><strong>igitur</strong></span> <span class='ocrx_word' id='word_1_221' title='bbox 2090 2800 2174 2845; x_wconf 89' lang='lat' dir='ltr'><strong>est</strong></span> 
     </span>
    </p>
   </div>
   <div class='ocr_carea' id='block_1_31' title="bbox 594 2864 2172 2932">
    <p class='ocr_par' dir='ltr' id='par_1_31' title="bbox 594 2864 2172 2932">
     <span class='ocr_line' id='line_1_31' title="bbox 594 2864 2172 2932; baseline 0.011 -17"><span class='ocrx_word' id='word_1_222' title='bbox 594 2864 838 2918; x_wconf 54' lang='lat' dir='ltr'><strong>‘etenobii</strong></span> <span class='ocrx_word' id='word_1_223' title='bbox 868 2864 1232 2921; x_wconf 76' lang='lat' dir='ltr'><strong>Ramesiensis</strong></span> <span class='ocrx_word' id='word_1_224' title='bbox 1252 2871 1500 2923; x_wconf 85' lang='lat' dir='ltr'><strong>abbatem</strong></span> <span class='ocrx_word' id='word_1_225' title='bbox 1530 2872 1770 2929; x_wconf 85' lang='lat' dir='ltr'><strong>Elsiuum</strong></span> <span class='ocrx_word' id='word_1_226' title='bbox 1793 2890 1821 2927; x_wconf 90' lang='lat' dir='ltr'><strong>a</strong></span> <span class='ocrx_word' id='word_1_227' title='bbox 1848 2874 2128 2931; x_wconf 83' lang='lat' dir='ltr'><strong>Guillehuo</strong></span> <span class='ocrx_word' id='word_1_228' title='bbox 2152 2878 2172 2932; x_wconf 92' lang='lat' dir='ltr'><strong>l</strong></span> 
     </span>
    </p>
   </div>
   <div class='ocr_carea' id='block_1_32' title="bbox 607 2952 2167 3025">
    <p class='ocr_par' dir='ltr' id='par_1_32' title="bbox 607 2952 2167 3025">
     <span class='ocr_line' id='line_1_32' title="bbox 607 2952 2167 3025; baseline 0.012 -23"><span class='ocrx_word' id='word_1_229' title='bbox 607 2952 927 3005; x_wconf 84' lang='lat' dir='ltr'><strong>accersitum</strong></span> <span class='ocrx_word' id='word_1_230' title='bbox 971 2953 1343 3025; x_wconf 86' lang='lat' dir='ltr'><strong>directumque</strong></span> <span class='ocrx_word' id='word_1_231' title='bbox 1397 2957 1565 3015; x_wconf 83' lang='lat' dir='ltr'><strong>fuisse</strong></span> <span class='ocrx_word' id='word_1_232' title='bbox 1607 2960 1660 3014; x_wconf 91' lang='lat' dir='ltr'><strong>in</strong></span> <span class='ocrx_word' id='word_1_233' title='bbox 1712 2962 1934 3017; x_wconf 82' lang='lat' dir='ltr'><strong>Daniam</strong></span> <span class='ocrx_word' id='word_1_234' title='bbox 1987 2962 2167 3020; x_wconf 84' lang='lat' dir='ltr'><strong>statim</strong></span> 
     </span>
    </p>
   </div>
   <div class='ocr_carea' id='block_1_33' title="bbox 605 3024 2248 3114">
    <p class='ocr_par' dir='ltr' id='par_1_33' title="bbox 605 3024 2248 3114">
     <span class='ocr_line' id='line_1_33' title="bbox 605 3024 2248 3114; baseline 0.015 -27"><span class='ocrx_word' id='word_1_235' title='bbox 605 3044 770 3105; x_wconf 84' lang='lat' dir='ltr'><strong>atque</strong></span> <span class='ocrx_word' id='word_1_236' title='bbox 788 3036 1033 3109; x_wconf 81' lang='lat' dir='ltr'><strong>Angliam</strong></span> <span class='ocrx_word' id='word_1_237' title='bbox 1054 3042 1360 3098; x_wconf 64' lang='lat' dir='ltr'><strong>suaditioni</strong></span> <span class='ocrx_word' id='word_1_238' title='bbox 1376 3045 1622 3114; x_wconf 83' lang='lat' dir='ltr'><strong>subjecit,</strong></span> <span class='ocrx_word' id='word_1_239' title='bbox 1641 3049 1744 3105; x_wconf 91' lang='lat' dir='ltr'><strong>hoc</strong></span> <span class='ocrx_word' id='word_1_240' title='bbox 1762 3063 1845 3107; x_wconf 86' lang='lat' dir='ltr'><strong>est</strong></span> <span class='ocrx_word' id='word_1_241' title='bbox 1863 3055 2169 3111; x_wconf 83' lang='lat' dir='ltr'><strong>annol066.</strong></span> <span class='ocrx_word' id='word_1_242' title='bbox 2205 3024 2248 3098; x_wconf 59' lang='grc' dir='ltr'>ε</span> 
     </span>
    </p>
   </div>
   <div class='ocr_carea' id='block_1_34' title="bbox 596 3127 2172 3211">
    <p class='ocr_par' dir='ltr' id='par_1_34' title="bbox 596 3127 2172 3211">
     <span class='ocr_line' id='line_1_34' title="bbox 596 3127 2172 3211; baseline 0.013 -31"><span class='ocrx_word' id='word_1_243' title='bbox 596 3132 599 3133; x_wconf 67' lang='grc'><strong><em>⁷</em></strong></span> <span class='ocrx_word' id='word_1_244' title='bbox 676 3127 895 3205; x_wconf 82' lang='lat' dir='ltr'><strong>Elsinus</strong></span> <span class='ocrx_word' id='word_1_245' title='bbox 923 3131 1010 3185; x_wconf 90' lang='lat' dir='ltr'><strong>hic</strong></span> <span class='ocrx_word' id='word_1_246' title='bbox 1035 3130 1089 3186; x_wconf 90' lang='lat' dir='ltr'><strong>in</strong></span> <span class='ocrx_word' id='word_1_247' title='bbox 1110 3133 1336 3188; x_wconf 85' lang='lat' dir='ltr'><strong>ecclesia</strong></span> <span class='ocrx_word' id='word_1_248' title='bbox 1362 3135 1550 3191; x_wconf 86' lang='lat' dir='ltr'><strong>Sancti</strong></span> <span class='ocrx_word' id='word_1_249' title='bbox 1582 3139 1864 3208; x_wconf 81' lang='lat' dir='ltr'><strong>Augustini</strong></span> <span class='ocrx_word' id='word_1_250' title='bbox 1886 3143 2172 3211; x_wconf 81' lang='lat' dir='ltr'><strong>aliquando</strong></span> 
     </span>
    </p>
   </div>
   <div class='ocr_carea' id='block_1_35' title="bbox 607 3218 2169 3302">
    <p class='ocr_par' dir='ltr' id='par_1_35' title="bbox 607 3218 2169 3302">
     <span class='ocr_line' id='line_1_35' title="bbox 607 3218 2169 3302; baseline 0.013 -35"><span class='ocrx_word' id='word_1_251' title='bbox 607 3218 873 3269; x_wconf 77' lang='lat' dir='ltr'><strong>resedisse</strong></span> <span class='ocrx_word' id='word_1_252' title='bbox 900 3218 1097 3274; x_wconf 90' lang='lat' dir='ltr'><strong>dicitur</strong></span> <span class='ocrx_word' id='word_1_253' title='bbox 1139 3221 1194 3281; x_wconf 86' lang='lat' dir='ltr'><strong>in</strong></span> <span class='ocrx_word' id='word_1_254' title='bbox 1228 3223 1412 3277; x_wconf 77' lang='lat' dir='ltr'><strong>altera</strong></span> <span class='ocrx_word' id='word_1_255' title='bbox 1459 3227 1789 3283; x_wconf 80' lang='lat' dir='ltr'><strong>narratione.</strong></span> <span class='ocrx_word' id='word_1_256' title='bbox 1845 3230 1913 3285; x_wconf 78' lang='lat' dir='ltr'><strong>Et.</strong></span> <span class='ocrx_word' id='word_1_257' title='bbox 1956 3234 2169 3302; x_wconf 86' lang='lat' dir='ltr'><strong>quidem</strong></span> 
     </span>
    </p>
   </div>
   <div class='ocr_carea' id='block_1_36' title="bbox 604 3302 2170 3373">
    <p class='ocr_par' dir='ltr' id='par_1_36' title="bbox 604 3302 2170 3373">
     <span class='ocr_line' id='line_1_36' title="bbox 604 3302 2170 3373; baseline 0.011 -16"><span class='ocrx_word' id='word_1_258' title='bbox 604 3302 918 3359; x_wconf 82' lang='lat' dir='ltr'><strong>Guillelmus</strong></span> <span class='ocrx_word' id='word_1_259' title='bbox 953 3305 1131 3362; x_wconf 85' lang='lat' dir='ltr'><strong>Torne</strong></span> <span class='ocrx_word' id='word_1_260' title='bbox 1161 3308 1213 3361; x_wconf 91' lang='lat' dir='ltr'><strong>in</strong></span> <span class='ocrx_word' id='word_1_261' title='bbox 1236 3305 1518 3367; x_wconf 87' lang='lat' dir='ltr'><strong>Cbronicis</strong></span> <span class='ocrx_word' id='word_1_262' title='bbox 1552 3314 1802 3369; x_wconf 85' lang='lat' dir='ltr'><strong>abbatem</strong></span> <span class='ocrx_word' id='word_1_263' title='bbox 1843 3316 2027 3373; x_wconf 85' lang='lat' dir='ltr'><strong>Sancti</strong></span> <span class='ocrx_word' id='word_1_264' title='bbox 2061 3320 2170 3373; x_wconf 83' lang='lat' dir='ltr'><strong>Au-</strong></span> 
     </span>
    </p>
   </div>
   <div class='ocr_carea' id='block_1_37' title="bbox 602 3391 2170 3462">
    <p class='ocr_par' dir='ltr' id='par_1_37' title="bbox 602 3391 2170 3462">
     <span class='ocr_line' id='line_1_37' title="bbox 602 3391 2170 3462; baseline 0.009 -15"><span class='ocrx_word' id='word_1_265' title='bbox 602 3393 801 3462; x_wconf 84' lang='lat' dir='ltr'><strong>gustini</strong></span> <span class='ocrx_word' id='word_1_266' title='bbox 821 3391 1075 3449; x_wconf 87' lang='lat' dir='ltr'><strong>Cantuar.</strong></span> <span class='ocrx_word' id='word_1_267' title='bbox 1100 3397 1166 3450; x_wconf 90' lang='lat' dir='ltr'><strong>ad</strong></span> <span class='ocrx_word' id='word_1_268' title='bbox 1190 3413 1315 3450; x_wconf 89' lang='lat' dir='ltr'><strong>anu.</strong></span> <span class='ocrx_word' id='word_1_269' title='bbox 1348 3398 1483 3454; x_wconf 82' lang='grc'>1059</span> <span class='ocrx_word' id='word_1_270' title='bbox 1514 3401 1653 3454; x_wconf 90' lang='lat' dir='ltr'><strong>inter</strong></span> <span class='ocrx_word' id='word_1_271' title='bbox 1678 3417 1770 3457; x_wconf 89' lang='lat' dir='ltr'><strong>eos</strong></span> <span class='ocrx_word' id='word_1_272' title='bbox 1792 3403 2012 3459; x_wconf 86' lang='lat' dir='ltr'><strong>abbates</strong></span> <span class='ocrx_word' id='word_1_273' title='bbox 2036 3406 2170 3462; x_wconf 89' lang='lat' dir='ltr'><strong>bene</strong></span> 
     </span>
    </p>
   </div>
   <div class='ocr_carea' id='block_1_38' title="bbox 603 3483 2169 3553">
    <p class='ocr_par' dir='ltr' id='par_1_38' title="bbox 603 3483 2169 3553">
     <span class='ocr_line' id='line_1_38' title="bbox 603 3483 2169 3553; baseline 0.009 -18"><span class='ocrx_word' id='word_1_274' title='bbox 603 3492 856 3537; x_wconf 81' lang='lat' dir='ltr'><strong>recenset</strong></span> <span class='ocrx_word' id='word_1_275' title='bbox 882 3483 1229 3553; x_wconf 83' lang='lat' dir='ltr'><strong>Egelsinum;</strong></span> <span class='ocrx_word' id='word_1_276' title='bbox 1262 3493 1313 3541; x_wconf 88' lang='lat' dir='ltr'><strong>et</strong></span> <span class='ocrx_word' id='word_1_277' title='bbox 1359 3487 1425 3542; x_wconf 88' lang='lat' dir='ltr'><strong>de</strong></span> <span class='ocrx_word' id='word_1_278' title='bbox 1468 3504 1532 3542; x_wconf 90' lang='lat' dir='ltr'><strong>eo</strong></span> <span class='ocrx_word' id='word_1_279' title='bbox 1578 3491 1718 3545; x_wconf 87' lang='lat' dir='ltr'><strong>inter</strong></span> <span class='ocrx_word' id='word_1_280' title='bbox 1746 3502 1935 3547; x_wconf 73' lang='lat' dir='ltr'><strong>raztera</strong></span> <span class='ocrx_word' id='word_1_281' title='bbox 1980 3495 2169 3549; x_wconf 88' lang='lat' dir='ltr'><strong>scribit</strong></span> 
     </span>
    </p>
   </div>
   <div class='ocr_carea' id='block_1_39' title="bbox 538 3556 2164 3648">
    <p class='ocr_par' dir='ltr' id='par_1_39' title="bbox 538 3556 2164 3648">
     <span class='ocr_line' id='line_1_39' title="bbox 538 3556 2164 3648; baseline 0.015 -35"><span class='ocrx_word' id='word_1_282' title='bbox 538 3610 539 3613; x_wconf 44' lang='grc' dir='ltr'><strong>η</strong></span> <span class='ocrx_word' id='word_1_283' title='bbox 594 3556 777 3637; x_wconf 58' lang='lat' dir='ltr'><strong>quod,</strong></span> <span class='ocrx_word' id='word_1_284' title='bbox 799 3571 917 3638; x_wconf 85' lang='lat' dir='ltr'><strong>ipso</strong></span> <span class='ocrx_word' id='word_1_285' title='bbox 950 3580 1007 3624; x_wconf 87' lang='grc' dir='ltr'><strong>ει</strong></span> <span class='ocrx_word' id='word_1_286' title='bbox 1049 3571 1305 3639; x_wconf 78' lang='lat' dir='ltr'><strong>Stigando</strong></span> <span class='ocrx_word' id='word_1_287' title='bbox 1347 3578 1750 3648; x_wconf 80' lang='lat' dir='ltr'><strong>archiepiscopo</strong></span> <span class='ocrx_word' id='word_1_288' title='bbox 1792 3580 2164 3638; x_wconf 84' lang='lat' dir='ltr'><strong>Cautuariensi</strong></span> 
     </span>
    </p>
   </div>
   <div class='ocr_carea' id='block_1_40' title="bbox 600 3646 2165 3728">
    <p class='ocr_par' dir='ltr' id='par_1_40' title="bbox 600 3646 2165 3728">
     <span class='ocr_line' id='line_1_40' title="bbox 600 3646 2165 3728; baseline 0.01 -16"><span class='ocrx_word' id='word_1_289' title='bbox 600 3646 847 3722; x_wconf 82' lang='lat' dir='ltr'><strong>ducibus,</strong></span> <span class='ocrx_word' id='word_1_290' title='bbox 896 3662 1122 3728; x_wconf 70' lang='lat' dir='ltr'><strong>populus</strong></span> <span class='ocrx_word' id='word_1_291' title='bbox 1153 3662 1463 3721; x_wconf 83' lang='lat' dir='ltr'><strong>Cantiorum</strong></span> <span class='ocrx_word' id='word_1_292' title='bbox 1506 3680 1657 3721; x_wconf 86' lang='lat' dir='ltr'><strong>anno</strong></span> <span class='ocrx_word' id='word_1_293' title='bbox 1686 3646 1837 3722; x_wconf 72' lang='grc'>1006</span> <span class='ocrx_word' id='word_1_294' title='bbox 1885 3670 2165 3727; x_wconf 74' lang='grc' dir='ltr'><strong>ϐυἱΙΙεΙηό</strong></span> 
     </span>
    </p>
   </div>
   <div class='ocr_carea' id='block_1_41' title="bbox 601 3752 2163 3819">
    <p class='ocr_par' dir='ltr' id='par_1_41' title="bbox 601 3752 2163 3819">
     <span class='ocr_line' id='line_1_41' title="bbox 601 3752 2163 3819; baseline 0.01 -21"><span class='ocrx_word' id='word_1_295' title='bbox 601 3757 991 3811; x_wconf 85' lang='lat' dir='ltr'><strong>occurrerunt;</strong></span> <span class='ocrx_word' id='word_1_296' title='bbox 1024 3758 1079 3801; x_wconf 89' lang='lat' dir='ltr'><strong>et</strong></span> <span class='ocrx_word' id='word_1_297' title='bbox 1105 3752 1250 3817; x_wconf 87' lang='lat' dir='ltr'><strong>quod</strong></span> <span class='ocrx_word' id='word_1_298' title='bbox 1274 3761 1429 3819; x_wconf 86' lang='lat' dir='ltr'><strong>pacto</strong></span> <span class='ocrx_word' id='word_1_299' title='bbox 1468 3754 1612 3807; x_wconf 89' lang='lat' dir='ltr'><strong>inter</strong></span> <span class='ocrx_word' id='word_1_300' title='bbox 1637 3757 1967 3813; x_wconf 29' lang='lat' dir='ltr'><strong>eosvl&#39;aadere</strong></span> <span class='ocrx_word' id='word_1_301' title='bbox 2001 3760 2163 3813; x_wconf 86' lang='lat' dir='ltr'><strong>abbas</strong></span> 
     </span>
    </p>
   </div>
   <div class='ocr_carea' id='block_1_42' title="bbox 605 3832 2161 3912">
    <p class='ocr_par' dir='ltr' id='par_1_42' title="bbox 605 3832 2161 3912">
     <span class='ocr_line' id='line_1_42' title="bbox 605 3832 2161 3912; baseline 0.011 -28"><span class='ocrx_word' id='word_1_302' title='bbox 605 3832 711 3886; x_wconf 81' lang='lat' dir='ltr'><strong>iste</strong></span> <span class='ocrx_word' id='word_1_303' title='bbox 742 3834 793 3885; x_wconf 91' lang='lat' dir='ltr'><strong>in</strong></span> <span class='ocrx_word' id='word_1_304' title='bbox 840 3834 1061 3899; x_wconf 78' lang='lat' dir='ltr'><strong>Daniam</strong></span> <span class='ocrx_word' id='word_1_305' title='bbox 1094 3838 1447 3905; x_wconf 74' lang='lat' dir='ltr'><strong>navigaverit,</strong></span> <span class='ocrx_word' id='word_1_306' title='bbox 1484 3844 1589 3895; x_wconf 77' lang='lat' dir='ltr'><strong>sed</strong></span> <span class='ocrx_word' id='word_1_307' title='bbox 1632 3843 1886 3912; x_wconf 78' lang='lat' dir='ltr'><strong>profugus</strong></span> <span class='ocrx_word' id='word_1_308' title='bbox 1922 3857 1980 3899; x_wconf 92' lang='lat' dir='ltr'><strong>ut</strong></span> <span class='ocrx_word' id='word_1_309' title='bbox 2026 3848 2161 3901; x_wconf 88' lang='lat' dir='ltr'><strong>iram</strong></span> 
     </span>
    </p>
   </div>
   <div class='ocr_carea' id='block_1_43' title="bbox 598 3920 2161 4002">
    <p class='ocr_par' dir='ltr' id='par_1_43' title="bbox 598 3920 2161 4002">
     <span class='ocr_line' id='line_1_43' title="bbox 598 3920 2161 4002; baseline 0.008 -27"><span class='ocrx_word' id='word_1_310' title='bbox 598 3920 869 3976; x_wconf 82' lang='lat' dir='ltr'><strong>Guilleltui</strong></span> <span class='ocrx_word' id='word_1_311' title='bbox 908 3922 1221 3989; x_wconf 83' lang='lat' dir='ltr'><strong>declinaret,</strong></span> <span class='ocrx_word' id='word_1_312' title='bbox 1257 3942 1359 3979; x_wconf 92' lang='lat' dir='ltr'><strong>nou</strong></span> <span class='ocrx_word' id='word_1_313' title='bbox 1386 3936 1444 3979; x_wconf 89' lang='lat' dir='ltr'><strong>ut</strong></span> <span class='ocrx_word' id='word_1_314' title='bbox 1471 3928 1587 3996; x_wconf 84' lang='lat' dir='ltr'><strong>ejus</strong></span> <span class='ocrx_word' id='word_1_315' title='bbox 1623 3932 1829 4001; x_wconf 85' lang='lat' dir='ltr'><strong>legatus</strong></span> <span class='ocrx_word' id='word_1_316' title='bbox 1853 3943 1945 3986; x_wconf 91' lang='lat' dir='ltr'><strong>aut</strong></span> <span class='ocrx_word' id='word_1_317' title='bbox 1980 3935 2161 4002; x_wconf 80' lang='lat' dir='ltr'><strong>explo-</strong></span> 
     </span>
    </p>
   </div>
   <div class='ocr_carea' id='block_1_44' title="bbox 587 4011 2157 4090">
    <p class='ocr_par' dir='ltr' id='par_1_44' title="bbox 587 4011 2157 4090">
     <span class='ocr_line' id='line_1_44' title="bbox 587 4011 2157 4090; baseline 0.01 -28"><span class='ocrx_word' id='word_1_318' title='bbox 587 4018 767 4072; x_wconf 71' lang='lat' dir='ltr'><strong>rator,</strong></span> <span class='ocrx_word' id='word_1_319' title='bbox 795 4023 853 4079; x_wconf 38' lang='lat' dir='ltr'><strong>u/t</strong></span> <span class='ocrx_word' id='word_1_320' title='bbox 882 4011 1030 4079; x_wconf 76' lang='lat' dir='ltr'><strong>fingit</strong></span> <span class='ocrx_word' id='word_1_321' title='bbox 1060 4012 1257 4067; x_wconf 80' lang='lat' dir='ltr'><strong>fabula.</strong></span> <span class='ocrx_word' id='word_1_322' title='bbox 1286 4016 1521 4084; x_wconf 79' lang='lat' dir='ltr'><strong>Denique</strong></span> <span class='ocrx_word' id='word_1_323' title='bbox 1547 4020 1690 4088; x_wconf 88' lang='lat' dir='ltr'><strong>quod</strong></span> <span class='ocrx_word' id='word_1_324' title='bbox 1720 4037 1825 4075; x_wconf 91' lang='lat' dir='ltr'><strong>non</strong></span> <span class='ocrx_word' id='word_1_325' title='bbox 1857 4022 2033 4090; x_wconf 21' lang='lat' dir='ltr'><strong>solum,</strong></span> <span class='ocrx_word' id='word_1_326' title='bbox 2054 4013 2157 4078; x_wconf 84' lang='lat' dir='ltr'><strong>non</strong></span> 
     </span>
    </p>
   </div>
   <div class='ocr_carea' id='block_1_45' title="bbox 593 4096 2157 4177">
    <p class='ocr_par' dir='ltr' id='par_1_45' title="bbox 593 4096 2157 4177">
     <span class='ocr_line' id='line_1_45' title="bbox 593 4096 2157 4177; baseline 0.013 -29"><span class='ocrx_word' id='word_1_327' title='bbox 593 4096 755 4150; x_wconf 83' lang='lat' dir='ltr'><strong>fuerit</strong></span> <span class='ocrx_word' id='word_1_328' title='bbox 804 4098 870 4151; x_wconf 90' lang='lat' dir='ltr'><strong>ad</strong></span> <span class='ocrx_word' id='word_1_329' title='bbox 921 4100 1200 4154; x_wconf 84' lang='lat' dir='ltr'><strong>ecclesiam</strong></span> <span class='ocrx_word' id='word_1_330' title='bbox 1254 4102 1654 4160; x_wconf 80' lang='lat' dir='ltr'><strong>Ramesiensem</strong></span> <span class='ocrx_word' id='word_1_331' title='bbox 1705 4120 2009 4177; x_wconf 86' lang='lat' dir='ltr'><strong>promotus,</strong></span> <span class='ocrx_word' id='word_1_332' title='bbox 2064 4114 2157 4167; x_wconf 88' lang='lat' dir='ltr'><strong>sed</strong></span> 
     </span>
    </p>
   </div>
   <div class='ocr_carea' id='block_1_46' title="bbox 587 4189 2181 4271">
    <p class='ocr_par' dir='ltr' id='par_1_46' title="bbox 587 4189 2181 4271">
     <span class='ocr_line' id='line_1_46' title="bbox 587 4189 2181 4271; baseline 0.012 -33"><span class='ocrx_word' id='word_1_333' title='bbox 587 4189 734 4254; x_wconf 87' lang='lat' dir='ltr'><strong>quod</strong></span> <span class='ocrx_word' id='word_1_334' title='bbox 764 4203 1024 4256; x_wconf 85' lang='lat' dir='ltr'><strong>nusquam</strong></span> <span class='ocrx_word' id='word_1_335' title='bbox 1051 4206 1115 4243; x_wconf 80' lang='lat' dir='ltr'><strong>ex</strong></span> <span class='ocrx_word' id='word_1_336' title='bbox 1145 4207 1209 4245; x_wconf 90' lang='lat' dir='ltr'><strong>eo</strong></span> <span class='ocrx_word' id='word_1_337' title='bbox 1241 4203 1478 4262; x_wconf 86' lang='lat' dir='ltr'><strong>tempore</strong></span> <span class='ocrx_word' id='word_1_338' title='bbox 1498 4201 1853 4265; x_wconf 85' lang='lat' dir='ltr'><strong>comparuerit</strong></span> <span class='ocrx_word' id='word_1_339' title='bbox 1879 4200 2181 4271; x_wconf 29' lang='lat' dir='ltr'><strong>Egelsiuus‘</strong></span> 
     </span>
    </p>
   </div>
   <div class='ocr_carea' id='block_1_47' title="bbox 593 4276 2152 4358">
    <p class='ocr_par' dir='ltr' id='par_1_47' title="bbox 593 4276 2152 4358">
     <span class='ocr_line' id='line_1_47' title="bbox 593 4276 2152 4358; baseline 0.012 -31"><span class='ocrx_word' id='word_1_340' title='bbox 593 4276 715 4339; x_wconf 77' lang='lat' dir='ltr'><strong>iste,</strong></span> <span class='ocrx_word' id='word_1_341' title='bbox 765 4278 1006 4330; x_wconf 85' lang='lat' dir='ltr'><strong>adeout</strong></span> <span class='ocrx_word' id='word_1_342' title='bbox 1056 4280 1106 4330; x_wconf 91' lang='lat' dir='ltr'><strong>iu</strong></span> <span class='ocrx_word' id='word_1_343' title='bbox 1156 4279 1271 4346; x_wconf 87' lang='lat' dir='ltr'><strong>ejus</strong></span> <span class='ocrx_word' id='word_1_344' title='bbox 1314 4281 1491 4358; x_wconf 87' lang='lat' dir='ltr'><strong>locum</strong></span> <span class='ocrx_word' id='word_1_345' title='bbox 1542 4299 1633 4338; x_wconf 81' lang='lat' dir='ltr'><strong>rex</strong></span> <span class='ocrx_word' id='word_1_346' title='bbox 1678 4287 1838 4341; x_wconf 88' lang='lat' dir='ltr'><strong>alium</strong></span> <span class='ocrx_word' id='word_1_347' title='bbox 1886 4288 2152 4345; x_wconf 77' lang='lat' dir='ltr'><strong>suffecerit</strong></span> 
     </span>
    </p>
   </div>
   <div class='ocr_carea' id='block_1_48' title="bbox 590 4356 2154 4450">
    <p class='ocr_par' dir='ltr' id='par_1_48' title="bbox 590 4356 2154 4450">
     <span class='ocr_line' id='line_1_48' title="bbox 590 4356 2154 4450; baseline 0.012 -32"><span class='ocrx_word' id='word_1_348' title='bbox 590 4356 817 4419; x_wconf 82' lang='lat' dir='ltr'><strong>nomine.</strong></span> <span class='ocrx_word' id='word_1_349' title='bbox 859 4367 1228 4435; x_wconf 80' lang='lat' dir='ltr'><strong>Scotlantlum,</strong></span> <span class='ocrx_word' id='word_1_350' title='bbox 1259 4371 1413 4438; x_wconf 81' lang='lat' dir='ltr'><strong>cujus</strong></span> <span class='ocrx_word' id='word_1_351' title='bbox 1463 4375 1716 4431; x_wconf 85' lang='lat' dir='ltr'><strong>instantia</strong></span> <span class='ocrx_word' id='word_1_352' title='bbox 1766 4395 1793 4431; x_wconf 89' lang='lat' dir='ltr'><strong>a</strong></span> <span class='ocrx_word' id='word_1_353' title='bbox 1848 4395 1971 4450; x_wconf 89' lang='lat' dir='ltr'><strong>rege</strong></span> <span class='ocrx_word' id='word_1_354' title='bbox 2005 4399 2154 4437; x_wconf 90' lang='lat' dir='ltr'><strong>man-</strong></span> 
     </span>
    </p>
   </div>
   <div class='ocr_carea' id='block_1_49' title="bbox 588 4464 2151 4547">
    <p class='ocr_par' dir='ltr' id='par_1_49' title="bbox 588 4464 2151 4547">
     <span class='ocr_line' id='line_1_49' title="bbox 588 4464 2151 4547; baseline 0.013 -39"><span class='ocrx_word' id='word_1_355' title='bbox 588 4466 771 4509; x_wconf 74' lang='lat' dir='ltr'><strong>italum</strong></span> <span class='ocrx_word' id='word_1_356' title='bbox 801 4467 885 4512; x_wconf 88' lang='lat' dir='ltr'><strong>est</strong></span> <span class='ocrx_word' id='word_1_357' title='bbox 911 4474 973 4512; x_wconf 89' lang='lat' dir='ltr'><strong>ea</strong></span> <span class='ocrx_word' id='word_1_358' title='bbox 1002 4464 1179 4515; x_wconf 89' lang='lat' dir='ltr'><strong>omnia</strong></span> <span class='ocrx_word' id='word_1_359' title='bbox 1213 4464 1350 4517; x_wconf 85' lang='lat' dir='ltr'><strong>bona</strong></span> <span class='ocrx_word' id='word_1_360' title='bbox 1378 4467 1623 4521; x_wconf 86' lang='lat' dir='ltr'><strong>coenobio</strong></span> <span class='ocrx_word' id='word_1_361' title='bbox 1660 4469 1841 4547; x_wconf 84' lang='lat' dir='ltr'><strong>sancti</strong></span> <span class='ocrx_word' id='word_1_362' title='bbox 1871 4472 2151 4542; x_wconf 82' lang='lat' dir='ltr'><strong>Augustini</strong></span> 
     </span>
    </p>
   </div>
   <div class='ocr_carea' id='block_1_50' title="bbox 586 4547 2149 4629">
    <p class='ocr_par' dir='ltr' id='par_1_50' title="bbox 586 4547 2149 4629">
     <span class='ocr_line' id='line_1_50' title="bbox 586 4547 2149 4629; baseline 0.013 -33"><span class='ocrx_word' id='word_1_363' title='bbox 586 4547 968 4616; x_wconf 72' lang='lat' dir='ltr'><strong>restitui,.qute</strong></span> <span class='ocrx_word' id='word_1_364' title='bbox 996 4550 1163 4604; x_wconf 88' lang='lat' dir='ltr'><strong>abbas</strong></span> <span class='ocrx_word' id='word_1_365' title='bbox 1186 4551 1286 4606; x_wconf 88' lang='lat' dir='ltr'><strong>iste</strong></span> <span class='ocrx_word' id='word_1_366' title='bbox 1313 4553 1618 4621; x_wconf 84' lang='lat' dir='ltr'><strong>Egelsinus,</strong></span> <span class='ocrx_word' id='word_1_367' title='bbox 1647 4573 1803 4626; x_wconf 92' lang='lat' dir='ltr'><strong>quem</strong></span> <span class='ocrx_word' id='word_1_368' title='bbox 1841 4575 1929 4614; x_wconf 86' lang='lat' dir='ltr'><strong>rex</strong></span> <span class='ocrx_word' id='word_1_369' title='bbox 1960 4562 2071 4629; x_wconf 90' lang='lat' dir='ltr'><strong>ipse</strong></span> <span class='ocrx_word' id='word_1_370' title='bbox 2098 4564 2149 4617; x_wconf 91' lang='lat' dir='ltr'><strong>in</strong></span> 
     </span>
    </p>
   </div>
   <div class='ocr_carea' id='block_1_51' title="bbox 584 4637 2148 4709">
    <p class='ocr_par' dir='ltr' id='par_1_51' title="bbox 584 4637 2148 4709">
     <span class='ocr_line' id='line_1_51' title="bbox 584 4637 2148 4709; baseline 0.012 -24"><span class='ocrx_word' id='word_1_371' title='bbox 584 4650 680 4685; x_wconf 81' lang='lat' dir='ltr'><strong>suo</strong></span> <span class='ocrx_word' id='word_1_372' title='bbox 709 4637 974 4705; x_wconf 88' lang='lat' dir='ltr'><strong>rescripto</strong></span> <span class='ocrx_word' id='word_1_373' title='bbox 1012 4648 1166 4692; x_wconf 87' lang='lat' dir='ltr'><strong>vocat</strong></span> <span class='ocrx_word' id='word_1_374' title='bbox 1209 4640 1527 4709; x_wconf 88' lang='lat' dir='ltr'><strong>fugitivum,</strong></span> <span class='ocrx_word' id='word_1_375' title='bbox 1568 4644 1651 4698; x_wconf 86' lang='lat' dir='ltr'><strong>vel</strong></span> <span class='ocrx_word' id='word_1_376' title='bbox 1692 4658 2034 4703; x_wconf 84' lang='lat' dir='ltr'><strong>concesserat</strong></span> <span class='ocrx_word' id='word_1_377' title='bbox 2067 4653 2148 4705; x_wconf 87' lang='lat' dir='ltr'><strong>vel</strong></span> 
     </span>
    </p>
   </div>
   <div class='ocr_carea' id='block_1_52' title="bbox 582 4724 2149 4811">
    <p class='ocr_par' dir='ltr' id='par_1_52' title="bbox 582 4724 2149 4811">
     <span class='ocr_line' id='line_1_52' title="bbox 582 4724 2149 4811; baseline 0.017 -40"><span class='ocrx_word' id='word_1_378' title='bbox 582 4724 749 4789; x_wconf 78' lang='lat' dir='ltr'><strong>abripi</strong></span> <span class='ocrx_word' id='word_1_379' title='bbox 782 4728 1121 4792; x_wconf 84' lang='lat' dir='ltr'><strong>permiserat.</strong></span> <span class='ocrx_word' id='word_1_380' title='bbox 1148 4728 1263 4783; x_wconf 84' lang='lat' dir='ltr'><strong>Non</strong></span> <span class='ocrx_word' id='word_1_381' title='bbox 1292 4744 1419 4801; x_wconf 91' lang='lat' dir='ltr'><strong>ergo</strong></span> <span class='ocrx_word' id='word_1_382' title='bbox 1444 4734 1489 4786; x_wconf 87' lang='lat' dir='ltr'><strong>is</strong></span> <span class='ocrx_word' id='word_1_383' title='bbox 1513 4735 1728 4791; x_wconf 87' lang='lat' dir='ltr'><strong>Elsinus</strong></span> <span class='ocrx_word' id='word_1_384' title='bbox 1750 4747 1830 4792; x_wconf 90' lang='lat' dir='ltr'><strong>est</strong></span> <span class='ocrx_word' id='word_1_385' title='bbox 1848 4741 1935 4808; x_wconf 90' lang='lat' dir='ltr'><strong>qui</strong></span> <span class='ocrx_word' id='word_1_386' title='bbox 1969 4757 1997 4795; x_wconf 89' lang='lat' dir='ltr'><strong>a</strong></span> <span class='ocrx_word' id='word_1_387' title='bbox 2025 4757 2149 4811; x_wconf 88' lang='lat' dir='ltr'><strong>rege</strong></span> 
     </span>
    </p>
   </div>
   <div class='ocr_carea' id='block_1_53' title="bbox 582 4812 2145 4891">
    <p class='ocr_par' dir='ltr' id='par_1_53' title="bbox 582 4812 2145 4891">
     <span class='ocr_line' id='line_1_53' title="bbox 582 4812 2145 4891; baseline 0.017 -31"><span class='ocrx_word' id='word_1_388' title='bbox 582 4812 632 4861; x_wconf 90' lang='lat' dir='ltr'><strong>iu</strong></span> <span class='ocrx_word' id='word_1_389' title='bbox 664 4812 882 4867; x_wconf 82' lang='lat' dir='ltr'><strong>Dauiam</strong></span> <span class='ocrx_word' id='word_1_390' title='bbox 921 4816 1116 4890; x_wconf 84' lang='lat' dir='ltr'><strong>missus</strong></span> <span class='ocrx_word' id='word_1_391' title='bbox 1146 4828 1251 4883; x_wconf 89' lang='lat' dir='ltr'><strong>est,</strong></span> <span class='ocrx_word' id='word_1_392' title='bbox 1281 4830 1337 4873; x_wconf 89' lang='lat' dir='ltr'><strong>et</strong></span> <span class='ocrx_word' id='word_1_393' title='bbox 1364 4823 1452 4890; x_wconf 91' lang='lat' dir='ltr'><strong>qui</strong></span> <span class='ocrx_word' id='word_1_394' title='bbox 1492 4839 1549 4877; x_wconf 94' lang='lat' dir='ltr'><strong>re</strong></span> <span class='ocrx_word' id='word_1_395' title='bbox 1578 4841 1699 4879; x_wconf 90' lang='lat' dir='ltr'><strong>cum</strong></span> <span class='ocrx_word' id='word_1_396' title='bbox 1737 4829 1900 4891; x_wconf 85' lang='lat' dir='ltr'><strong>Dauis</strong></span> <span class='ocrx_word' id='word_1_397' title='bbox 1924 4830 2059 4885; x_wconf 84' lang='lat' dir='ltr'><strong>facta</strong></span> <span class='ocrx_word' id='word_1_398' title='bbox 2092 4834 2145 4886; x_wconf 90' lang='lat' dir='ltr'><strong>in</strong></span> 
     </span>
    </p>
   </div>
   <div class='ocr_carea' id='block_1_54' title="bbox 578 4892 2146 4979">
    <p class='ocr_par' dir='ltr' id='par_1_54' title="bbox 578 4892 2146 4979">
     <span class='ocr_line' id='line_1_54' title="bbox 578 4892 2146 4979; baseline 0.018 -32"><span class='ocrx_word' id='word_1_399' title='bbox 578 4892 826 4961; x_wconf 65' lang='lat' dir='ltr'><strong>Angliam</strong></span> <span class='ocrx_word' id='word_1_400' title='bbox 876 4905 1121 4965; x_wconf 87' lang='lat' dir='ltr'><strong>redeunti</strong></span> <span class='ocrx_word' id='word_1_401' title='bbox 1168 4906 1409 4962; x_wconf 39' lang='lat' dir='ltr'><strong>facta‘sit</strong></span> <span class='ocrx_word' id='word_1_402' title='bbox 1456 4912 1677 4979; x_wconf 83' lang='lat' dir='ltr'><strong>praefata</strong></span> <span class='ocrx_word' id='word_1_403' title='bbox 1726 4918 1998 4972; x_wconf 85' lang='lat' dir='ltr'><strong>revelatio.</strong></span> <span class='ocrx_word' id='word_1_404' title='bbox 2040 4921 2146 4975; x_wconf 80' lang='lat' dir='ltr'><strong>Nec</strong></span> 
     </span>
    </p>
   </div>
   <div class='ocr_carea' id='block_1_55' title="bbox 580 4987 2142 5077">
    <p class='ocr_par' dir='ltr' id='par_1_55' title="bbox 580 4987 2142 5077">
     <span class='ocr_line' id='line_1_55' title="bbox 580 4987 2142 5077; baseline 0.021 -42"><span class='ocrx_word' id='word_1_405' title='bbox 580 4987 725 5039; x_wconf 68' lang='lat' dir='ltr'><strong>etaim</strong></span> <span class='ocrx_word' id='word_1_406' title='bbox 757 4990 801 5042; x_wconf 87' lang='lat' dir='ltr'><strong>is</strong></span> <span class='ocrx_word' id='word_1_407' title='bbox 855 4990 951 5044; x_wconf 89' lang='lat' dir='ltr'><strong>fuit</strong></span> <span class='ocrx_word' id='word_1_408' title='bbox 995 5009 1229 5062; x_wconf 89' lang='lat' dir='ltr'><strong>unquam</strong></span> <span class='ocrx_word' id='word_1_409' title='bbox 1278 4998 1641 5058; x_wconf 83' lang='lat' dir='ltr'><strong>Ramesieusis</strong></span> <span class='ocrx_word' id='word_1_410' title='bbox 1688 5010 1915 5063; x_wconf 69' lang='lat' dir='ltr'><strong>cmnobii</strong></span> <span class='ocrx_word' id='word_1_411' title='bbox 1965 5012 2142 5077; x_wconf 90' lang='lat' dir='ltr'><strong>Pater,</strong></span> 
     </span>
    </p>
   </div>
   <div class='ocr_carea' id='block_1_56' title="bbox 580 5080 2145 5167">
    <p class='ocr_par' dir='ltr' id='par_1_56' title="bbox 580 5080 2145 5167">
     <span class='ocr_line' id='line_1_56' title="bbox 580 5080 2145 5167; baseline 0.022 -42"><span class='ocrx_word' id='word_1_412' title='bbox 580 5080 1007 5137; x_wconf 49' lang='lat' dir='ltr'><strong>necad&#39;Danos</strong></span> <span class='ocrx_word' id='word_1_413' title='bbox 1056 5088 1325 5156; x_wconf 85' lang='lat' dir='ltr'><strong>transivit,</strong></span> <span class='ocrx_word' id='word_1_414' title='bbox 1369 5090 1472 5145; x_wconf 83' lang='lat' dir='ltr'><strong>nisi</strong></span> <span class='ocrx_word' id='word_1_415' title='bbox 1522 5095 1806 5167; x_wconf 77' lang='lat' dir='ltr'><strong>profugus;</strong></span> <span class='ocrx_word' id='word_1_416' title='bbox 1855 5102 1993 5153; x_wconf 88' lang='lat' dir='ltr'><strong>unde</strong></span> <span class='ocrx_word' id='word_1_417' title='bbox 2047 5120 2145 5159; x_wconf 90' lang='lat' dir='ltr'><strong>nec</strong></span> 
     </span>
    </p>
   </div>
   <div class='ocr_carea' id='block_1_57' title="bbox 562 5165 1191 5250">
    <p class='ocr_par' dir='ltr' id='par_1_57' title="bbox 562 5165 1191 5250">
     <span class='ocr_line' id='line_1_57' title="bbox 562 5165 1191 5250; baseline 0.021 -34"><span class='ocrx_word' id='word_1_418' title='bbox 562 5165 788 5232; x_wconf 81' lang='lat' dir='ltr'><strong>uspiam</strong></span> <span class='ocrx_word' id='word_1_419' title='bbox 806 5174 1070 5227; x_wconf 50' lang='lat' dir='ltr'><strong>reversus</strong></span> <span class='ocrx_word' id='word_1_420' title='bbox 1091 5186 1191 5250; x_wconf 83' lang='lat' dir='ltr'><strong>est.</strong></span> 
     </span>
    </p>
   </div>
   <div class='ocr_carea' id='block_1_58' title="bbox 649 5254 2142 5352">
    <p class='ocr_par' dir='ltr' id='par_1_58' title="bbox 649 5254 2142 5352">
     <span class='ocr_line' id='line_1_58' title="bbox 649 5254 2142 5352; baseline 0.021 -45"><span class='ocrx_word' id='word_1_421' title='bbox 649 5254 755 5309; x_wconf 88' lang='lat' dir='ltr'><strong>Sed</strong></span> <span class='ocrx_word' id='word_1_422' title='bbox 782 5273 879 5311; x_wconf 86' lang='lat' dir='ltr'><strong>nec</strong></span> <span class='ocrx_word' id='word_1_423' title='bbox 914 5261 1077 5317; x_wconf 85' lang='lat' dir='ltr'><strong>abbas</strong></span> <span class='ocrx_word' id='word_1_424' title='bbox 1109 5264 1472 5323; x_wconf 85' lang='lat' dir='ltr'><strong>Ramesiensis</strong></span> <span class='ocrx_word' id='word_1_425' title='bbox 1498 5272 1564 5325; x_wconf 87' lang='lat' dir='ltr'><strong>ad</strong></span> <span class='ocrx_word' id='word_1_426' title='bbox 1594 5273 1645 5327; x_wconf 88' lang='lat' dir='ltr'><strong>id</strong></span> <span class='ocrx_word' id='word_1_427' title='bbox 1678 5271 1917 5332; x_wconf 88' lang='lat' dir='ltr'><strong>muneris</strong></span> <span class='ocrx_word' id='word_1_428' title='bbox 1942 5295 1972 5333; x_wconf 94' lang='lat' dir='ltr'><strong>a</strong></span> <span class='ocrx_word' id='word_1_429' title='bbox 2017 5298 2142 5352; x_wconf 88' lang='lat' dir='ltr'><strong>rege</strong></span> 
     </span>
    </p>
   </div>
   <div class='ocr_carea' id='block_1_59' title="bbox 577 5344 2139 5428">
    <p class='ocr_par' dir='ltr' id='par_1_59' title="bbox 577 5344 2139 5428">
     <span class='ocr_line' id='line_1_59' title="bbox 577 5344 2139 5428; baseline 0.02 -33"><span class='ocrx_word' id='word_1_430' title='bbox 577 5344 735 5411; x_wconf 71' lang='lat' dir='ltr'><strong>deligi</strong></span> <span class='ocrx_word' id='word_1_431' title='bbox 779 5348 969 5413; x_wconf 89' lang='lat' dir='ltr'><strong>potuit,</strong></span> <span class='ocrx_word' id='word_1_432' title='bbox 1015 5366 1134 5404; x_wconf 84' lang='lat' dir='ltr'><strong>cum</strong></span> <span class='ocrx_word' id='word_1_433' title='bbox 1186 5353 1419 5411; x_wconf 79' lang='lat' dir='ltr'><strong>Elsinus-</strong></span> <span class='ocrx_word' id='word_1_434' title='bbox 1448 5360 1533 5413; x_wconf 88' lang='lat' dir='ltr'><strong>hic</strong></span> <span class='ocrx_word' id='word_1_435' title='bbox 1582 5364 1829 5417; x_wconf 87' lang='lat' dir='ltr'><strong>abbatem</strong></span> <span class='ocrx_word' id='word_1_436' title='bbox 1885 5384 1986 5422; x_wconf 91' lang='lat' dir='ltr'><strong>non</strong></span> <span class='ocrx_word' id='word_1_437' title='bbox 2039 5344 2139 5428; x_wconf 69' lang='lat' dir='ltr'><strong>nisi</strong></span> 
     </span>
    </p>
   </div>
   <div class='ocr_carea' id='block_1_60' title="bbox 566 5435 2140 5517">
    <p class='ocr_par' dir='ltr' id='par_1_60' title="bbox 566 5435 2140 5517">
     <span class='ocr_line' id='line_1_60' title="bbox 566 5435 2140 5517; baseline 0.022 -36"><span class='ocrx_word' id='word_1_438' title='bbox 566 5438 722 5495; x_wconf 49' lang='lat' dir='ltr'><strong>ginno</strong></span> <span class='ocrx_word' id='word_1_439' title='bbox 756 5435 889 5489; x_wconf 83' lang='grc'>1080</span> <span class='ocrx_word' id='word_1_440' title='bbox 920 5438 989 5490; x_wconf 84' lang='lat' dir='ltr'><strong>sit</strong></span> <span class='ocrx_word' id='word_1_441' title='bbox 1014 5439 1233 5505; x_wconf 82' lang='lat' dir='ltr'><strong>electus,</strong></span> <span class='ocrx_word' id='word_1_442' title='bbox 1256 5454 1322 5498; x_wconf 19' lang='lat' dir='ltr'><strong>tet</strong></span> <span class='ocrx_word' id='word_1_443' title='bbox 1353 5453 1613 5517; x_wconf 79' lang='lat' dir='ltr'><strong>nusquam‘</strong></span> <span class='ocrx_word' id='word_1_444' title='bbox 1634 5453 1682 5505; x_wconf 90' lang='lat' dir='ltr'><strong>in</strong></span> <span class='ocrx_word' id='word_1_445' title='bbox 1714 5453 1933 5509; x_wconf 86' lang='lat' dir='ltr'><strong>Daniam</strong></span> <span class='ocrx_word' id='word_1_446' title='bbox 1969 5468 2140 5516; x_wconf 87' lang='lat' dir='ltr'><strong>trans-</strong></span> 
     </span>
    </p>
   </div>
   <div class='ocr_carea' id='block_1_61' title="bbox 2296 508 3503 594">
    <p class='ocr_par' dir='ltr' id='par_1_61' title="bbox 2296 508 3503 594">
     <span class='ocr_line' id='line_1_61' title="bbox 2296 508 3503 594; baseline 0.017 -35"><span class='ocrx_word' id='word_1_447' title='bbox 2296 508 2416 562; x_wconf 86' lang='lat' dir='ltr'><strong>silia</strong></span> <span class='ocrx_word' id='word_1_448' title='bbox 2446 513 2535 579; x_wconf 89' lang='lat' dir='ltr'><strong>qui</strong></span> <span class='ocrx_word' id='word_1_449' title='bbox 2561 509 2718 581; x_wconf 84' lang='lat' dir='ltr'><strong>paulo</strong></span> <span class='ocrx_word' id='word_1_450' title='bbox 2746 529 2867 583; x_wconf 85' lang='lat' dir='ltr'><strong>post</strong></span> <span class='ocrx_word' id='word_1_451' title='bbox 2892 519 2944 571; x_wconf 91' lang='lat' dir='ltr'><strong>in</strong></span> <span class='ocrx_word' id='word_1_452' title='bbox 2968 519 3211 589; x_wconf 82' lang='lat' dir='ltr'><strong>Angliam</strong></span> <span class='ocrx_word' id='word_1_453' title='bbox 3242 522 3503 594; x_wconf 88' lang='lat' dir='ltr'><strong>irrupere.</strong></span> 
     </span>
    </p>
   </div>
   <div class='ocr_carea' id='block_1_62' title="bbox 2365 597 3842 681">
    <p class='ocr_par' dir='ltr' id='par_1_62' title="bbox 2365 597 3842 681">
     <span class='ocr_line' id='line_1_62' title="bbox 2365 597 3842 681; baseline 0.018 -30"><span class='ocrx_word' id='word_1_454' title='bbox 2365 597 2496 662; x_wconf 82' lang='lat' dir='ltr'><strong>Quis</strong></span> <span class='ocrx_word' id='word_1_455' title='bbox 2525 600 3025 671; x_wconf 18' lang='lat' dir='ltr'><strong>ergoristeElsinus</strong></span> <span class='ocrx_word' id='word_1_456' title='bbox 3045 623 3138 663; x_wconf 88' lang='lat' dir='ltr'><strong>seu</strong></span> <span class='ocrx_word' id='word_1_457' title='bbox 3167 609 3442 679; x_wconf 83' lang='lat' dir='ltr'><strong>Egelsinus</strong></span> <span class='ocrx_word' id='word_1_458' title='bbox 3487 625 3598 681; x_wconf 88' lang='lat' dir='ltr'><strong>est,</strong></span> <span class='ocrx_word' id='word_1_459' title='bbox 3642 621 3727 673; x_wconf 91' lang='lat' dir='ltr'><strong>cui</strong></span> <span class='ocrx_word' id='word_1_460' title='bbox 3779 639 3842 677; x_wconf 79' lang='lat' dir='ltr'><strong>ex</strong></span> 
     </span>
    </p>
   </div>
   <div class='ocr_carea' id='block_1_63' title="bbox 2292 683 3845 770">
    <p class='ocr_par' dir='ltr' id='par_1_63' title="bbox 2292 683 3845 770">
     <span class='ocr_line' id='line_1_63' title="bbox 2292 683 3845 770; baseline 0.017 -32"><span class='ocrx_word' id='word_1_461' title='bbox 2292 683 2461 741; x_wconf 86' lang='lat' dir='ltr'><strong>Dania</strong></span> <span class='ocrx_word' id='word_1_462' title='bbox 2488 692 2729 745; x_wconf 88' lang='lat' dir='ltr'><strong>redeunti</strong></span> <span class='ocrx_word' id='word_1_463' title='bbox 2749 702 2891 747; x_wconf 88' lang='lat' dir='ltr'><strong>tanta</strong></span> <span class='ocrx_word' id='word_1_464' title='bbox 2915 698 3149 752; x_wconf 86' lang='lat' dir='ltr'><strong>revelata</strong></span> <span class='ocrx_word' id='word_1_465' title='bbox 3164 711 3290 754; x_wconf 88' lang='lat' dir='ltr'><strong>sunt</strong></span> <span class='ocrx_word' id='word_1_466' title='bbox 3302 706 3552 770; x_wconf 86' lang='lat' dir='ltr'><strong>mysteria</strong></span> <span class='ocrx_word' id='word_1_467' title='bbox 3570 708 3593 759; x_wconf 83' lang='lat'><strong>?</strong></span> <span class='ocrx_word' id='word_1_468' title='bbox 3614 704 3845 764; x_wconf 79' lang='lat' dir='ltr'><strong>Dixeritu</strong></span> 
     </span>
    </p>
   </div>
   <div class='ocr_carea' id='block_1_64' title="bbox 2294 769 3841 859">
    <p class='ocr_par' dir='ltr' id='par_1_64' title="bbox 2294 769 3841 859">
     <span class='ocr_line' id='line_1_64' title="bbox 2294 769 3841 859; baseline 0.019 -33"><span class='ocrx_word' id='word_1_469' title='bbox 2294 769 2441 829; x_wconf 87' lang='lat' dir='ltr'><strong>hunc</strong></span> <span class='ocrx_word' id='word_1_470' title='bbox 2470 770 2570 831; x_wconf 77' lang='lat' dir='ltr'><strong>nec</strong></span> <span class='ocrx_word' id='word_1_471' title='bbox 2598 778 3016 847; x_wconf 80' lang='lat' dir='ltr'><strong>Ramesiensem,</strong></span> <span class='ocrx_word' id='word_1_472' title='bbox 3048 801 3147 840; x_wconf 90' lang='lat' dir='ltr'><strong>nec</strong></span> <span class='ocrx_word' id='word_1_473' title='bbox 3176 789 3633 859; x_wconf 75' lang='lat' dir='ltr'><strong>Cantuariensem,</strong></span> <span class='ocrx_word' id='word_1_474' title='bbox 3661 815 3752 853; x_wconf 83' lang='lat' dir='ltr'><strong>sex</strong></span> <span class='ocrx_word' id='word_1_475' title='bbox 3777 816 3841 854; x_wconf 75' lang='lat' dir='ltr'><strong>ex</strong></span> 
     </span>
    </p>
   </div>
   <div class='ocr_carea' id='block_1_65' title="bbox 2293 867 3842 954">
    <p class='ocr_par' dir='ltr' id='par_1_65' title="bbox 2293 867 3842 954">
     <span class='ocr_line' id='line_1_65' title="bbox 2293 867 3842 954; baseline 0.016 -41"><span class='ocrx_word' id='word_1_476' title='bbox 2293 870 2522 937; x_wconf 83' lang='lat' dir='ltr'><strong>utroque</strong></span> <span class='ocrx_word' id='word_1_477' title='bbox 2566 867 2853 923; x_wconf 77' lang='lat' dir='ltr'><strong>conﬁctam</strong></span> <span class='ocrx_word' id='word_1_478' title='bbox 2884 872 2974 939; x_wconf 87' lang='lat' dir='ltr'><strong>qui</strong></span> <span class='ocrx_word' id='word_1_479' title='bbox 3010 874 3145 927; x_wconf 85' lang='lat' dir='ltr'><strong>etin</strong></span> <span class='ocrx_word' id='word_1_480' title='bbox 3192 876 3410 932; x_wconf 76' lang='lat' dir='ltr'><strong>Daciam</strong></span> <span class='ocrx_word' id='word_1_481' title='bbox 3447 882 3842 954; x_wconf 57' lang='lat' dir='ltr'><strong>tranat-claret,</strong></span> 
     </span>
    </p>
   </div>
   <div class='ocr_carea' id='block_1_66' title="bbox 2292 951 3846 1030">
    <p class='ocr_par' dir='ltr' id='par_1_66' title="bbox 2292 951 3846 1030">
     <span class='ocr_line' id='line_1_66' title="bbox 2292 951 3846 1030; baseline 0.015 -29"><span class='ocrx_word' id='word_1_482' title='bbox 2292 964 2397 1018; x_wconf 89' lang='lat' dir='ltr'><strong>quo</strong></span> <span class='ocrx_word' id='word_1_483' title='bbox 2442 952 2571 1006; x_wconf 87' lang='lat' dir='ltr'><strong>abiit</strong></span> <span class='ocrx_word' id='word_1_484' title='bbox 2599 951 3034 1024; x_wconf 87' lang='lat' dir='ltr'><strong>Cantuariensis;</strong></span> <span class='ocrx_word' id='word_1_485' title='bbox 3065 970 3117 1015; x_wconf 91' lang='lat' dir='ltr'><strong>et</strong></span> <span class='ocrx_word' id='word_1_486' title='bbox 3161 964 3249 1030; x_wconf 91' lang='lat' dir='ltr'><strong>qui</strong></span> <span class='ocrx_word' id='word_1_487' title='bbox 3291 964 3636 1023; x_wconf 82' lang='lat' dir='ltr'><strong>Ramesiense</strong></span> <span class='ocrx_word' id='word_1_488' title='bbox 3664 951 3846 1029; x_wconf 47' lang='lat' dir='ltr'><strong>anno;</strong></span> 
     </span>
    </p>
   </div>
   <div class='ocr_carea' id='block_1_67' title="bbox 2289 1038 3844 1121">
    <p class='ocr_par' dir='ltr' id='par_1_67' title="bbox 2289 1038 3844 1121">
     <span class='ocr_line' id='line_1_67' title="bbox 2289 1038 3844 1121; baseline 0.015 -30"><span class='ocrx_word' id='word_1_489' title='bbox 2289 1038 2434 1092; x_wconf 87' lang='lat' dir='ltr'><strong>bium</strong></span> <span class='ocrx_word' id='word_1_490' title='bbox 2466 1050 2690 1110; x_wconf 89' lang='lat' dir='ltr'><strong>regeret,</strong></span> <span class='ocrx_word' id='word_1_491' title='bbox 2735 1059 2803 1099; x_wconf 89' lang='lat' dir='ltr'><strong>ne</strong></span> <span class='ocrx_word' id='word_1_492' title='bbox 2829 1046 2978 1100; x_wconf 84' lang='lat' dir='ltr'><strong>exsul</strong></span> <span class='ocrx_word' id='word_1_493' title='bbox 3017 1057 3108 1103; x_wconf 86' lang='lat' dir='ltr'><strong>aut</strong></span> <span class='ocrx_word' id='word_1_494' title='bbox 3168 1050 3420 1121; x_wconf 87' lang='lat' dir='ltr'><strong>profugus</strong></span> <span class='ocrx_word' id='word_1_495' title='bbox 3459 1058 3750 1112; x_wconf 84' lang='lat' dir='ltr'><strong>etiamnum</strong></span> <span class='ocrx_word' id='word_1_496' title='bbox 3792 1063 3844 1116; x_wconf 89' lang='lat' dir='ltr'><strong>in</strong></span> 
     </span>
    </p>
   </div>
   <div class='ocr_carea' id='block_1_68' title="bbox 2289 1124 3842 1208">
    <p class='ocr_par' dir='ltr' id='par_1_68' title="bbox 2289 1124 3842 1208">
     <span class='ocr_line' id='line_1_68' title="bbox 2289 1124 3842 1208; baseline 0.014 -28"><span class='ocrx_word' id='word_1_497' title='bbox 2289 1124 2458 1183; x_wconf 88' lang='lat' dir='ltr'><strong>Dauia</strong></span> <span class='ocrx_word' id='word_1_498' title='bbox 2505 1135 2859 1190; x_wconf 86' lang='lat' dir='ltr'><strong>crederetur:</strong></span> <span class='ocrx_word' id='word_1_499' title='bbox 2893 1137 2972 1191; x_wconf 86' lang='lat' dir='ltr'><strong>sic</strong></span> <span class='ocrx_word' id='word_1_500' title='bbox 3019 1138 3190 1208; x_wconf 89' lang='lat' dir='ltr'><strong>seipsa</strong></span> <span class='ocrx_word' id='word_1_501' title='bbox 3236 1140 3468 1197; x_wconf 88' lang='lat' dir='ltr'><strong>concidit</strong></span> <span class='ocrx_word' id='word_1_502' title='bbox 3512 1148 3653 1202; x_wconf 85' lang='lat' dir='ltr'><strong>male</strong></span> <span class='ocrx_word' id='word_1_503' title='bbox 3700 1158 3842 1203; x_wconf 80' lang='lat' dir='ltr'><strong>texta</strong></span> 
     </span>
    </p>
   </div>
   <div class='ocr_carea' id='block_1_69' title="bbox 2290 1211 2984 1271">
    <p class='ocr_par' dir='ltr' id='par_1_69' title="bbox 2290 1211 2984 1271">
     <span class='ocr_line' id='line_1_69' title="bbox 2290 1211 2984 1271; baseline 0.016 -4"><span class='ocrx_word' id='word_1_504' title='bbox 2290 1214 2553 1271; x_wconf 84' lang='lat' dir='ltr'><strong>narratio.</strong></span> <span class='ocrx_word' id='word_1_505' title='bbox 2626 1211 2633 1214; x_wconf 59' lang='grc'><em>’</em></span> <span class='ocrx_word' id='word_1_506' title='bbox 2982 1220 2984 1223; x_wconf 66' lang='grc'>’</span> 
     </span>
    </p>
   </div>
   <div class='ocr_carea' id='block_1_70' title="bbox 2362 1303 3843 1393">
    <p class='ocr_par' dir='ltr' id='par_1_70' title="bbox 2362 1303 3843 1393">
     <span class='ocr_line' id='line_1_70' title="bbox 2362 1303 3843 1393; baseline 0.014 -36"><span class='ocrx_word' id='word_1_507' title='bbox 2362 1303 2414 1357; x_wconf 85' lang='grc' dir='ltr'><strong>ϐ.</strong></span> <span class='ocrx_word' id='word_1_508' title='bbox 2446 1304 2658 1361; x_wconf 83' lang='lat' dir='ltr'><strong>Elsinus</strong></span> <span class='ocrx_word' id='word_1_509' title='bbox 2697 1307 2797 1364; x_wconf 90' lang='lat' dir='ltr'><strong>iste</strong></span> <span class='ocrx_word' id='word_1_510' title='bbox 2840 1309 3117 1382; x_wconf 85' lang='lat' dir='ltr'><strong>naufragio</strong></span> <span class='ocrx_word' id='word_1_511' title='bbox 3144 1315 3415 1384; x_wconf 83' lang='lat' dir='ltr'><strong>proximus</strong></span> <span class='ocrx_word' id='word_1_512' title='bbox 3448 1319 3581 1375; x_wconf 85' lang='lat' dir='ltr'><strong>adeo</strong></span> <span class='ocrx_word' id='word_1_513' title='bbox 3618 1336 3843 1393; x_wconf 81' lang='lat' dir='ltr'><strong>scrupu-</strong></span> 
     </span>
    </p>
   </div>
   <div class='ocr_carea' id='block_1_71' title="bbox 2289 1389 3843 1469">
    <p class='ocr_par' dir='ltr' id='par_1_71' title="bbox 2289 1389 3843 1469">
     <span class='ocr_line' id='line_1_71' title="bbox 2289 1389 3843 1469; baseline 0.017 -25"><span class='ocrx_word' id='word_1_514' title='bbox 2289 1389 2404 1447; x_wconf 90' lang='lat' dir='ltr'><strong>lose</strong></span> <span class='ocrx_word' id='word_1_515' title='bbox 2444 1393 2664 1464; x_wconf 86' lang='lat' dir='ltr'><strong>inquirit</strong></span> <span class='ocrx_word' id='word_1_516' title='bbox 2693 1394 2797 1452; x_wconf 90' lang='lat' dir='ltr'><strong>non</strong></span> <span class='ocrx_word' id='word_1_517' title='bbox 2830 1401 3115 1457; x_wconf 72' lang='lat' dir='ltr'><strong>solum&#39;de</strong></span> <span class='ocrx_word' id='word_1_518' title='bbox 3154 1406 3259 1469; x_wconf 86' lang='lat' dir='ltr'><strong>die,</strong></span> <span class='ocrx_word' id='word_1_519' title='bbox 3286 1408 3391 1463; x_wconf 87' lang='lat' dir='ltr'><strong>sed</strong></span> <span class='ocrx_word' id='word_1_520' title='bbox 3435 1419 3489 1464; x_wconf 89' lang='lat' dir='ltr'><strong>et</strong></span> <span class='ocrx_word' id='word_1_521' title='bbox 3534 1389 3843 1469; x_wconf 73' lang='lat' dir='ltr'><strong>festivitatis</strong></span> 
     </span>
    </p>
   </div>
   <div class='ocr_carea' id='block_1_72' title="bbox 2286 1479 3842 1562">
    <p class='ocr_par' dir='ltr' id='par_1_72' title="bbox 2286 1479 3842 1562">
     <span class='ocr_line' id='line_1_72' title="bbox 2286 1479 3842 1562; baseline 0.017 -26"><span class='ocrx_word' id='word_1_522' title='bbox 2286 1479 2489 1549; x_wconf 80' lang='lat' dir='ltr'><strong>ollicio,</strong></span> <span class='ocrx_word' id='word_1_523' title='bbox 2533 1494 2589 1539; x_wconf 90' lang='lat' dir='ltr'><strong>ut</strong></span> <span class='ocrx_word' id='word_1_524' title='bbox 2620 1496 2736 1543; x_wconf 87' lang='lat' dir='ltr'><strong>arte</strong></span> <span class='ocrx_word' id='word_1_525' title='bbox 2768 1494 3062 1560; x_wconf 78' lang='lat' dir='ltr'><strong>composita</strong></span> <span class='ocrx_word' id='word_1_526' title='bbox 3110 1495 3221 1551; x_wconf 74' lang='lat' dir='ltr'><strong>btee</strong></span> <span class='ocrx_word' id='word_1_527' title='bbox 3261 1501 3498 1555; x_wconf 85' lang='lat' dir='ltr'><strong>narratio</strong></span> <span class='ocrx_word' id='word_1_528' title='bbox 3528 1501 3687 1559; x_wconf 82' lang='lat' dir='ltr'><strong>facile</strong></span> <span class='ocrx_word' id='word_1_529' title='bbox 3719 1520 3842 1562; x_wconf 83' lang='lat' dir='ltr'><strong>cre-</strong></span> 
     </span>
    </p>
   </div>
   <div class='ocr_carea' id='block_1_73' title="bbox 2288 1570 3211 1626">
    <p class='ocr_par' dir='ltr' id='par_1_73' title="bbox 2288 1570 3211 1626">
     <span class='ocr_line' id='line_1_73' title="bbox 2288 1570 3211 1626; baseline 0.014 -2"><span class='ocrx_word' id='word_1_530' title='bbox 2288 1570 2467 1626; x_wconf 79' lang='lat' dir='ltr'><strong>datur.</strong></span> <span class='ocrx_word' id='word_1_531' title='bbox 3208 1580 3211 1583; x_wconf 69' lang='grc'><em>’</em></span> 
     </span>
    </p>
   </div>
   <div class='ocr_carea' id='block_1_74' title="bbox 2360 1661 3841 1747">
    <p class='ocr_par' dir='ltr' id='par_1_74' title="bbox 2360 1661 3841 1747">
     <span class='ocr_line' id='line_1_74' title="bbox 2360 1661 3841 1747; baseline 0.017 -33"><span class='ocrx_word' id='word_1_532' title='bbox 2360 1661 2410 1713; x_wconf 88' lang='grc'><strong>7.</strong></span> <span class='ocrx_word' id='word_1_533' title='bbox 2434 1662 2582 1718; x_wconf 86' lang='lat' dir='ltr'><strong>Adeo</strong></span> <span class='ocrx_word' id='word_1_534' title='bbox 2619 1666 2767 1721; x_wconf 83' lang='lat' dir='ltr'><strong>varie</strong></span> <span class='ocrx_word' id='word_1_535' title='bbox 2791 1668 3052 1740; x_wconf 86' lang='lat' dir='ltr'><strong>descripta</strong></span> <span class='ocrx_word' id='word_1_536' title='bbox 3081 1682 3162 1727; x_wconf 83' lang='lat' dir='ltr'><strong>est</strong></span> <span class='ocrx_word' id='word_1_537' title='bbox 3197 1674 3309 1731; x_wconf 63' lang='lat' dir='ltr'><strong>haec</strong></span> <span class='ocrx_word' id='word_1_538' title='bbox 3333 1677 3577 1747; x_wconf 86' lang='lat' dir='ltr'><strong>epistola,</strong></span> <span class='ocrx_word' id='word_1_539' title='bbox 3607 1690 3664 1736; x_wconf 92' lang='lat' dir='ltr'><strong>ut</strong></span> <span class='ocrx_word' id='word_1_540' title='bbox 3691 1698 3841 1738; x_wconf 83' lang='lat' dir='ltr'><strong>men-</strong></span> 
     </span>
    </p>
   </div>
   <div class='ocr_carea' id='block_1_75' title="bbox 2288 1745 3837 1840">
    <p class='ocr_par' dir='ltr' id='par_1_75' title="bbox 2288 1745 3837 1840">
     <span class='ocr_line' id='line_1_75' title="bbox 2288 1745 3837 1840; baseline 0.019 -41"><span class='ocrx_word' id='word_1_541' title='bbox 2288 1745 2442 1801; x_wconf 83' lang='lat' dir='ltr'><strong>daeio</strong></span> <span class='ocrx_word' id='word_1_542' title='bbox 2487 1751 2539 1803; x_wconf 91' lang='lat' dir='ltr'><strong>in</strong></span> <span class='ocrx_word' id='word_1_543' title='bbox 2584 1753 2790 1823; x_wconf 84' lang='lat' dir='ltr'><strong>incerto</strong></span> <span class='ocrx_word' id='word_1_544' title='bbox 2831 1758 3105 1814; x_wconf 78' lang='lat' dir='ltr'><strong>ﬂuctuanti</strong></span> <span class='ocrx_word' id='word_1_545' title='bbox 3152 1778 3308 1832; x_wconf 86' lang='lat' dir='ltr'><strong>quam</strong></span> <span class='ocrx_word' id='word_1_546' title='bbox 3339 1745 3547 1835; x_wconf 67' lang='lat' dir='ltr'><strong>veritati</strong></span> <span class='ocrx_word' id='word_1_547' title='bbox 3585 1787 3704 1840; x_wconf 67' lang='lat' dir='ltr'><strong>quae</strong></span> <span class='ocrx_word' id='word_1_548' title='bbox 3734 1774 3837 1829; x_wconf 87' lang='lat' dir='ltr'><strong>sibi</strong></span> 
     </span>
    </p>
   </div>
   <div class='ocr_carea' id='block_1_76' title="bbox 2285 1836 3838 1920">
    <p class='ocr_par' dir='ltr' id='par_1_76' title="bbox 2285 1836 3838 1920">
     <span class='ocr_line' id='line_1_76' title="bbox 2285 1836 3838 1920; baseline 0.018 -31"><span class='ocrx_word' id='word_1_549' title='bbox 2285 1836 2514 1918; x_wconf 64' lang='lat' dir='ltr'><strong>eoostat,</strong></span> <span class='ocrx_word' id='word_1_550' title='bbox 2562 1844 2779 1911; x_wconf 84' lang='lat' dir='ltr'><strong>propior</strong></span> <span class='ocrx_word' id='word_1_551' title='bbox 2809 1846 2900 1899; x_wconf 85' lang='lat' dir='ltr'><strong>sit.</strong></span> <span class='ocrx_word' id='word_1_552' title='bbox 2931 1846 2987 1900; x_wconf 83' lang='lat' dir='ltr'><strong>lu</strong></span> <span class='ocrx_word' id='word_1_553' title='bbox 3017 1865 3076 1902; x_wconf 88' lang='lat' dir='ltr'><strong>ea</strong></span> <span class='ocrx_word' id='word_1_554' title='bbox 3107 1866 3265 1920; x_wconf 88' lang='lat' dir='ltr'><strong>quam</strong></span> <span class='ocrx_word' id='word_1_555' title='bbox 3288 1856 3451 1910; x_wconf 86' lang='lat' dir='ltr'><strong>edidit</strong></span> <span class='ocrx_word' id='word_1_556' title='bbox 3476 1836 3633 1912; x_wconf 70' lang='lat' dir='ltr'><strong>Pater</strong></span> <span class='ocrx_word' id='word_1_557' title='bbox 3657 1858 3838 1917; x_wconf 79' lang='lat' dir='ltr'><strong>Yeuez</strong></span> 
     </span>
    </p>
   </div>
   <div class='ocr_carea' id='block_1_77' title="bbox 2284 1915 3840 2013">
    <p class='ocr_par' dir='ltr' id='par_1_77' title="bbox 2284 1915 3840 2013">
     <span class='ocr_line' id='line_1_77' title="bbox 2284 1915 3840 2013; baseline 0.019 -37"><span class='ocrx_word' id='word_1_558' title='bbox 2284 1915 2337 1977; x_wconf 80' lang='lat' dir='ltr'><strong>in</strong></span> <span class='ocrx_word' id='word_1_559' title='bbox 2384 1930 2678 1994; x_wconf 87' lang='lat' dir='ltr'><strong>appendice</strong></span> <span class='ocrx_word' id='word_1_560' title='bbox 2703 1940 2832 1987; x_wconf 90' lang='lat' dir='ltr'><strong>tom.</strong></span> <span class='ocrx_word' id='word_1_561' title='bbox 2876 1935 2962 1988; x_wconf 67' lang='grc' dir='ltr'>νη</span> <span class='ocrx_word' id='word_1_562' title='bbox 2992 1915 3188 1995; x_wconf 74' lang='lat' dir='ltr'><strong>Chron.</strong></span> <span class='ocrx_word' id='word_1_563' title='bbox 3219 1942 3336 1995; x_wconf 90' lang='lat' dir='ltr'><strong>ord.</strong></span> <span class='ocrx_word' id='word_1_564' title='bbox 3376 1942 3433 1997; x_wconf 88' lang='lat' dir='ltr'><strong>S.</strong></span> <span class='ocrx_word' id='word_1_565' title='bbox 3476 1915 3840 2013; x_wconf 88' lang='lat' dir='ltr'><strong>Beued.,</strong></span> 
     </span>
    </p>
   </div>
   <div class='ocr_carea' id='block_1_78' title="bbox 2285 2011 3834 2105">
    <p class='ocr_par' dir='ltr' id='par_1_78' title="bbox 2285 2011 3834 2105">
     <span class='ocr_line' id='line_1_78' title="bbox 2285 2011 3834 2105; baseline 0.019 -43"><span class='ocrx_word' id='word_1_566' title='bbox 2285 2011 2429 2065; x_wconf 83' lang='lat' dir='ltr'><strong>citur</strong></span> <span class='ocrx_word' id='word_1_567' title='bbox 2455 2015 2594 2081; x_wconf 86' lang='lat' dir='ltr'><strong>quod</strong></span> <span class='ocrx_word' id='word_1_568' title='bbox 2644 2028 2861 2089; x_wconf 82' lang='lat' dir='ltr'><strong>sanctus</strong></span> <span class='ocrx_word' id='word_1_569' title='bbox 2907 2020 3152 2078; x_wconf 80' lang='lat' dir='ltr'><strong>Nicotaus</strong></span> <span class='ocrx_word' id='word_1_570' title='bbox 3169 2027 3263 2080; x_wconf 62' lang='lat' dir='ltr'><strong>«sit</strong></span> <span class='ocrx_word' id='word_1_571' title='bbox 3312 2029 3565 2089; x_wconf 86' lang='lat' dir='ltr'><strong>infulatus</strong></span> <span class='ocrx_word' id='word_1_572' title='bbox 3609 2011 3695 2089; x_wconf 79' lang='lat' dir='ltr'><strong>hic</strong></span> <span class='ocrx_word' id='word_1_573' title='bbox 3741 2038 3834 2105; x_wconf 88' lang='lat' dir='ltr'><strong>qui</strong></span> 
     </span>
    </p>
   </div>
   <div class='ocr_carea' id='block_1_79' title="bbox 2283 2097 3832 2193">
    <p class='ocr_par' dir='ltr' id='par_1_79' title="bbox 2283 2097 3832 2193">
     <span class='ocr_line' id='line_1_79' title="bbox 2283 2097 3832 2193; baseline 0.019 -43"><span class='ocrx_word' id='word_1_574' title='bbox 2283 2097 2465 2153; x_wconf 86' lang='lat' dir='ltr'><strong>Elsino</strong></span> <span class='ocrx_word' id='word_1_575' title='bbox 2495 2101 2839 2193; x_wconf 64' lang='lat' dir='ltr'><strong>ngpl‘ragandi</strong></span> <span class='ocrx_word' id='word_1_576' title='bbox 2866 2113 3149 2177; x_wconf 77' lang='lat' dir='ltr'><strong>succurrit,</strong></span> <span class='ocrx_word' id='word_1_577' title='bbox 3182 2129 3280 2168; x_wconf 86' lang='lat' dir='ltr'><strong>nec</strong></span> <span class='ocrx_word' id='word_1_578' title='bbox 3305 2116 3406 2171; x_wconf 87' lang='lat' dir='ltr'><strong>nisi</strong></span> <span class='ocrx_word' id='word_1_579' title='bbox 3432 2112 3535 2175; x_wconf 82' lang='lat' dir='ltr'><strong>una</strong></span> <span class='ocrx_word' id='word_1_580' title='bbox 3576 2124 3832 2191; x_wconf 86' lang='lat' dir='ltr'><strong>apparitio</strong></span> 
     </span>
    </p>
   </div>
   <div class='ocr_carea' id='block_1_80' title="bbox 2282 2184 3829 2273">
    <p class='ocr_par' dir='ltr' id='par_1_80' title="bbox 2282 2184 3829 2273">
     <span class='ocr_line' id='line_1_80' title="bbox 2282 2184 3829 2273; baseline 0.019 -37"><span class='ocrx_word' id='word_1_581' title='bbox 2282 2184 2335 2237; x_wconf 90' lang='lat' dir='ltr'><strong>in</strong></span> <span class='ocrx_word' id='word_1_582' title='bbox 2376 2202 2438 2239; x_wconf 92' lang='lat' dir='ltr'><strong>ea</strong></span> <span class='ocrx_word' id='word_1_583' title='bbox 2469 2184 2737 2244; x_wconf 63' lang='lat' dir='ltr'><strong>iiairatur.</strong></span> <span class='ocrx_word' id='word_1_584' title='bbox 2768 2192 2824 2246; x_wconf 84' lang='lat' dir='ltr'><strong>in</strong></span> <span class='ocrx_word' id='word_1_585' title='bbox 2866 2210 2927 2248; x_wconf 85' lang='lat' dir='ltr'><strong>ea</strong></span> <span class='ocrx_word' id='word_1_586' title='bbox 2950 2192 2953 2195; x_wconf 75' lang='grc'><em>’</em></span> <span class='ocrx_word' id='word_1_587' title='bbox 2973 2204 3090 2263; x_wconf 63' lang='lat' dir='ltr'><strong>(tum</strong></span> <span class='ocrx_word' id='word_1_588' title='bbox 3133 2200 3218 2253; x_wconf 88' lang='lat' dir='ltr'><strong>hic</strong></span> <span class='ocrx_word' id='word_1_589' title='bbox 3246 2203 3389 2257; x_wconf 90' lang='lat' dir='ltr'><strong>edita</strong></span> <span class='ocrx_word' id='word_1_590' title='bbox 3428 2217 3543 2273; x_wconf 83' lang='lat' dir='ltr'><strong>est,</strong></span> <span class='ocrx_word' id='word_1_591' title='bbox 3574 2184 3687 2264; x_wconf 66' lang='lat' dir='ltr'><strong>diue</strong></span> <span class='ocrx_word' id='word_1_592' title='bbox 3714 2210 3829 2265; x_wconf 73' lang='lat' dir='ltr'><strong>alite</strong></span> 
     </span>
    </p>
   </div>
   <div class='ocr_carea' id='block_1_81' title="bbox 2280 2276 3828 2367">
    <p class='ocr_par' dir='ltr' id='par_1_81' title="bbox 2280 2276 3828 2367">
     <span class='ocr_line' id='line_1_81' title="bbox 2280 2276 3828 2367; baseline 0.018 -41"><span class='ocrx_word' id='word_1_593' title='bbox 2280 2276 2465 2329; x_wconf 82' lang='lat' dir='ltr'><strong>eodem</strong></span> <span class='ocrx_word' id='word_1_594' title='bbox 2495 2278 2632 2349; x_wconf 87' lang='lat' dir='ltr'><strong>stylo</strong></span> <span class='ocrx_word' id='word_1_595' title='bbox 2662 2279 2883 2348; x_wconf 70' lang='lat' dir='ltr'><strong>adjectae</strong></span> <span class='ocrx_word' id='word_1_596' title='bbox 2928 2294 3053 2339; x_wconf 91' lang='lat' dir='ltr'><strong>sunt</strong></span> <span class='ocrx_word' id='word_1_597' title='bbox 3098 2291 3450 2367; x_wconf 71' lang='lat' dir='ltr'><strong>narrationes.</strong></span> <span class='ocrx_word' id='word_1_598' title='bbox 3497 2294 3585 2348; x_wconf 82' lang='lat' dir='ltr'><strong>illa</strong></span> <span class='ocrx_word' id='word_1_599' title='bbox 3619 2298 3828 2353; x_wconf 87' lang='lat' dir='ltr'><strong>tandem</strong></span> 
     </span>
    </p>
   </div>
   <div class='ocr_carea' id='block_1_82' title="bbox 2281 2366 3832 2453">
    <p class='ocr_par' dir='ltr' id='par_1_82' title="bbox 2281 2366 3832 2453">
     <span class='ocr_line' id='line_1_82' title="bbox 2281 2366 3832 2453; baseline 0.019 -41"><span class='ocrx_word' id='word_1_600' title='bbox 2281 2376 2530 2429; x_wconf 74' lang='lat' dir='ltr'><strong>quamex</strong></span> <span class='ocrx_word' id='word_1_601' title='bbox 2554 2378 2655 2420; x_wconf 86' lang='lat' dir='ltr'><strong>ms.</strong></span> <span class='ocrx_word' id='word_1_602' title='bbox 2681 2366 2944 2425; x_wconf 85' lang='lat' dir='ltr'><strong>Gemmet.</strong></span> <span class='ocrx_word' id='word_1_603' title='bbox 2973 2372 3169 2441; x_wconf 81' lang='lat' dir='ltr'><strong>subieci</strong></span> <span class='ocrx_word' id='word_1_604' title='bbox 3199 2392 3263 2430; x_wconf 89' lang='lat' dir='ltr'><strong>eo</strong></span> <span class='ocrx_word' id='word_1_605' title='bbox 3296 2366 3482 2453; x_wconf 88' lang='lat' dir='ltr'><strong>titulo:</strong></span> <span class='ocrx_word' id='word_1_606' title='bbox 3516 2383 3832 2448; x_wconf 74' lang='lat' dir='ltr'><strong>Mirandum</strong></span> 
     </span>
    </p>
   </div>
   <div class='ocr_carea' id='block_1_83' title="bbox 2279 2450 3833 2541">
    <p class='ocr_par' dir='ltr' id='par_1_83' title="bbox 2279 2450 3833 2541">
     <span class='ocr_line' id='line_1_83' title="bbox 2279 2450 3833 2541; baseline 0.019 -41"><span class='ocrx_word' id='word_1_607' title='bbox 2279 2450 2341 2502; x_wconf 83' lang='lat' dir='ltr'><strong>de</strong></span> <span class='ocrx_word' id='word_1_608' title='bbox 2369 2455 2696 2520; x_wconf 74' lang='lat' dir='ltr'><strong>conceptione</strong></span> <span class='ocrx_word' id='word_1_609' title='bbox 2733 2457 2797 2510; x_wconf 85' lang='grc' dir='ltr'><strong>Β.</strong></span> <span class='ocrx_word' id='word_1_610' title='bbox 2844 2459 3053 2529; x_wconf 67' lang='lat' dir='ltr'><strong>Maria’,</strong></span> <span class='ocrx_word' id='word_1_611' title='bbox 3096 2467 3284 2530; x_wconf 88' lang='lat' dir='ltr'><strong>partim</strong></span> <span class='ocrx_word' id='word_1_612' title='bbox 3319 2450 3601 2538; x_wconf 79' lang='lat' dir='ltr'><strong>rhythmis,</strong></span> <span class='ocrx_word' id='word_1_613' title='bbox 3634 2467 3833 2541; x_wconf 83' lang='lat' dir='ltr'><strong>partim</strong></span> 
     </span>
    </p>
   </div>
   <div class='ocr_carea' id='block_1_84' title="bbox 2277 2538 3831 2619">
    <p class='ocr_par' dir='ltr' id='par_1_84' title="bbox 2277 2538 3831 2619">
     <span class='ocr_line' id='line_1_84' title="bbox 2277 2538 3831 2619; baseline 0.019 -32"><span class='ocrx_word' id='word_1_614' title='bbox 2277 2538 2452 2590; x_wconf 87' lang='lat' dir='ltr'><strong>soluta</strong></span> <span class='ocrx_word' id='word_1_615' title='bbox 2484 2543 2725 2598; x_wconf 90' lang='lat' dir='ltr'><strong>oratione</strong></span> <span class='ocrx_word' id='word_1_616' title='bbox 2762 2550 3056 2615; x_wconf 85' lang='lat' dir='ltr'><strong>composita</strong></span> <span class='ocrx_word' id='word_1_617' title='bbox 3092 2561 3204 2619; x_wconf 88' lang='lat' dir='ltr'><strong>est,</strong></span> <span class='ocrx_word' id='word_1_618' title='bbox 3234 2565 3288 2607; x_wconf 91' lang='lat' dir='ltr'><strong>et</strong></span> <span class='ocrx_word' id='word_1_619' title='bbox 3311 2552 3527 2611; x_wconf 87' lang='lat' dir='ltr'><strong>unicam</strong></span> <span class='ocrx_word' id='word_1_620' title='bbox 3568 2538 3831 2617; x_wconf 74' lang='lat' dir='ltr'><strong>duntaxat</strong></span> 
     </span>
    </p>
   </div>
   <div class='ocr_carea' id='block_1_85' title="bbox 2232 2624 3843 2713">
    <p class='ocr_par' dir='ltr' id='par_1_85' title="bbox 2232 2624 3843 2713">
     <span class='ocr_line' id='line_1_85' title="bbox 2232 2624 3843 2713; baseline 0.02 -43"><span class='ocrx_word' id='word_1_621' title='bbox 2232 2656 2235 2659; x_wconf 91' lang='grc'><strong><em>-</em></strong></span> <span class='ocrx_word' id='word_1_622' title='bbox 2277 2624 2667 2690; x_wconf 86' lang='lat' dir='ltr'><strong>apparitiouem</strong></span> <span class='ocrx_word' id='word_1_623' title='bbox 2698 2634 2962 2687; x_wconf 88' lang='lat' dir='ltr'><strong>enuntiat.</strong></span> <span class='ocrx_word' id='word_1_624' title='bbox 3008 2636 3241 2707; x_wconf 85' lang='lat' dir='ltr'><strong>Denique</strong></span> <span class='ocrx_word' id='word_1_625' title='bbox 3278 2643 3653 2700; x_wconf 88' lang='lat' dir='ltr'><strong>revelatiouem</strong></span> <span class='ocrx_word' id='word_1_626' title='bbox 3687 2648 3843 2713; x_wconf 61' lang='lat' dir='ltr'><strong>hanc&#39;</strong></span> 
     </span>
    </p>
   </div>
   <div class='ocr_carea' id='block_1_86' title="bbox 2280 2709 3829 2805">
    <p class='ocr_par' dir='ltr' id='par_1_86' title="bbox 2280 2709 3829 2805">
     <span class='ocr_line' id='line_1_86' title="bbox 2280 2709 3829 2805; baseline 0.019 -45"><span class='ocrx_word' id='word_1_627' title='bbox 2280 2709 2485 2763; x_wconf 12' lang='lat' dir='ltr'><strong>factum.</strong></span> <span class='ocrx_word' id='word_1_628' title='bbox 2509 2714 2689 2769; x_wconf 86' lang='lat' dir='ltr'><strong>abbati</strong></span> <span class='ocrx_word' id='word_1_629' title='bbox 2718 2718 2769 2771; x_wconf 89' lang='lat' dir='ltr'><strong>in</strong></span> <span class='ocrx_word' id='word_1_630' title='bbox 2799 2720 3075 2792; x_wconf 83' lang='lat' dir='ltr'><strong>naufragio</strong></span> <span class='ocrx_word' id='word_1_631' title='bbox 3097 2729 3384 2784; x_wconf 83' lang='lat' dir='ltr'><strong>constituto</strong></span> <span class='ocrx_word' id='word_1_632' title='bbox 3409 2731 3687 2788; x_wconf 86' lang='lat' dir='ltr'><strong>Duraudus</strong></span> <span class='ocrx_word' id='word_1_633' title='bbox 3712 2712 3829 2805; x_wconf 77' lang='lat' dir='ltr'><strong>ipse</strong></span> 
     </span>
    </p>
   </div>
   <div class='ocr_carea' id='block_1_87' title="bbox 2254 2795 3829 2896">
    <p class='ocr_par' dir='ltr' id='par_1_87' title="bbox 2254 2795 3829 2896">
     <span class='ocr_line' id='line_1_87' title="bbox 2254 2795 3829 2896; baseline 0.02 -49"><span class='ocrx_word' id='word_1_634' title='bbox 2254 2795 2605 2855; x_wconf 74' lang='lat' dir='ltr'><strong>Mimatensis</strong></span> <span class='ocrx_word' id='word_1_635' title='bbox 2645 2805 2922 2874; x_wconf 88' lang='lat' dir='ltr'><strong>episcopus</strong></span> <span class='ocrx_word' id='word_1_636' title='bbox 2947 2811 3150 2882; x_wconf 71' lang='grc'>(1296),</span> <span class='ocrx_word' id='word_1_637' title='bbox 3184 2815 3218 2867; x_wconf 92' lang='lat' dir='ltr'><strong>l.</strong></span> <span class='ocrx_word' id='word_1_638' title='bbox 3250 2832 3322 2870; x_wconf 81' lang='lat' dir='ltr'><strong>vn</strong></span> <span class='ocrx_word' id='word_1_639' title='bbox 3368 2817 3443 2871; x_wconf 78' lang='lat' dir='ltr'><strong>De</strong></span> <span class='ocrx_word' id='word_1_640' title='bbox 3476 2820 3635 2874; x_wconf 81' lang='lat' dir='ltr'><strong>divin.</strong></span> <span class='ocrx_word' id='word_1_641' title='bbox 3668 2795 3829 2896; x_wconf 25' lang='lat' dir='ltr'><strong>om}...</strong></span> 
     </span>
    </p>
   </div>
   <div class='ocr_carea' id='block_1_88' title="bbox 2273 2889 3801 2976">
    <p class='ocr_par' dir='ltr' id='par_1_88' title="bbox 2273 2889 3801 2976">
     <span class='ocr_line' id='line_1_88' title="bbox 2273 2889 3801 2976; baseline 0.018 -35"><span class='ocrx_word' id='word_1_642' title='bbox 2273 2889 2538 2944; x_wconf 86' lang='lat' dir='ltr'><strong>concludit</strong></span> <span class='ocrx_word' id='word_1_643' title='bbox 2562 2906 2665 2947; x_wconf 90' lang='lat' dir='ltr'><strong>non</strong></span> <span class='ocrx_word' id='word_1_644' title='bbox 2684 2909 2802 2950; x_wconf 88' lang='lat' dir='ltr'><strong>esse</strong></span> <span class='ocrx_word' id='word_1_645' title='bbox 2825 2900 3187 2957; x_wconf 80' lang='lat' dir='ltr'><strong>autlienticam</strong></span> <span class='ocrx_word' id='word_1_646' title='bbox 3214 2922 3313 2960; x_wconf 88' lang='lat' dir='ltr'><strong>nec</strong></span> <span class='ocrx_word' id='word_1_647' title='bbox 3341 2889 3755 2976; x_wconf 68' lang='lat' dir='ltr'><strong>approbandaui.</strong></span> <span class='ocrx_word' id='word_1_648' title='bbox 3798 2952 3801 2955; x_wconf 89' lang='lat'><strong><em>-</em></strong></span> 
     </span>
    </p>
   </div>
   <div class='ocr_carea' id='block_1_89' title="bbox 2280 2974 3825 3068">
    <p class='ocr_par' dir='ltr' id='par_1_89' title="bbox 2280 2974 3825 3068">
     <span class='ocr_line' id='line_1_89' title="bbox 2280 2974 3825 3068; baseline 0.016 -36"><span class='ocrx_word' id='word_1_649' title='bbox 2280 2974 2292 3015; x_wconf 69' lang='grc' dir='ltr'><strong><em>Γ</em></strong></span> <span class='ocrx_word' id='word_1_650' title='bbox 2318 3014 2327 3020; x_wconf 59' lang='grc' dir='ltr'><strong><em>α</em></strong></span> <span class='ocrx_word' id='word_1_651' title='bbox 2350 2980 2404 3033; x_wconf 90' lang='grc'><strong>8.</strong></span> <span class='ocrx_word' id='word_1_652' title='bbox 2424 2979 2547 3034; x_wconf 81' lang='lat' dir='ltr'><strong>Non</strong></span> <span class='ocrx_word' id='word_1_653' title='bbox 2570 2984 2739 3052; x_wconf 88' lang='lat' dir='ltr'><strong>magis</strong></span> <span class='ocrx_word' id='word_1_654' title='bbox 2765 2988 2872 3040; x_wconf 84' lang='lat' dir='ltr'><strong>reri</strong></span> <span class='ocrx_word' id='word_1_655' title='bbox 2896 2991 3127 3056; x_wconf 86' lang='lat' dir='ltr'><strong>speciem</strong></span> <span class='ocrx_word' id='word_1_656' title='bbox 3154 2993 3311 3047; x_wconf 86' lang='lat' dir='ltr'><strong>habet</strong></span> <span class='ocrx_word' id='word_1_657' title='bbox 3340 2974 3479 3064; x_wconf 73' lang='lat' dir='ltr'><strong>quod</strong></span> <span class='ocrx_word' id='word_1_658' title='bbox 3502 2999 3567 3053; x_wconf 89' lang='lat' dir='ltr'><strong>de</strong></span> <span class='ocrx_word' id='word_1_659' title='bbox 3596 3002 3825 3068; x_wconf 87' lang='lat' dir='ltr'><strong>quodam</strong></span> 
     </span>
    </p>
   </div>
   <div class='ocr_carea' id='block_1_90' title="bbox 2276 3065 3826 3147">
    <p class='ocr_par' dir='ltr' id='par_1_90' title="bbox 2276 3065 3826 3147">
     <span class='ocr_line' id='line_1_90' title="bbox 2276 3065 3826 3147; baseline 0.017 -30"><span class='ocrx_word' id='word_1_660' title='bbox 2276 3065 2506 3121; x_wconf 83' lang='lat' dir='ltr'><strong>diacono</strong></span> <span class='ocrx_word' id='word_1_661' title='bbox 2552 3068 2837 3138; x_wconf 70' lang='lat' dir='ltr'><strong>Hungarite</strong></span> <span class='ocrx_word' id='word_1_662' title='bbox 2874 3077 3015 3143; x_wconf 85' lang='lat' dir='ltr'><strong>regis</strong></span> <span class='ocrx_word' id='word_1_663' title='bbox 3058 3094 3307 3147; x_wconf 82' lang='lat' dir='ltr'><strong>germano</strong></span> <span class='ocrx_word' id='word_1_664' title='bbox 3350 3094 3618 3140; x_wconf 85' lang='lat' dir='ltr'><strong>narratur.</strong></span> <span class='ocrx_word' id='word_1_665' title='bbox 3675 3089 3826 3144; x_wconf 87' lang='lat' dir='ltr'><strong>Hunc</strong></span> 
     </span>
    </p>
   </div>
   <div class='ocr_carea' id='block_1_91' title="bbox 2276 3152 3823 3246">
    <p class='ocr_par' dir='ltr' id='par_1_91' title="bbox 2276 3152 3823 3246">
     <span class='ocr_line' id='line_1_91' title="bbox 2276 3152 3823 3246; baseline 0.017 -43"><span class='ocrx_word' id='word_1_666' title='bbox 2276 3152 2460 3207; x_wconf 83' lang='lat' dir='ltr'><strong>volunt</strong></span> <span class='ocrx_word' id='word_1_667' title='bbox 2486 3154 2653 3223; x_wconf 73' lang='lat' dir='ltr'><strong>(lvxon</strong></span> <span class='ocrx_word' id='word_1_668' title='bbox 2691 3157 2726 3210; x_wconf 91' lang='lat' dir='ltr'><strong>l.</strong></span> <span class='ocrx_word' id='word_1_669' title='bbox 2760 3174 2820 3212; x_wconf 80' lang='grc' dir='ltr'>ιι.</span> <span class='ocrx_word' id='word_1_670' title='bbox 2848 3159 2999 3230; x_wconf 84' lang='lat' dir='ltr'><strong>Ligui</strong></span> <span class='ocrx_word' id='word_1_671' title='bbox 3020 3165 3142 3231; x_wconf 75' lang='lat' dir='ltr'><strong>vita)</strong></span> <span class='ocrx_word' id='word_1_672' title='bbox 3170 3182 3289 3222; x_wconf 89' lang='lat' dir='ltr'><strong>esse</strong></span> <span class='ocrx_word' id='word_1_673' title='bbox 3314 3170 3661 3239; x_wconf 84' lang='lat' dir='ltr'><strong>Fridericum,</strong></span> <span class='ocrx_word' id='word_1_674' title='bbox 3693 3190 3823 3246; x_wconf 88' lang='lat' dir='ltr'><strong>qua-</strong></span> 
     </span>
    </p>
   </div>
   <div class='ocr_carea' id='block_1_92' title="bbox 2274 3243 3824 3335">
    <p class='ocr_par' dir='ltr' id='par_1_92' title="bbox 2274 3243 3824 3335">
     <span class='ocr_line' id='line_1_92' title="bbox 2274 3243 3824 3335; baseline 0.016 -38"><span class='ocrx_word' id='word_1_675' title='bbox 2274 3243 2633 3313; x_wconf 86' lang='lat' dir='ltr'><strong>dragesimum</strong></span> <span class='ocrx_word' id='word_1_676' title='bbox 2675 3250 2885 3303; x_wconf 87' lang='lat' dir='ltr'><strong>tertium</strong></span> <span class='ocrx_word' id='word_1_677' title='bbox 2910 3253 3273 3320; x_wconf 71' lang='lat' dir='ltr'><strong>Aquileiensis</strong></span> <span class='ocrx_word' id='word_1_678' title='bbox 3306 3257 3560 3317; x_wconf 63' lang='lat' dir='ltr'><strong>Ecclesiae</strong></span> <span class='ocrx_word' id='word_1_679' title='bbox 3596 3243 3824 3335; x_wconf 75' lang='lat' dir='ltr'><strong>patriar-</strong></span> 
     </span>
    </p>
   </div>
   <div class='ocr_carea' id='block_1_93' title="bbox 2272 3331 3826 3409">
    <p class='ocr_par' dir='ltr' id='par_1_93' title="bbox 2272 3331 3826 3409">
     <span class='ocr_line' id='line_1_93' title="bbox 2272 3331 3826 3409; baseline 0.015 -25"><span class='ocrx_word' id='word_1_680' title='bbox 2272 3331 2451 3395; x_wconf 88' lang='lat' dir='ltr'><strong>cbam,</strong></span> <span class='ocrx_word' id='word_1_681' title='bbox 2489 3348 2647 3401; x_wconf 90' lang='lat' dir='ltr'><strong>quem</strong></span> <span class='ocrx_word' id='word_1_682' title='bbox 2670 3335 2845 3391; x_wconf 79' lang='lat' dir='ltr'><strong>Caroli</strong></span> <span class='ocrx_word' id='word_1_683' title='bbox 2891 3338 3036 3394; x_wconf 82' lang='lat' dir='ltr'><strong>Calvi</strong></span> <span class='ocrx_word' id='word_1_684' title='bbox 3066 3342 3228 3397; x_wconf 83' lang='lat' dir='ltr'><strong>filium</strong></span> <span class='ocrx_word' id='word_1_685' title='bbox 3258 3352 3312 3399; x_wconf 91' lang='lat' dir='ltr'><strong>et</strong></span> <span class='ocrx_word' id='word_1_686' title='bbox 3347 3331 3667 3407; x_wconf 80' lang='lat' dir='ltr'><strong>monachum</strong></span> <span class='ocrx_word' id='word_1_687' title='bbox 3702 3331 3826 3409; x_wconf 83' lang='lat' dir='ltr'><strong>Ful-</strong></span> 
     </span>
    </p>
   </div>
   <div class='ocr_carea' id='block_1_94' title="bbox 2272 3421 3821 3511">
    <p class='ocr_par' dir='ltr' id='par_1_94' title="bbox 2272 3421 3821 3511">
     <span class='ocr_line' id='line_1_94' title="bbox 2272 3421 3821 3511; baseline 0.015 -38"><span class='ocrx_word' id='word_1_688' title='bbox 2272 3421 2489 3475; x_wconf 86' lang='lat' dir='ltr'><strong>deusem</strong></span> <span class='ocrx_word' id='word_1_689' title='bbox 2536 3422 2765 3492; x_wconf 85' lang='lat' dir='ltr'><strong>fingunt,</strong></span> <span class='ocrx_word' id='word_1_690' title='bbox 2810 3428 3001 3483; x_wconf 88' lang='lat' dir='ltr'><strong>deinde</strong></span> <span class='ocrx_word' id='word_1_691' title='bbox 3045 3432 3111 3485; x_wconf 86' lang='lat' dir='ltr'><strong>ab</strong></span> <span class='ocrx_word' id='word_1_692' title='bbox 3152 3447 3219 3487; x_wconf 90' lang='lat' dir='ltr'><strong>eo</strong></span> <span class='ocrx_word' id='word_1_693' title='bbox 3261 3435 3313 3487; x_wconf 92' lang='lat' dir='ltr'><strong>iu</strong></span> <span class='ocrx_word' id='word_1_694' title='bbox 3358 3440 3821 3511; x_wconf 77' lang='lat' dir='ltr'><strong>archiepisc0pum</strong></span> 
     </span>
    </p>
   </div>
   <div class='ocr_carea' id='block_1_95' title="bbox 2269 3513 3822 3601">
    <p class='ocr_par' dir='ltr' id='par_1_95' title="bbox 2269 3513 3822 3601">
     <span class='ocr_line' id='line_1_95' title="bbox 2269 3513 3822 3601; baseline 0.016 -40"><span class='ocrx_word' id='word_1_695' title='bbox 2269 3521 2541 3579; x_wconf 83' lang='lat' dir='ltr'><strong>assumpto</strong></span> <span class='ocrx_word' id='word_1_696' title='bbox 2571 3513 2868 3569; x_wconf 78' lang='lat' dir='ltr'><strong>institutam</strong></span> <span class='ocrx_word' id='word_1_697' title='bbox 2893 3519 3054 3573; x_wconf 91' lang='lat' dir='ltr'><strong>fuisse</strong></span> <span class='ocrx_word' id='word_1_698' title='bbox 3077 3523 3214 3576; x_wconf 91' lang='lat' dir='ltr'><strong>hanc</strong></span> <span class='ocrx_word' id='word_1_699' title='bbox 3242 3523 3600 3582; x_wconf 88' lang='lat' dir='ltr'><strong>festivitatem.</strong></span> <span class='ocrx_word' id='word_1_700' title='bbox 3636 3530 3822 3601; x_wconf 79' lang='lat' dir='ltr'><strong>Ugiiel-</strong></span> 
     </span>
    </p>
   </div>
   <div class='ocr_carea' id='block_1_96' title="bbox 2269 3596 3818 3686">
    <p class='ocr_par' dir='ltr' id='par_1_96' title="bbox 2269 3596 3818 3686">
     <span class='ocr_line' id='line_1_96' title="bbox 2269 3596 3818 3686; baseline 0.015 -38"><span class='ocrx_word' id='word_1_701' title='bbox 2269 3596 2351 3649; x_wconf 83' lang='lat' dir='ltr'><strong>lus</strong></span> <span class='ocrx_word' id='word_1_702' title='bbox 2390 3601 2441 3650; x_wconf 92' lang='lat' dir='ltr'><strong>in</strong></span> <span class='ocrx_word' id='word_1_703' title='bbox 2495 3608 2625 3653; x_wconf 88' lang='lat' dir='ltr'><strong>tom.</strong></span> <span class='ocrx_word' id='word_1_704' title='bbox 2662 3602 2698 3655; x_wconf 83' lang='lat' dir='ltr'><strong>V</strong></span> <span class='ocrx_word' id='word_1_705' title='bbox 2729 3602 2893 3657; x_wconf 64' lang='lat' dir='ltr'><strong>italiae</strong></span> <span class='ocrx_word' id='word_1_706' title='bbox 2927 3607 3125 3671; x_wconf 64' lang='lat' dir='ltr'><strong>Sacrae,</strong></span> <span class='ocrx_word' id='word_1_707' title='bbox 3169 3625 3284 3677; x_wconf 63' lang='lat' dir='ltr'><strong>qua:</strong></span> <span class='ocrx_word' id='word_1_708' title='bbox 3313 3612 3492 3667; x_wconf 72' lang='lat' dir='ltr'><strong>Roma:</strong></span> <span class='ocrx_word' id='word_1_709' title='bbox 3528 3618 3668 3671; x_wconf 86' lang='lat' dir='ltr'><strong>edita</strong></span> <span class='ocrx_word' id='word_1_710' title='bbox 3714 3630 3818 3686; x_wconf 87' lang='lat' dir='ltr'><strong>est,</strong></span> 
     </span>
    </p>
   </div>
   <div class='ocr_carea' id='block_1_97' title="bbox 2269 3685 3821 3775">
    <p class='ocr_par' dir='ltr' id='par_1_97' title="bbox 2269 3685 3821 3775">
     <span class='ocr_line' id='line_1_97' title="bbox 2269 3685 3821 3775; baseline 0.019 -38"><span class='ocrx_word' id='word_1_711' title='bbox 2269 3685 2408 3739; x_wconf 87' lang='lat' dir='ltr'><strong>hanc</strong></span> <span class='ocrx_word' id='word_1_712' title='bbox 2448 3688 2681 3745; x_wconf 84' lang='lat' dir='ltr'><strong>fabulam</strong></span> <span class='ocrx_word' id='word_1_713' title='bbox 2726 3694 2897 3761; x_wconf 85' lang='lat' dir='ltr'><strong>rejicit</strong></span> <span class='ocrx_word' id='word_1_714' title='bbox 2937 3699 3269 3753; x_wconf 63' lang='lat' dir='ltr'><strong>et‘confutat</strong></span> <span class='ocrx_word' id='word_1_715' title='bbox 3304 3719 3369 3756; x_wconf 79' lang='lat' dir='ltr'><strong>ex</strong></span> <span class='ocrx_word' id='word_1_716' title='bbox 3417 3719 3482 3759; x_wconf 91' lang='lat' dir='ltr'><strong>eo</strong></span> <span class='ocrx_word' id='word_1_717' title='bbox 3526 3710 3666 3775; x_wconf 88' lang='lat' dir='ltr'><strong>quod</strong></span> <span class='ocrx_word' id='word_1_718' title='bbox 3719 3685 3821 3767; x_wconf 83' lang='lat' dir='ltr'><strong>iste</strong></span> 
     </span>
    </p>
   </div>
   <div class='ocr_carea' id='block_1_98' title="bbox 2264 3775 3817 3863">
    <p class='ocr_par' dir='ltr' id='par_1_98' title="bbox 2264 3775 3817 3863">
     <span class='ocr_line' id='line_1_98' title="bbox 2264 3775 3817 3863; baseline 0.019 -39"><span class='ocrx_word' id='word_1_719' title='bbox 2264 3775 2703 3846; x_wconf 86' lang='lat' dir='ltr'><strong>archiepiscopus</strong></span> <span class='ocrx_word' id='word_1_720' title='bbox 2727 3781 2865 3834; x_wconf 87' lang='lat' dir='ltr'><strong>inter</strong></span> <span class='ocrx_word' id='word_1_721' title='bbox 2888 3783 3061 3839; x_wconf 88' lang='lat' dir='ltr'><strong>Caroli</strong></span> <span class='ocrx_word' id='word_1_722' title='bbox 3087 3786 3223 3841; x_wconf 89' lang='lat' dir='ltr'><strong>filios</strong></span> <span class='ocrx_word' id='word_1_723' title='bbox 3252 3805 3357 3842; x_wconf 90' lang='lat' dir='ltr'><strong>non</strong></span> <span class='ocrx_word' id='word_1_724' title='bbox 3396 3807 3736 3851; x_wconf 84' lang='lat' dir='ltr'><strong>recenseatur</strong></span> <span class='ocrx_word' id='word_1_725' title='bbox 3765 3801 3817 3863; x_wconf 82' lang='lat' dir='ltr'><strong>in</strong></span> 
     </span>
    </p>
   </div>
   <div class='ocr_carea' id='block_1_99' title="bbox 2264 3868 3817 3957">
    <p class='ocr_par' dir='ltr' id='par_1_99' title="bbox 2264 3868 3817 3957">
     <span class='ocr_line' id='line_1_99' title="bbox 2264 3868 3817 3957; baseline 0.02 -45"><span class='ocrx_word' id='word_1_726' title='bbox 2264 3872 2549 3919; x_wconf 87' lang='lat' dir='ltr'><strong>stemmate</strong></span> <span class='ocrx_word' id='word_1_727' title='bbox 2586 3868 2987 3939; x_wconf 79' lang='lat' dir='ltr'><strong>Carolingorum</strong></span> <span class='ocrx_word' id='word_1_728' title='bbox 3026 3891 3040 3926; x_wconf 86' lang='lat'>:</span> <span class='ocrx_word' id='word_1_729' title='bbox 3080 3891 3252 3945; x_wconf 86' lang='lat' dir='ltr'><strong>neque</strong></span> <span class='ocrx_word' id='word_1_730' title='bbox 3290 3880 3341 3932; x_wconf 89' lang='lat' dir='ltr'><strong>in</strong></span> <span class='ocrx_word' id='word_1_731' title='bbox 3381 3882 3651 3953; x_wconf 84' lang='lat' dir='ltr'><strong>epitaphiu</strong></span> <span class='ocrx_word' id='word_1_732' title='bbox 3677 3892 3817 3957; x_wconf 74' lang='lat' dir='ltr'><strong>quod</strong></span> 
     </span>
    </p>
   </div>
   <div class='ocr_carea' id='block_1_100' title="bbox 2260 3949 3818 4029">
    <p class='ocr_par' dir='ltr' id='par_1_100' title="bbox 2260 3949 3818 4029">
     <span class='ocr_line' id='line_1_100' title="bbox 2260 3949 3818 4029; baseline 0.019 -29"><span class='ocrx_word' id='word_1_733' title='bbox 2260 3949 2378 4015; x_wconf 79' lang='lat' dir='ltr'><strong>ejus</strong></span> <span class='ocrx_word' id='word_1_734' title='bbox 2413 3952 2657 4019; x_wconf 88' lang='lat' dir='ltr'><strong>sepulcro</strong></span> <span class='ocrx_word' id='word_1_735' title='bbox 2689 3956 2913 4010; x_wconf 90' lang='lat' dir='ltr'><strong>incisum</strong></span> <span class='ocrx_word' id='word_1_736' title='bbox 2941 3971 3041 4023; x_wconf 89' lang='lat' dir='ltr'><strong>est,</strong></span> <span class='ocrx_word' id='word_1_737' title='bbox 3074 3962 3174 4015; x_wconf 87' lang='lat' dir='ltr'><strong>ulla</strong></span> <span class='ocrx_word' id='word_1_738' title='bbox 3207 3966 3270 4017; x_wconf 87' lang='lat' dir='ltr'><strong>de</strong></span> <span class='ocrx_word' id='word_1_739' title='bbox 3296 3966 3361 4020; x_wconf 86' lang='lat' dir='ltr'><strong>iis</strong></span> <span class='ocrx_word' id='word_1_740' title='bbox 3386 3949 3818 4029; x_wconf 52' lang='lat' dir='ltr'><strong>habeatur‘nieu-</strong></span> 
     </span>
    </p>
   </div>
   <div class='ocr_carea' id='block_1_101' title="bbox 2262 4040 3815 4117">
    <p class='ocr_par' dir='ltr' id='par_1_101' title="bbox 2262 4040 3815 4117">
     <span class='ocr_line' id='line_1_101' title="bbox 2262 4040 3815 4117; baseline 0.019 -28"><span class='ocrx_word' id='word_1_741' title='bbox 2262 4040 2361 4101; x_wconf 88' lang='lat' dir='ltr'><strong>tio;</strong></span> <span class='ocrx_word' id='word_1_742' title='bbox 2396 4056 2493 4093; x_wconf 89' lang='lat' dir='ltr'><strong>nec</strong></span> <span class='ocrx_word' id='word_1_743' title='bbox 2520 4043 2584 4094; x_wconf 91' lang='lat' dir='ltr'><strong>de</strong></span> <span class='ocrx_word' id='word_1_744' title='bbox 2604 4057 2669 4096; x_wconf 90' lang='lat' dir='ltr'><strong>eo</strong></span> <span class='ocrx_word' id='word_1_745' title='bbox 2696 4043 3109 4114; x_wconf 87' lang='lat' dir='ltr'><strong>Christophorus</strong></span> <span class='ocrx_word' id='word_1_746' title='bbox 3136 4051 3416 4110; x_wconf 78' lang='lat' dir='ltr'><strong>Browerus</strong></span> <span class='ocrx_word' id='word_1_747' title='bbox 3464 4058 3624 4114; x_wconf 80' lang='lat' dir='ltr'><strong>ultam</strong></span> <span class='ocrx_word' id='word_1_748' title='bbox 3667 4078 3815 4117; x_wconf 84' lang='lat' dir='ltr'><strong>men-</strong></span> 
     </span>
    </p>
   </div>
   <div class='ocr_carea' id='block_1_102' title="bbox 2261 4128 3812 4207">
    <p class='ocr_par' dir='ltr' id='par_1_102' title="bbox 2261 4128 3812 4207">
     <span class='ocr_line' id='line_1_102' title="bbox 2261 4128 3812 4207; baseline 0.017 -28"><span class='ocrx_word' id='word_1_749' title='bbox 2261 4128 2455 4181; x_wconf 91' lang='lat' dir='ltr'><strong>tionem</strong></span> <span class='ocrx_word' id='word_1_750' title='bbox 2482 4132 2643 4185; x_wconf 82' lang='lat' dir='ltr'><strong>babet</strong></span> <span class='ocrx_word' id='word_1_751' title='bbox 2671 4131 2720 4185; x_wconf 92' lang='lat' dir='ltr'><strong>in</strong></span> <span class='ocrx_word' id='word_1_752' title='bbox 2748 4133 2883 4189; x_wconf 89' lang='lat' dir='ltr'><strong>libro</strong></span> <span class='ocrx_word' id='word_1_753' title='bbox 2913 4138 3300 4207; x_wconf 85' lang='lat' dir='ltr'><strong>Antiquitatum</strong></span> <span class='ocrx_word' id='word_1_754' title='bbox 3341 4143 3680 4203; x_wconf 78' lang='lat' dir='ltr'><strong>Fuldensium</strong></span> <span class='ocrx_word' id='word_1_755' title='bbox 3722 4153 3812 4206; x_wconf 88' lang='lat' dir='ltr'><strong>ubi</strong></span> 
     </span>
    </p>
   </div>
   <div class='ocr_carea' id='block_1_103' title="bbox 2258 4218 3812 4295">
    <p class='ocr_par' dir='ltr' id='par_1_103' title="bbox 2258 4218 3812 4295">
     <span class='ocr_line' id='line_1_103' title="bbox 2258 4218 3812 4295; baseline 0.016 -26"><span class='ocrx_word' id='word_1_756' title='bbox 2258 4218 2321 4270; x_wconf 90' lang='lat' dir='ltr'><strong>de</strong></span> <span class='ocrx_word' id='word_1_757' title='bbox 2342 4222 2673 4286; x_wconf 63' lang='lat' dir='ltr'><strong>praestantia,</strong></span> <span class='ocrx_word' id='word_1_758' title='bbox 2696 4223 2935 4278; x_wconf 88' lang='lat' dir='ltr'><strong>doctrina</strong></span> <span class='ocrx_word' id='word_1_759' title='bbox 2962 4238 3016 4281; x_wconf 90' lang='lat' dir='ltr'><strong>et</strong></span> <span class='ocrx_word' id='word_1_760' title='bbox 3044 4231 3241 4295; x_wconf 89' lang='lat' dir='ltr'><strong>pietate</strong></span> <span class='ocrx_word' id='word_1_761' title='bbox 3264 4231 3551 4290; x_wconf 88' lang='lat' dir='ltr'><strong>illustrium</strong></span> <span class='ocrx_word' id='word_1_762' title='bbox 3582 4238 3812 4293; x_wconf 84' lang='lat' dir='ltr'><strong>Fulden-</strong></span> 
     </span>
    </p>
   </div>
   <div class='ocr_carea' id='block_1_104' title="bbox 2186 4305 3813 4394">
    <p class='ocr_par' dir='ltr' id='par_1_104' title="bbox 2186 4305 3813 4394">
     <span class='ocr_line' id='line_1_104' title="bbox 2186 4305 3813 4394; baseline 0.018 -39"><span class='ocrx_word' id='word_1_763' title='bbox 2186 4305 2829 4376; x_wconf 70' lang='lat' dir='ltr'><strong>Dsium&#39;monachorum</strong></span> <span class='ocrx_word' id='word_1_764' title='bbox 2882 4315 3080 4371; x_wconf 88' lang='lat' dir='ltr'><strong>diserte</strong></span> <span class='ocrx_word' id='word_1_765' title='bbox 3141 4321 3269 4387; x_wconf 89' lang='lat' dir='ltr'><strong>agit.</strong></span> <span class='ocrx_word' id='word_1_766' title='bbox 3336 4322 3575 4394; x_wconf 87' lang='lat' dir='ltr'><strong>Denique</strong></span> <span class='ocrx_word' id='word_1_767' title='bbox 3634 4328 3813 4385; x_wconf 77' lang='lat' dir='ltr'><strong>nullus</strong></span> 
     </span>
    </p>
   </div>
   <div class='ocr_carea' id='block_1_105' title="bbox 2254 4396 3814 4488">
    <p class='ocr_par' dir='ltr' id='par_1_105' title="bbox 2254 4396 3814 4488">
     <span class='ocr_line' id='line_1_105' title="bbox 2254 4396 3814 4488; baseline 0.019 -42"><span class='ocrx_word' id='word_1_768' title='bbox 2254 4396 2421 4448; x_wconf 84' lang='lat' dir='ltr'><strong>scitur</strong></span> <span class='ocrx_word' id='word_1_769' title='bbox 2447 4397 2803 4465; x_wconf 74' lang='lat' dir='ltr'><strong>Aquileiensis</strong></span> <span class='ocrx_word' id='word_1_770' title='bbox 2834 4407 3138 4471; x_wconf 85' lang='lat' dir='ltr'><strong>patriarcha</strong></span> <span class='ocrx_word' id='word_1_771' title='bbox 3164 4410 3327 4466; x_wconf 86' lang='lat' dir='ltr'><strong>fuisse</strong></span> <span class='ocrx_word' id='word_1_772' title='bbox 3348 4415 3491 4483; x_wconf 84' lang='lat' dir='ltr'><strong>regis</strong></span> <span class='ocrx_word' id='word_1_773' title='bbox 3530 4416 3814 4488; x_wconf 74' lang='lat' dir='ltr'><strong>Hungaria:</strong></span> 
     </span>
    </p>
   </div>
   <div class='ocr_carea' id='block_1_106' title="bbox 2254 4486 3812 4563">
    <p class='ocr_par' dir='ltr' id='par_1_106' title="bbox 2254 4486 3812 4563">
     <span class='ocr_line' id='line_1_106' title="bbox 2254 4486 3812 4563; baseline 0.02 -33"><span class='ocrx_word' id='word_1_774' title='bbox 2254 4498 2560 4547; x_wconf 80' lang='lat' dir='ltr'><strong>germanus.</strong></span> <span class='ocrx_word' id='word_1_775' title='bbox 2613 4486 2721 4541; x_wconf 84' lang='lat' dir='ltr'><strong>Nec</strong></span> <span class='ocrx_word' id='word_1_776' title='bbox 2762 4491 2828 4551; x_wconf 85' lang='lat' dir='ltr'><strong>de</strong></span> <span class='ocrx_word' id='word_1_777' title='bbox 2873 4491 3163 4550; x_wconf 86' lang='lat' dir='ltr'><strong>festivitate</strong></span> <span class='ocrx_word' id='word_1_778' title='bbox 3191 4513 3375 4553; x_wconf 90' lang='lat' dir='ltr'><strong>recens</strong></span> <span class='ocrx_word' id='word_1_779' title='bbox 3418 4503 3634 4559; x_wconf 87' lang='lat' dir='ltr'><strong>inducta</strong></span> <span class='ocrx_word' id='word_1_780' title='bbox 3656 4486 3812 4563; x_wconf 28' lang='lat' dir='ltr'><strong>iBer-</strong></span> 
     </span>
    </p>
   </div>
   <div class='ocr_carea' id='block_1_107' title="bbox 2254 4575 3814 4649">
    <p class='ocr_par' dir='ltr' id='par_1_107' title="bbox 2254 4575 3814 4649">
     <span class='ocr_line' id='line_1_107' title="bbox 2254 4575 3814 4649; baseline 0.017 -25"><span class='ocrx_word' id='word_1_781' title='bbox 2254 4575 2475 4638; x_wconf 85' lang='lat' dir='ltr'><strong>nardus,</strong></span> <span class='ocrx_word' id='word_1_782' title='bbox 2507 4575 2673 4631; x_wconf 85' lang='lat' dir='ltr'><strong>Potho</strong></span> <span class='ocrx_word' id='word_1_783' title='bbox 2701 4588 2755 4632; x_wconf 92' lang='lat' dir='ltr'><strong>et</strong></span> <span class='ocrx_word' id='word_1_784' title='bbox 2773 4581 2862 4633; x_wconf 90' lang='lat' dir='ltr'><strong>alii</strong></span> <span class='ocrx_word' id='word_1_785' title='bbox 2889 4583 3031 4637; x_wconf 79' lang='lat' dir='ltr'><strong>circa</strong></span> <span class='ocrx_word' id='word_1_786' title='bbox 3064 4600 3260 4640; x_wconf 91' lang='lat' dir='ltr'><strong>annum</strong></span> <span class='ocrx_word' id='word_1_787' title='bbox 3286 4590 3421 4644; x_wconf 82' lang='grc'>1140</span> <span class='ocrx_word' id='word_1_788' title='bbox 3448 4595 3652 4647; x_wconf 84' lang='lat' dir='ltr'><strong>causati</strong></span> <span class='ocrx_word' id='word_1_789' title='bbox 3674 4594 3814 4649; x_wconf 75' lang='lat' dir='ltr'><strong>fuis-</strong></span> 
     </span>
    </p>
   </div>
   <div class='ocr_carea' id='block_1_108' title="bbox 2252 4663 3808 4750">
    <p class='ocr_par' dir='ltr' id='par_1_108' title="bbox 2252 4663 3808 4750">
     <span class='ocr_line' id='line_1_108' title="bbox 2252 4663 3808 4750; baseline 0.016 -38"><span class='ocrx_word' id='word_1_790' title='bbox 2252 4671 2389 4727; x_wconf 89' lang='lat' dir='ltr'><strong>sent,</strong></span> <span class='ocrx_word' id='word_1_791' title='bbox 2419 4663 2463 4715; x_wconf 88' lang='lat' dir='ltr'><strong>si</strong></span> <span class='ocrx_word' id='word_1_792' title='bbox 2497 4664 2550 4717; x_wconf 90' lang='lat' dir='ltr'><strong>in</strong></span> <span class='ocrx_word' id='word_1_793' title='bbox 2576 4664 2739 4720; x_wconf 63' lang='lat' dir='ltr'><strong>italiae</strong></span> <span class='ocrx_word' id='word_1_794' title='bbox 2765 4669 2891 4722; x_wconf 89' lang='lat' dir='ltr'><strong>sede</strong></span> <span class='ocrx_word' id='word_1_795' title='bbox 2911 4673 3252 4737; x_wconf 85' lang='lat' dir='ltr'><strong>patriarchali</strong></span> <span class='ocrx_word' id='word_1_796' title='bbox 3288 4679 3355 4729; x_wconf 89' lang='lat' dir='ltr'><strong>ab</strong></span> <span class='ocrx_word' id='word_1_797' title='bbox 3377 4694 3519 4734; x_wconf 91' lang='lat' dir='ltr'><strong>anno</strong></span> <span class='ocrx_word' id='word_1_798' title='bbox 3545 4681 3670 4744; x_wconf 68' lang='lat'><strong>884,</strong></span> <span class='ocrx_word' id='word_1_799' title='bbox 3700 4698 3808 4750; x_wconf 87' lang='lat' dir='ltr'><strong>quo</strong></span> 
     </span>
    </p>
   </div>
   <div class='ocr_carea' id='block_1_109' title="bbox 2252 4748 3810 4847">
    <p class='ocr_par' dir='ltr' id='par_1_109' title="bbox 2252 4748 3810 4847">
     <span class='ocr_line' id='line_1_109' title="bbox 2252 4748 3810 4847; baseline 0.017 -47"><span class='ocrx_word' id='word_1_800' title='bbox 2252 4748 2351 4802; x_wconf 90' lang='lat' dir='ltr'><strong>iste</strong></span> <span class='ocrx_word' id='word_1_801' title='bbox 2376 4749 2730 4818; x_wconf 83' lang='lat' dir='ltr'><strong>Aquileiensis</strong></span> <span class='ocrx_word' id='word_1_802' title='bbox 2756 4757 3185 4829; x_wconf 72' lang='lat' dir='ltr'><strong>archiepisColius</strong></span> <span class='ocrx_word' id='word_1_803' title='bbox 3204 4763 3407 4822; x_wconf 88' lang='lat' dir='ltr'><strong>electus</strong></span> <span class='ocrx_word' id='word_1_804' title='bbox 3428 4778 3529 4847; x_wconf 76' lang='lat' dir='ltr'><strong>est,</strong></span> <span class='ocrx_word' id='word_1_805' title='bbox 3549 4772 3629 4824; x_wconf 85' lang='lat' dir='ltr'><strong>vel</strong></span> <span class='ocrx_word' id='word_1_806' title='bbox 3650 4748 3810 4838; x_wconf 82' lang='lat' dir='ltr'><strong>paulo</strong></span> 
     </span>
    </p>
   </div>
   <div class='ocr_carea' id='block_1_110' title="bbox 2249 4845 3295 4905">
    <p class='ocr_par' dir='ltr' id='par_1_110' title="bbox 2249 4845 3295 4905">
     <span class='ocr_line' id='line_1_110' title="bbox 2249 4845 3295 4905; baseline 0.015 -16"><span class='ocrx_word' id='word_1_807' title='bbox 2249 4846 2388 4903; x_wconf 90' lang='lat' dir='ltr'><strong>post,</strong></span> <span class='ocrx_word' id='word_1_808' title='bbox 2425 4854 2545 4892; x_wconf 88' lang='lat' dir='ltr'><strong>cum</strong></span> <span class='ocrx_word' id='word_1_809' title='bbox 2577 4846 2780 4897; x_wconf 86' lang='lat' dir='ltr'><strong>octavis</strong></span> <span class='ocrx_word' id='word_1_810' title='bbox 2806 4845 2993 4901; x_wconf 87' lang='lat' dir='ltr'><strong>fuisset</strong></span> <span class='ocrx_word' id='word_1_811' title='bbox 3012 4848 3295 4905; x_wconf 84' lang='lat' dir='ltr'><strong>celebrata.</strong></span> 
     </span>
    </p>
   </div>
   <div class='ocr_carea' id='block_1_111' title="bbox 2319 4925 3807 5009">
    <p class='ocr_par' dir='ltr' id='par_1_111' title="bbox 2319 4925 3807 5009">
     <span class='ocr_line' id='line_1_111' title="bbox 2319 4925 3807 5009; baseline 0.015 -31"><span class='ocrx_word' id='word_1_812' title='bbox 2319 4925 2369 4977; x_wconf 91' lang='lat'><strong>9.</strong></span> <span class='ocrx_word' id='word_1_813' title='bbox 2418 4927 2821 4997; x_wconf 74' lang='lat' dir='ltr'><strong>lmptenitentite</strong></span> <span class='ocrx_word' id='word_1_814' title='bbox 2866 4934 3038 4999; x_wconf 83' lang='lat' dir='ltr'><strong>ﬁnali,</strong></span> <span class='ocrx_word' id='word_1_815' title='bbox 3085 4952 3201 5004; x_wconf 63' lang='lat' dir='ltr'><strong>quae</strong></span> <span class='ocrx_word' id='word_1_816' title='bbox 3245 4940 3373 4994; x_wconf 89' lang='lat' dir='ltr'><strong>illud</strong></span> <span class='ocrx_word' id='word_1_817' title='bbox 3420 4951 3694 5009; x_wconf 83' lang='lat' dir='ltr'><strong>peccatum</strong></span> <span class='ocrx_word' id='word_1_818' title='bbox 3722 4956 3807 5000; x_wconf 88' lang='lat' dir='ltr'><strong>est</strong></span> 
     </span>
    </p>
   </div>
   <div class='ocr_carea' id='block_1_112' title="bbox 2246 5014 3802 5094">
    <p class='ocr_par' dir='ltr' id='par_1_112' title="bbox 2246 5014 3802 5094">
     <span class='ocr_line' id='line_1_112' title="bbox 2246 5014 3802 5094; baseline 0.013 -29"><span class='ocrx_word' id='word_1_819' title='bbox 2246 5014 2388 5080; x_wconf 89' lang='lat' dir='ltr'><strong>quod</strong></span> <span class='ocrx_word' id='word_1_820' title='bbox 2431 5031 2605 5084; x_wconf 86' lang='lat' dir='ltr'><strong>neque</strong></span> <span class='ocrx_word' id='word_1_821' title='bbox 2653 5019 2705 5071; x_wconf 92' lang='lat' dir='ltr'><strong>in</strong></span> <span class='ocrx_word' id='word_1_822' title='bbox 2752 5020 2931 5074; x_wconf 89' lang='lat' dir='ltr'><strong>futuro</strong></span> <span class='ocrx_word' id='word_1_823' title='bbox 2977 5024 3168 5093; x_wconf 67' lang='lat' dir='ltr'><strong>saeculo</strong></span> <span class='ocrx_word' id='word_1_824' title='bbox 3209 5028 3532 5094; x_wconf 86' lang='lat' dir='ltr'><strong>remittetur,</strong></span> <span class='ocrx_word' id='word_1_825' title='bbox 3579 5031 3802 5086; x_wconf 90' lang='lat' dir='ltr'><strong>nimium</strong></span> 
     </span>
    </p>
   </div>
   <div class='ocr_carea' id='block_1_113' title="bbox 2252 5104 3804 5187">
    <p class='ocr_par' dir='ltr' id='par_1_113' title="bbox 2252 5104 3804 5187">
     <span class='ocr_line' id='line_1_113' title="bbox 2252 5104 3804 5187; baseline 0.012 -31"><span class='ocrx_word' id='word_1_826' title='bbox 2252 5104 2397 5158; x_wconf 76' lang='lat' dir='ltr'><strong>favet</strong></span> <span class='ocrx_word' id='word_1_827' title='bbox 2425 5108 2578 5159; x_wconf 87' lang='lat' dir='ltr'><strong>tertia</strong></span> <span class='ocrx_word' id='word_1_828' title='bbox 2606 5107 2829 5177; x_wconf 87' lang='lat' dir='ltr'><strong>hujusce</strong></span> <span class='ocrx_word' id='word_1_829' title='bbox 2852 5111 3091 5178; x_wconf 75' lang='lat' dir='ltr'><strong>epistolae</strong></span> <span class='ocrx_word' id='word_1_830' title='bbox 3128 5117 3395 5181; x_wconf 82' lang='lat' dir='ltr'><strong>narratio;</strong></span> <span class='ocrx_word' id='word_1_831' title='bbox 3431 5126 3485 5171; x_wconf 90' lang='lat' dir='ltr'><strong>et</strong></span> <span class='ocrx_word' id='word_1_832' title='bbox 3514 5118 3804 5187; x_wconf 76' lang='lat' dir='ltr'><strong>Scriptura:</strong></span> 
     </span>
    </p>
   </div>
   <div class='ocr_carea' id='block_1_114' title="bbox 2252 5192 3797 5272">
    <p class='ocr_par' dir='ltr' id='par_1_114' title="bbox 2252 5192 3797 5272">
     <span class='ocr_line' id='line_1_114' title="bbox 2252 5192 3797 5272; baseline 0.011 -28"><span class='ocrx_word' id='word_1_833' title='bbox 2252 5192 2448 5246; x_wconf 86' lang='lat' dir='ltr'><strong>dicenti</strong></span> <span class='ocrx_word' id='word_1_834' title='bbox 2487 5195 2627 5261; x_wconf 90' lang='lat' dir='ltr'><strong>quod</strong></span> <span class='ocrx_word' id='word_1_835' title='bbox 2682 5197 2768 5249; x_wconf 89' lang='lat' dir='ltr'><strong>ubi</strong></span> <span class='ocrx_word' id='word_1_836' title='bbox 2833 5200 2996 5251; x_wconf 88' lang='lat' dir='ltr'><strong>arbor</strong></span> <span class='ocrx_word' id='word_1_837' title='bbox 3048 5203 3325 5264; x_wconf 88' lang='lat' dir='ltr'><strong>ceciderit,</strong></span> <span class='ocrx_word' id='word_1_838' title='bbox 3393 5205 3464 5258; x_wconf 87' lang='lat' dir='ltr'><strong>ibi</strong></span> <span class='ocrx_word' id='word_1_839' title='bbox 3529 5208 3797 5272; x_wconf 88' lang='lat' dir='ltr'><strong>manebit;</strong></span> 
     </span>
    </p>
   </div>
   <div class='ocr_carea' id='block_1_115' title="bbox 2200 5279 3799 5360">
    <p class='ocr_par' dir='ltr' id='par_1_115' title="bbox 2200 5279 3799 5360">
     <span class='ocr_line' id='line_1_115' title="bbox 2200 5279 3799 5360; baseline 0.012 -29"><span class='ocrx_word' id='word_1_840' title='bbox 2200 5322 2201 5325; x_wconf 53' lang='grc' dir='ltr'><strong>η</strong></span> <span class='ocrx_word' id='word_1_841' title='bbox 2245 5279 2602 5349; x_wconf 69' lang='grc' dir='ltr'>Εεριεδίτείμιε</span> <span class='ocrx_word' id='word_1_842' title='bbox 2644 5285 2911 5360; x_wconf 78' lang='lat' dir='ltr'><strong>proﬁtenti</strong></span> <span class='ocrx_word' id='word_1_843' title='bbox 2960 5294 3099 5357; x_wconf 89' lang='lat' dir='ltr'><strong>quod</strong></span> <span class='ocrx_word' id='word_1_844' title='bbox 3162 5293 3211 5344; x_wconf 90' lang='lat' dir='ltr'><strong>in</strong></span> <span class='ocrx_word' id='word_1_845' title='bbox 3261 5292 3468 5348; x_wconf 78' lang='lat' dir='ltr'><strong>inferno</strong></span> <span class='ocrx_word' id='word_1_846' title='bbox 3520 5297 3658 5348; x_wconf 89' lang='lat' dir='ltr'><strong>nulla</strong></span> <span class='ocrx_word' id='word_1_847' title='bbox 3715 5308 3799 5351; x_wconf 90' lang='lat' dir='ltr'><strong>est</strong></span> 
     </span>
    </p>
   </div>
   <div class='ocr_carea' id='block_1_116' title="bbox 2246 5374 3757 5447">
    <p class='ocr_par' dir='ltr' id='par_1_116' title="bbox 2246 5374 3757 5447">
     <span class='ocr_line' id='line_1_116' title="bbox 2246 5374 3757 5447; baseline 0.009 -24"><span class='ocrx_word' id='word_1_848' title='bbox 2246 5374 2575 5439; x_wconf 88' lang='lat' dir='ltr'><strong>redemptio,</strong></span> <span class='ocrx_word' id='word_1_849' title='bbox 2621 5376 2780 5430; x_wconf 89' lang='lat' dir='ltr'><strong>nimis</strong></span> <span class='ocrx_word' id='word_1_850' title='bbox 2850 5392 3108 5447; x_wconf 87' lang='lat' dir='ltr'><strong>repugnat</strong></span> <span class='ocrx_word' id='word_1_851' title='bbox 3160 5391 3216 5434; x_wconf 88' lang='lat' dir='ltr'><strong>ut</strong></span> <span class='ocrx_word' id='word_1_852' title='bbox 3260 5383 3412 5437; x_wconf 86' lang='lat' dir='ltr'><strong>fidem</strong></span> <span class='ocrx_word' id='word_1_853' title='bbox 3471 5396 3757 5441; x_wconf 80' lang='lat' dir='ltr'><strong>mercatur.</strong></span> 
     </span>
    </p>
   </div>
   <div class='ocr_carea' id='block_1_117' title="bbox 2315 5462 3793 5536">
    <p class='ocr_par' dir='ltr' id='par_1_117' title="bbox 2315 5462 3793 5536">
     <span class='ocr_line' id='line_1_117' title="bbox 2315 5462 3793 5536; baseline 0.01 -24"><span class='ocrx_word' id='word_1_854' title='bbox 2315 5463 2396 5513; x_wconf 87' lang='grc'>10.</span> <span class='ocrx_word' id='word_1_855' title='bbox 2420 5462 2561 5523; x_wconf 66' lang='lat' dir='ltr'><strong>Hinc</strong></span> <span class='ocrx_word' id='word_1_856' title='bbox 2579 5467 2717 5523; x_wconf 63' lang='lat' dir='ltr'><strong>ratio</strong></span> <span class='ocrx_word' id='word_1_857' title='bbox 2739 5469 2877 5536; x_wconf 88' lang='lat' dir='ltr'><strong>quod</strong></span> <span class='ocrx_word' id='word_1_858' title='bbox 2904 5470 3022 5523; x_wconf 88' lang='lat' dir='ltr'><strong>ideo</strong></span> <span class='ocrx_word' id='word_1_859' title='bbox 3051 5472 3229 5524; x_wconf 77' lang='lat' dir='ltr'><strong>extolli</strong></span> <span class='ocrx_word' id='word_1_860' title='bbox 3255 5474 3445 5528; x_wconf 86' lang='lat' dir='ltr'><strong>debeat</strong></span> <span class='ocrx_word' id='word_1_861' title='bbox 3478 5476 3536 5531; x_wconf 83' lang='grc' dir='ltr'><strong>Β.</strong></span> <span class='ocrx_word' id='word_1_862' title='bbox 3569 5475 3635 5530; x_wconf 79' lang='grc' dir='ltr'><strong>Μ.</strong></span> <span class='ocrx_word' id='word_1_863' title='bbox 3660 5490 3793 5529; x_wconf 87' lang='lat' dir='ltr'><strong>con-</strong></span> 
     </span>
    </p>
   </div>
  </div>
