4174 6238
250 413 324 475 ιε

1317 412 1634 470 CENSURA
1674 410 1792 465 OPE

1873 401 2043 464 cus.
2084 408 2389 465 ANSELMI.
3014 380 3018 387 ”
3382 416 3451 470 to

252 528 458 597 ceptio,
485 526 626 582 sicut
650 533 703 580 et
721 523 836 593 ejus
861 523 1129 589 nativitas,
1161 522 1285 591 quia
1312 522 1412 575 nisi
1447 521 1538 575 illa
1564 520 1809 588 concipe-
1839 526 1886 580 Α
1978 502 2307 572 υείιοηιίιίει
2357 528 2530 573 autem
2577 520 2628 573 in
2662 519 2809 586 illul,
2861 521 3075 574 Dccebat
3122 523 3280 586 enim,
3318 533 3452 594 etc”

253 626 431 683 retur,
469 630 577 669 non
626 621 956 676 nasceretur,
986 626 1013 665 a
1060 609 1119 664 S.
1168 606 1440 663 Bernardo
1476 605 1707 661 refertur
1749 619 1814 658 ac

251 703 527 758 refellitur
558 700 729 770 (epist.
766 700 921 770 ﬁt):
953 697 1093 767 quod
1122 703 1437 766 argumento
1472 704 1555 750 est
1580 693 1812 749 fabulam

250 794 397 856 hanc
419 805 485 845 ea
513 797 672 843 astate
694 787 858 842 fuisse
884 788 1186 841 conﬁctam.

325 880 418 932 Η.
445 878 652 932 Auctor
688 876 740 930 in
767 891 859 931 eos
884 876 974 945 qui
1000 875 1139 933 hanc
1172 872 1511 928 festivitatem
1542 869 1812 926 celebnare

250 967 597 1041 abnuebant,
640 974 889 1032 tanquam
918 966 971 1018 in
999 964 1217 1018 insanos
1250 971 1304 1017 et
1342 963 1641 1015 insensatos
1666 961 1811 1013 inve-

257 1042 434 1109 hitur.
463 1054 614 1120 Quod
654 1054 903 1124 quamab
922 1052 1158 1107 Anselmi
1187 1051 1445 1106 modestia
1467 1065 1530 1103 ac
1561 1063 1808 1103 mansue-

256 1146 448 1199 tudine
470 1143 836 1208 alienum.sit,
883 1143 1031 1196 novit
1073 1140 1314 1211 quisquis
1341 1138 1457 1208 ejus
1493 1139 1688 1208 scripta
1726 1136 1807 1192 vel

260 1236 461 1290 cursim
488 1233 704 1288 evolvit.
1586 1286 1589 1287 ν

330 1325 481 1379 Circa
519 1323 837 1380 miraculum
883 1323 949 1378 de
982 1323 1333 1391 conceptione
1366 1319 1426 1375 S.
1460 1318 1638 1374 Mariae
1664 1320 1805 1389 quod

255 1429 319 1468 ex
344 1429 445 1467 ms.
470 1412 735 1468 Gemmet.
755 1411 913 1477 αιο,
934 1412 1073 1466 idem
1099 1417 1313 1465 ceuseto
1332 1409 1474 1480 quod
1492 1409 1558 1463 de
1581 1406 1802 1477 epistola

248 1494 604 1571 praecedente.

315 1591 415 1646 llis
445 1597 623 1645 autem
649 1590 703 1646 in
730 1590 976 1646 omnibus
1005 1589 1057 1643 id
1084 1604 1246 1643 unum
1287 1590 1370 1659 egi
1402 1598 1460 1643 ut
1499 1589 1658 1643 hasce
1697 1596 1802 1642 tra-

241 1682 515 1735 c.ationes
559 1694 662 1734 non
704 1693 821 1735 esse
851 1679 1021 1733 sancti
1063 1677 1302 1732 Ansehni
1346 1678 1797 1740 demonstrarent,

241 1768 492 1836 nihilque
513 1767 580 1821 ad
608 1764 984 1835 Conceptionis
1022 1766 1371 1820 festivitatem
1400 1781 1463 1827 ac
1489 1768 1798 1835 mysterium

1913 607 2038 675 quid
2087 608 2408 662 censendum
2458 608 2527 662 sit
2565 610 2675 662 dixi
2731 610 2783 663 in
2834 610 3058 671 aliarum
3111 612 3456 670 homiliarum

1914 708 2165 749 censura.
2422 718 2429 723 τ
2710 766 2713 767 ν

2225 785 2466 841 (Σευευιιλ
2495 801 2709 842 nuouuu
2739 806 3129 853 ItlltACULOltml.

1918 948 1927 955 ἒ
1978 872 2034 925 ln
2065 888 2166 926 ms.
2201 874 2692 933 San-Germanensi
2726 877 2827 933 608
2850 880 2952 933 duo
2982 881 3093 934 haec
3120 881 3376 936 miracula
3415 900 3445 938 a

1908 968 2095 1013 sancto
2136 959 2388 1015 Anselmo
2427 964 2568 1019 edita
2598 965 2861 1019 dicuntur.
2896 967 3045 1021 Unde
3073 985 3138 1022 ne
3162 969 3449 1039 quidOpc—

1911 1061 2026 1100 rum
2054 1062 2173 1117 quae
2202 1049 2299 1119 ipsi
2327 1051 2685 1119 ascribuntur,
2728 1054 2781 1106 in
2824 1055 2924 1108 hoc
2950 1036 3214 1109 volumine
3239 1036 3447 1114 deside-

1866 1174 1881 1189 κ
1908 1143 2134 1197 raretur,
2163 1150 2247 1199 ea,
2274 1138 2611 1204 quantumvis
2633 1139 2868 1197 {abuius-tt
2898 1130 2952 1195 et
2977 1141 3117 1206 nulla
3144 1143 3246 1219 lide
3268 1146 3442 1212 digna,

1906 1220 2216 1289 adjecimus.
2243 1225 2490 1294 Ejusdem
2522 1230 2730 1296 generis
2759 1229 2869 1282 lucc
2904 1240 3029 1285 sunt
3057 1232 3205 1299 cujus
3230 1242 3284 1286 et
3312 1247 3445 1305 prie-‘-
3532 1302 3541 1305 _

1904 1309 1998 1365 fati
2029 1322 2286 1369 tractatus
2304 1317 2374 1368 De
2386 1317 3136 1383 conceptione,cttniracnlum
3163 1322 3445 1379 abbatissze

1901 1412 2019 1467 qua:
2044 1399 2241 1469 angelis
2271 1402 2736 1459 obstetricantibus
2765 1410 2969 1473 partum
2996 1408 3193 1466 edidit.
3244 1438 3247 1449 ς

2111 1489 2353 1546 CENSURA
2390 1508 2528 1549 munt
2566 1493 2653 1559 De.
2677 1506 3000 1549 sacramento
3039 1498 3244 1552 altaris.

1972 1575 2029 1631 ln'
2066 1595 2165 1634 ms.
2201 1580 2584 1637 Cambronensi
2618 1584 2703 1638 hic
2728 1585 2863 1639 liber
2908 1596 3082 1641 exstat
3126 1590 3204 1643 sic
3233 1589 3446 1647 inseri--

1898 1676 2021 1734 ptus
2044 1685 2057 1719 :
2094 1666 2285 1736 Incipit
2310 1669 2438 1723 liber
2462 1672 2655 1724 domini
2674 1672 2900 1726 Anselmi
2928 1677 2991 1728 de
3010 1689 3328 1732 sacramento
3356 1680 3440 1733 alo

1898 1757 2045 1809 taris.
2103 1756 2213 1811 Sttb
2261 1760 2443 1812 eodem
2501 1760 2651 1813 titulo
2705 1760 2899 1829 legitur
2951 1765 3017 1817 in.
3066 1780 3165 1819 ins.
3195 1764 3438 1823 Atrebat'.

246 1826 421 1924 attigi,
465 1855 535 1909 de
573 1854 768 1934 quibus
788 1826 1005 1924 semper
1030 1853 1083 1909 id
1120 1854 1345 1909 sentiam
1386 1854 1529 1924 quod
1545 1826 1801 1912 'Ecclesize
1830 1826 1875 1883 Β
1902 1841 2334 1934 Quandoquidem
2356 1861 2481 1934 vero
2499 1859 2563 1934 eo
2593 1848 2645 1899 in
2667 1826 2826 1915 opere
2853 1848 3027 1934 aliqua
3055 1852 3442 1921 redarguuntur

244 1944 446 2015 judicio
470 1944 660 1998 stabit.

368 2053 620 2109 CENSUM
656 2066 917 2109 PASSIONIS
944 2033 1259 2106 .sauctorum
1279 2050 1543 2121 Guigneri,
1565 2060 1670 2106 etc.

312 2145 382 2199 Ι).
410 2142 646 2198 Joannes
678 2141 935 2196 Picardus
981 2142 1119 2196 hanc
1158 2142 1534 2207 liistoriatn,.si
1575 2142 1799 2196 historia

237 2230 479 2284 dicenda
523 2239 623 2293 est,
682 2242 751 2301 ex
804 2242 905 2284 ms.
953 2228 1198 2284 biblioth.
1264 2228 1547 2283 Victoriae:
1597 2231 1802 2298 primus

239 2304 444 2380 edidit,
474 2325 528 2370 et
550 2324 734 2371 sancto
752 2315 1008 2371 Anselmo
1027 2315 1295 2385 ascripsit.
1316 2315 1488 2383 Ipsam
1514 2326 1690 2371 tamen
1714 2318 1801 2371 vix

243 2407 519 2461 Anselmo
560 2408 710 2477 digna
745 2407 1126 2477 judicavimus,
1175 2406 1301 2473 quia
1345 2407 1399 2460 in
1443 2420 1507 2461 ea
1552 2407 1802 2476 leguntur

244 2495 421 2550 multa
452 2510 572 2564 qua:
602 2510 726 2551 vero
764 2496 987 2554 minime
1030 2495 1224 2549 similia
1255 2495 1489 2549 sensatis
1512 2496 1624 2550 visa
1653 2504 1797 2560 sunt,
1846 2540 1850 2545 .

242 2594 305 2638 et
348 2598 476 2652 quia:
523 2584 688 2638 risum
738 2584 907 2655 magis
948 2593 1199 2639 excutere
1249 2597 1411 2653 quam
1439 2584 1505 2639 ad
1550 2584 1798 2654 pietatem

238 2689 463 2730 movere
490 2682 733 2743 possunt.-

599 2785 839 2840 Csusuat
869 2784 1059 2854 iudicii
1084 2783 1148 2837 de
1168 2782 1464 2851 stabilitate.

310 2894 461 2949 Nihil
496 2902 684 2971 sancto
730 2891 983 2946 Anselmo
1021 2890 1291 2961 indignum
1319 2864 1510 2953 lilibet;
1558 2901 1655 2943 nec
1689 2888 1799 2943 dis-

240 2994 408 3039 sonat
434 2983 502 3036 ab
524 2984 588 3039 iis
612 2998 731 3053 qua:
753 2990 974 3036 sanctus
1001 2979 1284 3034 Anselmus
1313 2978 1551 3032 Lanzoni
1581 2978 1797 3047 scripsit

239 3073 297 3126 in
329 3071 553 3139 epistola
581 3085 701 3139 quae
728 3080 811 3123 est
833 3068 902 3123 29
932 3069 1051 3122 libri
1091 3084 1127 3121 t.

346 3159 595 3213 CENSURA
622 3157 1003 3226 Disputatiouis
1028 3156 1202 3209 Iudici
1238 3171 1353 3208 cum
1376 3153 1688 3209 Christiano.

313 3246 706 3315 Disputatlouis
761 3247 914 3299 istius
972 3256 1244 3298 auctorem
1309 3254 1365 3297 et
1425 3253 1793 3313 argumentum

245 3347 421 3403 aperte
446 3334 657 3388 indicat
681 3332 903 3401 epistola
923 3346 1039 3400 qure
1062 3331 1179 3386 loco
1205 3330 1405 3399 prologi
1436 3331 1790 3399 praantittitur.

245 3421 519 3477 Hactenus
550 3421 747 3474 inedita
778 3420 979 3486 fuerat,
1014 3420 1113 3474 etsi
1146 3421 1197 3473 in
1236 3420 1476 3487 pluribus
1511 3434 1611 3473 ms.
1639 3410 1796 3487 repe-

242 3508 403 3572 ritur,
456 3506 710 3561 videlicet
758 3506 812 3560 in
862 3522 961 3560 ms.
1011 3506 1137 3561 bibl.
1186 3506 1399 3570 Elnon.,
1450 3506 1576 3559 bibl.
1626 3506 1791 3575 Longi

234 3596 448 3660 Pontis;
472 3594 603 3650 bibl.
628 3595 867 3651 ecclesia:
887 3595 1095 3650 cathed.
1112 3596 1361 3657 Tornac.,
1383 3605 1440 3648 et
1460 3594 1585 3649 bibl.
1611 3593 1791 3650 Sancti

232 3684 549 3749 Lamberti;
580 3693 774 3754 praeter
800 3700 903 3739 ms.
932 3686 1062 3739 bibl.
1095 3684 1153 3739 S.
1186 3684 1408 3754 Remigii
1445 3685 1622 3759 Rem.,
1662 3685 1787 3737 bibl.

237 3770 383 3827 Vict.
434 3780 492 3824 et
540 3771 665 3824 bibl.
712 3771 1261 3837 San-Germanensis;
1302 3784 1367 3828 ex
1410 3772 1603 3839 quibus
1647 3772 1789 3825 illam

224 3858 374 3927 juris
395 3857 597 3928 publici
620 3858 859 3912 iecimus.

774 3968 1016 4023 CENSURA
1054 3968 1264 4044 A_unuli.

300 4055 588 4124 Dialogum
617 4055 774 4121 hunc,
802 4057 893 4127 qui
926 4073 955 4109 a
986 4056 1284 4125 quingentis
1308 4057 1459 4110 annis
1484 4065 1536 4108 et
1564 4055 1788 4124 amplius

232 4144 290 4199 in
344 4144 791 4199 bibliothecarum
834 4146 1049 4200 scriniis
1100 4145 1414 4208 delituerat,
1467 4158 1498 4197 e
1542 4143 1785 4198 Laetiensi

236 4232 469 4289 feliciter
490 4235 933 4303 deprompsimus.
957 4236 1001 4286 Α
1027 4234 1258 4301 ltuperto
1296 4233 1583 4288 Tuitiensis
1608 4249 1788 4288 emno-

242 4319 321 4373 bii
347 4320 533 4375 abbate
559 4306 987 4376 Annulumbunc
1008 4337 1125 4377 esse
1149 4323 1519 4390 compositum,
1542 4331 1596 4375 et
1619 4322 1787 4375 tribus

1901 1944 2019 1997 qua:
2046 1929 2266 1998 legimus
2301 1932 2351 1984 in
2392 1932 2540 1986 libris
2586 1934 2658 1986 De
2695 1934 2888 1987 divinis
2914 1933 3096 2001 oﬂiciis
3122 1976 3137 2000 ,
3164 1953 3298 2004 quos
3328 1937 3438 1992 Ru-

1898 2025 2082 2084 pertus
2110 2017 2396 2075 Tuitiensis
2421 2034 2560 2072 anno
2590 2006 2718 2074 illi
2750 2024 2983 2094 scripsit,
3011 2024 3292 2080 Anselmus
3316 2039 3439 2082 vero

1901 2110 2145 2163 humanis
2175 2123 2454 2180 exemptus
2482 2112 2551 2167 sit
2580 2128 2721 2168 anno
2755 2104 2912 2178 “09,
2956 2115 3119 2184 liquet
3154 2117 3280 2172 illud
3305 2133 3436 2187 opus

1899 2199 1969 2251 ab
1992 2197 2242 2252 Ansclmo
2271 2216 2374 2253 non
2402 2203 2682 2271 prodiisse.
2706 2203 2856 2269 Quod
2884 2213 2938 2259 et
2969 2208 3020 2258 in
3048 2207 3269 2276 Ruperti
3291 2209 3434 2276 Apo-

1899 2287 2033 2355 logia
2058 2288 2225 2357 fusius
2244 2292 2477 2357 exposui.
2508 2290 2657 2345 llune
2681 2293 2858 2362 itaque
2879 2293 3066 2347 librum
3089 2310 3185 2350 suo
3208 2300 3435 2368 auctori,

1898 2376 2179 2457 Guillelmo
2206 2377 2389 2433 Sancti
2435 2380 2785 2444 Theudorici,
2819 2382 2968 2448 cujus
2999 2398 3188 2439 nonnen
3221 2376 3467 2456 puriore

1900 2458 1953 2516 in
1982 2478 2082 2517 ms.
2113 2464 2491 2534 Longi-Paulis
2526 2477 2578 2519 et
2605 2469 2655 2520 in
2686 2468 2841 2532 aliis,
2872 2469 3225 2541 dimittentes,
3262 2473 3432 2539 ipsum

1898 2550 1987 2604 hic
2006 2554 2369 2607 excudendom
2392 2554 2608 2608 minime
2630 2540 2953 2623 censuimus,
2981 2540 3115 2611 cum
3133 2558 3271 2611 inter
3289 2559 3434 2613 Guil-
3454 2554 3455 2557 “

1898 2638 2041 2706 lelmi
2082 2640 2289 2695 abbatis
2330 2641 2387 2695 S.
2433 2643 2747 2698 Theoderici
2798 2644 2967 2714 Opera
3008 2647 3062 2699 in
3111 2647 3433 2707 Bibliotheca

1898 2727 2236 2785 Cisterciensi
2264 2730 2437 2785 editus
2457 2725 2755 2786 habeatur.
2858 2740 2862 2743 “

1896 2821 2138 2877 ϐεκδυιιλ
2176 2838 2315 2877 metu
2353 2822 2429 2877 De
2449 2825 2683 2877 niembris
2711 2835 2759 2878 et
2797 2812 2992 2879 actibus
3022 2826 3126 2887 Deo
3154 2828 3432 2883 attributis.

1966 2909 2066 2963 llic
2089 2909 2223 2970 fiber
2250 2910 2302 2962 in
2336 2918 2462 2963 tom.
2493 2910 2559 2965 iV
2588 2926 2805 2981 operum
2834 2912 2890 2966 S.
2937 2913 3214 2982 Augustini
3248 2915 3437 2970 inscri-

1896 3005 2021 3068 ptus
2045 3000 2259 3071 legitur,
2294 2999 2369 3053 De
2396 3001 2610 3073 essentia
2638 3001 2974 3066 Divinitatis;
3012 3003 3151 3073 etin
3189 3016 3294 3059 tom
3340 3004 3429 3063 IX.

1878 3088 2125 3161 ‘Operum
2158 3087 2215 3142 S.
2243 3086 2547 3157 Hieronymi
2573 3097 2655 3141 est
2674 3088 2895 3156 epistola
2928 3091 3011 3155 15,
3046 3090 3118 3144 De
3144 3092 3209 3144 iis
3232 3109 3346 3161 qua:
3369 3094 3435 3147 de

1895 3178 2004 3231 Deo
2036 3180 2089 3229 in
2119 3178 2405 3245 Scriptur'is
2430 3180 2623 3230 sanctis
2656 3172 3042 3242 attribuuntur:
3075 3193 3247 3238 exstat
3269 3187 3434 3246 etiam

1895 3264 2033 3318 inter
2063 3265 2119 3318 S.
2150 3264 2535 3319 Bonaventura:
2557 3266 2828 3332 opuscula.
2860 3266 3027 3330 Unde,
3058 3269 3179 3321 licet
3210 3273 3261 3323 in
3287 3250 3431 3338 prin;

1894 3352 2042 3407 ribus
2076 3353 2230 3405 editis
2261 3352 2429 3405 sancti
2455 3351 2690 3407 Ansehni
2719 3355 2968 3421 operibus
2994 3356 3270 3419 lmbeatur,
3309 3374 3432 3414 cum

1892 3440 1945 3504 in
1974 3441 2119 3493 nullo
2144 3455 2247 3494 ms.
2271 3440 2389 3495 cod.
2420 3440 2654 3494 Λιιεείιυὶ
2686 3432 2883 3493 nomen
2901 3441 3159 3509 obtineat,
3186 3444 3329 3497 illum
3353 3430 3432 3498 di?

1892 3529 2152 3583 misimus.
3111 3528 3115 3533 ’

2085 3620 2323 3673 CENSURA
2361 3634 2621 3673 LIBRORUI
2654 3618 2729 3671 De
2756 3620 2974 3687 imagine
3002 3621 3200 3672 mutuli.

1960 3710 2069 3762 Hoc
2092 3725 2223 3777 opus
2244 3716 2415 3777 exstat
2444 3709 2494 3760 in
2520 3724 2618 3761 ωε.
2639 3707 2703 3760 14
2723 3708 2850 3760 bibl.
2881 3708 3085 3775 collegii
3111 3707 3427 3773 Ovialensis,

1890 3800 1967 3852 sic
1992 3798 2302 3866 inscriptum
2331 3818 2344 3850 :
2379 3797 2626 3870 Epilogus
2653 3812 2851 3865 mappw
2879 3798 3172 3869 mundi‘per
3194 3798 3431 3851 eumdem

1891 3884 2129 3951 (Petrum
2158 3886 2221 3935 de
2242 3883 2446 3935 Alliaco
2472 3881 2959 3947 Catncraceusem).
2984 3881 3036 3932 In
3061 3896 3159 3932 nis.
3185 3880 3249 3933 12
3271 3881 3433 3953 colli»

1822 4036 1823 4039 η
1888 3971 1956 4039 gii
1985 3971 2233 4037 Corporis
2260 3969 2455 4022 Christi
2476 4009 2491 4032 ,
2534 3968 2671 4021 inter
2702 3967 2935 4035 llugonis
2975 3967 3165 4034 Opera,
3199 3966 3273 4020 De
3301 3970 3432 4020 ima-

1886 4061 1999 4128 gine
2027 4060 2201 4111 mundi
2231 4058 2346 4110 libri
2373 4058 2494 4109 duo.
2536 4056 2590 4109 In
2616 4072 2714 4109 IIIS.
2747 4057 2778 4107 7
2802 4057 2987 4123 colleg.
3027 4057 3231 4109 Sancta:
3253 4056 3430 4109 Trini-

1887 4150 2012 4202 tatis
2038 4163 2051 4200 :
2092 4147 2241 4200 Liber
2274 4145 2485 4217 Ilienrici
2522 4144 2883 4212 IIuntingtlon,
2912 4145 2998 4216 qui
3030 4145 3218 4217 dicitur
3246 4144 3429 4213 Imago

1886 4237 2003 4289 Dei.
2028 4236 2084 4288 In
2110 4251 2209 4288 tns.
2234 4216 2332 4287 567
2363 4233 2566 4302 collegii
2595 4232 2651 4285 S.
2685 4214 2994 4285 Benedicti:
3038 4214 3218 4300 Imago
3248 4234 3427 4285 mundi

1887 4328 2162 4391 composita
2188 4341 2277 4391 per
2306 4322 2375 4375 II.
2406 4323 2726 4374 canonicum.
2757 4320 2867 4374 Ibid
2903 4322 2953 4373 in
2979 4336 3076 4375 tus.
3103 4321 3172 4375 52
3201 4339 3212 4373 :
3246 4321 3427 4390 Imago

241 4409 403 4465 libris
419 4394 568 4479 quasi
598 4412 813 4466 totidem
856 4415 1081 4481 gemmis
1116 4414 1437 4468 distinctum.
1465 4414 1531 4466 ab
1563 4414 1784 4479 ipsomet
1815 4422 1857 4473 D
1885 4415 2059 4466 mumli
2087 4430 2201 4465 cum
2230 4410 2439 4479 prologo
2470 4410 2691 4462 doctoris
2716 4409 2990 4460 clarissimi
3018 4408 3243 4461 Anselmi
3274 4424 3430 4475 super

232 4496 499 4551 discimus
543 4498 596 4552 in
626 4499 743 4566 ejus
768 4499 987 4568 prologo
1017 4501 1081 4555 ad
1122 4499 1286 4554 libros
1314 4501 1386 4553 De
1416 4499 1786 4568 gloriﬁcatione

226 4581 293 4637 S.
315 4581 581 4637 Trinitatis
599 4596 647 4637 et
666 4588 985 4653 processionc
1007 4586 1228 4655 Spiritus
1252 4590 1435 4649 sancti,
1460 4587 1546 4640 ubi
1568 4601 1624 4640 se
1646 4588 1788 4640 hunc

224 4670 528 4733 Aunulum,
556 4682 836 4741 expetente
883 4673 1099 4727 Conone
1131 4676 1393 4743 quondam
1428 4675 1619 4726 abbate
1650 4674 1789 4741 Syn-

221 4755 581 4828 gebernensi,
608 4767 720 4811 tum
769 4759 1136 4829 Ratisponensi
1181 4762 1447 4827 episcopo,
1484 4769 1600 4828 post
1637 4774 1781 4813 com-

221 4846 407 4914 pletos
436 4847 696 4901 tredecim
744 4846 947 4901 libellos
1001 4849 1071 4900 De
1116 4848 1281 4917 gloria
1310 4847 1435 4900 Filii
1464 4849 1703 4913 licininis,
1733 4856 1786 4900 et

218 4944 356 4989 ante
384 4946 671 5005 susceptos
696 4935 861 4989 libros
889 4936 962 4988 De
997 4938 1390 5005 gloriﬁcatione,
1421 4946 1523 4989 etc.
1555 4936 1679 5004 (hoc
1702 4945 1784 4987 est

216 5021 374 5078 circa
413 5037 509 5075 an.
558 5022 714 5091 1127)
759 5023 1134 5089 conscripsisse
1174 5038 1231 5077 se
1271 5024 1537 5090 praefatur.
1583 5023 1655 5076 De
1700 5025 1781 5077 his

183 5116 187 5125 '
213 5108 378 5179 plura
410 5110 644 5164 disserui
673 5111 724 5163 in
746 5111 995 5179 Apologia
1024 5127 1119 5179 pro
1144 5113 1397 5179 lluperto.

302 5228 568 5284 Causcna
603 5241 807 5281 unum
843 5244 927 5282 CUI
970 5244 1191 5283 'rtruws
1224 5247 1234 5280 :
1273 5228 1686 5294 Quwdam'dicta

862 5297 1030 5362 utilia,
1060 5307 1161 5350 etc.

278 5384 363 5438 Ea
394 5382 458 5436 P.
494 5382 667 5450 Rayn.
696 5397 758 5439 ex
786 5399 911 5437 mss.
937 5384 1064 5437 bibl.
1100 5384 1269 5436 Vatic.
1301 5384 1501 5451 primus
1532 5384 1584 5437 in
1608 5381 1777 5435 lucem

204 5474 404 5535 misit:
438 5481 498 5527 et
525 5472 640 5523 haec
662 5472 870 5536 quidem
908 5473 1213 5525 Auselmum
1256 5474 1482 5540 sapiunt.
1519 5472 1774 5525 Nonnulla

201 5576 267 5620 α
323 5578 437 5617 Itis.
475 5558 793 5613 Corbeiensi
848 5561 929 5615 his
978 5562 1365 5629 subjunxitnns,
1407 5576 1523 5627 quze
1568 5574 1665 5613 nec
1710 5560 1775 5611 ab

198 5651 477 5711 Acisclum
506 5648 685 5700 aliena
712 5656 851 5699 sunt.

1887 4501 2072 4552 librum
2102 4500 2249 4566 cujus
2291 4510 2471 4550 auctor
2503 4507 2575 4549 est
2607 4494 2760 4564 Creg.
2812 4495 3169 4564 IIuntingdou.
3215 4496 3267 4549 In
3322 4494 3424 4553 ius.

1886 4591 1989 4644 9.80
2020 4590 2268 4643 Biblimlt.
2301 4586 2518 4656 Regia):
2547 4586 2736 4653 Incipit
2767 4584 3007 4653 prologus
3037 4586 3169 4637 beati
3202 4586 3429 4640 Ansclnti

1884 4679 2105 4747 episcopi
2137 4694 2288 4743 super
2330 4676 2517 4727 librum
2554 4675 2641 4741 qui
2669 4675 2899 4726 dicitur:
2930 4673 3110 4741 Imago
3140 4677 3336 4734 mundi.
3368 4675 3427 4730 In

1885 4781 1988 4819 tus.
2019 4766 2121 4816 512
2150 4774 2343 4817 nostra:
2391 4762 2634 4815 biblioth.
2664 4760 3052 4814 Sun-German.
3086 4772 3261 4815 exstat
3289 4762 3425 4816 liber

1885 4851 2220 4905 intilulatns:
2272 4849 2545 4917 Speculum
2592 4848 2665 4899 re!
2706 4848 2887 4914 Imago
2932 4852 3131 4913 mundi,
3176 4852 3342 4902 editus
3389 4867 3425 4904 α

1882 4942 2042 5009 fratre
2083 4941 2349 4993 Vincentio
2385 4938 2579 4989 ordinis
2612 4935 2704 4987 Fr.
2732 4937 2951 4999 Prud;
2983 4939 3074 4991 sed
3104 4939 3147 4992 is
3183 4941 3317 4993 alius
3340 4951 3424 4993 est

1883 5031 2039 5081 abeo
2083 5029 2169 5096 qui
2224 5027 2361 5079 inter
2409 5027 2468 5077 S.
2514 5024 2744 5076 Anselmi
2777 5024 2944 5091 Opera
2986 5026 3085 5079 fuit
3129 5027 3319 5101 editus.
3362 5026 3419 5082 In

1882 5119 2118 5185 ejusdem
2173 5117 2298 5169 bibl.
2331 5131 2429 5167 IIIS.
2461 5115 2561 5179 513
2587 5113 2720 5166 alius
2749 5114 2881 5165 liber
2913 5115 3103 5183 legitur
3127 5131 3190 5169 eo
3223 5117 3373 5171 titulo
3400 5135 3414 5170 :

1882 5208 2150 5274 Speculum
2184 5206 2256 5258 vel
2296 5205 2462 5271 imago
2498 5204 2880 5267 mnudi,’nullo
2909 5205 3139 5257 auctoris
3165 5206 3411 5268 nomine;

1880 5297 1971 5351 sed
2002 5311 2099 5349 nec
2127 5295 2169 5347 is
2197 5304 2275 5345 est
2304 5294 2437 5346 idem
2470 5308 2589 5346 cum
2618 5294 2751 5345 aliis.
2910 5290 2913 5293 ’

1952 5386 2007 5436 ln
2051 5384 2294 5435 omnibus
2335 5396 2488 5443 vero,
2544 5380 2701 5432 etiam
2750 5382 3151 5447 antiquioribus,
3205 5384 3414 5437 excusis

1878 5474 2048 5528 sancti
2076 5471 2305 5523 Anscltni
2336 5470 2592 5537 Operibns
2619 5478 2825 5521 exstant
2852 5471 2903 5523 bi
2935 5471 3036 5523 duo
3062 5471 3201 5523 libri.

1946 5564 2189 5616 Attamen
2220 5562 2288 5613 ab
2322 5561 2421 5612 isto
2468 5560 2730 5612 volumine
2764 5556 2903 5627 ipsos
2943 5560 3282 5621 exclusimus,
3318 5576 3412 5611 nec

1878 5648 2085 5715 quidem
2116 5647 2164 5699 in
2192 5647 2488 5713 Appendicc
2512 5647 2588 5698 eis
2611 5646 2845 5697 dedimus
2868 5646 3057 5709 locum,
3090 5657 3411 5714 ulpocqnos

1852 5858 1885 5895 ﬁ
