4174 6256
631 365 698 422 1:
1699 356 1756 408 5.
1791 352 2086 408 ANSELMI
2124 351 2466 406 CANTUAR.
2505 349 2812 405 ARCHIEP.
3773 349 3844 408 £8
3888 393 3892 399 .

632 456 869 510 Anselml
895 468 1013 509 esse
1054 466 1156 504 non
1196 457 1424 510 constat,
1461 455 1513 500 et
1567 461 1700 513 quos
1741 445 1887 505 alibi,
1922 444 2184 506 videlicet,
2216 446 2262 500 Α
2288 442 2500 494 easdem
2543 441 2591 493 iu
2637 441 2759 493 isto-
2788 436 3204 493 Situllitudinum
3229 437 3364 494 libro
3399 436 3558 492 simul
3588 439 3845 497 collectas

632 549 773 603 inter
795 545 1005 600 Hoaorli
1037 540 1529 608 Angustmluneusis
1551 537 1722 605 Opera
1747 547 2030 604 expressos
2059 533 2186 602 legi-

631 653 752 692 mus
776 637 827 688 in
854 643 982 686 tom.
1014 631 1104 684 Xll
1133 631 1470 684 Bibliotbeeze
1508 627 1608 680 PP.

734 727 978 777 Εεκειιηι
1004 737 1144 775 metu
1179 719 1254 772 De
1282 717 1592 770 beatitudine
1613 712 1830 766 cmlestis
1863 710 2080 781 Rau-ire.

695 814 752 867 In
791 829 889 866 tus.
935 810 1179 864 biblioth.
1233 804 1524 861 Clarmvall.
1575 804 1629 856 5.
1679 801 1955 868 Ebrulphi,
2021 799 2186 867 Longi

625 901 808 957 Paulis
843 911 896 952 et
925 899 982 953 S.
1027 896 1236 950 Martini
1272 895 1500 947 Tornac.
1537 892 1662 945 huic
1704 890 1839 943 libro
1875 888 2048 942 sancti
2075 889 2188 940 An-

626 990 780 1044 selmi
807 1002 995 1040 noziseu
1029 984 1304 1052 pnelixum
1341 990 1446 1035 est.
1477 980 1672 1034 Verum
1714 979 1765 1031 iu
1800 993 1901 1030 ms.
1932 976 2093 1030 Corb.
2124 976 2187 1030 E.

627 1080 694 1132 10
719 1087 774 1131 et
791 1078 841 1128 iu
873 1067 982 1127 ms.
1000 1075 1122 1126 Bec.
1144 1072 1408 1126 Eudmero
1434 1069 1742 1131 ascribitur,
1766 1077 1820 1121 et
1837 1067 1996 1121 simul
2013 1077 2191 1121 exstat

635 1169 751 1235 rjus
779 1165 844 1218 ad
872 1163 1213 1217 Guillelmum
1261 1162 1582 1216 monachum
1611 1160 1834 1229 epistola
1860 1168 2001 1228 'qua:
2031 1158 2189 1212 simul

625 1270 750 1311 cum
785 1255 1004 1324 prologo
1037 1262 1257 1307 enarrat
1294 1251 1632 1305 describeudi
1659 1251 1879 1319 hujusce
1915 1247 2077 1302 libelli
2108 1264 2192 1301 ra-

627 1347 850 1408 tionem,
881 1356 932 1398 et
958 1345 1277 1398 hadmerum
1308 1343 1423 1411 ejus
1453 1351 1728 1395 auctorem
1771 1349 1953 1408 aperte
1981 1339 2190 1391 denun-

627 1433 745 1488 tiat.
776 1433 933 1486 Plura
964 1433 1125 1486 etiam
1157 1447 1224 1485 ex
1266 1446 1330 1484 eo
1355 1430 1700 1498 proferuntur
1735 1430 1787 1482 in
1835 1428 1870 1480 l.
1899 1428 1974 1481 De
2003 1427 2192 1480 simili«

627 1525 899 1581 tudlnibus
948 1540 979 1577 a
1014 1539 1065 1577 e.
1109 1523 1176 1574 47
1223 1523 1288 1575 ad
1329 1538 1376 1576 c.
1405 1520 1725 1575 7l.-Nomen
1757 1530 1936 1573 autem
1991 1519 2048 1571 5.
2082 1519 2197 1570 An-

624 1614 780 1669 selml
813 1621 917 1669 non
949 1613 1219 1667 immerito
1249 1613 1465 1678 praefert
1505 1612 1556 1663 in
1604 1609 1846 1679 pluribus
1898 1623 2026 1662 mss.
2068 1622 2190 1661 cum

624 1719 806 1760 sermo
831 1706 900 1758 sit
926 1719 1084 1773 quem
1115 1713 1336 1756 sanctus
1386 1700 1669 1754 Anselmus
1698 1699 1937 1754 Cluniaci
1981 1697 2191 1762 habuit,

2287 529 2530 598 legimus.
2561 528 2731 595 Quod,
2765 530 2900 582 sicut
2927 538 2983 580 et
3012 536 3154 580 totus
3189 526 3342 583 istius
3385 527 3510 583 libri
3537 537 3840 596 contextus,

2285 629 2435 672 certo
2463 619 2590 671 mihi
2619 628 2931 686 argumento
2965 627 3038 671 est
3071 617 3240 686 ipsum
3281 618 3348 670 ab
3371 619 3553 672 eodem
3584 617 3846 676 Eadmero

2286 725 2407 763 esse
2441 711 2794 777 compositum
2830 723 2894 762 ex
2931 709 2998 761 iis
3019 723 3154 774 quas
3177 707 3337 761 simul
3383 708 3619 778 collegit,
3651 707 3707 762 S.
3731 710 3843 762 An-

2287 800 2436 854 sclmi
2489 816 2594 853 nou
2637 797 3073 852 similitudinibus
3109 800 3266 853 modo
3319 799 3411 852 sed
3452 809 3506 852 et
3545 800 3845 863 sententiis,

2287 890 2518 942 maxime
2539 889 2604 942 de
2633 887 2922 949 voluntate,
2959 887 3026 940 de
3063 887 3364 940 humilitate
3401 900 3466 940 ac
3503 885 3568 940 de
3614 886 3846 940 beatitu-
3877 869 3880 872 ί

2286 974 2411 1028 diue
2433 984 2488 1028 et
2512 974 2748 1027 miseria.
2776 973 2924 1030 Unde
2971 989 3072 1026 una
3107 973 3247 1028 illius
3289 988 3412 1042 pars
3465 988 3848 1039 nonnunquam

2288 1065 2539 1133 inscripta
2559 1067 2822 1134 reperitur
2846 1082 2860 1116 :
2889 1064 3036 1117 Liber
3061 1066 3123 1117 de
3146 1065 3338 1132 triplici
3365 1063 3659 1126 voluntate;
3680 1064 3846 1117 altera

2281 1152 2364 1206 De
2389 1164 2557 1207 monte
2578 1153 2883 1206 humilitatis
2908 1169 2926 1217 ;
2952 1163 3004 1206 et
3032 1154 3210 1217 tertia,
3239 1153 3304 1208 de
3323 1152 3709 1222 quatuorderim
3729 1150 3851 1204 bea-

2264 1243 2597 1318 rtitudinibus
2636 1253 2681 1296 et
2722 1243 2932 1295 totidem
2959 1243 3202 1295 miseriis.
3266 1222 3269 1225 Ι

2375 1343 2617 1397 Censen
2653 1357 2790 1396 Ltsnt
2829 1342 2905 1395 De
2928 1322 3228 1394 excellentia
3248 1340 3488 1411 gloriosa:
3512 1338 3763 1410 Virginio.

2357 1439 2414 1494 In
2451 1441 2682 1494 editione
2720 1438 3168 1508 Nurembergen'si
3197 1453 3301 1493 non
3332 1446 3510 1493 exstat
3554 1438 3642 1492 hic
3672 1437 3850 1501 liber;

2292 1532 2344 1586 in
2371 1532 2491 1585 aliis
2520 1540 2722 1595 tamen,
2760 1531 2923 1585 etiam
2953 1530 3222 1591 Gothicis,
3253 1529 3448 1598 legitur
3481 1529 3624 1582 inter
3657 1528 3854 1582 sancti

2289 1620 2524 1673 Ansehui
2546 1615 2716 1689 Opera
2745 1635 2758 1671 :
2783 1619 2926 1673 hunc
2948 1632 3076 1670 vero
3094 1633 3159 1672 ex
3181 1633 3264 1671 ms
3284 1617 3442 1672 Bece.
3469 1617 3514 1670 Ε
3534 1617 3599 1669 10
3622 1616 3850 1670 Eadme—

2293 1725 2356 1764 ro
2382 1711 2738 1773 restituimus,
2773 1710 2923 1778 cujus
2952 1708 3089 1778 stylo
3120 1709 3453 1776 conscriptus
3480 1716 3582 1761 est.

633 1800 689 1846 α
716 1808 874 1862 quem
926 1792 1227 1846 individuus
1273 1790 1399 1858 ejus'
1432 1805 1610 1844 comes
1636 1790 1932 1842 Eadmerus
1985 1788 2037 1842 in
2073 1787 2193 1856 libri

2331 1800 2572 1853 Οειιειιιυι
2597 1814 2736 1852 unm
2767 1798 2844 1850 De
2871 1807 3092 1867 quatuor
3117 1797 3385 1850 virtutibus
3423 1799 3583 1856 beatae
3607 1795 3812 1849 Mariae.

625 1878 800 1936 ‘orma
829 1868 1136 1953 descripsit.

909 1970 1151 2023 CENSUIM
1181 1984 1321 2022 ιιωιι
1349 1968 1425 2021 De
1452 1968 1896 2021 similitudinibus.

692 2053 856 2114 Liber
877 2059 963 2112 hic
994 2059 1044 2111 in
1074 2074 1172 2112 ms.
1199 2059 1396 2111 Lirano
1427 2069 1480 2112 et
1507 2059 1557 2111 in
1588 2075 1686 2111 ms.
1721 2058 2192 2113 aulm'Pembroch.

626 2148 979 2201 inscribitur:
1013 2147 1088 2200 De
1118 2148 1347 2224 moribus
1387 2149 1659 2212 humanis;
1702 2149 1840 2201 inter
1870 2149 1927 2201 S.
1960 2149 2195 2203 Anselmi

549 2239 555 2242 ’
627 2253 789 2308 opera
819 2246 996 2292 exstat
1020 2239 1072 2291 in
1096 2239 1345 2292 omnibus
1370 2241 1584 2293 excusis
1613 2248 1668 2292 et
1701 2239 1753 2292 in
1805 2237 2042 2305 pluribus
2067 2256 2195 2292 mss.

629 2326 784 2384 Unde
821 2326 877 2382 S.
945 2327 1197 2389 Thomas,
1248 2327 1304 2380 S.
1353 2328 1572 2392 Bonam,
1616 2337 1833 2380 sanctus
1901 2329 2201 2381 Antoninus

631 2427 685 2471 et
712 2417 797 2470 alii
827 2418 1000 2485 ipsmn
1048 2411 1104 2470 Si.
1140 2417 1392 2470 Anselmo
1427 2418 1819 2484 atljudicavere.
1867 2417 2014 2470 Unus
2043 2416 2201 2469 Pater

626 2505 970 2575 Theophylus
1003 2506 1053 2558 id
1071 2520 1203 2575 opus
1231 2497 1371 2559 inler
1404 2508 1565 2558 notha
1595 2505 1900 2567 recensuit;
1939 2519 2038 2556 nec
2062 2503 2199 2568 inju-

627 2592 730 2647 ria.
762 2591 913 2645 llunc
938 2593 1077 2645 enim
1108 2592 1302 2644 librum
1328 2593 1393 2645 ab
1422 2592 1674 2645 Anselmo
1702 2608 1804 2644 nou
1839 2605 1958 2644 esse
1983 2606 2201 2658 compo-

630 2680 794 2735 situm
818 2680 1173 2744 convincitur,
1215 2679 1264 2731 l.
1313 2695 1376 2732 ex
1429 2688 1630 2747 septem
1669 2678 1912 2746 capitulis
1944 2678 2198 2740 186-192,

633 2784 754 2839 qua:
789 2770 840 2823 in
872 2778 1026 2823 antea
1056 2769 1216 2822 editis
1252 2775 1521 2838 postrema
1560 2777 1715 2830 sunt;
1751 2768 1841 2820 sed
1871 2768 1949 2820 eis
1982 2783 2104 2820 cum
2133 2783 2200 2821 ex

634 2875 740 2914 ms.
774 2859 831 2912 S.
869 2848 1122 2912 Germani
1149 2869 1257 2910 tum
1282 2873 1346 2912 ex
1385 2874 1485 2912 ms.
1528 2857 1803 2918 Beccens't,
1838 2857 1941 2910 duo
1983 2855 2203 2924 subjun-

631 2950 952 3016 simusque:
979 2948 1032 3001 in
1071 2949 1341 3016 prioribus
1369 2949 1580 3001 excusis
1621 2963 1722 3001 non
1765 2947 2094 3015 legebantur.
2145 2947 2201 2999 in

2361 1888 2512 1941 llunc
2552 1888 2743 1940 librum
2768 1887 2928 1940 Pater
2968 1887 3294 1955 llayuaudus
3342 1886 3546 1955 primus
3590 1882 3759 1939 edidit
3799 1891 3854 1938 et

2293 1976 2355 2031 S.
2373 1975 2979 2042 Aoselmoadjudicavit.
2994 1973 3430 2048 Quandoquidem
3458 1986 3586 2027 vero
3613 1974 3664 2026 in
3694 1972 3855 2030 nullis

2293 2079 2426 2118 mss.
2454 2073 2545 2116 aut
2574 2073 2726 2116 antea
2755 2062 2914 2116 editis
2949 2061 3121 2115 sancti
3149 2060 3386 2114 Auselmi
3413 2061 3664 2127 operibus
3698 2060 3846 2113 illum

2294 2155 2670 2222 compcrerim,
2702 2153 2754 2206 in
2786 2167 2851 2205 eo
2886 2159 3063 2204 tamen
3107 2151 3278 2203 sancti
3309 2149 3543 2203 Anselmi
3575 2150 3851 2203 sententia:

2295 2242 2787 2312 deprehendantur,
2822 2239 3056 2293 maxime
3089 2239 3179 2292 ubi
3219 2240 3284 2292 de
3324 2237 3413 2290 Dei
3445 2238 3686 2306 potentia
3717 2238 3846 2305 agit,

2295 2333 2431 2386 adeo
2454 2341 2516 2384 et!
2539 2330 2718 2384 verbis
2739 2320 2802 2382 et'
2822 2343 2979 2381 sensu
3010 2327 3154 2381 libro
3171 2326 3490 2396 prteeedenti
3523 2325 3693 2379 alliuis
3721 2325 3849 2378 mihi

2295 2423 2445 2474 visus
2467 2429 2574 2482 est,
2597 2428 2655 2472 ut
2682 2429 2735 2472 et
2759 2418 3028 2478 Eadmeri,
3063 2417 3150 2484 qui
3175 2415 3237 2468 S.
3267 2414 3502 2469 Ansehui
3531 2414 3738 2483 placitis
3763 2415 3854 2466 tir-

2297 2512 2458 2564 mitcr
2487 2518 2901 2577 constanterque
2930 2506 3174 2571 adlimsit,
3203 2514 3413 2573 partum
3444 2519 3561 2558 esse
3591 2519 3694 2556 non
3724 2504 3852 2556 levi-

2300 2609 2381 2653 ter
2406 2599 2690 2664 conjiciam
2720 2616 2732 2649 :
2773 2597 2940 2664 ipsius
2969 2605 3146 2648 tamen
3187 2609 3377 2646 nomen
3412 2593 3537 2646 huic
3561 2592 3712 2658 operi
3751 2592 3854 2645 hac

2299 2704 2405 2743 una
2440 2690 2645 2741 ratione
2681 2688 2952 2755 praeﬁgere
2983 2701 3087 2739 non
3119 2701 3278 2738 ausus
3306 2699 3445 2737 sum.

2369 2775 2424 2828 In
2460 2789 2590 2828 mss.
2624 2774 2750 2826 bibl.
2773 2773 3023 2826 Alnensis
3043 2780 3217 2825 exstat
3239 2780 3495 2825 tractatus
3523 2770 3811 2837 inscriptus
3834 2787 3854 2821 τ

2300 2864 2575 2917 Anselmus
2615 2863 2680 2916 de
2720 2862 2915 2931 duplici
2954 2861 3110 2916 stola.
3161 2860 3215 2913 lu
3251 2875 3332 2913 ms
3358 2860 3422 2914 ϐ.
3446 2860 3494 2912 ‘6
3521 2859 3856 2913 bibliotheca:

2300 2953 2598 3006 Bodleianze
2625 2945 2765 3005 inter
2791 2950 2960 3004 sancti
2993 2949 3231 3003 Anselmi
3257 2948 3428 3016 Opera
3457 2948 3688 3000 occurrit
3721 2948 3857 3000 liber

631 3038 702 3092 iis
726 3046 903 3090 autem
931 3043 1130 3103 septem
1172 3035 1423 3103 capimus
1465 3043 1653 3088 mmo"
1683 3035 1746 3087 de
1769 3032 1826 3086 ελ·
1854 3032 2104 3086 Αηδειηὶο
2127 3033 2205 3084 Ιο-
2306 3043 2378 3095 De
2407 3043 2540 3096 stola
2569 3042 2766 3107 duplici
2787 3051 2899 3108 post
2931 3041 3374 3092 resurrectionem.
3405 3036 3570 3104 llujus
3599 3038 3774 3104 operis
3800 3047 3856 3090 ιιι

629 3127 844 3196 quitur;
877 3125 1018 3179 unde
1050 3125 1352 3179 necessario
1391 3125 1741 3191 consequitur
1765 3139 1886 3175 eum
1930 3139 1957 3174 a
2008 3122 2064 3175 5.
2097 3123 2204 3174 Au-
2231 3125 2271 3180 C
2306 3132 2518 3201 aliquod
2554 3131 2804 3183 baberent
2831 3127 3130 3194 exemplar,
3156 3128 3205 3179 in
3236 3142 3318 3179 me
3349 3142 3451 3179 non
3485 3127 3614 3187 fuit;
3642 3125 3731 3178 sed
3759 3138 3858 3176 nee

632 3214 801 3270 selmo
824 3214 987 3266 alium.
1025 3210 1168 3266 esse.
1196 3211 1305 3265 Nec
1345 3214 1465 3280 quis
1496 3227 1558 3265 ea
1599 3211 1736 3263 dicat
1774 3210 1978 3278 adjecta
2012 3210 2196 3273 fuisse,

634 3300 775 3354 sicut
817 3314 1001 3352 revera
1041 3300 1091 3352 in
1143 3300 1377 3353 editione
1405 3299 1755 3368 Nuremherg.
1782 3314 1886 3352 non
1912 3300 2198 3362 habentur,

635 3391 689 3460 in
720 3389 970 3444 omnibus
1011 3390 1152 3443 enim
1187 3405 1315 3442 mss.
1354 3404 1414 3441 ea
1443 3390 1712 3459 leguntur,
1746 3399 1800 3442 et
1849 3405 2008 3441 unum
2063 3391 2200 3456 ipso~

636 3493 754 3532 rum
783 3481 882 3533 sub
906 3479 1141 3533 Anselmi
1171 3483 1334 3532 etiam
1361 3480 1575 3531 nomine
1598 3494 1624 3530 a
1666 3478 1724 3531 5.
1756 3478 1953 3531 Bonav.
1980 3479 2197 3530 citatur.

707 3567 841 3623 Hinc
865 3580 1042 3623 autem
1073 3586 1224 3621 error
1248 3579 1403 3622 natus
1428 3579 1508 3621 est
1539 3572 1680 3636 quod
1704 3570 1838 3623 liber
1862 3571 1958 3622 iste
1987 3585 2201 3637 compo-

637 3662 774 3714 situs
811 3661 881 3714 sit
933 3676 998 3711 ex
1051 3659 1491 3712 similitudinibus
1536 3676 1668 3727 quas
1721 3660 1780 3711 5.
1832 3660 2113 3711 Auscbnus
2137 3659 2199 3708 ad

640 3765 821 3803 mores
873 3747 1028 3800 facile
1077 3749 1474 3814 componendus
1510 3748 1764 3800 adbibere
1813 3756 2199 3799 consueverat:

637 3842 780 3895 unde
833 3840 969 3892 liber
1015 3838 1435 3892 Similitudiuum
1486 3839 1720 3890 Anselmi
1776 3848 1920 3891 recte
1968 3839 2068 3891 dici
2112 3853 2202 3902 p0-

637 3930 756 3990 tttit,
816 3927 897 3981 vel
952 3928 1166 3981 inscribi
1223 3926 1279 3980 S.
1329 3927 1556 3979 Ansclmi
1592 3926 1990 3979 Similitudines.
2036 3926 2201 3989 Quam

640 4019 902 4085 plurimas
941 4020 1081 4071 enim
1109 4032 1173 4070 ex
1223 4019 1285 4071 iis
1315 4020 1509 4085 quibus
1551 4017 1607 4071 5.
1636 4019 1918 4070 Anselmus
1947 4033 2072 4068 usus
2100 4026 2203 4076 est,

640 4111 939 4164 liadntcrus
971 4109 1170 4175 profert
1201 4110 1252 4160 in
1281 4109 1315 4159 l.
1351 4110 1423 4160 De
1452 4108 1567 4173 ejus
1597 4109 1711 4160 Vita
1743 4124 1755 4158 :
1799 4122 1985 4173 nempe
2018 4105 2204 4157 simili—

650 4201 890 4252 tudinem
930 4198 1156 4258 Ursarii,
1205 4197 1306 4250 col.
1356 4197 1422 4250 58
1449 4216 1460 4258 ;
1488 4196 1763 4258 Cet'ze,59;
1825 4195 2042 4257 Plantae,
2094 4193 2203 4256 6'7;

647 4286 986 4348 Vivariiﬂﬁ;
1015 4285 1262 4349 Bubonis,
1283 4285 1378 4348 83;
1400 4285 1702 4346 Molendini,
1722 4283 1817 4343 85;
1850 4281 2088 4349 Leporis,
2107 4281 2203 4343 9|;

654 4377 919 4443 Avicula,
957 4377 1088 4437 92.;
1160 4374 1340 4428 Militis
1395 4375 1661 4435 solidarii,
1734 4373 1832 4423 col.
1904 4373 2014 4435 Οἱς
2077 4387 2207 4437 quas

2300 3224 2367 3274 ab
2397 3221 2647 3274 Auseltno
2680 3217 3052 3273 Cantuaricnsi
3092 3216 3217 3269 illud
3247 3215 3603 3282 compositum
3637 3227 3853 3276 censeo,

2300 3310 2451 3378 cujus
2478 3309 2770 3362 Eadmerns
2791 3313 2884 3359 aut
2905 3305 3040 3358 alius
3068 3305 3189 3372 quis
3217 3320 3318 3357 non
3351 3303 3612 3356 meminit.

2374 3400 2446 3452 De
2472 3399 2788 3451 Antichristo
2811 3398 2940 3449 librr
2963 3411 3094 3449 unus
3122 3395 3374 3448 Anselmo
3399 3394 3652 3446 tribuitur
3672 3392 3724 3444 in
3752 3404 3850 3442 ms.

2301 3490 2401 3542 122
2439 3499 2493 3540 et
2525 3489 2623 3542 134
2653 3487 2782 3541 bibl.
2829 3486 2950 3540 coll.
2987 3486 3044 3538 5.
3090 3484 3288 3537 Betted.
3318 3482 3682 3550 Cantabrigae;
3722 3479 3860 3533 etin

2303 3595 2402 3631 ms.
2425 3579 2527 3629 9.05
2553 3577 2685 3628 aulae
2709 3574 3021 3628 Pembrocb.
3044 3574 3190 3626 llunc
3213 3574 3402 3626 librum
3426 3570 3651 3638 conjicio
3669 3583 3858 3623 excer-

2299 3676 2449 3734 ptum
2495 3681 2558 3718 ex
2594 3682 2641 3718 c.
2690 3666 2758 3716 50
2793 3673 2846 3718 et
2893 3679 3008 3732 seq.
3057 3663 3372 3726 Elucidarii,
3417 3662 3559 3730 quod
3601 3659 3859 3714 Anseltno

2303 3753 2612 3814 ascribitur,
2643 3752 2740 3804 etsi
2771 3750 2922 3803 falso.

2377 3836 2592 3889 Librum
2622 3836 2782 3886 etiam
2814 3835 2884 3885 Dc
2907 3836 3038 3885 bona
3063 3835 3393 3900 occupatione
3413 3833 3665 3889 Anselmo
3689 3835 3858 3886 ascri-

2308 3928 2438 3978 bunt
2462 3938 2563 3976 ms.
2601 3923 2702 3976 154
2739 3925 2944 3991 ρι’τιξῐςιιί
2981 3923 3186 3992 collegii
3221 3924 3276 3976 S.
3304 3923 3504 3976 Beued.
3539 3931 3592 3977 et
3621 3938 3720 3975 ms.
3755 3922 3845 3974 16.

2305 4013 2436 4066 bibl.
2473 4012 2682 4081 collegii
2715 4012 3005 4079 Magdalen.
3042 4010 3379 4065 Oxoniensis.

2378 4103 2450 4156 De
2481 4103 2674 4169 quibus
2702 4116 2827 4154 vero
2856 4101 2940 4153 hic
2975 4101 3108 4152 liber
3139 4107 3262 4168 agat
3307 4099 3509 4152 rescire
3549 4113 3650 4150 non
3684 4097 3854 4163 potui.

2306 4191 2480 4259 Ipsum
2510 4190 2755 4257 denique,
2786 4198 2841 4240 ut
2860 4199 2912 4242 et
2934 4187 3064 4242 alios
3086 4188 3173 4255 qui
3201 4186 3434 4239 Auselmi
3460 4200 3647 4236 nomen
3669 4183 3857 4251 pra-Fe—

2308 4289 2452 4343 runt,
2480 4279 2617 4332 fctus
2652 4287 2797 4331 tanto
2826 4275 2969 4328 Patri
2999 4276 3298 4342 suppositos
3317 4272 3515 4342 judico,
3541 4270 3732 4335 quibus
3772 4283 3857 4322 re-

2307 4370 2591 4424 censendis
2620 4383 2721 4419 non
2748 4379 2958 4434 aequum
2987 4371 3070 4416 est
3095 4361 3292 4415 diutius
3316 4356 3615 4412 immorari.
3732 4360 3739 4366 '
