4174 6254
279 344 357 405 ιο
1280 330 1435 385 \‘lTA
1464 323 1786 383 AUCTORE
1815 322 1842 375 Ε

1920 317 2158 393 sumo.
2189 294 2269 356 -“
2295 314 2421 368 un.
2453 270 2505 366 ιΪ
2633 342 2648 360 .
3412 298 3484 355 so

1026 792 1029 795 λ
1256 765 1793 865 AUCTORE
1864 753 2429 851 EADMERO

536 941 1043 1005 CAN‘I'UARIENSI
1081 938 1424 1001 NONACHO.
1461 926 1706 994 SANCTI
1738 930 2034 987 ANSELMI
2061 922 2413 984 DlSClPULO
2453 921 2538 978 ET
2577 918 2831 977 COIITE
2857 915 3221 973 lNDlYlDUO.

1508 1147 2166 1244 PROLOGUS.

350 1310 613 1379 Quoniam
638 1308 832 1365 multas
858 1316 914 1363 et
953 1272 1349 1360 antecesserunt
1374 1309 1677 1356 uestrorum
1706 1306 1840 1350 tem-
1866 1299 1911 1355 Α
1936 1305 2091 1364 prece
2125 1288 2416 1359 perducere
2446 1293 2531 1353 uti,
2571 1286 2710 1339 sicut
2746 1282 3102 1351 descriptione
3130 1290 3378 1337 notarum
3407 1297 3492 1338 re.
3570 1284 3573 1287 ‘

288 1404 500 1475 poribus
562 1398 807 1455 insolitas
867 1412 1043 1451 rerum
1100 1392 1422 1449 mutationes
1476 1387 1671 1444 nostris
1722 1387 1837 1441 die-

285 1501 378 1556 bus
418 1482 475 1551 in
517 1488 707 1565 Anglia
737 1491 996 1547 accidisse
1036 1497 1092 1544 et
1127 1485 1387 1542 coaluisse
1421 1481 1796 1552 conspeximus
1820 1518 1839 1544 ,

284 1603 347 1645 ne
385 1585 718 1641 mutationes
754 1582 884 1651 ipsa:
925 1589 1258 1650 posterorum
1305 1574 1580 1630 scientiam
1627 1572 1839 1642 penitus

280 1664 549 1744 laterent,
584 1675 826 1746 quedam
861 1688 928 1728 ex
970 1671 1071 1727 illis
1115 1670 1386 1725 succincte
1428 1674 1677 1735 excerpta
1717 1662 1837 1735 [at.,

282 1763 561 1837 excepta],
594 1766 895 1818 litterarum
923 1759 1191 1814 memoriae
1217 1757 1546 1811 tradidimus.
1574 1754 1677 1808 Sed
1703 1767 1837 1821 quo-

288 1854 420 1909 niam
450 1856 589 1923 opus
613 1852 786 1920 ipsum
811 1850 863 1903 in
891 1849 993 1905 hoc
1012 1848 1242 1901 maxime
1266 1851 1527 1906 versatur,
1556 1849 1609 1896 ut
1632 1857 1692 1895 ea
1722 1854 1842 1908 qua:

287 1942 416 1997 Inter
446 1954 606 2009 reges
643 1937 929 2006 Anglorum
960 1946 1014 1989 ct
1041 1932 1346 1990 Anselmum
1382 1924 1836 2009 archiepiscopum

283 2004 630 2085 Cautum-ium
657 2004 797 2079 facta
824 2033 971 2088 sunt,
997 2025 1307 2078 inconcussa
1333 2021 1557 2074 veritate
1577 2004 1835 2087 designet,

282 2108 513 2192 uaeque
541 2115 790 2170 omnibus
820 2128 1004 2184 puram
1033 2111 1240 2165 illorum
1267 2110 1541 2165 historiam
1580 2108 1718 2161 scire
1748 2121 1838 2160 vo-

291 2204 523 2262 tcntibus
559 2200 685 2259 tunc
714 2202 965 2272 temporis
998 2202 1331 2255 innotescere
1362 2202 1676 2273 potuerunt,
1715 2195 1839 2265 licet

290 2292 704 2365 lnculto.’plano
732 2276 909 2349 tam‘en
952 2307 1195 2348 sermone
1232 2284 1523 2346 describat.
1552 2289 1660 2343 Nec
1704 2289 1838 2342 adeo

289 2386 576 2456 quidquam
602 2385 651 2439 in
672 2399 732 2441 se
755 2385 1053 2446 contineat,
1079 2381 1219 2451 quod
1242 2380 1307 2435 ad
1333 2380 1592 2448 privatam
1616 2392 1838 2432 conver-

295 2475 573 2536 sationem.
602 2473 682 2530 vel
710 2466 776 2527 ad
808 2486 1013 2531 morum
1046 2471 1211 2540 ipsius
1238 2469 1472 2523 Anselmi
1502 2468 1836 2536 qualitatem,

294 2570 384 2616 aut
402 2562 466 2615 ad
489 2560 864 2616 miraculorum
884 2558 1262 2614 exhibitionem
1285 2556 1552 2625 pertinere
1571 2554 1833 2616 videatur,

1940 1399 2055 1439 rum
2085 1382 2334 1450 posteris,
2363 1379 2435 1432 ita
2466 1375 2832 1445 designatione
2860 1374 3157 1445 ignotarum
3188 1382 3487 1444 satagetem

1938 1471 2059 1545 [αιη.
2091 1465 2478 1539 satageremus}
2510 1475 2615 1531 tam
2644 1465 2837 1534 futuris
2860 1479 3019 1534 quam
3053 1473 3106 1520 et
3138 1463 3492 1533 prtesetttibus

1906 1612 1912 1617 .
1936 1563 2148 1634 aliquod
2175 1561 2328 1619 cilicii
2366 1560 2469 1619 mei
2499 1573 2702 1613 munus.
2727 1557 3051 1628 impendere.
3082 1555 3226 1622 Quos
3254 1570 3321 1610 eo
3346 1554 3490 1623 quod

1936 1654 2207 1710 offendere
2231 1664 2569 1718 summopere
2595 1647 2848 1702 cavebant
2865 1686 2881 1711 ,
2910 1647 3030 1701 dedi
3058 1661 3276 1716 operam
3303 1645 3491 1713 volun-

1940 1746 2033 1800 tati
2071 1757 2255 1800 eorum
2295 1756 2392 1811 pro
2438 1754 2594 1810 posse
2637 1753 2838 1792 morem
2885 1750 3091 1807 gerere.
3141 1735 3286 1805 Opus
3330 1735 3491 1805 igitur

1938 1838 2109 1908 ipsum
2159 1834 2366 1903 devita
2406 1841 2462 1885 et
2501 1827 2904 1884 conversatione
2947 1824 3183 1880 Anselmi
3219 1823 3486 1893 archiepi-

1937 1925 2081 1994 scopi
2102 1920 2501 1979 Cantuariensis
2520 1918 2806 1981 titulatum,
2833 1915 3027 1976 taliter,
3053 1915 3161 1969 Deo
3180 1912 3487 1980 adjuvante,

1937 2013 2118 2072 Curavi
2144 2013 2459 2081 disponere,
2489 2018 2545 2061 ut
2575 2006 2819 2076 quamvis
2844 2004 2984 2058 aliud
3018 2000 3151 2071 opus
3178 2002 3318 2070 quod
3344 2017 3486 2071 pned

1937 2102 2263 2171 signavimus
2290 2115 2355 2153 ex
2387 2094 2573 2164 majori
2609 2102 2759 2163 parte
2785 2093 2851 2146 de
2879 2091 3117 2158 ejusdem
3140 2089 3239 2144 viri
3263 2103 3489 2142 conver.

1935 2192 2140 2246 satione
2174 2188 2458 2250 subsistat;
2493 2187 2563 2238 ita
2596 2193 2770 2238 tamen
2804 2182 2857 2235 in
2881 2196 2978 2235 sua
3013 2180 3233 2234 materia
3265 2178 3490 2248 integra

1936 2281 2259 2337 narrationis
2289 2277 2512 2331 formam
2547 2274 2873 2344 prmtendat,
2913 2282 2970 2327 ut
3005 2288 3103 2328 nec
3130 2271 3258 2325 illud
3290 2269 3447 2325 istius
3467 2309 3486 2334 .

1936 2386 2035 2427 nec
2065 2371 2203 2425 istud
2241 2368 2379 2423 illitis
2420 2381 2522 2437 pro.
2566 2375 2762 2439 mutua.
2790 2364 2873 2417 sui
2919 2362 3220 2432 cognitione
3263 2359 3486 2414 multum

1935 2461 2177 2517 videatur
2206 2460 2461 2528 indigere.
2492 2455 2653 2510 Plenc
2681 2465 2854 2508 tamen
2893 2463 3043 2507 actus
3075 2451 3192 2522 ejus
3230 2450 3370 2504 seire
3398 2464 3491 2502 vo-

1936 2550 2196 2611 lentibus,
2224 2545 2474 2603 nec-illud
2505 2545 2621 2599 sine
2648 2543 2781 2607 isto,
2808 2557 2907 2596 nec
2934 2541 3075 2597 istud
3114 2540 3233 2595 sine
3257 2538 3348 2593 illo
3376 2534 3488 2593 suf-

289 2650 486 2736 plaeuit
511 2648 828 2721 quibusdam
862 2645 1210 2701 familiaribus
1239 2645 1373 2701 meis
1400 2657 1486 2698 me
1516 2643 1582 2697 ad
1611 2643 1713 2698 hoc
1739 2656 1832 2696 sua
1866 2657 1909 2712 Β
1935 2639 2094 2694 licere
2117 2638 2215 2711 [αι.
2242 2635 2417 2707 οηιίι.]
2452 2649 2606 2705 posse
2640 2632 2947 2702 pronuntio.

1367 2790 1723 2877 L’IBER
1792 2766 2301 2875 PRIMUS-

1142 2928 1143 2931 ‘
1189 2935 1370 2991 ACTA
1426 2936 1485 2991 s.
1522 2933 1819 2990 ANSELut
1856 2932 2040 2988 ANTE
2080 2927 2575 2986 EPISCOPATUM.
2620 2887 2626 2894 ’

788 3025 1016 3085 CAPUT
1050 3025 1333 3083 PRIMUM.

285 3140 593 3196 $.Auselmi
620 3148 782 3199 ortus.
812 3139 1005 3205 studio.
1033 3140 1286 3193 discessus
1312 3140 1365 3193 in
1388 3138 1613 3205 Gallias,
1642 3138 1836 3194 delibe-

592 3209 725 3261 ratio
754 3210 816 3260 de
842 3202 977 3283 "aut
1015 3210 1130 3261 vita:
1165 3207 1535 3275 amplectenda.

350 3300 402 3354 ί.
444 3298 700 3352 lnstituta
730 3298 849 3351 vita:
881 3307 937 3374 et
972 3288 1390 3352 conversationis
1430 3298 1664 3352 Anseltui
1698 3298 1841 3352 Can-

290 3386 584 3441 tuariensis
618 3386 991 3455 archiepiscopi
1036 3386 1330 3440 litterarum
1370 3386 1640 3441 memoria:
1675 3387 1841 3439 tradi-

288 3485 477 3539 turus,
532 3475 706 3543 primo
748 3475 977 3528 omnium
1023 3482 1206 3529 vocata
1256 3475 1308 3529 in
1357 3475 1609 3529 auxilium
1661 3491 1836 3530 meum

283 3581 498 3621 summa
536 3564 633 3619 Dei
669 3562 941 3618 clementia
974 3572 1029 3619 et
1062 3565 1365 3633 majestate,
1407 3565 1648 3633 quiedam
1694 3564 1837 3617 brevi

283 3656 456 3709 dicam
500 3653 570 3706 de
610 3661 729 3706 ortu
766 3661 822 3707 et
860 3652 1098 3707 moribus
1124 3661 1398 3721 parentum
1436 3650 1549 3719 ejus
1573 3690 1588 3715 ,
1624 3663 1681 3705 ut
1717 3651 1840 3707 hinc

286 3744 459 3796 lector
486 3730 736 3795 advertat
759 3741 824 3795 de
852 3756 957 3810 qua
990 3743 1167 3794 radice
1193 3722 1448 3809 prodierit
1481 3743 1621 3809 quod
1648 3742 1700 3794 in
1729 3750 1841 3795 stu-

253 3831 257 3835 ’
284 3833 395 3886 diis
428 3816 713 3887 nasciturte
742 3831 903 3900 prolis
931 3832 1260 3899 postmodum
1284 3830 1465 3884 Huisit.
1501 3830 1658 3884 Pater
1681 3832 1842 3899 igitur

281 3920 403 3989 eius
449 3919 841 3987 Gundulphus,
891 3929 1061 3972 mater
1103 3918 1481 3988 Ermemberga
1532 3921 1837 3973 vocabatur.

287 4008 518 4076 Utrique
540 4008 693 4076 juxta
717 4006 895 4061 saeculi
918 4006 1226 4075 dignitatem
1255 4006 1501 4061 nobiliter
1525 4009 1661 4071 nati,
1692 4009 1842 4061 nobi-

285 4096 406 4151 liter
448 4105 579 4151 sunt
624 4096 677 4150 in
724 4095 798 4166 (i)
832 4096 1067 4164 Augusta
1108 4096 1322 4150 civitate
1361 4098 1676 4150 conversati.
1715 4098 1841 4165 Quae

280 4186 474 4239 civitas
494 4184 734 4238 conﬁnis
755 4184 1072 4252 Burgundia:
1097 4191 1150 4238 et
1176 4182 1572 4251 Langobardirc,
1603 4186 1842 4239 Ermem-

1930 3023 2097 3078 etiam
2128 3022 2377 3091 prodigus
2404 3029 2563 3090 atque
2588 3026 2822 3073 vastator
2845 3032 2874 3071 a
2907 3012 3172 3071 nonnullis
3196 3014 3490 3069 aestimare-

1939 3121 2047 3168 tttr.
2076 3110 2453 3178 Ermemberga
2477 3123 2605 3162 vero
2631 3108 2786 3161 bonis
2807 3106 2996 3161 studiis
3014 3103 3272 3168 serviens,
3299 3102 3491 3156 domus

1936 3220 2121 3260 curam
2153 3204 2286 3258 bene
2318 3218 2529 3273 gerens,
2557 3216 2653 3255 sua
2680 3215 2801 3254 cum
2826 3196 3150 3252 discretione
3177 3194 3493 3263 dispensans

1935 3303 2095 3363 atque
2130 3308 2486 3356 conservans,
2519 3293 2668 3345 bona:
2712 3285 3129 3343 matrisl‘atuilias
3164 3283 3336 3363 cilicio
3367 3282 3492 3336 luu-
3556 3294 3557 3299 ‘

1936 3360 2177 3452 gebatur.
2214 3382 2387 3437 Mores
2424 3388 2576 3436 erant
2606 3378 2761 3448 probi
2786 3386 2840 3432 et
2869 3360 3393 3446 irrepreheusibiies,
3426 3387 3491 3426 ac

1929 3474 2083 3543 juxta
2121 3484 2320 3530 rectam
2351 3474 2829 3529 considerationem
2872 3469 3339 3526 rationesubuiai.
3368 3468 3491 3523 llaec

1939 3564 2036 3618 fuit
2064 3564 2173 3619 vita
2205 3564 2349 3635 ejus,
2395 3565 2444 3617 in
2475 3564 2573 3618 hac
2607 3563 2731 3616 dum
2760 3562 2895 3615 vixit
2928 3562 3256 3629 permansit,
3294 3560 3345 3613 in
3390 3560 3493 3621 hac

1937 3655 2093 3708 linem
2124 3656 2245 3706 vita:
2270 3653 2445 3706 sortiri
2477 3644 2787 3721 promeruit.
2814 3649 3164 3718 Guudulphus
3192 3662 3318 3703 vero
3346 3648 3491 3703 circa

1937 3745 2077 3798 diem
2114 3744 2289 3797 obitus
2334 3739 2467 3809 sui,
2492 3752 2672 3810 spreto
2709 3740 2903 3796 saeculo
2943 3741 3236 3795 monachus
3279 3738 3449 3793 factus
3473 3778 3490 3805 ,

1937 3833 2228 3885 monachus
2254 3830 2532 3884 defunctus
2561 3839 2661 3882 est.

2004 3920 2058 3974 2.
2098 3922 2170 3974 At
2202 3920 2484 3974 Ausehnus
2512 3920 2651 3974 ﬁlius
2678 3921 2866 3980 horum
2886 3958 2905 3984 ,
2934 3907 3057 3975 cum
3084 3934 3215 3989 puer
3240 3917 3492 3988 parvulus

1938 4019 2117 4076 esset,
2152 4012 2405 4063 maternis
2429 4050 2444 4075 ,
2474 4020 2631 4078 prout
2662 4020 2793 4065 tetas
2833 4025 2926 4064 sua
2963 4010 3286 4079 patiebatur,
3327 4008 3490 4063 collo-

1937 4100 2076 4168 quiis
2114 4100 2336 4153 libenter
2369 4101 2603 4167 animum
2638 4100 2961 4155 intendebat.
2999 4101 3065 4154 Et
3103 4102 3282 4153 audito
3322 4117 3490 4157 unum

1939 4186 2103 4240 Deum
2136 4196 2344 4241 sursum
2366 4188 2423 4241 in
2453 4188 2588 4243 cado
2613 4202 2751 4252 esse,
2782 4189 2959 4242 omnia
2990 4197 3283 4257 regentem.
3310 4190 3491 4243 omnia

286 4267 499 4338 bergam
542 4271 597 4323 in
633 4285 693 4324 se
731 4271 922 4335 edidit;
963 4270 1334 4338 Gundulphum
1375 4272 1426 4325 in
1470 4272 1834 4341 Langobardia
1864 4284 1909 4344 ρ
1939 4276 2299 4330 continentem
2322 4316 2336 4338 ,
2371 4278 2668 4346 suspicatus
2709 4286 2789 4333 est
2823 4278 2899 4345 (2)
2924 4319 2937 4338 ,
2979 4287 3159 4346 utpote
3189 4292 3322 4346 puer
3353 4278 3496 4333 inter

296 4368 497 4421 natum,
539 4359 715 4413 civem
757 4360 837 4413 sui
872 4375 937 4414 ex
981 4361 1182 4414 advena
1216 4360 1360 4414 fecit.
1407 4361 1684 4427 Conjuncti
1714 4371 1834 4416 sntit
1942 4374 2148 4416 montes
2190 4364 2417 4421 nutritus
2442 4404 2456 4425 ,
2503 4365 2694 4419 caelum
2741 4366 3005 4419 montibus
3051 4365 3397 4427 incumbere,
3440 4365 3491 4420 in

297 4443 403 4515 lege
428 4448 727 4517 conjugali,
754 4450 910 4503 ambo
939 4450 1135 4502 divitiis
1170 4465 1271 4503 non
1298 4450 1578 4519 ignobiles,
1608 4452 1699 4504 sed
1726 4467 1839 4504 mo-
1938 4467 2042 4519 quo
2080 4462 2134 4505 et
2167 4455 2340 4505 aulam
2376 4452 2469 4507 Dei
2510 4469 2653 4516 esse,
2703 4470 2925 4523 eantque
2966 4470 3063 4523 per
3107 4464 3316 4508 montes
3357 4432 3493 4507 adiri

292 4536 434 4592 ribus
458 4555 522 4594 ex
555 4539 786 4607 quadam
821 4549 969 4608 parte
996 4541 1298 4596 dissimiles.
1326 4542 1671 4611 Guudmphus
1694 4544 1834 4596 enim
1936 4556 2110 4609 posse.
2143 4542 2378 4611 Cumque
2404 4543 2502 4597 hoc
2534 4545 2726 4613 saepius
2763 4545 2941 4598 animo
2973 4546 3227 4608 volneret,
3268 4544 3492 4613 contigit

284 4630 524 4682 maculari
571 4628 781 4682 deditus
811 4630 932 4683 vita:
951 4669 967 4695 ,
1011 4644 1115 4682 non
1152 4632 1283 4683 adeo
1313 4646 1495 4685 curam
1538 4632 1647 4683 suis
1682 4633 1837 4685 rebus
1940 4640 1994 4683 ut
2020 4632 2247 4697 quadam
2277 4642 2429 4686 nocte
2451 4649 2545 4701 per
2569 4634 2739 4687 visum
2772 4636 2973 4688 videret
2994 4650 3050 4688 se
3080 4636 3269 4688 deluere
3294 4635 3491 4687 montis

282 4721 622 4792 impendere,
653 4720 743 4773 sed
780 4720 955 4774 habita
981 4720 1288 4789 frequenter
1319 4722 1385 4773 ab
1416 4736 1471 4774 rc
1497 4721 1847 4785 distribuere,
1938 4734 2189 4773 cacumen
2237 4723 2562 4787 ascendere,
2604 4732 2658 4777 et
2696 4725 2761 4776 ad
2791 4724 2963 4776 auiam
3002 4724 3177 4791 magni
3215 4722 3351 4791 regis
3398 4720 3490 4775 Dei
3528 4724 3535 4751 “

284 4812 547 4869 intntttutn
577 4821 634 4898 ut
658 4825 761 4864 non
788 4812 939 4866 modo
963 4812 1139 4881 largus
1159 4821 1317 4881 atque
1338 4812 1627 4876 beneﬁcus,
1654 4828 1836 4866 verum
1938 4823 2244 4876 properare.
2307 4809 2500 4864 Verum
2560 4814 2868 4881 priusquam
2941 4822 3172 4866 montem
3237 4810 3492 4879 empisset

1482 4924 1885 4979 HENSCIIENH
1925 4927 2129 4983 NOTAE
2167 4930 2293 5000 (ἵ).

348 5040 426 5103 (Ι)
467 5039 569 5092 Est
592 5037 705 5089 haec
732 5051 837 5090 non
874 5037 1104 5103 Augusta
1133 5036 1499 5097 Taurinorum,
1534 5046 1593 5089 ut
1630 5039 1835 5090 intelle-

278 5108 422 5160 xisse
443 5106 695 5173 arguitur
723 5103 954 5157 Thouias
978 5104 1287 5173 Unionatus,
1313 5106 1404 5158 sed
1428 5107 1655 5171 Augusta
1689 5104 1833 5157 Prre-

278 5177 439 5233 toria.
474 5170 790 5240 tit—etropolis
817 5174 942 5225 olim
970 5170 1321 5225 Salassiorum
1350 5174 1484 5225 facta
1509 5170 1573 5227 ab
1597 5175 1833 5241 Augusto

278 5243 589 5306 conditore,
621 5243 779 5310 vulgo
822 5242 995 5304 Aoste,
1036 5258 1097 5293 ac
1134 5241 1352 5293 ducatus
1392 5253 1550 5309 caput
1597 5244 1694 5294 sub
1736 5245 1833 5295 ho-

279 5312 471 5364 dierno
502 5310 847 5363 Pedemontio
876 5325 890 5362 :
922 5311 1073 5361 limes
1102 5310 1261 5363 Italia:
1290 5311 1482 5362 dicitur
1514 5326 1541 5363 a
1574 5311 1752 5363 Solino
1782 5322 1835 5365 et

277 5379 523 5443 Capella.
581 5380 656 5431 uti
707 5380 791 5431 hic
834 5379 1148 5446 Bttrgttttdizc
1195 5388 1247 5429 et
1292 5378 1688 5445 Longoliarilizc.
1744 5381 1835 5433 Est

280 5457 463 5500 autem
508 5446 847 5514 episcopalis,
896 5448 944 5498 in
975 5446 1242 5515 provincia
1290 5448 1495 5512 Alpium
1527 5448 1828 5511 Graiarum,

276 5514 382 5569 sub
429 5517 711 5583 metropoli
741 5514 1160 5575 'l‘areutaSieusi;
1196 5516 1305 5567 lucc
1342 5532 1463 5566 vero
1492 5532 1592 5567 una
1631 5533 1692 5569 ex
1738 5533 1827 5571 sex

281 5583 676 5653 metropolibus
719 5583 1030 5653 Burgundiae
1072 5584 1205 5651 apud
1247 5583 1573 5651 Gervasium,
1598 5586 1829 5644 Tislmm.

1942 5042 2168 5094 rieusem
2213 5041 2264 5093 in
2312 5039 2664 5105 descriptione
2689 5035 2979 5091 Galliarum
3010 5034 3150 5105 edita
3196 5032 3488 5105 πρωὶ-Λη-

1940 5111 2119 5164 dream
2144 5110 2211 5162 du
2237 5110 2444 5162 Cltesne
2486 5100 2627 5159 torno
2664 5106 2679 5158 Ι
2711 5106 3030 5171 scriptorum
3056 5100 3299 5155 llistor’im
3325 5100 3488 5153 Frau-

1938 5194 2122 5231 cornm
2161 5195 2209 5245 p.
2243 5178 2331 5240 22,
2382 5185 2435 5229 et
2466 5177 2567 5229 hac
2605 5176 2809 5245 ratione
2843 5173 3001 5245 Italus
3046 5171 3483 5245 habetur-dosel-

1940 5262 2057 5299 lttllS
2089 5236 2226 5314 apud
2272 5236 2583 5299 Ortlericutn
2630 5242 2852 5294 Vitalem
2907 5239 3226 5314 l._Atv_llist.
3276 5236 3479 5290 Eccles.

1936 5318 2004 5371 ad
2030 5308 2300 5375 :tti.'l072,
2329 5316 2395 5366 ibi
2438 5325 2591 5365 natus
2620 5314 2759 5364 circa
2792 5326 2915 5362 ann.
2944 5308 3099 5361 1035.

2010 5385 2083 5452 (2)
2124 5374 2339 5439 Scilicet
2386 5385 2620 5451 Augusta
2664 5379 3009 5446 uudequaqtte
3052 5376 3316 5429 montibus
3360 5374 3476 5428 ciu—

1937 5464 2108 5589 guig‘.)
2134 5522 2262 5576 Acta
2293 5519 2391 5573 SS.
2423 5517 2687 5582 Boil-and,
2719 5514 2913 5583 Aprilis
2940 5524 2977 5567 ι.
3011 5513 3070 5578 ιι,
3107 5513 3191 5567 die
3211 5512 3298 5566 2i.
