4174 6252
643 229 706 287 δι

1614 274 1649 305 ,
1685 233 1743 287 s.
1776 231 2071 288 assessu
2111 229 2459 297 caurum.
2489 230 2798 288 ARCHIEP.

3793 233 3866 302 53

642 343 966 405 ascendere,
1007 339 1144 397 vidit
1171 340 1225 398 in
1258 340 1489 412 planitie‘
1504 356 1608 410 qua
1634 344 1890 412 pergebat
1919 344 1981 396 ad
2018 346 2201 412 pedem
2232 324 2279 403 Α³
2306 340 2439 394 chus
2476 340 2592 417 lleri
2623 347 2858 410 cuperet.
2895 340 3140 398 Studium
3179 358 3391 416 quoque
3428 344 3734 425 litterarum
3757 394 3772 419 ,
3812 354 3866 409 in

642 431 843 487 montis
877 431 1158 495 mulieres,
1191 446 1310 499 quas
1352 430 1492 500 regis
1519 442 1674 485 erant
1711 430 1918 486 ancilla:
1945 472 1961 496 ,
1996 442 2204 498 segetes

641 529 866 585 metere,
902 522 995 577 sed
1023 521 1123 575 boc
1150 519 1309 573 nimis
1338 519 1667 591 negligenter
1692 522 1953 575 faciebant
1983 529 2035 574 et
2064 521 2202 576 desi-

639 610 809 666 diose.
838 610 1072 676 Quarum
1097 621 1231 678 puer
1256 608 1517 663 desidiam
1546 611 1732 665 dolens
1757 624 1820 663 ac
1852 603 2199 680 redarguens,

637 702 915 772 proposuit
947 701 1128 754 animo
1156 714 1215 755 se
1238 701 1375 769 apud
1410 700 1682 755 dominum
1729 714 1904 769 regem
1938 701 2079 770 ipsas
2106 715 2200 756 ac-

639 799 969 846 cusaturum.
1004 789 1207 845 Dehinc
1231 788 1411 845 monte
1436 792 1769 856 transcenso,
1782 790 2196 859 -regiam‘aulam

636 881 800 934 subit.
829 879 1112 935 Dominum
1142 896 1259 936 cum
1286 880 1399 934 solo
1423 866 1521 935 suo
1544 880 1783 951 dapifero
1813 882 2033 937 invenit.
2063 883 2197 937 Nam

633 968 894 1024 familiam
918 984 1091 1036 suam,
1111 979 1169 1024 ut
1188 967 1289 1023 sibi
1312 968 1619 1035 videbatur;
1638 971 1887 1039 quoniam
1910 966 2199 1036 autumnus

634 1068 779 1125 erat,
804 1062 870 1116 ad
900 1060 1222 1139 colligendas
1252 1074 1455 1115 messes
1484 1060 1723 1117 miserat.
1758 1060 2067 1131 Ingrediens
2096 1064 2199 1119 ita-

632 1164 741 1219 que
759 1164 909 1220 puer,
936 1164 967 1204 a
993 1150 1210 1204 domino
1234 1151 1474 1205 vocatur.
1497 1149 1738 1215 Accedit,
1759 1160 1919 1221 atque
1942 1154 2009 1207 ad
2035 1156 2198 1223 pedes

538 1282 539 1285 η
631 1239 749 1309 eius
775 1241 946 1295 sedet.
974 1238 1340 1312 Interrogatur
1358 1236 1595 1309 jucunda
1619 1241 1934 1299 all'abilitate
1956 1244 2079 1314 quis
2101 1244 2193 1310 sit,

631 1329 717 1384 vel
746 1330 887 1384 unde
903 1330 1103 1399 quidve
1129 1331 1275 1385 velit.
1306 1330 1614 1400 Respondet
1637 1331 1724 1388 ille
1750 1334 1821 1391 ad
1849 1326 2192 1406 interrogata,

623 1417 777 1495 juxta
806 1420 947 1489 quod
978 1436 1090 1475 rem
1121 1414 1484 1476 esse'seieba't.
1515 1421 1666 1477 Tunc
1690 1423 1758 1477 ad
1790 1422 2070 1493 imperium
2101 1426 2195 1499 dos

626 1510 759 1567 nini
795 1513 953 1581 panis
994 1512 1043 1566 ei
1078 1513 1429 1568 nitidissimus
1471 1528 1569 1584 per
1608 1514 1908 1587 dapiferum
1948 1514 2191 1582 aﬂ'ertur,

628 1600 807 1683 eoque
827 1589 1007 1657 coram
1031 1603 1147 1670 ipso
1171 1603 1428 1659 reﬁcitur.
1454 1604 1608 1659 Mane
1630 1605 1793 1683 igitur
1812 1621 1931 1683 cum
1956 1605 2084 1675 quid
2108 1607 2191 1661 vi-

627 1676 771 1764 derit
795 1702 918 1749 ante
949 1693 1132 1749 oculos
1163 1695 1358 1749 mentis
1389 1676 1707 1761 reduceret,
1731 1678 1873 1751 sicut
1898 1712 2032 1767 puer
2058 1698 2190 1754 sim—

624 1779 746 1849 plex
789 1790 846 1836 et
886 1781 1143 1836 innocens
1177 1796 1234 1836 se
1276 1780 1631 1848 veraciterju
1677 1784 1814 1838 coelo
1845 1793 1898 1839 et
1940 1800 2005 1839 ex
2052 1800 2191 1855 pane
2246 1854 2251 1857 _

604 1868 837 1925 Domini
864 1866 1126 1925 refectum
1155 1868 1318 1923 fuisse
1338 1868 1609 1946 credebat,
1638 1870 1844 1941 hocque
1863 1886 2044 1928 eorum
2070 1874 2191 1927 aliis

624 1961 700 2017 ita
725 1976 847 2035 esse
874 1961 1087 2031 publice
1121 1962 1417 2017 asserebat.
1534 1985 1537 1988 ν
1756 1976 1790 2016 ’-

689 2052 747 2107 3.
786 2034 965 2108 Crevit
1005 2038 1300 2122 ergo'puer
1324 2034 1388 2106 ἐι
1432 2050 1501 2107 ab
1547 2053 1795 2108 omnibus
1844 2054 2196 2127 diligebatur.-

554 2150 555 2153 ‘
622 2137 800 2195 liores
823 2139 1020 2193 etenim
1047 2139 1196 2207 probi
1224 2140 1275 2194 in
1301 2153 1366 2194 eo
1389 2149 1574 2206 erant,
1599 2139 1690 2210 qui
1716 2156 2040 2212 magnopere
2062 2158 2185 2199 eum

623 2227 774 2298 diligi
803 2226 1088 2283 faciebant.
1125 2227 1380 2282 Traditur
1406 2226 1630 2296 litteris,
1658 2229 1844 2294 discit,
1866 2230 1926 2286 et
1952 2232 2004 2287 in
2033 2233 2183 2290 brevi

618 2317 909 2391 plurimum
950 2317 1177 2386 prolicit.
1213 2306 1451 2374 Necdum
1492 2320 1738 2391 attigerat
1779 2322 1953 2397 aetatis
1984 2338 2182 2378 annum

618 2405 863 2479 quintum
890 2408 1185 2473 decimum;
1222 2417 1276 2464 et
1297 2407 1409 2476 jam
1436 2410 1667 2479 qualiter
1686 2413 1983 2466 secundum
2015 2413 2184 2468 Deum

617 2498 785 2551 vitam
810 2494 1000 2549 melius
1027 2495 1306 2567 instituere
1335 2492 1759 2567 posset,.mente
1786 2500 2069 2567 tractabat,
2101 2500 2183 2555 id-

616 2599 724 2651 que
755 2583 1001 2652 concepit
1039 2584 1178 2654 apud
1209 2600 1300 2650 se,
1332 2586 1561 2640 'nihil‘in
1591 2586 1866 2642 hominum
1895 2602 2183 2643 conversa-

616 2676 766 2729 tione
821 2677 1204 2731 monachorum
1253 2676 1361 2730 vita
1404 2677 1754 2745 praestantius
1789 2670 1953 2733 esse.
2004 2677 2179 2745 Quam

614 2766 829 2834 assequi
850 2766 1087 2835 cupiens,
1117 2767 1262 2821 venit
1286 2767 1354 2821 ad
1376 2769 1657 2837 quemdam
1682 2768 1783 2824 sibi
1808 2775 1989 2825 notum
2013 2769 2181 2825 abba-

615 2863 745 2915 tem,
776 2869 975 2924 rogans
999 2854 1149 2910 illum
1176 2865 1235 2909 ut
1263 2871 1320 2930 se
1350 2858 1673 2912 monachum
1702 2856 1923 2914 faceret.
1952 2857 2056 2925 Sed
2083 2860 2204 2935 ab-.

613 2939 743 3004 bas,
759 2943 1028 3011 voluntate
1051 2943 1191 2998 illius
1213 2944 1412 3015 agnita,
1439 2947 1580 3015 quod
1606 2946 1819 3015 petebat
1838 2947 2005 3003 inscio
2024 2958 2175 3018 patre

589 3028 775 3090 illius.
808 3045 876 3087 ne
902 3030 1193 3088 offenderet
1220 3034 1456 3090 animum
1486 3033 1634 3102 ejus,
1674 3035 1853 3092 facere
1880 3039 2164 3094 recusavit.

613 3118 797 3193 Atille
831 3120 882 3173 in
913 3136 1010 3175 suo
1039 3123 1308 3191 preposlto
1335 3134 1585 3192 perstans
1607 3108 1782 3182 oravit
1810 3126 2003 3193 Deum,
2035 3144 2171 3199 qna-

614 3216 772 3272 teuus
806 3206 1064 3262 inﬁrmari
1110 3218 1426 3277 mereretur,
1457 3221 1517 3266 ut
1546 3212 1625 3267 vel
1660 3214 1741 3269 sic
1783 3215 1848 3269 ad
1893 3217 2168 3273 monachi~

522 3284 536 3301 ⁸
611 3311 733 3351 cum
761 3311 918 3367 quem
948 3297 1306 3365 desiderabat,
1341 3301 1583 3357 ordinem
1612 3302 1991 3373 susciperetur.
2032 3306 2166 3361 Mira

611 3387 725 3439 res!
756 3384 823 3440 Ut
851 3387 992 3441 enim
1021 3387 1161 3443 Deus
1178 3388 1476 3446 declararet
1499 3401 1756 3462 quantum
1782 3393 1944 3446 etiam
1974 3393 2023 3447 in
2050 3393 2168 3449 aliis

612 3467 681 3526 de
704 3490 814 3528 suae
840 3463 1052 3543 pietatis
1081 3478 1262 3534 auditu
1288 3479 1557 3536 conlidere
1584 3489 1783 3549 posset,
1814 3496 2003 3549 preces
2028 3482 2167 3538 illius

609 3556 912 3636 exaudivit,
941 3580 1004 3620 ac
1036 3566 1105 3620 illi
1134 3568 1377 3635 protinus
1402 3569 1630 3623 validam
1660 3572 1900 3640 corporis
1927 3572 2168 3627 debilitao

611 3641 715 3704 tem
751 3651 986 3707 immisit.
1025 3654 1237 3715 Acriter
1279 3655 1442 3726 igitur
1475 3656 1775 3713 infirmatus
1816 3659 1881 3712 ad
1917 3659 2164 3713 abbatem

608 3728 796 3813 mittit,
826 3751 1049 3796 mortem
1077 3758 1135 3797 se
1164 3745 1363 3800 timere
1375 3748 1716 3815 pronuntiat,
1747 3758 1867 3804 orat
1886 3759 1955 3803 ut
1983 3765 2167 3804 mona-

608 3826 741 3881 chus
762 3829 884 3882 fiat:
907 3830 1125 3899 praefato
1150 3833 1338 3888 timore
1356 3835 1727 3891 obstantenon
1751 3836 1810 3891 lit
1826 3838 1966 3906 quod
1987 3848 2168 3906 postu-

610 3918 793 3984 labat,
830 3929 884 3975 et
924 3923 1029 3977 hoc
1066 3924 1278 3993 quidem
1325 3934 1579 3994 quantum
1626 3928 1691 3981 ad
1722 3920 2021 3987 humanum
2048 3943 2189 3998 sper

606 4018 718 4065 ctat
743 4010 861 4084 [al.,
893 4020 1098 4069 tantum
1119 4015 1416 4087 spectabat]
1443 4031 1687 4073 examen.
1714 4017 1975 4075 Craterum
2003 4018 2161 4081 Deus,

605 4113 766 4167 quem
802 4100 975 4156 futura
1012 4118 1115 4157 non
1162 4101 1377 4169 fallunt,
1416 4120 1629 4159 servum
1664 4119 1819 4160 suum
1868 4104 2033 4173 ipsius
2062 4104 2163 4159 loci

607 4190 1014 4246 conversatione
1047 4192 1215 4247 noluit
1242 4194 1530 4261 implicari,
1559 4204 1841 4264 propterea
1865 4196 2005 4265 Quod
2033 4195 2165 4250 alios

606 4276 863 4343 quosdam
891 4276 942 4332 iu
974 4278 1091 4332 sinu
1124 4280 1503 4335 misericordia:
1528 4298 1638 4339 suae
1669 4284 1969 4338 reconditos
1998 4284 2162 4337 habe-
2192 4301 2236 4355 ι)

606 4365 725 4426 bat,
764 4380 896 4433 quos
938 4376 993 4420 ut
1026 4370 1359 4437 postmodum
1406 4371 1599 4428 claruit
1643 4373 1841 4442 magis,
1882 4384 1979 4440 per
2012 4371 2157 4447 illum

604 4455 670 4508 ad
702 4469 850 4510 suam
882 4457 1204 4512 voluntatem
1240 4462 1292 4515 in
1332 4473 1602 4530 posterum
1638 4463 1953 4531 disponebat
1994 4460 2161 4516 infor-

604 4544 761 4596 mari.
803 4543 925 4597 Post
954 4548 1066 4600 haec
1107 4550 1305 4603 sanitas
1344 4552 1482 4605 redit
1505 4550 1727 4619 juveni;
1759 4552 2004 4619 quodque
2033 4560 2159 4606 tunc

605 4633 893 4701 nequibat,
937 4636 986 4691 iu
1033 4636 1210 4695 futuro
1250 4654 1308 4696 se
1353 4655 1448 4710 per
1483 4641 1709 4711 gratiam
1751 4642 1844 4695 Dei
1890 4641 2152 4697 facturum

605 4737 723 4775 men
733 4730 782 4774 te
810 4727 1073 4790 proponit.
1944 4754 1947 4757 ν

672 4810 725 4861 4.
768 4810 968 4863 Exinde
983 4829 1103 4865 cum
1124 4816 1360 4884 corporis
1382 4818 1599 4881 sanitas,
1618 4817 1866 4885 juvenilis
1887 4828 2033 4884 artas,
2053 4835 2153 4874 sre-

606 4899 707 4952 Cttli
740 4902 1064 4969 prosperitas
1089 4903 1136 4954 ei
1167 4905 1454 4965 arrideret,
1496 4908 1659 4981 cgpit
1684 4908 1932 4976 paulatim
1973 4908 2151 4963 fervor

602 4988 764 5040 animi
796 4989 906 5071 ejus
930 5007 958 5043 ιι
1001 4992 1247 5059 religioso
1276 4989 1541 5061 propoSito
1568 5005 1856 5064 tepescere,
1886 4998 2146 5051 intantum

603 5085 661 5133 ιιι
682 5079 860 5132 szeculi
890 5082 1002 5135 vias
1021 5083 1188 5151 magis
1215 5084 1437 5152 ingredi,
1466 5100 1623 5154 quam
1649 5087 1847 5145 relictis
1864 5089 1942 5143 cis
1970 5103 2148 5142 mona-

2304 441 2411 498 quo
2447 442 2507 482 se
2551 442 2871 497 magnopere
2908 429 3116 486 solebat
3159 445 3444 501 exercere,
3488 436 3869 509 sensimpost-

2301 529 2519 603 ponere,
2554 514 2962 599 aciuvenilibus
2990 517 3129 573 ludis
3152 522 3314 589 coepit
3336 536 3552 591 operam
3585 526 3734 582 dare.
3769 530 3870 584 vis

2302 604 2602 658 rumlamen
2637 604 2727 675 pia
2769 605 2985 680 dilectio
3021 617 3078 662 et
3117 608 3343 679 diligens
3388 612 3591 680 pietas,
3638 631 3773 685 quas
3811 619 3866 673 in

2300 704 2525 750 matrem
2546 711 2701 753 suam
2728 697 2981 764 habebat,
3004 692 3245 754 nonnihil
3266 716 3387 757 eum
3413 703 3480 757 ab
3502 704 3619 762 istis
3646 710 3869 765 restrin-

2298 783 2535 853 gebant.
2559 784 2818 868 Defuncta
2846 802 2976 855 vero
3012 788 3141 863 illa,-
3174 789 3332 865 illico
3352 795 3506 865 navis
3544 799 3722 854 cordis
3748 799 3867 868 ejus

2265 874 2451 941 'quasi
2496 860 2729 930 anchora
2774 878 2980 947 perdita
3024 879 3077 933 in
3118 862 3332 939 ﬂuctus
3359 862 3539 940 seculi
3580 878 3717 958 pene
3754 860 3861 947 tota

2294 965 2500 1034 dilapsa
2527 975 2644 1038 est.
2660 965 2766 1022 Sed
2793 968 3130 1038 omnipotens
3152 971 3293 1026 Deus
3314 975 3614 1042 praevidens
3637 979 3764 1048 quid
3794 982 3863 1035 de

2296 1054 2387 1109 illo
2425 1055 2664 1110 facturus
2693 1064 2829 1124 erat,
2854 1071 2923 1111 ne
2950 1059 3184 1114 animam
3210 1075 3363 1116 suam
3388 1078 3522 1133 pace
3550 1066 3861 1122 transitoria
3894 1062 3899 1101 ‘

2294 1144 2498 1213 potitus
2529 1147 2777 1213 perderet
2801 1185 2817 1211 ,
2850 1146 3103 1211 infestum
3141 1148 3191 1204 ei
3216 1144 3631 1225 etintes'tinum.
3662 1154 3860 1213 bellum

2293 1236 2591 1303 generavit.
2620 1235 2732 1291 Hoc
2759 1246 2871 1304 est,
2898 1228 3135 1293 animuni
3165 1240 3334 1307 patris
3368 1240 3484 1311 ejus
3506 1227 3701 1299 acerbo
3724 1244 3859 1305 cen-

2295 1330 2377 1375 tra
2408 1322 2554 1377 illum
2584 1324 2710 1378 odio
2742 1323 3088 1383 inﬂammavit
3117 1326 3411 1395 intantum,
3450 1339 3512 1385 ut
3539 1347 3722 1403 atque,
3762 1336 3871 1393 aut”,

2292 1417 2443 1465 certe
2467 1411 2638 1482 magis
2659 1425 2722 1466 ea
2750 1427 2872 1482 qua:
2894 1413 3052 1479 bene,
3078 1404 3857 1486 sicut'quazperperamfacie-

2291 1496 2823 1568 bat,‘insequeretu’r.
2849 1497 2959 1555 Nec
2980 1499 3157 1569 aliqua
3185 1493 3393 1572 potera't
3415 1513 3623 1573 patrem
3644 1505 3859 1563 humili.

2292 1576 2404 1651 tate
2428 1586 2619 1651 lenire,
2644 1590 2737 1644 sed
2758 1597 2968 1659 quanto
2995 1589 3069 1644 illi
3092 1604 3151 1644 se
3174 1590 3462 1646 exhibebat
3488 1592 3851 1664 humiliorem,

2218 1663 2451 1731 Btanto
2475 1674 2624 1730 illum
2666 1676 2769 1733 sibi
2808 1677 3078 1734 sentiebat
3115 1678 3465 1762 asperiOrem.
3504 1680 3653 1747 Quod
3689 1682 3854 1763 nimis
3892 1710 3893 1713 η

2290 1762 2622 1821 intolerabile
2654 1781 2883 1823 cernens
2902 1807 2922 1831 ,
2953 1776 3009 1823 et
3041 1782 3109 1838 ne
3141 1768 3385 1823 deterius
3404 1758 3532 1838 quid
3572 1770 3697 1827 inde
3723 1759 3855 1828 cono

2289 1852 2515 1923 tingeret
2536 1853 2753 1923 timens,
2770 1856 2937 1927 elegit
2954 1857 3133 1927 potius
3151 1848 3392 1927 paternis
3412 1856 3574 1923 rebus
3590 1846 3851 1931 etgpatria:

2286 1936 2695 2007 abrenuntiare,
2726 1956 2891 2012 quan!
2917 1937 3057 2013 patri
3086 1959 3185 1999 suo
3207 1941 3291 1999 vel
3320 1944 3421 1999 sibi
3447 1946 3739 2019 quamlibet
3766 1943 3867 2003 in?

2283 2024 2502 2085 famiam
2527 2045 2595 2087 ex
2619 2020 2716 2088 sua
2744 2031 3142 2097 eohabitatione
3167 2020 3475 2104 procreare.
3506 2033 3721 2092 Paratis
3742 2037 3864 2107 ita-V

2283 2135 2389 2192 que
2415 2121 2522 2189 bis,
2553 2122 2999 2193 quenecessaria
3018 2131 3177 2178 erant
3204 2123 3259 2177 in
3298 2122 3642 2197 viamituris,
3663 2127 3854 2194 patria.

2284 2209 2406 2282 [ιιι.
2438 2200 2707 2295 patriam]
2736 2212 3049 2295 egreditur,
3093 2227 3202 2271 uno
3231 2213 3333 2281 qui
3372 2212 3474 2269 sibi
3513 2214 3843 2271 ministraret

2282 2292 2480 2358 clerico
2530 2292 2836 2357 comitatus.
2882 2301 3123 2375 Cumque
3171 2302 3382 2371 dehinc.
3414 2303 3468 2358 in
3525 2308 3838 2373 transcensu

2280 2388 2478 2447 montis
2506 2388 2701 2450 Senisii
2727 2388 2803 2461 (3)
2830 2389 3201 2459 fatigaretur,
3225 2398 3281 2446 et
3320 2389 3517 2446 laboris
3561 2392 3845 2463 impatiens

2279 2492 2505 2549 corpore
2526 2477 2797 2542 deﬁceret,
2826 2479 2969 2535 vires
2997 2474 3129 2534 suas
3157 2476 3333 2547 nivem
3364 2480 3661 2537 mandendo
3689 2495 3844 2549 repa-

2278 2580 2402 2621 rare
2420 2565 2682 2621 tentabat.
2704 2565 2817 2621 Nec
2835 2561 2978 2622 enim
3000 2562 3144 2621 aliud
3165 2582 3273 2636 quo
3296 2571 3617 2631 vesceretu'r;
3641 2576 3847 2636 prazsto

2276 2653 2399 2713 fuit.
2438 2653 2592 2721 Quod
2637 2654 2885 2710 minister
2919 2654 3061 2710 illius
3104 2656 3430 2719 advertens,
3471 2643 3637 2710 doluit
3677 2665 3733 2711 et
3769 2671 3851 2713 ne

2277 2746 2414 2801 forte
2438 2744 2566 2815 quid
2591 2742 2854 2800 edendum
2899 2743 3190 2799 haberetur
3217 2745 3266 2799 in
3303 2743 3515 2799 sacculo
3542 2744 3631 2814 qui
3677 2744 3837 2801 asino

2253 2836 2488 2895 illorum
2522 2823 2840 2908 vehebatur,
2865 2837 3149 2909 diligenter
3188 2838 3502 2908 investigare
3543 2838 3737 2908 etrapit,
3766 2846 3831 2893 'et

2277 2944 2403 2984 mox
2427 2936 2610 2983 contra
2636 2942 2785 2997 spem
2813 2942 3005 2997 panem
3033 2918 3092 2983 in
3122 2941 3187 2982 eo
3210 2920 3585 3007 nitidissimum
3616 2927 3835 2996 reperit.

2276 3014 2511 3087 Quo‘ille
2547 3016 2784 3073 refectus
2806 3056 2824 3082 ,
2850 3026 3127 3073 recreatus
3160 3027 3274 3082 est,
3309 3026 3384 3071 et'
3404 3019 3531 3072 vita;
3550 3017 3845 3075 incolut‘nisi

2268 3108 2561 3167 redonatus
2593 3105 2717 3179 [al.,
2750 3105 3074 3177 restitutus].
3539 3130 3543 3133 λ
3614 3130 3617 3131 ν

2334 3217 2387 3273 5.
2427 3216 2644 3272 Exactis
2666 3211 2859 3272 dehinc
2883 3214 3079 3287 partim
3106 3211 3161 3287 in
3187 3211 3517 3281 Burgundia,
3557 3212 3752 3282 partim
3778 3213 3835 3269 in

2264 3306 2491 3365 Francia
2544 3298 2719 3365 fertile
2768 3304 2939 3360 tribus
2986 3298 3174 3369 annis",
3223 3299 3636 3357 Nortbmaniam
3687 3300 3835 3356 vadit

2266 3380 2362 3465 [aL
2402 3386 2596 3464 cinia],
2631 3390 2916 3446 Abrincam
2956 3388 3123 3459 ipsius
3190 3388 3479 3462 provincia:
3512 3387 3699 3465 urbem
3736 3401 3836 3457 pe-

2267 3490 2351 3555 tit,
2378 3487 2469 3547 ubi
2500 3484 2806 3556 aliquandiu
2844 3478 3192 3548 demoratur;
3222 3487 3346 3549 post
3378 3478 3668 3534 basc‘venit
3704 3476 3838 3556 Dec:

2266 3593 2407 3637 cum.
2465 3585 2521 3629 et
2586 3572 2899 3644 magistrum
2975 3568 3281 3641 quemdam,
3314 3566 3527 3624 nomine
3569 3564 3865 3623 Lanfran-y

2266 3679 2385 3720 cum
2409 3663 2509 3735 (4),
2531 3662 2704 3718 virum
2719 3658 2965 3716 videlicet
2979 3658 3132 3713 valde
3148 3656 3365 3726 bonum,
3391 3656 3661 3723 praestanti
3692 3652 3825 3707 reli~

2264 3754 2421 3824 gione
2447 3767 2509 3806 ac
2535 3750 2795 3818 sapientia
2828 3763 2953 3803 vere
2988 3744 3252 3810 nobilem,
3285 3742 3486 3807 videre,
3521 3740 3740 3821 alloqui,
3768 3752 3826 3797 et

2266 3830 2575 3909 cohabitare
2616 3840 2817 3897 volens.
2864 3837 3142 3893 Excellens
3184 3832 3447 3907 siquidem
3498 3831 3638 3886 fama
3684 3829 3831 3887 illius

2264 3930 2682 3999 circumquaque
2705 3928 3107 3997 percrebuerat,
3122 3932 3177 3978 et
3204 3921 3562 3978 nobilissimos
3582 3933 3826 3995 quosque

2264 4016 2578 4071 clericorum
2601 4017 2668 4071 ad
2681 4030 2815 4071 eum
2829 4015 2895 4068 de
2915 4012 3129 4090 cunctis
3142 4002 3323 4064 mundi
3345 4007 3588 4083 partibus
3608 4005 3825 4076 agebat.

2263 4105 2545 4161 Anselmus
2564 4103 2727 4174 igitur
2742 4103 2861 4157 viro
2880 4102 3044 4165 adito,
3066 4112 3294 4169 eumque
3314 4096 3570 4168 singulari
3592 4097 3831 4166 quadam

2264 4198 2526 4267 sapientia
2569 4195 2768 4266 pollere
2797 4193 2999 4264 agnito,
3042 4191 3157 4261 ejus
3197 4188 3591 4254 se'magisterio
3619 4186 3833 4251 subdit,

2261 4291 2420 4358 eique
2441 4296 2561 4357 post
2589 4286 2852 4342 modicum
2879 4281 3158 4337 familiaris
3188 4294 3297 4350 prae
3318 4279 3527 4333 caeteris
3548 4274 3828 4343 discipulis

2260 4380 2340 4433 fit.
2364 4378 2666 4446 Occupatur
2683 4375 2771 4430 die
2792 4381 3059 4441 noctuque
3082 4370 3135 4425 in
3165 4370 3461 4428 litterarum
3488 4366 3687 4450 studio,
3710 4379 3821 4421 non

2258 4468 2430 4523 solum
2457 4481 2573 4536 quae
2599 4464 2808 4519 volebat
2832 4477 2860 4516 a
2888 4461 3184 4515 Lanfraneo
3212 4456 3453 4526 legendo,
3478 4456 3573 4511 sed
3601 4463 3654 4508 et
3681 4453 3819 4509 alios

2255 4574 2373 4628 qua:
2393 4557 2677 4627 rogabatur
2696 4553 2930 4609 studiose
2950 4546 3209 4605 docendo.
3231 4547 3455 4614 Propter
3475 4560 3593 4614 qua:
3614 4543 3816 4610 studia,

2254 4662 2375 4701 cum
2406 4659 2599 4713 corpus
2629 4642 2843 4711 vigiliis,
2880 4640 3079 4708 frigore
3111 4647 3164 4691 et
3197 4634 3372 4689 inedia
3406 4634 3655 4704 fatigaret
3686 4632 3817 4704 [αι.

2254 4731 2615 4804 fatigaretur],
2649 4730 2793 4785 venit
2836 4729 2893 4809 ei
2926 4728 2978 4782 in
3010 4734 3240 4781 mentem
3278 4724 3403 4792 quia
3444 4723 3490 4776 si
3525 4721 3818 4789 aliquando

2256 4826 2571 4884 monachus.
2596 4821 2807 4875 ut'olim
2837 4824 3204 4888 proposuerat,
3223 4823 3385 4878 esset,
3414 4813 3620 4867 acriora
3652 4825 3814 4878 quam

2256 4914 2577 4984 patiebatur.
2597 4925 2717 4964 eum
2742 4907 2849 4978 pati
2873 4923 2975 4961 non
2996 4912 3286 4977 oporteret,
3302 4901 3422 4974 [al.,
3441 4897 3693 4969 oportet],
3710 4914 3815 4955 nec

2256 5012 2383 5057 tunc
2410 4999 2492 5054 sui
2520 4998 2714 5052 laboris
2735 4995 2982 5051 meritum
3012 4993 3271 5063 perderet,
3295 4992 3433 5059 quod
3464 5002 3603 5042 nunc
3629 4996 3812 5043 utrum

2254 5091 2354 5147 sibi
2397 5096 2653 5151 maneret,
2699 5100 2803 5142 non
2850 5081 3204 5153 prospiciebat
3252 5079 3369 5150 [a!.,
3407 5076 3811 5147 perspiciebat].

1782 5216 1783 5223 γ
1860 5262 2265 5319 HENSCIIENII
2302 5260 2524 5320 ΝΟΤᾸΞ.

678 5414 752 5483 (3)
793 5414 881 5467 Est
911 5413 1217 5468 notissimus
1245 5431 1393 5468 mons
1420 5416 1675 5474 Senisius.
1710 5415 1927 5482 ejusque
1956 5414 2146 5468 diffici-

607 5483 673 5535 lis
702 5498 951 5535 ascensus
982 5499 1075 5551 per
1102 5499 1259 5551 quem
1288 5488 1545 5537 transitur
1573 5502 1633 5537 ex
1661 5486 1807 5537 italia
1842 5487 1891 5537 iu
1921 5484 2143 5535 Gallium

2247 5413 2448 5467 Ilaliam
2461 5449 2472 5461 .

2314 5478 2389 5549 (l)
2434 5481 2558 5532 Erat
2598 5478 3253 5559 B._f.nufrmt€tt3‘Qriginc
3275 5475 3555 5556 Papicnsis
3592 5492 3656 5531 ex
3694 5478 3800 5533 lta-

596 5554 678 5609 uti
712 5552 795 5605 hic
827 5548 1054 5611 facttmt;
1098 5548 1188 5606 aut
1222 5554 1382 5606 etiam
1436 5553 1547 5605 vice
1586 5568 1734 5607 Versa
1778 5569 1842 5605 cx
1883 5552 2051 5605 Gallia
2095 5553 2144 5603 iu
2246 5548 2332 5627 lia,
2366 5559 2546 5616 postea
2576 5549 2720 5601 arcbi
2746 5552 3008 5616 ‘piseoptts
3035 5548 3454 5600 Cantuaricusis.
