4174 6256
299 198 373 252 83
1273 193 1423 247 νιτΑ
1462 193 1504 246 Δ
1516 180 1785 249 UC'I‘OliE
1816 194 1854 247 Ε

1952 193 2160 250 nunc.
2189 223 2259 236 ..-
2298 193 2419 248 un.
2449 194 2486 248 l.
3094 174 3103 227 ί
3430 196 3500 252 st

303 309 415 363 lloc
441 319 565 375 ergo
593 310 769 358 mente
795 310 1070 369 concepto,
1114 310 1278 356 totam
1310 302 1653 357 intentionem
1697 318 1849 357 suam
1880 316 1926 370 Α
1954 309 2093 369 volo,
2123 294 2407 361 aut‘eremi
2435 305 2605 361 cultor
2634 318 2753 360 esse
2780 304 3050 367 desidero,
3082 295 3174 359 aut
3200 321 3265 361 ex
3297 292 3513 379 proprio

303 395 373 450 ad
422 393 729 463 placendum
779 389 887 445 Deo
934 389 1164 459 dirigere
1209 390 1402 458 erepit,
1455 399 1510 443 et
1556 391 1854 458 spernendo

302 485 559 542 mundum
586 497 707 536 cuin
750 482 1190 536 oblectaminibus
1232 480 1352 553 [αι.,
1386 480 1853 553 oblectationibus]

297 576 437 639 suis,
468 586 654 627 revera
680 571 823 640 cupit
850 571 965 624 lieri
996 571 1308 627 monachus.

369 664 424 717 ti.
462 661 596 727 Quid
624 662 808 730 plura?
829 661 1036 730 Cogitat
1060 661 1145 715 ubi
1176 662 1363 716 melius
1389 662 1648 730 prolicere
1673 670 1853 731 queat,

297 752 439 823 quod
451 750 652 845 Iacere
690 749 982 813 desiderat,
1013 760 1069 804 et
1099 751 1171 803 ita
1213 764 1394 806 secum
1438 760 1651 805 tractat.
1697 752 1853 816 Ecce,

300 839 494 905 inquii,
538 840 829 895 monachus
876 840 1019 899 liam.
1065 839 1169 893 Sed
1207 839 1333 893 ubi?
1383 839 1439 894 Si
1483 839 1723 895 Cluniaci
1770 840 1854 894 vel

298 931 451 986 Becci
484 930 583 1000 (5),
623 939 789 984 totum
823 936 1032 997 tempus
1060 930 1200 998 quod
1248 930 1301 984 in
1348 930 1614 985 discendis
1654 931 1857 986 litteris

303 1004 471 1092 posui,
502 1019 731 1087 perdidi.
760 1017 890 1071 Nam
919 1026 973 1073 et
997 1018 1234 1072 Cluniaci
1265 1019 1525 1075 districtio
1551 1019 1776 1084 ordinis,
1798 1030 1857 1073 et

308 1108 456 1167 Βεθεὶ
500 1106 904 1174 supereminens
934 1107 1209 1176 prudentia
1257 1105 1561 1171 Lani'ranci,
1610 1109 1700 1176 qui
1750 1108 1879 1167 illic,

313 1196 597 1251 monachus
622 1204 721 1259 est,
752 1208 836 1247 me
859 1192 978 1265 [al.,
1008 1193 1163 1265 mihi]
1191 1203 1281 1267 aut
1310 1194 1436 1248 nulli
1468 1196 1741 1262 prodesse,
1765 1204 1859 1252 aut

313 1284 434 1339 nihil
464 1285 646 1339 valere
687 1284 1071 1353 comprobabit.
1114 1284 1296 1353 Itaque
1336 1286 1388 1338 in
1431 1284 1520 1339 tali
1568 1286 1685 1340 loco
1730 1302 1858 1354 per-

310 1372 478 1427 ﬁciam
504 1373 645 1442 quod
672 1372 911 1442 dispono,
954 1373 1007 1426 in
1034 1388 1155 1447 (quo
1182 1382 1235 1427 et
1273 1373 1413 1441 scire
1446 1388 1621 1431 meum
1658 1376 1857 1443 possim

303 1460 605 1524 ostendere,
642 1466 697 1516 et
735 1460 914 1516 multis
952 1461 1221 1529 prodesse.
1263 1461 1397 1527 Haec
1423 1471 1481 1516 ut
1519 1462 1706 1517 ludens
1735 1462 1851 1533 [al.,

303 1552 511 1623 lubens]
539 1553 763 1622 ipsemet
785 1551 988 1607 referre
1017 1552 1241 1615 solebat,
1266 1568 1444 1607 secum
1478 1555 1855 1620 meditabatur,

1958 395 2278 459 patrimonio
2305 396 2509 457 vivens,
2541 392 2867 461 quibuslibet
2900 393 3255 461 indigentibus
3295 387 3513 466 propter

1956 485 2121 540 Deum
2145 500 2241 556 pro
2264 500 2385 539 meo
2406 499 2559 553 posse
2580 484 2773 537 exinde
2794 483 3122 547 ministrare,
3146 484 3193 537 si
3216 488 3510 550 consulitis,

1954 573 2126 640 cupio.
2157 572 2273 625 Jam
2298 574 2619 639 enim.pater
2649 570 2765 638 ejus
2791 569 3018 631 obierat,
3048 578 3103 623 et
3139 579 3247 624 tota
3285 571 3510 627 hancdi-

1958 670 2038 715 tas
2063 663 2130 714 ad
2159 661 2303 713 illum
2342 654 2678 729 respiciebat.
2711 659 2766 714 ln
2804 661 2910 726 his,
2936 662 3176 729 inquam,
3217 662 3391 716 tribus
3418 677 3512 715 vo-
3608 678 3613 695 τ

1955 748 2211 802 luntatcm
2239 764 2432 815 meam,
2458 749 2671 803 domine
2694 740 3009 812 Lanl'rance,
3034 749 3291 805 fluctuare
3311 752 3512 816 sciatis,

1956 839 2048 892 sed
2087 852 2277 906 precor
2314 848 2373 891 ut
2412 853 2497 891 me
2538 837 2589 889 in
2631 838 2819 892 horum
2864 838 3141 912 potissimo
3181 837 3511 892 stabilitatis.

1957 923 2144 978 Dill‘ert
2176 924 2503 989 Lanirancus
2540 913 2859 979 sententiam
2895 924 3061 994 ferre,
3089 925 3393 1000 suadetque
3412 941 3515 978 ‘ne—

1956 1014 2158 1081 gotitnn
2206 1014 2272 1067 ad
2321 1013 2639 1067 venerabilis
2681 1011 2787 1083 (6)
2822 1013 3048 1068 Maurilii
3088 1010 3513 1084 [αἰείὶῐὺιιι-ἰεί]

1960 1099 2399 1169 Botliomagensis
2428 1102 2659 1169 episcopi
2698 1099 2818 1171 [al.,
2847 1100 3258 1175 archiepiscopi]
3299 1098 3516 1154 audien-

1959 1176 2087 1245 tiam
2131 1192 2303 1258 magis
2336 1192 2559 1246 referre.
2607 1194 3237 1263 Acquiescit’Anselmus
3268 1195 3513 1254 consilio.

1956 1288 2011 1333 et
2040 1279 2325 1333 comitatus
2363 1279 2673 1335 Laniranco
2691 1282 2998 1349 pontiﬁcem
3017 1276 3189 1351 petit.
3213 1281 3390 1336 Tanta
3419 1299 3515 1335 aII-‘-

1962 1365 2177 1420 temvis
2204 1367 2500 1422 devotionis
2526 1377 2711 1436 pectus
2735 1370 2972 1424 Anselmi
3019 1380 3145 1425 tunc
3184 1357 3514 1440 poSsid‘e'hat,

1959 1462 2273 1524 tantumque
2303 1458 2415 1512 veri
2443 1459 2653 1513 consilii
2690 1458 2993 1515 Lanfranco
3023 1460 3200 1516 inesse
3238 1456 3517 1527 credebat;

1959 1556 2018 1599 ut
2045 1562 2165 1599 cum
2203 1546 2591 1618 Rothoma‘gum
2638 1558 2910 1620 petentes,
2961 1562 3061 1621 per
3104 1556 3349 1622 mgna“)
3397 1546 3520 1622 qm",

302 1618 634 1710 addebatque
675 1659 689 1695 :
734 1641 967 1697 Necdum
1006 1657 1155 1697 eram
1192 1642 1487 1708 edomitus,
1531 1645 1757 1698 necdum
1803 1618 1855 1698 in
1890 1618 1933 1671 Β
1958 1649 2120 1703 ευριπ
2144 1634 2377 1691 Βθοουῐη
2406 1646 2491 1691 εει
2524 1618 2711 1692 silvam
2756 1618 3066 1709 pergerent,
3106 1640 3151 1694 si
3188 1618 3517 1695 {inuitati-cus

302 1748 386 1787 me
421 1730 636 1803 vigebat
664 1732 843 1783 mundi
891 1740 1244 1797 contemptus.
1292 1729 1444 1787 Unde
1484 1734 1624 1799 quod
1669 1748 1768 1801 ego
1802 1741 1860 1787 ut

302 1822 575 1893 putabam,
621 1819 788 1873 fretus
830 1819 1053 1873 aliorum
1096 1820 1358 1873 charitale
1397 1821 1663 1883 dicebam,
1695 1837 1855 1889 quam

306 1905 617 1967 damnosum
652 1914 791 1961 esset
830 1921 935 1960 non
970 1907 1331 1960 advertebam.
1372 1906 1715 1963 Postmodum
1757 1925 1858 1962 au-

303 2002 406 2050 tem
433 1995 488 2048 in
514 2009 574 2049 se
599 2008 864 2048 reversus.
888 1994 1045 2060 Quid,
1074 1995 1276 2062 inquit?
1302 1998 1508 2070 essene,
1539 1997 1855 2052 monachum

301 2082 418 2157 [al.,
446 2081 761 2151 monachus]
791 2083 893 2136 hoc
920 2093 1023 2145 est,
1055 2081 1188 2136 velle
1214 2083 1421 2155 scilicet
1453 2086 1570 2138 aliis
1600 2088 1854 2161 praaponi,

301 2187 412 2243 pra:
440 2168 558 2228 aliis
583 2174 852 2237 honorari,
883 2166 1006 2227 ante
1030 2172 1162 2228 alios
1188 2175 1555 2243 magniﬁcari?
1580 2172 1712 2231 Non.
1745 2178 1858 2233 lllic

301 2273 435 2328 ergo
482 2259 717 2327 deposita
763 2261 1095 2329 contumacia
1141 2262 1435 2315 monachus
1488 2263 1712 2328 deveni,
1766 2264 1856 2319 ubi

306 2346 448 2400 sicut
472 2360 676 2413 aequum
707 2355 809 2412 est,
838 2341 1041 2401 eunetis
1065 2357 1275 2416 propter
1303 2349 1465 2403 Deum
1494 2355 1855 2420 postponaris,

306 2434 515 2487 cunctis
541 2433 797 2500 abiectior
836 2434 1102 2499 habearis,
1133 2451 1239 2503 prae
1265 2438 1471 2491 cunctis
1499 2441 1856 2508 parvipeuda-

309 2521 413 2583 ris,
452 2520 630 2575 et‘ubi
677 2523 778 2577 hoc
821 2538 940 2578 esse
979 2524 1207 2592 poterit?
1253 2524 1509 2592 Equidem
1555 2529 1733 2583 Becci.
1781 2528 1854 2584 lbi

301 2609 561 2679 siquidem
602 2610 797 2667 nullius
845 2614 1095 2679 ponderis
1136 2629 1248 2679 ero,
1293 2619 1718 2686 quandoquidem
1764 2619 1854 2673 ille

301 2697 372 2752 ibi
413 2706 522 2757 est.
563 2700 652 2768 qui
694 2700 1086 2768 praeemiuentis
1131 2704 1367 2759 scientiae
1408 2704 1529 2776 [al.,
1556 2707 1851 2779 sapientiai]

301 2785 417 2839 luce
456 2788 775 2856 conspicuus
801 2791 1006 2845 cunctis
1036 2791 1330 2860 suiliciens,
1371 2796 1590 2852 cunctis
1622 2797 1852 2852 honora-

302 2875 425 2930 bilis
448 2884 503 2930 et
526 2886 797 2946 acceptus.
830 2878 937 2933 Illic
971 2895 1098 2950 ergo
1134 2884 1345 2952 requies
1385 2899 1524 2949 mea,
1564 2885 1673 2941 illic
1710 2887 1854 2942 solus

305 2962 444 3019 Deus
485 2965 706 3021 intentio
745 2982 884 3033 mea,
926 2968 1032 3023 illic
1066 2969 1209 3024 solus
1250 2987 1401 3027 amor
1434 2973 1547 3042 ejus
1584 2977 1689 3030 erit
1726 2993 1855 3031 con-

304 3053 573 3122 templatio
600 3070 738 3120 mea,
777 3055 883 3110 illic
916 3058 1069 3111 beata
1104 3060 1408 3115 etassidua
1455 3057 1711 3119 tnénioria
1739 3066 1854 3133 ejus

296 3138 425 3196 felix
452 3143 701 3198 solamen
725 3153 777 3199 et
818 3147 1034 3202 satietas
1062 3162 1199 3211 mea.
1246 3149 1367 3205 Haec
1409 3154 1695 3221 cogitabat,
1740 3156 1853 3212 hinc

293 3228 661 3296 desiderabat,
692 3231 803 3286 haec
827 3234 926 3289 sibi
956 3237 1237 3304 provenire
1261 3242 1530 3308 sperabat.

357 3320 412 3373 7.
458 3318 791 3387 Raptabatur
815 3338 1023 3393 quoque
1049 3340 1198 3380 mens
1230 3326 1346 3394 ejus
1382 3344 1477 3397 per
1515 3331 1568 3385 id
1602 3333 1853 3401 temporis

295 3408 343 3462 in
388 3408 535 3479 alias
580 3409 844 3462 sectanda:
888 3413 1105 3467 semitas
1150 3414 1294 3479 vilic,
1336 3416 1433 3471 sed
1480 3417 1561 3472 vis
1603 3420 1851 3474 desiderii

292 3494 408 3562 ejus
432 3474 502 3548 in
541 3494 681 3548 hanc
709 3499 1096 3563 quummaxime
1122 3474 1501 3557 declinaverat.
1533 3504 1721 3560 Sciens
1748 3507 1850 3560 ita-

288 3599 394 3652 que
426 3583 695 3659 scriptum
717 3597 874 3637 esse:
909 3584 1096 3639 Omnia
1131 3587 1216 3655 [ac
1247 3606 1363 3643 cum
1393 3591 1628 3656 consilio,
1661 3602 1709 3647 et
1736 3604 1851 3664 post

288 3673 495 3741 factum
531 3664 639 3727 non
670 3675 931 3742 piznitebis
959 3676 1145 3745 (Eccli.
1178 3694 1360 3743 xxxii,
1394 3681 1510 3751 24),
1544 3686 1755 3739 nolebat
1792 3700 1852 3750 se

286 3763 454 3817 alicui
486 3763 578 3815 uni
603 3764 727 3818 vitae
744 3778 924 3819 earum
949 3782 1082 3835 quas
1114 3778 1288 3824 mente
1314 3772 1523 3825 volebat
1554 3773 1851 3831 inconsulte

287 3850 543 3917 credere,
572 3867 638 3906 ne
664 3853 716 3907 in
751 3853 927 3923 aliquo
952 3854 1223 3911 videretur
1252 3858 1540 3928 Scriptum
1569 3858 1849 3933 piteceptis

287 3955 399 3995 non
426 3939 666 3995 obedire.
690 3942 904 3996 Amicos
934 3943 1147 4013 insuper
1170 3946 1362 4001 multos
1388 3948 1610 4016 habens,
1639 3954 1730 4007 sed
1763 3954 1845 4007 cui

285 4042 348 4085 se
379 4036 556 4085 totum
585 4027 637 4081 in
664 4029 780 4088 istis
801 4030 1157 4086 committeret
1190 4019 1551 4092 consiliarium
1576 4054 1763 4105 unum,
1784 4043 1849 4095 de

284 4118 436 4175 ltille
466 4116 717 4171 videlicet
744 4118 1018 4187 prmiatum
1057 4120 1414 4178 Lani‘raucum
1444 4126 1667 4199 eligens,
1702 4132 1845 4184 venit

1955 1723 2006 1778 ei
2051 1724 2269 1789 diceret,
2306 1725 2359 1779 in
2399 1727 2500 1781 hac
2546 1726 2677 1781 silva
2719 1743 2896 1792 inane,
2939 1738 2992 1783 et
3037 1744 3105 1784 ne
3145 1730 3269 1783 dum
3316 1731 3518 1785 vixeris

1960 1811 2082 1866 hinc
2103 1826 2264 1866 exeas
2296 1827 2448 1878 cave,
2478 1815 2663 1883 procul
2687 1816 2849 1871 dubio
2878 1826 2936 1870 ut
2963 1804 3232 1872 fatebatur
3258 1820 3529 1888 imperata

1956 1910 2217 1955 servaret.
2254 1902 2633 1960 Pervenientes
2671 1920 2798 1976 ergo
2824 1905 2892 1961 ad
2917 1907 3224 1975 episcopum
3257 1908 3519 1964 adventus

1956 1989 2037 2046 sui
2065 2005 2255 2046 causas
2292 1992 2343 2048 ei
2374 2005 2674 2063 exponunt,
2709 1998 2837 2065 quid
2874 1998 2996 2056 inde
3029 1996 3225 2054 sentiat
3250 2007 3514 2067 quarunt.

1956 2077 2066 2131 Nec
2095 2093 2273 2145 mora,
2315 2084 2662 2137 monachicus
2692 2087 2826 2141 ordo
2861 2100 2972 2157 pre
3005 2088 3219 2153 czeteris
3246 2087 3513 2165 laudatur,

1957 2165 2177 2236 ejusque
2206 2171 2535 2251 propositum
2566 2173 2815 2229 omnibus
2840 2175 2971 2230 aliis-
2986 2172 3301 2231 antefertur.

2575 2280 2798 2337 CAPUT
2837 2282 2898 2338 ll.

1964 2362 2082 2421 Vita
2121 2367 2427 2431 utonaslt'ca,
2467 2368 2729 2434 priorntus
2762 2371 3173 2426 administratas.
3208 2372 3487 2428 Adolesceu

2336 2437 2391 2488 in
2418 2437 2521 2490 vita
2546 2447 2593 2490 et
2623 2439 2676 2491 in
2707 2443 2870 2493 morte
2898 2441 3137 2509 adjutus.
3438 2466 3439 2469 η

2023 2517 2078 2575 8.
2115 2521 2400 2579 Anselmus
2434 2524 2544 2579 haec
2587 2526 2807 2582 audiens
2831 2536 2900 2582 ἐι
2943 2530 3266 2598 approbans,
3299 2531 3518 2589 caussis

1956 2611 2099 2679 aliis,
2144 2614 2340 2669 szeculo
2385 2615 2594 2681 relicto,
2644 2617 2798 2673 Becci
2846 2620 3143 2676 monachus
3186 2620 3363 2679 {actin
3409 2630 3514 2689 est,

1954 2716 2096 2755 anno
2129 2704 2304 2758 :etatis
2337 2718 2449 2759 suae
2486 2706 2739 2762 vicesimo
2774 2709 3005 2779 septimo
3039 2710 3137 2781 (7).
3176 2710 3417 2781 Regehat
3449 2728 3517 2768 eo

1957 2800 2194 2862 tempore
2220 2795 2521 2873 cmnohium
2552 2796 2722 2867 ipsum
2750 2790 2997 2855 dominus
3038 2801 3206 2856 abbas
3228 2799 3517 2857 Herluinus

1955 2884 2191 2950 nomine,
2221 2884 2303 2938 vir
2330 2885 2664 2954 grandmvus,
2689 2897 2745 2942 et
2780 2905 2972 2959 magna
3011 2890 3273 2959 probitate
3304 2888 3519 2960 conspi-U

1956 2989 2108 3037 cuus,
2159 2974 2249 3042 qui
2301 2975 2506 3043 primus
2555 2977 2722 3046 ipsius
2767 2979 2866 3034 loci
2918 2979 3082 3035 abbas
3131 2981 3513 3036 monasterium

1956 3062 2127 3129 ipsum
2177 3079 2205 3115 a
2255 3062 2615 3119 fundamentis
2665 3067 2731 3121 de
2774 3083 2872 3123 suo
2918 3069 3509 3136 patrimonio-iecerat.

1956 3150 2106 3220 Saepe
2132 3152 2308 3206 dictas
2332 3163 2506 3207 autem
2540 3156 2870 3213 Lanlrancus
2894 3159 3117 3229 gradum
3146 3159 3343 3228 prioris
3373 3161 3484 3214 ohti
3502 3189 3516 3202 -

1953 3240 2130 3294 nebat.
2168 3242 2451 3298 Ansolinns
2480 3258 2606 3298 vero
2639 3260 2808 3302 novus
2842 3249 3136 3303 monachus
3171 3248 3364 3313 factus,
3395 3258 3513 3303 stu-

1953 3331 2104 3385 diose
2128 3331 2286 3386 vitani
2323 3333 2549 3387 aliorum
2583 3336 2882 3405 religiosius
2911 3338 3199 3393 viventium
3225 3339 3511 3394 aemulaba-

1955 3430 2059 3474 tur.
2094 3421 2206 3475 lmo
2236 3422 2350 3489 ipse
2380 3424 2457 3477 sic
2500 3424 2743 3493 religioni
2785 3442 2883 3494 per
2918 3418 3094 3481 omnia
3135 3428 3422 3493 serviebat,
3452 3439 3518 3484 nt‘

1950 3508 2193 3577 quisquis
2228 3510 2473 3580 religiose
2504 3513 2554 3565 in
2596 3522 2702 3567 tota
2744 3514 2857 3582 ipsa
2893 3512 3311 3587 congregatione
3331 3518 3512 3571 vivere

1951 3598 2178 3663 volebat,
2204 3600 2255 3654 in
2286 3599 2402 3669 ejus
2426 3602 2532 3657 vita
2563 3604 2693 3658 satis
2720 3605 2985 3660 inveniret
3005 3609 3145 3675 quod
3186 3609 3508 3673 imitaretur,

1949 3693 2002 3739 et
2028 3687 2098 3739 ita
2125 3702 2221 3754 per
2246 3689 2533 3759 triennium
2563 3692 2626 3745 de
2650 3692 2735 3747 die
2764 3693 2815 3745 in
2844 3695 2983 3747 diem
3010 3709 3220 3764 semper
3243 3696 3294 3750 in
3318 3688 3526 3752 melius,

1947 3773 2253 3841 proficiens,
2284 3792 2505 3845 magnus
2534 3787 2588 3832 et
2615 3779 2956 3837 honorandus
2986 3784 3300 3837 habebatur.

2019 3861 2072 3916 9.
2115 3861 2416 3919 Venerabili
2443 3875 2620 3921 autem
2652 3869 2954 3925 Lanfranco
2980 3874 3032 3925 in
3056 3872 3400 3930 Cadomensis
3428 3875 3508 3944 (8)

1948 3951 2174 4033 coeqpbii
2222 3952 2320 4023 (9)
2355 3956 2599 4024 regimen
2642 3968 2917 4028 assumpto
2965 3960 3117 4026 (l0),
3158 3963 3272 4031 ipse
3314 3964 3509 4032 prioris

1948 4039 2120 4094 oﬁicio
2149 4040 2366 4095 functus
2406 4052 2516 4104 est,
2565 4046 2749 4113 sicque
2796 4048 2905 4101 Deo
2950 4050 3216 4104 serviendi
3250 4051 3509 4119 ampliore

1950 4131 2194 4187 libertate
2226 4132 2446 4200 potitus,
2487 4142 2653 4188 totum
2692 4150 2768 4202 se,
2813 4146 2977 4191 totum
3018 4148 3225 4207 tempus
3248 4154 3401 4213 suum
3449 4141 3501 4195 in

287 4206 352 4261 ad
375 4221 507 4262 eum
524 4243 541 4269 ,
572 4204 810 4261 indicans
845 4207 1169 4264 voluntatem
1190 4225 1344 4266 suam
1372 4212 1436 4266 ad
1467 4206 1565 4268 tria
1597 4218 1857 4286 pendere,
1884 4237 1924 4289 ι)
1952 4220 2090 4274 illius
2113 4222 2365 4289 obsequia
2390 4227 2709 4292 expendere,
2733 4227 2983 4282 sarculum
3007 4236 3061 4283 et
3081 4204 3270 4283 cuncta
3293 4210 3515 4297 negotia

293 4296 379 4350 sed
409 4308 515 4364 per
549 4294 825 4348 consilium
868 4295 980 4363 ejus
1022 4299 1086 4352 ad
1132 4314 1294 4353 unum
1323 4303 1463 4370 quod
1512 4305 1843 4370 potissimum

290 4383 576 4454 iudicaret,
610 4383 810 4438 duobus
841 4383 1059 4451 relictis,
1104 4403 1162 4442 se
1187 4388 1319 4444 velle
1360 4400 1565 4448 tenere.
1590 4392 1717 4459 Qure
1746 4398 1845 4452 tria

294 4472 372 4528 sic
407 4473 455 4529 ei
496 4472 771 4542 exposuit.
804 4472 912 4527 Aut
938 4475 1107 4542 enini,
1140 4476 1342 4549 inquit,
1388 4482 1680 4537 monachus
1729 4485 1841 4538 lieri

1952 4311 2067 4380 ejus
2109 4309 2228 4382 [al.,
2273 4313 2417 4365 omit.
2459 4311 2597 4380 ejusl
2642 4315 2708 4366 ab
2755 4315 3046 4369 intentione
3090 4331 3216 4380 sua,
3246 4316 3506 4370 'i'unditus

1950 4405 2112 4473 cepit
2139 4422 2405 4461 amovere.
2438 4402 2765 4473 Factumque
2792 4413 2873 4459 est
2902 4415 2961 4457 ut
2990 4404 3245 4465 soliDeo,
3274 4403 3505 4459 cmlcsti-

1950 4492 2153 4560 busque
2179 4494 2473 4563 disciplinis
2507 4493 2706 4562 jngiter
2732 4501 3042 4561 occupatus,
3082 4492 3343 4545 intautuni
3384 4505 3503 4559 spc-

1474 4650 1477 4657 .
1564 4601 1969 4661 HENSCHENII
1998 4608 2219 4664 ΝΟΤίΕ.

351 4696 428 4767 (5)
467 4701 764 4780 Notissima
791 4708 1106 4780 m_o_na_steria
1125 4724 1152 4780 _:_
1179 4709 1244 4763 de
1271 4710 1525 4763 Cluuiaco
1548 4726 1685 4778 smpe
1723 4713 1835 4780 egi-

282 4772 797 4846 mus,‘pot_issimurn
832 4775 895 4846 ᾧ
922 4774 1154 4830 Januarii
1198 4780 1262 4830 ad
1294 4781 1454 4831 vitam
1487 4781 1544 4833 Β.
1579 4772 1835 4833 Beruonis

278 4838 705 4915 primi'abbatis.
738 4841 830 4895 Est
848 4842 1068 4915 Beccum
1097 4846 1386 4915 inAdimcesi
1422 4848 1836 4915 Rollioinageusi

282 4912 434 4983 [rarts
471 4906 783 4983 Sequanam
823 4911 886 4962 atl
932 4913 1107 4983 rivum
1144 4913 1366 4983 Beccaui
1416 4931 1579 4983 prope
1624 4906 1834 4968 attinent

257 4969 504 5027 ‘Rillam.
557 4969 794 5029 dotatnm
840 4992 869 5029 a
921 4980 1203 5034 Guilielmo
1249 4982 1383 5035 duce
1416 4969 1835 5037 'Norihuianniin

276 5054 369 5093 an.
405 5041 660 5120 10_5£._ln
696 5052 920 5113 utroque
958 5051 1281 5120 monasterio
1318 5066 1403 5102 an.
1443 5052 1578 5105 1662
1606 5052 1838 5120 singula-

278 5122 396 5161 rem
428 5109 772 5184 eharitatem
797 5109 998 5179 ciperti
1043 5132 1241 5177 sumus,
1274 5133 1337 5170 eo
1375 5120 1594 5184 profecti
1623 5109 1833 5174 obvtno-

276 5187 548 5230 numenta
580 5179 645 5231 de
674 5178 805 5234 Vitis
830 5178 883 5235 et
914 5186 1252 5239 veneratione
1282 5178 1607 5240 sanctorum.

348 5244 993 5325 (Gznhlfuriliuﬂsnpmfuit
1030 5252 1278 5307 Ecclesiae
1314 5254 1725 5325 Rotltomagensi
1765 5257 1833 5312 ab

274 5325 368 5367 an.
407 5312 553 5367 1055
581 5314 647 5366 ad
681 5312 830 5370 1067.

348 5380 431 5446 (τ)
476 5381 640 5435 Anno
662 5382 855 5438 Christi
884 5387 1035 5440 l060.

348 5448 430 5519 (8)
467 5448 744 5504 Cadomus
773 5454 895 5507 urbs
927 5457 1185 5524 priccipua
1214 5458 1479 5514 inferioris
1516 5458 1825 5514 Northiuano

1944 4717 2044 4771 nite
2074 4720 2136 4771 ad
2161 4718 2357 4771 Ornain
2389 4718 2627 4784 ﬂuvium,
2654 4736 2773 4774 cuni
2800 4718 2994 4774 celebri
3026 4718 3299 4771 acadetnia
3326 4727 3380 4771 et
3408 4732 3499 4773 va-

1942 4787 2036 4839 riis
2074 4790 2431 4841 monasteriis.
2790 4826 2791 4829 η

2010 4854 2426 4925 (θὶβαξιιοιιῖιιηι
2456 4857 2512 4910 S.
2539 4856 2811 4924 Stephano
2835 4856 3211 4925 protomartyri
3238 4855 3493 4925 dicatum,

1938 4938 1966 4975 a
1994 4921 2275 4994 Gnillelnio
2305 4921 2668 4994 Conqucstore
2694 4942 2814 4992 rege
2839 4921 3048 4991 Anglia:
3069 4921 3279 4994 ειυιιεε
3297 4924 3496 4982 North-

1941 4993 2168 5044 tuanniic
2193 4986 2495 5055 fundatum,
2525 5000 2615 5047 sed
2654 5011 2681 5045 ιι
2728 4986 3156 5048 ςέεῑειναῖὶεείηιίς
3188 4986 3517 5046 Calvinistis.

1938 5075 2179 5112 eversum
2206 5080 2219 5112 :
2251 5062 2462 5113 chartas
2491 5061 2815 5115 iundationis
2836 5062 2999 5115 edidit
3023 5060 3192 5115 Lucas
3210 5061 3490 5123 Acheritts,

1941 5128 1993 5180 in
2033 5128 2182 5182 Notis
2222 5131 2285 5181 ad
2330 5130 2502 5183 Vitam
2550 5131 2607 5182 Β.
2657 5129 2938 5184 Laniranci
2976 5131 3171 5183 editam
3216 5138 3340 5181 ante
3378 5129 3492 5198 ejus

1939 5213 2118 5250 onera.

1974 5212 2478 5343 pflrginssumptus
2506 5278 2588 5321 est
2618 5267 2798 5343 abbas
2827 5267 3026 5343 primus
3160 5263 3492 5343 Lanirancus

1941 5348 2079 5385 anno
2129 5335 2262 5387 1062’.
2316 5337 2385 5388 uti
2430 5351 2587 5401 supra
2634 5353 2699 5389 ex
2742 5336 3007 5388 Chronico
3050 5335 3298 5393 Beccensi
3345 5341 3489 5389 retu-

1943 5401 2115 5457 limus.
