4174 6190
645 329 719 383 as
1629 415 1631 418 p
1680 337 1740 390 s.
1769 338 2434 402 ANSELtttCArtwsn.
2485 355 2790 426 suculae.
3771 379 3842 422 oo

643 435 931 493 culatlanis
963 437 1156 515 divina:
1194 441 1402 494 culmen
1432 441 1750 512 ascenderit,
1783 456 1840 500 ut
1875 449 2196 504 obscurissi-

644 542 786 591 mas,
814 537 868 579 et
899 536 1025 582 ante
1055 537 1262 598 tempus
1293 544 1447 587 suum
1487 532 1746 590 insolutas
1781 535 1900 608 [al.,
1933 541 2198 615 insolitas]

642 616 712 670 de
736 615 1017 690 divinitate
1043 615 1137 669 Dei
1167 626 1223 670 et
1249 627 1429 673 nostra
1474 620 1576 675 {ide
1606 625 1944 692 quzcstiones,
1979 631 2086 684 Deo
2118 647 2202 685 re-

641 699 860 787 serante
902 707 1254 774 perspiceret,
1297 723 1359 761 ac
1405 721 1707 779 perspectas
1740 715 2015 782 enodaret,
2046 735 2202 787 aper-

644 797 816 873 tis'tue
847 796 1143 853 rationibus
1165 811 1283 866 quae
1306 799 1517 853 diccbat
1551 811 1663 854 rata
1693 811 1747 856 et
1786 806 2048 861 catholica
2079 824 2199 864 esse

613 877 909 952 'probaret.
960 884 1163 942 Divinis
1209 905 1438 958 namque
1483 891 1774 962 Scripturis
1806 905 2004 962 tantam
2042 900 2198 956 iidem

642 974 928 1029 adhibebat
970 967 1042 1031 ut.
1070 978 1426 1050 indissolubili
1465 981 1715 1038 firmitate
1758 987 1937 1041 cordis
1961 990 2204 1044 crederet

638 1064 773 1118 nihil
801 1066 855 1119 in
882 1067 963 1121 eis
987 1083 1124 1131 esse,
1153 1057 1293 1140 quod
1321 1072 1503 1127 solida:
1528 1076 1769 1144 veritatis
1800 1080 2066 1136 tramitem
2094 1082 2202 1138 ullo

636 1158 800 1210 modo
825 1157 1016 1213 exiret.
1059 1160 1392 1227 Quapropter
1421 1178 1628 1219 summo
1657 1168 1833 1222 studio
1861 1172 2098 1228 animum
2131 1174 2199 1228 ad

637 1245 741 1298 hoc
783 1247 1105 1310 intenderat,
1145 1260 1409 1317 quatenus
1440 1251 1590 1321 juxta
1627 1255 1782 1310 fidem
1813 1273 1963 1318 suam
2005 1265 2201 1318 mentis

597 1334 845 1412 ratione
889 1347 1190 1391 mereretur
1231 1341 1536 1408 percipere,
1584 1360 1703 1410 quae
1749 1345 1802 1399 in
1854 1347 1984 1416 ipsis
2029 1351 2202 1407 sensit

637 1423 801 1480 multa
843 1425 1073 1494 caligine
1114 1436 1249 1485 tecta
1299 1426 1484 1484 latere.
1521 1429 1754 1501 Contigit
1792 1450 1922 1504 ergo
1965 1438 2196 1506 quadam

634 1524 794 1568 nocte
837 1525 895 1568 ut
939 1517 1054 1584 ipse
1094 1518 1146 1569 in
1193 1514 1493 1582 hujnsnmdi
1542 1530 1721 1575 mente
1765 1523 2030 1588 detentus,
2075 1536 2200 1581 ante

593 1603 596 1608 ’
632 1612 926 1658 nocturnas
954 1605 1159 1674 vigilias
1198 1607 1421 1676 vigilans
1450 1609 1504 1662 in
1531 1608 1668 1665 lecto
1695 1611 1917 1678 iaceret.
1947 1622 2002 1668 et
2027 1614 2201 1669 med?-

633 1685 801 1750 tabdo
826 1711 1005 1753 secum
1052 1684 1232 1750 rimari
1283 1709 1568 1755 conaretur
1593 1716 1825 1771 quonam
1872 1708 2043 1760 modo
2075 1720 2201 1774 pro-

631 1785 809 1849 phetat
849 1785 1114 1850 prasterita
1161 1786 1318 1839 simul
1362 1797 1417 1840 et
1462 1788 1660 1854 futura,
1690 1792 1844 1860 quasi
1888 1794 2198 1862 praesentia,
2229 1788 2269 1843 Β

631 1869 759 1926 olim
787 1873 1122 1950 agnoverint.
1152 1882 1206 1926 et
1233 1874 1600 1933 indubitanter
1626 1894 1689 1932 ea
1715 1879 1866 1934 dicto.
1886 1883 1969 1935 vel
1998 1883 2200 1950 scripto

631 1959 968 2026 protulerint.
1021 1961 1086 2033 Et
1113 1977 1240 2016 ecce
1282 1978 1403 2018 cum
1455 1966 1508 2019 in
1550 1967 1634 2022 his
1677 1976 1820 2024 totus
1848 1977 2012 2036 esset,
2045 1980 2101 2026 et
2134 1987 2199 2028 ea

633 2049 931 2117 intelligere
971 2065 1292 2126 magnopere
1324 2053 1673 2119 desideraret,
1706 2058 1896 2112 defixis
1923 2058 2198 2124 oculorum

631 2149 853 2192 suorum
884 2140 1068 2208 radiis,
1096 2141 1228 2197 vidit
1255 2157 1353 2211 per
1377 2145 1579 2197 medias
1603 2147 1864 2200 maceries
1889 2148 2108 2201 oratorii
2132 2162 2199 2202 ac

632 2227 934 2282 donnitorii
966 2231 1276 2292 monachos.
1306 2246 1530 2299 quorum
1561 2233 1662 2288 hoc
1683 2234 1909 2289 ollicium
1935 2247 2069 2300 erat,
2101 2253 2202 2307 pro

570 2328 576 2334 ’
633 2327 888 2386 apparatu
927 2320 1306 2373 matutinarnm
1355 2321 1524 2375 altare
1569 2331 1623 2376 et
1665 2324 1766 2376 alia
1815 2323 1929 2380 loca
1958 2321 2200 2382 ecclesia

634 2407 1023 2474 cicunzeuntes,
1054 2409 1335 2462 luminaria
1377 2399 1751 2476 accendentes,
1777 2423 1830 2466 ct
1857 2415 1924 2467 ad
1957 2415 2198 2469 ultimum

633 2512 799 2550 unum
842 2511 1029 2552 eorum
1059 2506 1268 2564 sumpta
1315 2497 1368 2552 in
1403 2497 1647 2553 manibus
1687 2499 1886 2553 chorda
1928 2515 2026 2569 pro
2054 2499 2197 2556 exci-

633 2585 815 2657 tandis
857 2585 1114 2640 fratribus
1156 2586 1363 2639 scillam
1411 2588 1525 2657 (ll)
1569 2588 1890 2656 pulsantem,
1934 2590 2001 2642 ad
2047 2588 2202 2657 cujus

633 2676 867 2728 sonitum
895 2684 1159 2728 conventu
1199 2674 1422 2728 fratrum
1455 2677 1520 2729 de
1552 2677 1702 2730 lectis
1731 2687 2004 2745 surgente,
2034 2677 2198 2730 mira-

635 2771 722 2819 tus
746 2771 831 2817 est
865 2763 932 2816 de
970 2779 1030 2815 re
1052 2777 1172 2831 qua:
1208 2762 1498 2816 acciderat.
1532 2764 1786 2831 Concepit
1811 2778 1938 2835 ergo
1969 2765 2109 2833 apud
2139 2778 2200 2820 se

631 2853 746 2907 Deo
787 2848 1114 2917 levissimum
1156 2867 1294 2916 esse,
1337 2853 1612 2922 prephetis
1637 2853 1709 2914 in
1746 2853 1935 2922 spiritu
1975 2865 2196 2912 ventura

631 2954 956 3015 monstrare,
987 2959 1109 2998 cum
1137 2944 1242 2998 sibi
1275 2946 1602 2999 concesserit
1631 2959 1750 3012 qua:
1781 2945 1976 2999 iiebant
2000 2961 2095 3015 per
2122 2955 2200 3001 tot

633 3035 910 3089 obstacula
934 3035 1209 3101 corporeis
1233 3034 1400 3088 Oculis
1426 3047 1580 3101 posse
1604 3034 1803 3087 videre.

709 3121 796 3176 ω.
839 3121 973 3175 Hinc
1000 3123 1375 3190 perspicaciori
1399 3122 1623 3178 interius
1649 3113 1921 3190 sapientia:
1943 3123 2060 3177 luce
2077 3139 2196 3193 pcr-

632 3212 803 3268 fusus.
851 3227 1028 3265 mores
1051 3213 1227 3265 omnis
1266 3227 1425 3266 sexus
1464 3221 1528 3265 et‘
1557 3212 1730 3265 :etatis
1761 3213 1831 3264 ita
1861 3213 2199 3268 discretionis

636 3302 848 3356 ratione
883 3309 1213 3356 monstrante
1249 3300 1565 3368 penetravit.
1609 3311 1666 3353 ut
1703 3316 1823 3354 eum
1861 3301 2200 3370 palantinde

634 3399 983 3452 tractantem,
1010 3393 1320 3444 adverteres
1346 3391 1539 3458 cuique
1568 3392 1649 3445 sui
1675 3392 1853 3444 cordis
1883 3407 2079 3447 arcana
2108 3409 2200 3447 re—

633 3479 833 3534 velare.
870 3478 1117 3548 Origines
1157 3480 1372 3546 ittsnper
1410 3489 1461 3532 et
1500 3479 1634 3547 ipsa,
1672 3490 1729 3532 ut
1767 3480 1838 3532 ita
1876 3480 2074 3545 dicam,
2110 3495 2200 3536 se-

636 3573 783 3642 mina
810 3579 968 3636 atque
998 3569 1223 3632 radices,
1256 3582 1353 3622 ncc
1381 3584 1483 3621 non
1515 3584 1795 3637 processus
1822 3571 2063 3623 omnium
2093 3571 2201 3623 viro

636 3669 813 3715 tutum
842 3675 910 3721 ac
934 3661 1186 3715 vitiorum
1215 3660 1516 3731 detegebat,
1557 3669 1606 3724 et
1638 3661 2086 3727 quemadmodmn
2117 3663 2202 3715 vel

636 3749 719 3800 liae
750 3744 870 3816 [al.,
899 3744 1032 3815 lucc]
1069 3746 1310 3812 adipisci,
1346 3747 1424 3798 vel
1465 3747 1590 3801 haec
1612 3747 1835 3802 devitari
1874 3757 1964 3802 aut
1991 3747 2199 3804 devinci

639 3849 857 3914 possent
892 3838 1011 3891 luce
1044 3837 1240 3891 clarius
1264 3837 1540 3891 edocebat.
1569 3836 1794 3891 Tantam
1821 3846 1999 3891 autent
2025 3839 2201 3894 omnis

643 3931 1007 3987 boniconsilii
1037 3929 1140 3982 vim
1176 3929 1227 3982 in
1263 3943 1329 3983 eo
1359 3929 1572 3983 elucere
1603 3944 1874 3992 cerneres,
1909 3938 1968 3981 ut
1999 3929 2200 4010 pectori

635 4023 752 4088 ejus
804 4022 1050 4088 spiritum
1106 4021 1313 4077 consilii
1369 4020 1655 4088 praesidere
1713 4037 1818 4075 non
1877 4020 2198 4087 ambigeres.

638 4111 810 4178 Quam
848 4120 1124 4178 promptus
1161 4124 1287 4162 vero
1323 4119 1483 4177 atque
1513 4109 1760 4161 assiduus
1790 4109 1842 4161 in
1884 4111 2085 4161 sanctis
2109 4123 2204 4164 ex—

636 4204 670 4255 b
696 4189 1026 4255 mulionibus
1057 4199 1237 4264 fuerit,
1278 4214 1666 4268 supervacuum
1714 4208 1795 4252 est
1845 4199 2042 4261 dicere,
2079 4214 2198 4252 cum

636 4291 782 4346 illum
807 4305 1026 4356 semper
1051 4292 1102 4343 in
1135 4291 1263 4357 ipsis
1293 4288 1670 4359 i=.fatig:t|iilem
1698 4305 1884 4344 omnes
1911 4290 2075 4343 ferme
2102 4305 2201 4341 au-

637 4380 846 4433 «fientes
873 4387 1082 4433 constet
1111 4378 1386 4445 fatigasse;
1429 4378 1676 4446 quodque
1702 4379 1897 4432 dicitur
1922 4377 1987 4431 de
2016 4385 2199 4430 sancto

637 4468 887 4530 Martino,
940 4467 1057 4535 ejus
1102 4467 1183 4518 ori
1237 4481 1506 4534 nunquam
1556 4465 1722 4519 defuit
1770 4464 2038 4528 Christus,
2086 4467 2197 4519 sive

632 4560 865 4626 jnstitia,
897 4559 976 4611 vel
1011 4557 1264 4626 quidquid
1300 4559 1366 4611 ad
1401 4572 1580 4610 veram
1621 4557 1785 4609 vitam
1826 4557 2073 4624 pertinet,
2113 4557 2198 4609 in-

640 4659 955 4700 cunctanter
999 4648 1377 4702 codirmemns
1421 4648 1535 4700 sine
1580 4647 1856 4700 mendacio
1900 4662 2054 4715 posse
2092 4647 2198 4701 dici

638 4737 705 4787 de
735 4738 841 4788 iliu.
875 4736 928 4788 lu
974 4738 1055 4788 bis
1085 4736 1198 4788 leve
1226 4748 1306 4790 est
1331 4737 1581 4789 lectorem
1629 4737 1929 4802 advertere,
1971 4750 2092 4789 eum
2133 4737 2200 4790 de

639 4840 822 4878 mensa
861 4825 1090 4888 Domini,
1120 4840 1227 4878 non
1266 4826 1380 4878 sine
1417 4826 1644 4892 quodam
1687 4827 1965 4894 prresagio,
1994 4841 2089 4892 per
2121 4827 2202 4879 vi-

640 4931 758 4971 sum
783 4916 892 4981 jam
919 4918 1045 4969 olim
1073 4919 1237 4970 nitido
1267 4919 1520 4970 refectum
1550 4932 1682 4984 pane
1707 4917 1888 4970 fuisse.

714 5004 800 5054 li.
845 5005 918 5056 De
951 5005 1316 5072 corporalibus
1349 5005 1464 5070 ejus
1491 5004 1781 5067 exercitiis,
1811 5003 2028 5071 jejuniis
2056 5005 2196 5072 dico,

643 5092 969 5169 orationibus
993 5101 1155 5160 atque
1179 5091 1391 5160 vigiliis,
1416 5090 1603 5143 melius
1623 5091 1826 5144 mstimo
1850 5091 2010 5144 silere
2035 5108 2195 5159 qnam

2223 463 2268 519 Α
2297 458 2458 528 loqui.
2491 461 2628 528 Quid
2662 479 2889 534 namque
2922 469 2989 522 de
3018 469 3157 524 illius
3193 471 3398 540 jejunio
3436 477 3687 543 dicerem,
3718 497 3840 538 cum

2298 552 2365 605 ab
2389 553 2542 606 init'o
2569 555 2676 623 (η)
2701 557 2968 622 prioratus
2993 560 3072 612 sui
3101 571 3470 630 tanta'corpus
3491 582 3642 620 suum
3669 568 3840 624 inedia

2299 648 2668 707 macerat-erit,
2699 657 2752 698 ut
2776 662 2879 702 non
2909 649 3080 703 solum
3108 654 3283 710 omnis
3318 655 3559 711 illecebra
3588 661 3722 729 gulae
3750 676 3846 729 pc-

2298 733 2440 786 nitus
2471 735 2521 787 in
2550 749 2615 788 eo
2641 739 2970 801 postmodum
2996 742 3258 795 exstincta
3291 745 3380 808 sit,
3407 748 3498 798 sed
3525 751 3842 811 necJametn

2295 821 2408 873 sive
2433 821 2838 877 delectationem
2862 829 3167 880 comedendi
3199 847 3294 899 pro
3315 833 3470 899 qnavi
3502 835 3842 902 abstinentia,

2298 918 2355 961 ut
2383 909 2564 965 dicere
2592 923 2970 980 consueverat,
3013 917 3297 984 aliquando
3335 931 3624 987 pateretur.
3657 925 3848 979 Come-

2296 999 2456 1052 debat
2501 1008 2673 1054 tamen
2717 1010 2776 1054 ut
2814 1003 2900 1056 alii
2948 1005 3204 1069 homines,
3256 1011 3348 1062 sed
3394 1013 3612 1064 oninino
3658 1028 3845 1078 parce,

2295 1088 2471 1142 sciens
2508 1104 2703 1159 corpus
2734 1108 2886 1146 suum
2916 1095 3032 1148 sine
3058 1097 3190 1149 cibo
3234 1112 3336 1151 non
3367 1114 3520 1166 posse
3557 1101 3847 1154 subsistere

2297 1176 2416 1248 [al.,
2444 1179 2750 1251 sustinere].
2779 1182 2832 1234 In
2858 1184 3187 1237 orationibus
3209 1195 3384 1239 autem
3407 1180 3540 1255 quas
3562 1188 3670 1256 ipse
3691 1190 3845 1258 juxta

2294 1270 2615 1326 desiderium
2663 1283 2712 1327 et
2761 1275 3064 1340 petitionem
3111 1279 3403 1330 amicorum
3446 1260 3662 1332 suorum
3709 1282 3847 1334 scri-

2250 1405 2252 1409 .
2295 1372 2413 1430 ptas
2446 1360 2782 1430 (13)‘edidit,
2815 1380 2918 1433 qua
2955 1367 3329 1440 sollicitudine,
3362 1383 3465 1435 quo
3496 1368 3704 1434 timore,
3742 1387 3847 1436 qua

2293 1467 2410 1523 spe,
2434 1467 2540 1520 quo
2560 1469 2743 1506 amore
2767 1454 2927 1508 Deum
2959 1463 3012 1509 et
3037 1467 3248 1511 sanctos
3269 1457 3382 1524 ejus
3404 1452 3847 1524 interpellaverit,

2297 1547 2396 1594 ne'e
2438 1556 2540 1596 non
2590 1542 3004 1611 interpellandos
3045 1543 3307 1605 docuerit,
3359 1544 3619 1599 satis-est
3663 1553 3715 1597 et
3763 1562 3849 1600 me

2298 1637 2507 1683 tacente
2547 1631 2770 1685 videre:
2803 1631 2873 1686 sit
2918 1633 3073 1685 modo
3119 1633 3209 1700 qui
3249 1633 3330 1686 eis
3370 1633 3455 1702 pie
3493 1634 3750 1697 intendat,
3793 1644 3849 1689 et

2297 1733 2452 1786 spero
2472 1720 2596 1786 quia
2625 1719 2804 1774 cordis
2826 1719 2940 1789 ejus
2964 1721 3233 1784 aﬂ'ectum,
3263 1738 3522 1789 suumque
3548 1723 3846 1790 profectum

2299 1809 2351 1862 in
2382 1809 2484 1861 illis
2508 1817 2562 1862 et
2587 1821 2684 1878 per
2709 1809 2826 1864 illas
2858 1811 3092 1879 gaudens
3132 1812 3404 1880 percipiet.
3445 1812 3580 1877 Quid
3620 1814 3685 1865 de
3717 1814 3848 1882 vigi-

2297 1896 2423 1949 liis?
2450 1895 2615 1950 Totus
2653 1898 2766 1949 dies
2809 1897 2862 1950 in
2908 1898 3093 1951 dandis
3136 1900 3372 1952 consiliis
3415 1901 3706 1967 saepissime
3740 1917 3847 1956 non

2293 1975 2626 2049 sufﬁciebat,
2654 1984 2946 2038 addebatur
2989 1986 3056 2038 ab
3098 1985 3199 2039 hoc
3233 2001 3354 2052 pars
3387 1988 3614 2043 maxima
3651 1987 3844 2044 noctis.

2295 2069 2557 2126 Praeterea
2584 2069 2767 2136 libros,
2791 2071 2880 2138 qui
2909 2081 3033 2124 ante
3057 2071 3108 2124 id
3140 2073 3392 2141 temporis
3424 2073 3583 2126 nimis
3610 2073 3842 2141 corrupti

2296 2157 2493 2229 ubiqite
2540 2163 2803 2213 terrarum
2847 2170 3036 2224 erant,
3077 2170 3231 2215 nocte
3275 2163 3602 2231 corrigebat,
3648 2163 3842 2216 sanc’tis

2297 2247 2729 2300 meditationibus
2751 2246 3048 2308 insistebat,
3071 2263 3136 2301 ex
3163 2249 3606 2316 contemplatione
3627 2266 3846 2302 stnnma

2295 2333 2640 2387 beatitudinis
2681 2340 2736 2386 et
2781 2334 3046 2388 desiderio
3093 2335 3215 2389 vita:
3261 2337 3508 2403 perennis
3558 2338 3847 2392 immensos

2297 2421 2654 2490 lacrymarum
2678 2422 2875 2476 imbres
2893 2422 3216 2478 eﬂnndehat.
3245 2423 3411 2489 Hujus
3434 2426 3553 2478 vita:
3580 2426 3845 2486 miserias.

2296 2523 2513 2577 suaque.
2538 2512 2584 2564 si
2608 2526 2726 2578 qua:
2754 2521 2910 2576 erant
2933 2522 3171 2580 peccata,
3193 2522 3248 2567 et
3267 2514 3488 2567 aliorum
3515 2515 3850 2569 amarissime

2295 2597 2476 2660 flebat,
2507 2606 2562 2649 et
2590 2598 2679 2652 vix
2709 2613 2894 2666 parum
2935 2608 3068 2653 ante
3094 2602 3300 2668 vigilias
3340 2613 3642 2664 nocturnas,
3680 2617 3849 2669 schc-

2296 2698 2402 2754 que
2438 2684 2567 2738 nihil
2604 2685 2775 2739 somni
2813 2686 3074 2755 capiebat.
3116 2687 3330 2743 Talibus
3366 2689 3552 2743 studiis
3591 2689 3695 2742 vita
3730 2689 3850 2757 ej-ts

2295 2774 2606 2841 ornabatur.
2676 2837 2678 2839 ν
2742 2836 2743 2839 η

2367 2865 2454 2922 l2.
2492 2863 2737 2934 Qualiter
2763 2872 2938 2918 autem
2967 2879 3092 2932 erga
3123 2865 3362 2919 subditos
3392 2881 3451 2920 se
3480 2866 3729 2929 habebat,
3759 2865 3852 2926 det

2299 2955 2438 3017 Deus
2481 2954 2548 3006 ad
2590 2952 2982 3008 aemulationem
3025 2954 3361 3022 prtelatorutn
3403 2969 3558 3023 posse
3598 2954 3724 3023 quid
3767 2956 3854 3023 vel

2298 3045 2562 3098 modicum
2587 3043 2710 3097 dici.
2740 3043 2872 3097 Cum
2903 3043 3130 3111 primum
3161 3043 3320 3111 igitur
3350 3043 3498 3111 prior
3531 3043 3702 3096 factus
3725 3042 3832 3096 fuis

2298 3143 2398 3202 set,
2433 3134 2646 3201 quidam
2677 3131 2871 3188 fratres
2907 3132 3071 3199 ipsius
3091 3130 3318 3186 cmnubii
3360 3130 3483 3184 facti
3521 3141 3648 3184 sunt
3674 3131 3850 3204 mutuli

2295 3223 2434 3290 ejus,
2464 3223 2704 3274 videntes
2738 3227 2792 3272 et
2823 3219 3046 3272 videndo
3076 3218 3368 3272 invidentes
3405 3218 3550 3270 illum
3590 3219 3846 3286 prteponi.

2294 3325 2451 3377 quem
2470 3308 2621 3377 juxta
2648 3305 3012 3360 conversionis
3032 3306 3272 3358 ordinem
3295 3304 3605 3371 judicabant
3631 3306 3730 3358 sibi
3760 3306 3844 3358 tie-

2293 3398 2421 3450 bere
2467 3395 2730 3464 postponi.
2783 3392 2965 3461 Itaque
3003 3393 3225 3455 turbati,
3273 3391 3513 3460 aliosque
3558 3394 3852 3464 turbantes,

2295 3487 2540 3540 scandala
2583 3494 2825 3546 movent,
2867 3484 3224 3536 dissensiones
3260 3483 3503 3551 pariunt,
3541 3492 3714 3535 sectas
3746 3497 3876 3535 ηυ-

2265 3579 2484 3638 -ἰιιίιιιιι,
2530 3575 2650 3626 odia
2699 3573 2879 3626 fovent
2908 3590 2922 3623 :
2951 3583 3006 3623 at
3050 3573 3158 3640 ipse
3201 3588 3321 3624 cum
3372 3573 3454 3625 his
3490 3573 3576 3644 qui
3617 3572 3853 3641 oderunt

2297 3679 2502 3732 pacem,
2537 3672 2653 3715 erat
2678 3662 2931 3731 paciﬁcus
2956 3659 3124 3727 (Paul.
3153 3675 3298 3722 cxtx,
3329 3661 3403 3728 7),
3431 3669 3484 3716 et
3507 3655 3849 3724 detractionig

2298 3755 2396 3806 bus
2417 3767 2602 3805 eorum
2635 3751 2889 3804 reddebat
2926 3749 3094 3803 ollicia
3132 3749 3380 3803 fraternze
3408 3749 3703 3810 charitatis,
3738 3763 3852 3801 ma-

2296 3844 2411 3899 lens
2441 3843 2651 3893 vincere
2690 3841 2944 3892 malitiatn
2977 3841 3031 3894 in
3069 3842 3230 3902 bono,
3265 3855 3424 3907 quam
3463 3855 3491 3890 a
3525 3839 3724 3891 malitia
3761 3852 3853 3901 eos

2299 3946 2414 3983 rum
2441 3931 2576 3982 vinci
2621 3931 2671 3982 in
2713 3929 2850 3982 malo
2879 3927 3052 3997 (Rom.
3082 3945 3178 3991 sit,
3203 3930 3314 3996 2t).
3355 3927 3541 3994 Quod,
3564 3930 3855 3983 miserante

2300 4019 2428 4082 Deo,
2461 4018 2656 4072 factum
2684 4027 2790 4080 est.
2824 4020 3084 4086 siquidem
3117 4019 3188 4091 illi
3220 4020 3702 4093 animadvertentes
3730 4032 3854 4070 eum

2297 4109 2617 4163 omnimodis
2644 4123 2772 4175 pure
2801 4122 2865 4160 ac
2889 4107 3200 4176 simpliciter
3241 4107 3293 4160 in
3320 4107 3529 4160 cunctis
3552 4105 3855 4158 actionibus

2299 4201 2413 4255 suis
2451 4199 2718 4258 incedere,
2747 4213 2917 4265 neque
2954 4196 3093 4265 quod
3130 4197 3254 4264 jure
3277 4195 3635 4271 blasphemari
3677 4202 3858 4262 posset

2301 4290 2353 4343 in
2385 4289 2474 4340 illo
2516 4288 2772 4348 residere,
2814 4286 2948 4338 mala
2980 4286 3252 4340 voluntate
3293 4285 3344 4338 in
3384 4287 3574 4338 bonam
3617 4273 3856 4347 mutata:

2300 4379 2442 4432 dicta
2469 4377 2582 4443 ejus
2614 4387 2665 4430 et
2702 4375 2840 4431 facta
2876 4377 2927 4428 in
2959 4376 3099 4429 bono
3127 4374 3361 4430 zeumlari
3393 4387 3623 4444 coepere.
3660 4371 3855 4425 Verum

2300 4478 2352 4522 ut
2392 4469 2594 4522 clareat
2631 4483 2736 4535 quo
2776 4476 2930 4534 pacto
2973 4467 3026 4519 id
3069 4466 3393 4535 provenerit,
3429 4481 3589 4517 unum
3629 4479 3694 4517 ex
3728 4461 3857 4529 ipsis

2297 4558 2524 4625 exempli
2567 4558 2736 4626 gratia
2787 4557 3010 4624 ponam,
3051 4561 3313 4624 quatenus
3357 4538 3537 4622 agnito
3581 4568 3704 4628 quo,
3733 4550 3859 4607 dolo

2298 4649 2534 4705 Anselmi
2564 4666 2592 4700 a
2625 4663 2720 4700 sua
2746 4648 3007 4715 pravitate
3034 4647 3104 4699 sit
3135 4643 3398 4707 mutatus,
3416 4644 3645 4712 qualiter
3676 4653 3730 4696 et
3764 4642 3853 4695 alii

2299 4753 2395 4806 per
2419 4753 2538 4789 eum
2566 4736 2790 4788 correcti
2823 4736 2949 4797 sint,
2987 4735 3363 4801 pcrpendatur.

2373 4827 2457 4880 13.
2499 4825 2771 4880 Osbernus
2805 4825 3020 4893 quidam
3060 4823 3308 4882 nomine,
3346 4832 3504 4874 actate
3541 4819 3856 4872 adolescen-

2300 4917 2470 4979 tulus,
2515 4915 2678 4983 ipsius
2718 4923 2833 4965 erat
2883 4911 3188 4965 monasterii
3239 4911 3528 4963 monachus
3573 4927 3585 4959 :
3642 4907 3864 4976 ingenio,

2299 5006 2511 5075 quidem
2551 5018 2734 5071 sagax,
2765 5011 2818 5055 et
2855 5001 3160 5054 artiﬁciosis
3197 5001 3261 5052 ad
3299 5001 3506 5052 diversa
3541 5013 3700 5072 opera
3741 4997 3860 5064 pol:

2300 5095 2414 5148 lens
2460 5094 2724 5153 manibus,
2778 5092 2972 5144 bonam
3018 5091 3072 5143 in
3118 5106 3178 5144 se
3223 5091 3370 5143 bona:
3417 5089 3528 5156 spei
3575 5089 3856 5142 btaterjaut

1899 5223 2308 5281 ilENSCllENll
2351 5225 2573 5280 NOTAE.

713 5341 820 5404 (ll)
863 5337 1079 5396 Scillaa,
1110 5336 1209 5388 alia
1253 5338 1452 5403 Squilla
1495 5345 1543 5388 et
1584 5336 1757 5389 Skclla
1798 5351 1859 5387 cx
1902 5337 2195 5390 Teutonica

643 5408 818 5476 lingua
844 5405 1122 5476 _stguificat
1172 5405 1376 5476 nolani;
1427 5417 1672 5458 auctores
1711 5408 1828 5476 vide
1867 5406 1931 5457 12
1974 5406 2096 5458 Feb.
2132 5407 2196 5459 ad

643 5473 815 5527 Vitam
838 5473 897 5528 S.
916 5473 1183 5527 Benedicti
1218 5474 1558 5535 Attiancnsis,
1589 5492 1734 5529 num.
1760 5475 1847 5526 58.

715 5544 824 5609 (ἱῖ)
863 5544 942 5595 Ab
971 5558 1110 5596 anno
1141 5542 1337 5596 Christi
1381 5543 1510 5594 t063
1542 5559 1705 5610 usque
1735 5547 1796 5596 ad
1826 5558 2021 5594 annum
2063 5543 2196 5597 i073

646 5627 740 5706 per
767 5627 938 5679 annos
965 5612 1286 5706 quindecim.

2376 5339 2485 5406 (I3)
2527 5337 2729 5389 Forsan
2765 5345 2886 5388 sunt
2915 5330 3395 5406 Alloquiurarleatin
3418 5347 3510 5406 seu
3536 5333 3720 5406 [arma
3745 5335 3857 5406 pio~

2309 5399 2419 5458 runt
2451 5399 2728 5473 affectuum
2753 5421 2872 5472 ergo
2912 5399 3096 5473 Deum,
3128 5399 3706 5473 (arrisumDominum,
3735 5401 3858 5452 Dci-

2305 5468 2509 5540 pm-um,
2537 5474 2723 5527 ca’litcs
2753 5468 3057 5538 complures,
3099 5484 3128 5522 a
3159 5468 3431 5522 Bainaudo
3461 5470 3616 5521 edita:
3662 5483 3690 5520 a
3729 5485 3852 5540 pag.

2313 5545 2423 5618 ειη.
