4174 6222
340 338 416 392 ιτ
1236 316 1239 339 "
1333 329 1488 384 \‘lTA
1519 327 1852 385 AUCTOllh‘.
1885 325 1904 378 ι

1996 322 2233 376 meno.
2268 351 2335 359 —
2362 319 2489 374 ιω.
2524 319 2562 381 t.
3044 384 3049 389 ,
3511 323 3581 376 rs

339 445 691 515 pneferebat.
709 443 812 499 Sed
834 458 1008 511 mores
1028 443 1119 510 qui
1145 443 1196 496 in
1221 458 1285 494 eo
1308 441 1454 493 valde
1472 442 1709 508 perversi
1734 447 1907 499 erant,
1940 438 1986 491 Α
2013 432 2161 492 mini,
2193 428 2285 501 [aL
2314 429 2487 499 autin]
2517 443 2637 481 cum
2662 435 2752 480 anl
2797 442 2860 479 ex
2898 428 3177 497 languore,
3199 438 3291 481 aut
3320 445 3384 483 ex
3415 432 3575 487 nimia

338 537 452 590 ista
500 536 718 589 multum
758 533 1161 592 decolorabant,
1202 537 1259 583 et‘
1296 530 1512 599 insuper
1553 530 1733 583 odium
1772 526 1911 595 quod

334 629 571 681 omnino
614 640 764 677 more
802 624 992 676 canino
1030 631 1215 676 contra
1255 620 1563 673 Aoselmum
1604 619 1907 672 exercebat.

334 716 499 781 Quod
536 715 717 766 odium
756 699 1011 780 quantum
1050 711 1115 763 ad
1160 725 1217 764 se
1256 708 1538 767 Anseloius
1578 722 1682 762 non
1731 706 1908 774 magni

330 804 613 874 pendens;
645 806 735 855 sed
768 812 940 855 tamen
972 816 1147 853 mores
1176 799 1317 852 illius
1340 799 1621 853 concinere
1643 797 1761 869 [11].,
1785 814 1911 875 con-

330 893 552 964 veoire]
595 893 873 961 sagacitati
916 892 1112 959 ingenii
1152 890 1267 961 ejus
1311 903 1629 958 magnopere
1667 890 1905 958 cupiens,

334 982 505 1049 ctepit
534 984 767 1050 quadam
807 990 991 1035 sancta
1030 980 1321 1034 calliditate
1357 994 1580 1048 puerum
1620 979 1721 1048 piis
1756 978 1910 1033 blan-

339 1070 599 1123 dimentis
639 1070 882 1132 delinire,
913 1070 1134 1139 puerilia
1177 1068 1315 1124 facta
1355 1070 1471 1140 ejus
1508 1071 1736 1140 benigne
1777 1069 1907 1124 tole-

342 1173 483 1223 rare,
526 1159 694 1212 multa
737 1160 839 1211 nisi
881 1175 999 1225 qua:
1040 1161 1154 1213 sine
1183 1158 1389 1213 ordinis
1418 1159 1742 1213 detrimento
1772 1158 1903 1212 tole-

340 1248 444 1301 rari
496 1256 749 1316 poterant
786 1249 1103 1309 concedere,
1135 1248 1187 1302 in
1216 1248 1410 1316 quibus
1436 1257 1489 1301 et
1515 1259 1647 1301 astas
1671 1247 1785 1313 ejus
1809 1247 1903 1302 de-

332 1336 653 1404 lectaretur,
708 1346 763 1390 et
813 1334 1028 1389 effrenis
1073 1337 1283 1389 animus
1331 1337 1383 1389 in
1440 1335 1904 1413 mansuetudinem

333 1436 681 1505 curvaretur.
713 1424 918 1480 Gaudet
943 1441 1079 1505 puer
1119 1428 1173 1481 in
1203 1427 1417 1491 talibus,
1444 1437 1497 1481 et
1523 1427 1720 1483 sensim
1747 1442 1775 1498 ᾳ
1806 1442 1902 1481 sua

330 1501 563 1568 feritate
593 1514 711 1585 [0].,
744 1501 986 1588 veritate]
1027 1517 1193 1587 ipsius
1232 1518 1531 1573 demittitur
1560 1520 1788 1573 animus.
1822 1519 1905 1573 ln-

330 1604 463 1674 cipit
487 1606 808 1660 Anselmnni
833 1607 1073 1678 diligere,
1101 1606 1216 1675 ejus
1243 1609 1441 1663 monita
1469 1609 1761 1677 suscipere,
1790 1625 1906 1662 ino-

329 1708 418 1749 res
443 1711 579 1751 suos
607 1711 951 1766 componere.
996 1698 1146 1765 Quod
1174 1698 1263 1753 ille
1302 1700 1532 1763 intuens,
1561 1714 1670 1767 prae
1693 1700 1903 1756 etc-teris

329 1801 452 1841 eum
484 1788 829 1843 familiariter
854 1790 1193 1858 amplectitur
1222 1790 1318 1862 [αι.
1383 1790 1577 1861 omit.],
1607 1791 1790 1853 nutrit,
1822 1790 1904 1845 fo-

330 1884 440 1943 vet,
468 1884 530 1931 et
559 1885 613 1928 ut
646 1891 861 1945 semper
887 1862 938 1930 in
966 1877 1157 1931 melius
1180 1878 1429 1947 proﬁciat
1452 1878 1698 1933 omnibus
1727 1879 1902 1935 modis

332 1963 589 2018 hor.atur
612 1966 942 2025 etinstrnit.
986 1968 1188 2023 Dehinc
1225 1967 1480 2038 paulatim
1523 1969 1571 2022 ei
1614 1983 1735 2038 quas
1772 1984 1902 2023 eon-

330 2062 580 2110 cesverat
617 2055 862 2123 puerilia,
902 2057 1197 2120 subtrahit;
1239 2073 1469 2127 eumque
1511 2058 1576 2110 ad
1620 2058 1900 2121 lipnestam

330 2157 545 2197 morum
577 2144 938 2199 maturitatem
969 2147 1261 2213 provehere
1288 2146 1503 2215 satagit.
1534 2143 1648 2198 Non
1675 2144 1901 2199 frustra-

337 2238 427 2287 tur
453 2221 547 2299 pia
582 2231 887 2286 sollicitudo
914 2233 1053 2302 ejus,
1085 2234 1372 2303 proficiunt
1404 2236 1455 2288 in
1483 2234 1680 2302 juvene
1713 2250 1777 2290 ac
1808 2250 1897 2289 ro-

340 2320 599 2375 borantur
630 2337 779 2376 sacra
809 2324 1006 2377 monita
1052 2324 1185 2393 ejus.
1231 2324 1370 2395 Ergo
1408 2326 1497 2381 ubi
1539 2326 1605 2379 de
1650 2326 1898 2381 firmitate

340 2408 467 2462 boni
502 2410 657 2463 studii
688 2410 1045 2465 adolescentis
1086 2426 1143 2467 se
1180 2427 1336 2481 posse
1362 2412 1631 2467 confidere
1658 2412 1901 2467 animad-

342 2500 533 2561 vertit.
574 2515 693 2554 mox
731 2515 921 2555 omnes
958 2502 1193 2569 pueriles
1227 2512 1380 2557 actus
1408 2503 1462 2557 in
1494 2516 1559 2556 eo
1589 2510 1814 2567 resecat,
1843 2512 1898 2557 et

337 2584 385 2641 si
408 2589 540 2653 quid
558 2592 992 2659 reprehensionis
1014 2606 1135 2647 eum
1161 2593 1443 2647 admittere
1472 2594 1755 2659 comperit,
1786 2607 1895 2648 non

331 2677 493 2732 modo
538 2681 734 2743 verbis,
773 2683 866 2735 sed
904 2689 960 2735 et
1001 2681 1313 2738 Verberibus
1351 2684 1405 2737 in
1445 2697 1511 2737 eo
1555 2683 1752 2738 acriter
1778 2682 1894 2756 [αι.

337 2763 534 2838 actias]
567 2769 821 2822 vindicat.
845 2769 981 2837 Quid
999 2770 1120 2826 ille?
1146 2770 1540 2840 Equanimiter
1564 2782 1752 2828 cuncta
1778 2788 1897 2829 sus-

318 2852 500 2916 'tlnet,
545 2854 897 2910 conﬁrmatur
947 2858 998 2912 in
1052 2860 1328 2928 proposito
1377 2860 1554 2914 omnis
1600 2860 1894 2930 religionis,

344 2940 510 2997 fervet
536 2944 591 2997 in
622 2945 884 3001 exercitio
917 2946 1181 3001 discenda:
1209 2948 1384 3002 omnis
1411 2956 1610 3002 sancta:
1646 2948 1892 3011 actionis.

2012 520 2286 585 sanguinis
2332 517 2626 571 munitione
2669 516 2826 568 fuerit
2870 517 3231 582 exanimatus,
3282 519 3345 570 ad
3390 535 3449 573 se
3499 538 3579 577 re-

2012 611 2213 663 deunti.
2242 609 2320 663 Ad
2341 625 2497 677 quem
2525 619 2677 679 pater
2702 625 2715 662 :
2742 610 2877 675 Quid
2904 621 3005 676 est,
3048 610 3156 683 fili?
3182 610 3459 675 Quomodo
3484 617 3579 668 es?

2009 698 2106 752 Cui
2137 699 2223 752 ille
2252 699 2364 752 haec
2391 700 2549 751 verba
2591 700 2900 768 respondit:
2940 701 3028 753 Ille
3058 702 3313 770 antiquus
3355 718 3578 770 serpens

2012 802 2093 845 ter
2117 789 2407 844 insurrexit
2434 790 2484 842 in
2515 805 2620 853 me,
2648 802 2703 844 et
2729 799 2811 843 ter
2832 791 3025 845 cecidit
3054 794 3104 845 in
3130 794 3494 863 semetipsum.
3521 802 3577 847 et

2010 880 2252 935 ursarius
2283 880 2492 933 Domini
2524 880 2615 933 Dei
2643 880 2890 934 liberavit
2924 895 3027 934 me.
3056 864 3179 947 Quo
3208 885 3349 937 dicto
3377 883 3569 935 Ansel-

2009 988 2128 1027 mus
2157 972 2342 1026 oculos
2369 986 2395 1022 a
2422 986 2610 1024 somno
2640 972 2851 1036 levavit,
2885 982 2937 1026 et
2965 972 3236 1026 Osbernus
3279 990 3381 1028 non
3420 990 3571 1027 com-

2006 1063 2202 1130 paruit.
2254 1060 2329 1114 En
2375 1061 2736 1114 obedientiam
2787 1072 3029 1117 mortuus
3078 1063 3199 1116 vivo
3243 1067 3564 1129 exhibebat,

2006 1168 2165 1221 quam
2200 1152 2384 1206 vivens
2414 1152 2612 1207 viventi
2638 1153 2896 1207 exhibere
2923 1154 3110 1209 solitus
3136 1163 3254 1209 erat
3284 1153 3400 1225 [aI.,
3430 1157 3567 1211 sole-

2006 1242 2142 1313 bal].

2078 1334 2165 1388 l3.
2207 1333 2356 1400 Quod
2382 1333 2427 1387 si
2453 1334 2718 1402 quispiam
2742 1333 2927 1388 audire
2950 1334 3172 1389 voluerit
3202 1335 3432 1404 qualiter
3456 1337 3568 1391 lucc

2003 1422 2305 1479 obedientis
2335 1422 2498 1499 verba
2524 1421 2784 1483 defuncti,
2821 1421 2936 1491 ipse
2974 1422 3257 1478 Anselmus
3291 1425 3453 1478 fuerit
3485 1425 3567 1479 in-

2006 1522 2349 1584 terpretatus,
2394 1512 2540 1568 brevi
2582 1516 2953 1569 accommodet
2983 1530 3162 1570 aures.
3198 1516 3323 1581 Ter,
3368 1518 3565 1587 inquit,

2002 1604 2254 1673 antiquus
2277 1616 2501 1671 serpens
2524 1602 2817 1657 insurrexit
2845 1603 2899 1659 in
2923 1619 3065 1669 eum,
3090 1606 3213 1675 quia
3245 1608 3309 1660 de
3333 1609 3568 1677 peccatis

2001 1708 2119 1762 quae
2162 1700 2282 1760 post
2325 1691 2649 1760 baptismum
2696 1692 3008 1765 priusquam
3060 1709 3090 1748 a
3140 1680 3450 1764 parentibus
3498 1698 3564 1751 ad

2003 1782 2279 1837 servitium
2308 1781 2399 1836 Dei
2429 1782 2483 1834 in
2510 1781 2891 1836 monasterium
2917 1782 3201 1838 olferretnr
3223 1782 3317 1856 [αι.
3369 1784 3564 1857 mni”,

2002 1873 2362 1936 commiserat,
2411 1870 2559 1925 illum
2603 1871 2844 1939 diabolus
2884 1874 3183 1938 accusavit;
3226 1875 3293 1928 de
3318 1878 3579 1945 peccatis

2001 1964 2162 2015 etiam
2186 1979 2304 2030 qua:
2330 1969 2449 2030 post
2468 1961 2789 2015 oblationem
2812 1972 3091 2031 parentum
3114 1974 3241 2019 ante
3265 1980 3414 2019 suam
3440 1982 3565 2035 pro-
3644 1981 3652 1988 ·

2004 2050 2284 2104 fessionem
2328 2050 2549 2114 fecerat,
2594 2050 2739 2103 illum
2782 2052 3088 2116 accusavit;
3120 2053 3186 2107 de
3214 2056 3449 2122 peccatis
3482 2056 3566 2110 ni-

2000 2139 2306 2200 hilominus,
2332 2154 2451 2207 qua:
2477 2148 2595 2208 post
2619 2138 3001 2207 professionem
3028 2151 3153 2195 ante
3177 2144 3377 2197 obitum
3406 2160 3561 2199 suum

1999 2238 2201 2294 egerat.
2245 2228 2390 2281 illum
2428 2229 2724 2282 accusavit.
2773 2228 2877 2283 Sed
2926 2239 3006 2284 ter
3047 2232 3240 2285 cecidit
3270 2233 3323 2294 in
3367 2243 3566 2291 semot-

2001 2318 2195 2386 ipsum,
2219 2319 2343 2387 quia
2370 2327 2586 2386 peccata
2628 2332 2747 2387 qua:
2790 2318 2843 2371 in
2887 2319 3082 2373 sa-culo
3117 2320 3438 2377 constitutus
3468 2324 3591 2377 adt

1999 2406 2240 2467 miserat,
2278 2422 2373 2476 per
2399 2408 2555 2463 fidem
2592 2417 2896 2476 parentum,
2926 2410 3141 2479 quando
3163 2426 3286 2465 enin
3327 2412 3435 2467 Deo
3468 2415 3565 2468 ob-

1999 2498 2251 2561 tulerunt,
2274 2498 2445 2553 deleta
2478 2498 2698 2552 invenit.
2722 2498 2790 2553 Et
2815 2509 3055 2566 peccata,
3079 2516 3196 2569 qua:
3221 2495 3562 2573 postmodum

1999 2587 2051 2640 in
2084 2587 2412 2640 monasterio
2438 2588 2635 2656 degens
2661 2598 2782 2643 ante
2813 2603 2964 2643 suam
2995 2590 3384 2658 professionem
3420 2593 3565 2649 fece-

1999 2686 2102 2740 rat,
2126 2676 2179 2729 in
2209 2678 2323 2745 ipsa
2350 2675 2681 2744 professione
2701 2676 2871 2730 deleta
2901 2677 3120 2732 invenit.
3146 2677 3369 2734 Pcccata
3396 2680 3560 2734 etiam

1997 2780 2117 2834 qua:
2157 2775 2276 2835 post
2320 2763 2703 2834 professioiiem
2747 2775 2873 2819 ante
2913 2766 3118 2820 obitum
3155 2781 3312 2821 suum
3351 2778 3562 2836 egerat,

1997 2871 2093 2925 per
2120 2870 2296 2909 veram
2332 2855 2743 2919 confessionem,
2773 2864 2829 2910 et
2851 2854 3240 2924 'pmnitentiam
3278 2853 3455 2912 deleta
3482 2866 3566 2911 ato

1995 2944 2359 3015 quedimissa
2407 2948 2460 3001 in
2504 2948 2621 3016 ipso
2660 2948 2778 3016 ejus
2819 2944 3262 3003 obituiconfusus
3306 2947 3509 3017 invenit
3544 2963 3558 2998 :

340 3028 520 3086 suffert
568 3033 836 3101 patienter
882 3033 1107 3087 aliorum
1154 3035 1534 3098 contumelias,
1582 3036 1890 3105 opprobria,
1922 3037 2180 3131 c-sicque
2220 3036 2484 3108 malignus
2527 3037 2646 3109 [αι.
2676 3035 2955 3110 malignas]
2994 3039 3258 3092 versutias
3286 3052 3414 3091 suas
3441 3038 3563 3105 qni-

336 3119 718 3185 detractiones,
759 3136 983 3177 servans
1019 3136 1145 3191 erga
1184 3138 1371 3179 omnes
1393 3124 1641 3181 allectum
1670 3126 1893 3180 sincera:

331 3205 653 3263 dilectionis.
686 3208 919 3264 Lzetatur
960 3219 1110 3279 pater
1154 3212 1207 3266 in
1253 3212 1359 3277 his,
1404 3213 1540 3267 ultra
1586 3229 1746 3282 quam
1784 3214 1893 3268 dici

330 3295 534 3363 possit.
567 3303 623 3348 et
651 3296 820 3364 diligit
848 3296 1013 3352 lilium
1051 3308 1236 3353 sancto
1260 3301 1541 3355 cliaritatis
1571 3302 1711 3370 igne,
1744 3302 1890 3369 plus-

327 3396 496 3450 quam
705 3383 886 3452 possit.
1406 3417 1413 3424 -
1834 3380 1835 3385 ¹

400 3471 493 3528 ﬂ.
535 3471 643 3527 Sed
667 3488 789 3527 cum
818 3474 929 3543 ipse
955 3477 1035 3543 (ut
1064 3475 1196 3531 ﬂens
1226 3475 1511 3544 referebat)
1538 3491 1660 3531 eum
1685 3479 1755 3534 ad
1780 3486 1897 3533 mas

332 3576 495 3626 gnum
555 3561 809 3621 Eccbsiae
858 3564 1087 3620 fructum
1139 3565 1397 3635 proficere
1445 3577 1715 3636 speraret,
1761 3584 1894 3625 ecce

331 3652 481 3718 gravi
506 3653 751 3721 corporis
788 3653 1100 3711 infirmitate
1125 3658 1448 3727 przeripitur,
1474 3658 1717 3727 lectoque
1758 3662 1894 3715 reei-

332 3738 501 3804 pitur.
534 3739 751 3797 Videres
774 3739 893 3812 [al.,
923 3742 1128 3814 videns]
1159 3754 1286 3798 tunc
1315 3745 1511 3798 bonum
1542 3756 1748 3815 patrem
1776 3747 1893 3803 feli-

337 3827 419 3882 cis
449 3830 657 3898 juvenis
705 3832 970 3897 anticum,
1024 3834 1164 3891 lecto
1206 3836 1443 3904 jacentis
1483 3836 1573 3890 die
1625 3847 1891 3907 noctuque

336 3923 592 3988 assidere.
630 3925 809 3982 cibum
832 3934 889 3981 et
915 3935 1096 3997 potita)
1140 3928 1485 3992 ministrare;
1518 3930 1762 3985 omnium
1784 3931 1891 4003 nii—

333 4014 626 4085 niszrorum
665 4030 826 4086 super
852 4031 914 4072 se
941 4018 1237 4073 ministeria
1264 4023 1559 4091 suscipere,
1588 4022 1700 4075 veri
1730 4022 1890 4076 amici

260 4136 261 4139 η
333 4115 536 4155 morem
566 4101 619 4155 in
643 4102 890 4158 omnibus
909 4118 1125 4169 gerere;
1153 4105 1264 4174 ipse
1282 4120 1494 4174 corpus,
1522 4107 1634 4175 ipse
1656 4108 1891 4163 animam

331 4188 447 4257 ejus
473 4189 867 4246 studiosissime
892 4192 1184 4249 refovebat.
1215 4194 1676 4267 Appmpinquanti
1712 4208 1890 4253 autem

306 4278 398 4345 .ad
426 4278 632 4333 exitum
655 4279 902 4335 familiari
932 4284 1185 4351 prmcepit
1205 4285 1459 4354 alloquio,
1485 4294 1749 4355 quatenus
1772 4297 1892 4356 past

1996 3126 2096 3179 bus
2121 3140 2243 3179 eum
2273 3126 2338 3178 ad
2371 3127 2711 3193 peccandum
2754 3126 3017 3190 illexerat,
3060 3125 3206 3193 justo
3243 3126 3333 3179 Dei
3354 3124 3561 3193 judicio

1994 3215 2049 3268 in
2076 3230 2135 3269 se
2178 3215 2244 3267 ad
2290 3214 2560 3267 cumulum
2608 3228 2718 3267 suae
2747 3214 3108 3268 damnationis
3134 3215 3433 3281 retorqueri
3479 3215 3560 3267 in-

1992 3303 2213 3371 gemuit.
2248 3302 2313 3356 Et
2346 3302 2589 3355 ursarius
2623 3302 2832 3356 Domini
2866 3303 2957 3357 Dei
2991 3302 3391 3358 liberavit'eum
3421 3318 3435 3354 :
3470 3316 3563 3355 ur.

1992 3392 2119 3446 sarii
2160 3392 2253 3445 Dei
2274 3432 2289 3455 ,
2331 3392 2457 3445 boni
2493 3392 2667 3462 angeli
2699 3401 2844 3446 sunt.
2878 3392 3033 3447 Sicut
3063 3392 3207 3446 enim
3242 3392 3436 3446 ursarii
3470 3407 3561 3446 ur-

1994 3497 2103 3546 sos,
2156 3482 2228 3535 ita
2275 3483 2448 3551 angeli
2495 3482 2759 3553 malignos
2806 3483 3078 3547 dannones
3124 3497 3154 3536 a
3206 3497 3303 3536 sua
3354 3483 3560 3536 saevitia

1991 3583 2242 3626 coercent
2272 3580 2327 3625 et
2357 3573 2699 3640 opprimunt,
2733 3587 2799 3625 ne
2834 3570 2989 3625 nobis
3017 3579 3243 3626 noceant
3276 3569 3400 3641 [al.,
3434 3580 3558 3624 tan-
3652 3599 3657 3603 ~

1994 3674 2106 3718 tum
2136 3660 2409 3732 noceant],
2436 3670 2694 3729 quantum
2720 3660 2924 3715 volunt.

2065 3751 2146 3805 l6.
2192 3751 2317 3805 Post
2348 3752 2460 3805 haec
2485 3749 2771 3805 Anselmus
2797 3759 2851 3803 ut
2882 3754 3085 3823 saneta:
3108 3748 3409 3804 dilectionis
3434 3764 3522 3805 mu
3540 3775 3552 3789 -

1997 3857 2096 3896 nus
2121 3842 2262 3909 quod
2290 3840 2411 3894 vivo
2442 3840 2794 3910 impenderat,
2823 3850 3033 3895 mortuo
3055 3854 3161 3894 non
3193 3847 3432 3911 negaret,
3467 3854 3562 3907 per

1997 3931 2263 4001 integrum
2306 3946 2502 3985 annum
2546 3931 2761 3985 missam
2788 3945 2884 3999 pro
2912 3930 3089 3983 anima
3136 3927 3253 3994 ejus
3293 3928 3437 3980 omni
3472 3928 3561 3982 die

1990 4020 2304 4076 celebravit.
2343 4020 2495 4086 Quod
2524 4019 2569 4073 si
2616 4018 2903 4086 aliquando
2928 4032 2959 4071 a
3002 4016 3362 4073 celebratione
3393 4016 3562 4084 ipsius

1991 4107 2315 4164 sacramenti
2342 4107 2753 4176 impediebatur,
2783 4122 2879 4161 eos
2908 4108 2999 4173 qui
3031 4106 3225 4161 missas
3267 4104 3562 4159 familiares

1993 4196 2281 4264 debebant,
2310 4209 2459 4248 suam
2484 4209 2580 4263 pro
2603 4194 2779 4248 anima
2808 4193 2989 4248 fratris
3019 4193 3234 4269 missam
3262 4193 3441 4247 dicere
3478 4193 3573 4245 fa-

1994 4288 2198 4350 ciebat;
2224 4286 2279 4347 et
2299 4286 2413 4354 ipse
2440 4286 2633 4339 missas
2659 4299 2867 4347 eorum,
2888 4285 3014 4339 dum
3035 4294 3389 4353 opportunum
3420 4292 3557 4345 erat,

339 4366 532 4420 obitum
562 4383 718 4449 suum
746 4368 790 4423 si
822 4371 1073 4439 possibile
1097 4372 1255 4438 foret,
1285 4388 1442 4428 suum
1466 4388 1583 4429 esse
1608 4376 1710 4431 sibi
1739 4392 1892 4431 reve-
1920 4385 1967 4443 ι)
1992 4383 2119 4429 ante
2158 4375 2383 4427 missam
2434 4372 2515 4427 sui
2554 4371 2791 4427 defuncti
2837 4373 2939 4427 alia
2983 4372 3146 4426 missa
3196 4371 3556 4441 persolvebat.

342 4452 480 4511 latet.
533 4457 860 4527 Spopondit.
907 4469 962 4514 et
1007 4464 1237 4517 transiit.
1288 4463 1495 4534 Corpus
1540 4466 1775 4521 defuncti
1822 4482 1887 4523 ex

339 4557 479 4611 more
522 4546 720 4612 lotum,
764 4550 1056 4615 vestitum,
1092 4552 1145 4605 in
1183 4551 1379 4607 feretro
1420 4556 1805 4622 compositum,
1837 4558 1899 4609 in

334 4634 614 4707 ecclesiam
643 4635 874 4691 delatum
900 4649 999 4693 est.
1032 4638 1500 4697 Circumscderunt
1528 4644 1727 4699 fratres
1751 4624 1897 4714 paul:

332 4734 441 4774 mos
484 4732 590 4789 pro
634 4722 750 4788 ejus
791 4726 969 4781 anima
1019 4728 1393 4793 decantantes;
1435 4731 1721 4787 Anselmus
1764 4746 1891 4789 vero

329 4825 433 4879 quo
469 4812 702 4871 liberius
732 4831 825 4885 pro
848 4832 913 4871 eo
937 4814 1134 4887 preces
1165 4818 1431 4882 funderet,
1462 4821 1513 4874 in
1543 4822 1886 4878 secretiorem

330 4902 570 4979 ecclesia
607 4901 781 4957 locum
825 4907 1066 4961 secessit.
1096 4909 1197 4973 Qui
1226 4923 1347 4962 cum
1376 4909 1516 4963 inter
1547 4910 1689 4980 ipsas
1718 4912 1890 4984 lacry-

330 5004 444 5046 mas
469 5008 535 5047 ex
581 4994 732 5063 gravi
763 4997 940 5051 cordis
969 4999 1334 5053 mlestitudine
1359 5015 1585 5068 corpore
1628 5000 1749 5073 (aL,
1782 5014 1890 5056 tor-

328 5083 478 5154 pore]
538 5085 823 5150 deficeret,
874 5099 928 5141 et
987 5090 1255 5158 paululum
1308 5091 1490 5148 oculos
1543 5092 1598 5147 in
1639 5108 1886 5149 souinum
1934 5148 1937 5149 ν

331 5170 687 5241 deprimeret,
733 5178 864 5235 vidit
904 5179 956 5232 in
1001 5180 1186 5247 spiritu
1238 5182 1431 5237 mentis
1477 5198 1587 5238 suae
1628 5185 1886 5253 quasdam

336 5266 610 5321 reverendi
662 5269 839 5324 vultus
892 5285 1147 5340 personas
1199 5274 1594 5329 candidissimis
1653 5275 1899 5329 vestibus“

334 5362 572 5421 ornatas,
599 5357 812 5412 domum
843 5362 893 5413 in
929 5376 1033 5430 qua
1076 5362 1213 5416 idem
1249 5362 1518 5417 Osbernus
1546 5365 1709 5417 vitam
1740 5364 1889 5419 finie-

338 5450 421 5495 rat
441 5442 709 5507 introisse,
727 5455 781 5499 et
801 5447 865 5499 ad
883 5449 1225 5516 judicandum
1248 5453 1676 5507 circumsedisse.
1691 5454 1886 5507 Verum

342 5541 454 5584 cum
482 5532 667 5602 judicii
698 5539 1014 5591 sententiam
1047 5540 1335 5609 ignoraret,
1372 5558 1597 5613 eamque
1623 5543 1886 5598 sollicitus

341 5634 491 5691 posse
529 5623 875 5692 desideraret,
905 5643 1028 5683 ecce
1053 5630 1324 5686 Osbernus
1368 5633 1516 5687 adest
1559 5633 1745 5687 similis
1792 5636 1881 5688 ho-

1990 4466 2173 4534 ltaque
2205 4480 2303 4533 per
2322 4461 2561 4533 singulos
2582 4465 2698 4518 dies
2728 4464 2889 4517 totius
2917 4464 3044 4517 anni
3079 4471 3174 4516 aut
3200 4462 3316 4531 ipse
3344 4476 3443 4529 pro
3467 4461 3561 4515 illo

1991 4556 2211 4609 missam
2235 4555 2546 4619 celebravit,
2571 4563 2663 4608 aut
2683 4556 2750 4609 ab
2776 4555 2882 4608 alio
2907 4553 3229 4608 celebratam
3259 4552 3362 4627 alia
3393 4552 3558 4610 missa

1990 4655 2264 4699 mutuatus
2286 4642 2406 4715 [al.,
2448 4643 2704 4715 mutatus]
2733 4653 2834 4698 est.
2878 4642 3051 4713 Super
3082 4643 3197 4696 hate
3242 4630 3419 4695 missis
3448 4643 3555 4695 cir-

1990 4750 2326 4803 cumquaoue
2349 4735 2594 4803 epistolis
2627 4750 2724 4803 pro
2767 4734 2945 4787 anima
2972 4733 3053 4787 sui
3087 4731 3311 4787 Osberni
3354 4730 3555 4785 oratio-

1991 4838 2087 4881 nes
2129 4823 2244 4878 fieri
2288 4824 2460 4893 petiit,
2490 4833 2545 4877 et
2570 4823 2817 4877 obtinuit.
2853 4822 2974 4874 [hec
3000 4818 3194 4873 fratres
3235 4818 3475 4872 videntes
3504 4827 3562 4873 et

1990 4913 2289 4968 socordiam
2341 4914 2423 4969 sui
2453 4912 2632 4966 cordis
2684 4915 3081 4979 redarguentes,
3114 4925 3174 4962 se
3222 4909 3451 4962 miseros
3493 4921 3558 4962 ac

1990 5003 2252 5067 infelices,
2282 5003 2581 5059 Osbernum
2631 5003 2843 5055 beatum
2887 4988 3183 5068 praedicant
3213 5013 3278 5051 ac
3324 4996 3553 5056 felicem,

1989 5094 2079 5161 qui
2114 5093 2270 5147 talem
2299 5104 2539 5148 amorem
2560 5133 2575 5158 ,
2604 5092 2763 5145 talem
2808 5091 3001 5144 meruit
3033 5089 3298 5142 invenisse
3324 5088 3557 5141 subven-

1992 5182 2211 5235 tionem.
2258 5179 2339 5234 Ex
2392 5182 2492 5234 hoc
2530 5195 2659 5249 ergo
2693 5178 2882 5248 singuli
2932 5178 3129 5245 quique
3173 5175 3305 5247 ιρι..
3337 5173 3554 5245 quippe]

1990 5282 2235 5337 corpore,
2260 5278 2314 5322 et
2342 5270 2521 5323 animo
2541 5284 2599 5322 se
2627 5267 2859 5321 subdunt
2884 5266 3158 5329 Anselino,
3193 5266 3465 5333 cupientes
3498 5261 3558 5314 in

1990 5362 2278 5420 amicitiam
2310 5360 2423 5429 ejus
2453 5360 2792 5414 hmi‘editario
2818 5358 2940 5426 jure
2973 5359 3261 5411 succedere
3289 5354 3552 5409 Osberno.

1988 5457 2058 5507 At
2104 5453 2191 5505 ille
2236 5453 2288 5506 in
2334 5452 2681 5507 conversione
2711 5453 2945 5520 ipsorum
2984 5450 3090 5503 Deo
3128 5447 3323 5514 gratias
3365 5458 3552 5508 agens.

1990 5542 2238 5597 omnibus
2268 5544 2446 5596 omnia
2480 5542 2653 5595 factus
2679 5551 2778 5605 cst,
2822 5550 2879 5595 ut
2925 5554 3107 5593 omnes
3146 5536 3321 5589 salvos
3354 5532 3556 5585 faceret

1990 5633 2041 5702 (I
2066 5634 2183 5687 Cor.
2216 5651 2285 5695 ix,
2317 5633 2426 5704 ‘29).
