4174 6228
565 166 636 220 119
1580 164 1635 218 S.
1678 161 1976 217 ANSELMI
2004 161 2350 216 CANTUAB.
2386 161 2703 216 ARCIIIEP.
3707 162 3777 218 ϐο

636 274 721 329 l7.
765 273 1143 328 Verumtamen
1197 271 1626 328 adolescentibus
1655 280 1816 339 atque
1836 271 2120 340 juvenibus
2149 276 2191 331 Α
2225 269 2368 321 1111111·
2389 284 2543 333 011118,
2565 267 2786 336 rejicere
2830 281 2932 322 non
2959 268 3145 323 audeo.
3181 269 3387 339 Repetit
3431 270 3624 340 praesul
3663 273 3775 330 cdt.

561 366 828 438 praecipua
855 381 984 420 cura
1012 354 1132 437 [al.,
1155 351 1475 433 praxipuam
1500 363 1707 433 curam]
1727 362 2053 426 intendebat,
2076 374 2130 414 et

564 457 957 527 inQuirentibus
1006 457 1071 516 de
1105 452 1533 517 hoc.rationem,
1577 452 1677 506 sub
1719 450 1961 518 exetuplo
2009 451 2129 503 red-

564 548 744 601 debat.
782 543 1132 611 Comparabat
1159 556 1298 596 certe
1312 541 1524 610 juvenis
1543 540 1773 605 :etatem',
1800 555 1916 606 quae
1952 539 2019 592 ad
2047 541 2128 592 in-

564 634 901 688 formandum
930 630 1162 700 Sigillum
1188 642 1311 698 apte
1325 639 1405 684 est
1434 639 1749 697 temperata.
1769 627 1901 681 Nam
1920 628 1962 682 si
1980 644 2125 692 cera,-

567 721 758 788 iuquit,
796 719 953 772 nimis
978 719 1110 772 dura
1135 718 1217 773 vel
1240 718 1415 772 mollis
1436 717 1616 779 fuerit;
1649 716 1823 788 sigillo
1869 715 2127 786 impressa

565 809 680 881 [δίη
729 807 1012 879 impresso]
1046 809 1160 877 ejus
1198 809 1421 878 ﬁguram
1461 809 1515 862 in
1560 822 1620 862 se
1665 823 1999 877 nequaquam
2057 808 2126 862 ad

562 899 775 970 plenum
807 898 1017 966 recipit.
1049 899 1104 951 Si
1134 912 1261 951 vero
1291 913 1360 951 ex
1405 897 1668 966 utrisque,
1698 897 1892 949 duritia
1921 897 2125 950 scilicet

562 998 724 1057 atque
756 990 994 1051 mollitie,
1028 989 1258 1042 diserete
1309 987 1510 1042 habens
1555 987 1726 1057 sigillo
1779 987 2134 1057 imprimitur,

563 1087 690 1133 tunc
717 1079 884 1132 forma
915 1067 1067 1149 sigilli
1107 1079 1328 1132 omnino
1362 1079 1639 1147 perspicua
1673 1088 1725 1132 et
1765 1079 1970 1148 integra
2000 1078 2119 1131 red-

568 1167 732 1222 ditur.
785 1167 875 1222 Sic
919 1176 1005 1222 est
1042 1167 1094 1220 in
1122 1168 1372 1222 aetatibus
1408 1169 1706 1221 hominum.
1734 1169 1929 1223 Videas
1955 1167 2124 1222 homi-

563 1273 685 1312 nem
725 1259 776 1311 in
813 1259 1050 1312 vanitate
1078 1258 1238 1327 hujus
1268 1259 1451 1332 saeculi
1481 1259 1549 1312 ab
1594 1258 1817 1312 infantia
1861 1272 2029 1327 usque
2055 1257 2122 1312 ad

561 1345 876 1414 profundam
893 1356 1221 1402 senectutem
1252 1346 1774 1410 conversatum,sola
1803 1356 2013 1400 terrena
2036 1361 2125 1400 sa-

561 1436 815 1507 pientem,
847 1447 906 1491 et
929 1436 981 1490 in
1011 1437 1097 1491 his
1123 1437 1338 1506 penitus
1370 1435 1860 1492 obduratum.Cum
1899 1436 2000 1490 hoc
2027 1451 2122 1505 age

561 1524 630 1578 de
653 1523 1040 1592 spiritualibus,
1062 1525 1188 1579 huic
1218 1525 1284 1578 de
1331 1524 1628 1586 subtilitate
1656 1524 2122 1592 contemplationis

2228 366 2392 422 ctum,
2419 367 2474 411 et
2498 368 2556 410 ut
2591 359 2764 426 primo
2793 355 2943 422 jubet
2964 372 3029 410 ne
3060 361 3495 427 transgrediatur.

2817 445 3044 502 CAPUT
3082 447 3166 500 111.

2297 554 2596 623 Benignitas
2618 571 2741 625 erga
2771 571 2962 609 omnes.
2984 557 3133 676 Libri
3152 558 3389 613 nonnulli
3412 570 3458 614 et
3481 561 3711 630 epistola

2893 642 3028 676 scrin
3051 642 3116 676 ω.
3607 657 3609 660 ‹

2893 642 3116 693 scriptas.
3607 657 3609 660 ι

2300 713 2382 766 19.
2407 713 2607 767 Dehinc
2630 713 2911 769 Anselmus
2936 715 3001 769 ad
3027 717 3410 772 monasterium
3436 734 3681 774 reversus
3703 730 3781 773 ta-

2226 802 2330 856 lem
2375 817 2434 857 se
2465 805 2673 858 cunctis
2719 804 2981 870 exhibuit,
3015 815 3073 859 ut
3101 806 3169 860 ab
3200 795 3446 863 omnibus
3494 810 3607 864 loco
3652 813 3776 864 cha-

2227 890 2422 943 rissimi
2451 890 2626 945 Patris
2654 885 2980 961 diligeretur.
3006 893 3121 963 lpse
3149 895 3290 950 enim
3329 912 3504 952 mores
3541 901 3779 951 omnium

2222 987 2276 1032 et
2304 979 2642 1036 infirmitates
2669 984 3038 1051 aequanimiter
3057 983 3374 1051 sufl‘erehat;
3409 997 3462 1041 et
3498 988 3784 1056 unicuique

2222 1069 2363 1123 sicut
2384 1072 2633 1138 expedire
2655 1073 2880 1136 sciebat,
2900 1076 3200 1129 necessaria
3222 1079 3555 1147 suggerebat.
3584 1077 3627 1134 0
3652 1088 3778 1148 quot

2223 1155 2278 1210 in
2295 1172 2388 1210 sua
2414 1158 2523 1226 jam
2557 1159 2866 1214 infirmitate
2892 1161 3155 1229 desperati
3185 1180 3283 1234 per
3301 1157 3442 1235 piam
3466 1167 3784 1223 sollicitudi-

2224 1266 2344 1306 nem
2394 1253 2510 1321 ejus
2556 1263 2681 1307 sunt
2727 1256 2791 1308 ad
2831 1257 3111 1325 pristinam
3159 1261 3442 1315 sanitatem
3496 1261 3732 1317 revocati
3761 1264 3804 1316 ελ

2223 1341 2375 1406 Quod
2406 1353 2461 1396 tu
2494 1342 2828 1408 llerevvalde,
2860 1348 3130 1418 decrepito
3154 1363 3337 1416 senex,
3373 1349 3425 1404 in
3446 1393 3450 1397 .
3471 1352 3643 1421 teipso
3660 1366 3786 1421 pero

2221 1432 2431 1501 cepisti,
2461 1436 2672 1501 quando
2715 1445 2965 1504 gravatus
3013 1452 3117 1490 non
3163 1438 3334 1493 solum
3381 1447 3539 1495 atate
3583 1441 3678 1496 sed
3728 1449 3783 1495 et

2225 1519 2394 1573 valida
2419 1520 2749 1584 infirmitate,
2785 1523 2856 1576 ita
2889 1533 2947 1578 ut
2999 1526 3132 1579 nihil
3185 1513 3259 1581 tui
3314 1530 3555 1598 corporis
3588 1532 3784 1600 praeter

560 1590 756 1670 divinae
802 1615 1042 1685 loquere.
1083 1615 1225 1670 hunc
1253 1623 1459 1669 secreta
1484 1613 1725 1669 coelestia
1919 1615 2124 1678 rimari,
2159 1590 2202 1644 Β
2229 1606 2464 1676 linguam
2502 1608 2730 1663 haberes
2763 1611 2815 1662 in
2851 1620 2938 1665 tua
2965 1623 3251 1682 potestate,
3283 1632 3377 1685 per
3409 1590 3603 1673 manus
3640 1618 3780 1674 illius

558 1714 616 1758 et
657 1704 950 1772 perspicies
979 1719 1101 1757 eum
1144 1719 1247 1758 nec
1274 1703 1402 1772 quid
1431 1702 1562 1757 velis
1587 1703 1800 1772 quidem
1851 1717 2008 1769 posse
2045 1702 2124 1756 vi-

562 1791 711 1846 dere.
744 1790 853 1845 Nec
887 1792 1081 1844 mirum
1113 1792 1359 1845 indurata
1389 1807 1512 1846 cera
1547 1801 1650 1854 est,
1685 1792 1735 1844 in
1767 1792 1882 1846 istis
1915 1800 2126 1845 mtatem

559 1896 666 1937 non
698 1882 847 1936 trivit
872 1880 992 1954 [al.,
1017 1880 1281 1953 nutrivit],
1299 1881 1473 1935 aliena
1511 1882 1580 1935 ab
1604 1883 1722 1936 istis
1751 1882 2138 1950 sequivdidicit.

469 2040 472 2043 Α
561 1970 880 2027 Eoontrario
917 1972 1226 2027 consideres
1251 1987 1475 2041 puerum
1505 1980 1663 2026 aetate
1693 1987 1754 2025 ac
1783 1972 2005 2025 scientia
2049 1980 2128 2025 te-

561 2073 783 2124 nerum,
804 2075 904 2114 nec
930 2060 1128 2115 bonum
1158 2074 1257 2113 nec
1279 2059 1475 2112 malum
1503 2059 1808 2114 discernere
1841 2059 2125 2124 valentem,

561 2163 664 2201 nec
688 2158 737 2203 te
759 2147 974 2217 quidem
1003 2147 1299 2218 intelligere
1327 2148 1392 2202 de
1417 2147 1716 2213 hujusmodi
1736 2148 2082 2202 disserentem
2105 2165 2122 2202 :

560 2238 826 2292 Nimirum
855 2237 1032 2291 mollis
1055 2252 1178 2291 cera
1207 2246 1291 2290 est
1320 2247 1374 2290 et
1411 2238 1563 2305 quasi
1592 2236 1821 2304 liquens,
1863 2252 1958 2289 nec
1989 2236 2125 2288 ima-

562 2311 739 2398 ginem
776 2327 932 2399 sigilli
964 2339 1177 2395 quoquo
1203 2327 1360 2380 modo
1391 2326 1676 2394 recipiens.
1703 2325 1908 2378 Medius
1935 2325 2123 2377 horum

562 2419 872 2474 adolescens
902 2427 957 2471 et
979 2416 1191 2485 juvenis
1225 2425 1328 2479 est,
1367 2432 1429 2470 ex
1460 2415 1817 2470 teneritudine
1847 2423 2006 2481 atque
2031 2415 2126 2467 du-

561 2507 683 2561 ritia
733 2520 966 2576 congrue
1005 2515 1351 2576 temperatus.
1379 2506 1434 2559 Si
1483 2505 1624 2558 hunc
1675 2504 2013 2565 instruxeris,
2061 2503 2125 2557 ad

557 2609 681 2664 qua
705 2593 853 2650 voles
893 2594 1181 2647 informare
1213 2593 1435 2646 valebis.
1462 2591 1610 2657 Quod
1647 2591 1761 2659 ipse
1792 2591 2126 2643 animadver-

567 2694 685 2740 tetis
717 2683 1001 2751 juvenibus
1042 2683 1228 2751 majori
1266 2682 1622 2737 sollicitudine
1669 2680 1905 2749 invigilo,
1934 2695 2124 2747 procn-

565 2790 692 2830 rans
720 2782 912 2828 cuncta
943 2774 994 2827 in
1039 2773 1117 2825 ris
1157 2773 1410 2826 vitiorum
1442 2770 1680 2840 germina
1723 2770 2039 2836 exstirpare,
2071 2777 2126 2821 ut

567 2866 620 2920 in
647 2876 953 2920 sanctarum
999 2863 1270 2916 exercitiis
1299 2863 1557 2916 virtutum
1603 2870 1782 2928 postea
1820 2871 2125 2928 competenv
2153 2896 2197 2955 ε

567 2967 649 3011 ter
674 2957 868 3022 edocti,
905 2952 1161 3025 spiritalis
1206 2955 1255 3008 in
1301 2970 1358 3009 se
1405 2953 1791 3008 transforment
1839 2950 2124 3018 imaginem

565 3049 689 3104 viri.
1543 3046 1546 3047 ⁷

638 3140 725 3193 l8.
767 3137 871 3192 Sed
903 3151 1023 3191 cum
1058 3138 1196 3191 inter
1225 3135 1336 3190 htec
1380 3151 1501 3190 eum
1550 3133 1757 3188 diversa
1794 3131 2124 3185 diversorum

566 3226 778 3297 negotia
809 3227 1113 3296 fatigarent,
1158 3235 1210 3280 et
1236 3239 1616 3292 nonnunquam
1644 3222 1786 3276 illius
1822 3230 2052 3274 mentem
2097 3235 2126 3272 a

567 3331 664 3371 sua
711 3317 888 3386 quiete
919 3316 1218 3376 turbarent,
1267 3313 1552 3368 consilium
1593 3326 1754 3379 super
1786 3309 1870 3362 his
1898 3324 1926 3361 a
1966 3323 2124 3375 supra

569 3405 716 3459 dicto
745 3404 1055 3457 veneranda:
1085 3401 1354 3457 memoria:
1388 3399 1796 3469 archiepiscopo
1840 3398 2124 3450 110111οη111-

567 3493 715 3563 gensi
735 3491 973 3546 Maurillo
1001 3490 1362 3558 postulaturus
1382 3489 1770 3553 Rothomagum
1787 3487 1950 3538 venit.
1970 3486 2128 3539 Cum-

569 3597 674 3650 qoe
728 3581 808 3636 sui
855 3583 1114 3635 adventus
1159 3587 1374 3634 causam
1425 3578 1658 3648 pontifici
1704 3584 2009 3644 exponeret,
2067 3590 2130 3628 ac

569 3667 710 3722 inter
740 3668 900 3721 verba
933 3682 1030 3734 pro
1071 3667 1264 3719 amissa
1307 3675 1477 3720 status
1506 3665 1586 3720 sui
1621 3663 2006 3730 tranquillitate
2036 3677 2127 3716 veo

571 3755 972 3813 hementissime
1007 3756 1179 3818 fleret,
1208 3756 1276 3808 ab
1302 3769 1464 3808 onere
1500 3753 1826 3822 praelationis
1859 3753 1998 3821 quod
2029 3752 2128 3805 sibi

573 3846 837 3899 fatebatur
867 3845 1219 3914 importabile,
1250 3855 1303 3898 ut
1336 3844 1556 3898 relevari
1591 3850 1910 3904 mereretur,
1939 3855 2130 3910 magno

573 3947 735 4001 opere
780 3933 941 4000 capit
990 3947 1195 4000 rogare.
1239 3933 1304 3983 At
1345 3931 1431 3984 ille
1453 3931 1607 3983 sicuti
1641 3930 1720 3981 vir
1753 3945 1955 3997 magna:
2010 3943 2132 3981 san-

574 4022 771 4076 ctitatis
802 4039 814 4072 :
857 4019 991 4082 Noli,
1019 4021 1210 4090 inquit,
1257 4021 1325 4072 mi
1357 4020 1428 4072 fili
1459 4019 1794 4083 charissime,
1819 4011 1961 4088 quod
1987 4007 2132 4086 quae»

575 4113 651 4164 ris
677 4125 934 4178 quaerere,
960 4125 1053 4165 nec
1078 4119 1125 4165 te
1150 4126 1178 4164 a
1202 4111 1547 4166 subvectione
1579 4110 1695 4181 [nl.,
1718 4120 1765 4164 te
1780 4109 2128 4180 subjectione]

2227 1707 2433 1766 pastus,
2464 1706 2520 1750 et
2551 1699 2674 1753 vino
2703 1701 2770 1754 de
2803 1704 3031 1756 racemis
3067 1719 3162 1772 per
3187 1720 3344 1758 uvam
3377 1706 3429 1759 in
3477 1706 3636 1761 aliam
3667 1706 3797 1777 ejus

2231 1800 2448 1838 manum
2475 1800 2753 1854 expresso,
2783 1789 2849 1843 de
2875 1789 2990 1858 ejus
3021 1793 3134 1860 ipsa
3169 1809 3325 1846 manu
3366 1794 3552 1848 bibens
3574 1809 3633 1848 es
3662 1794 3780 1866 [af.,

2226 1874 2301 1946 et]
2328 1875 2681 1940 refocillatus,
2713 1893 2778 1931 ac
2810 1880 3048 1947 pristinae
3080 1882 3298 1935 sanitati
3337 1882 3646 1938 redonatns.
3678 1884 3783 1939 Ne-

2228 1979 2333 2030 que
2367 1968 2512 2020 enim
2544 1968 2710 2021 alium
2741 1979 2832 2022 aut
2861 1971 3071 2027 aliunde
3101 1984 3280 2041 potum
3307 1975 3522 2029 sumere
3545 1984 3778 2044 poteras,

2227 2056 2317 2122 qui
2347 2056 2439 2110 tibi
2471 2057 2621 2110 cordi
2652 2067 2816 2120 esset,
2855 2071 2914 2112 ut
2961 2061 3250 2115 referebas.
3299 2062 3416 2130 Ipse
3447 2063 3642 2131 quippe
3665 2065 3772 2117 An-

2228 2143 2428 2197 selmus
2457 2145 2509 2197 in
2539 2160 2634 2198 usu
2665 2146 2897 2199 habebat
2919 2146 3249 2201 infirmorum
3275 2151 3490 2202 domum
3529 2148 3776 2218 frequen-

2228 2240 2362 2295 tare,
2389 2233 2720 2301 singulorum
2761 2234 2986 2288 fratrum
3030 2237 3369 2290 inlirmilates
3399 2238 3678 2306 diligenter
3701 2239 3788 2290 111-Δ

2225 2321 2510 2389 vestigare,
2525 2331 2580 2375 et
2592 2323 2730 2389 quod
2748 2321 3028 2378 infirmitas
3039 2323 3293 2392 cujusque
3305 2326 3794 2396 expetebat,singu-'

2225 2407 2290 2462 lis
2313 2409 2511 2477 absque
2537 2425 2684 2463 mora
2712 2424 2804 2465 seu
2834 2413 2989 2465 taedio
3015 2415 3444 2469 subministrare.
3479 2415 3672 2482 Sicque
3698 2431 3799 2469 sa»

2227 2499 2309 2552 nis
2349 2509 2518 2570 pater,
2549 2509 2602 2552 et
2635 2500 2857 2553 infirmis
2884 2511 3000 2555 erat
3023 2513 3214 2567 mater,
3243 2507 3346 2557 imo
3383 2505 3523 2557 sanis
3549 2514 3600 2557 et
3627 2505 3781 2558 infir-

2226 2588 2327 2642 mis
2355 2598 2507 2657 pater
2530 2598 2584 2642 et
2614 2600 2783 2643 mater
2833 2589 2885 2642 in
2937 2607 3238 2646 commune.
3276 2593 3424 2649 Unde
3452 2603 3503 2648 et
3522 2596 3781 2664 quidquid

2225 2680 2416 2734 secreti
2433 2680 2569 2746 apud
2588 2693 2644 2733 se
2659 2681 2831 2748 quivis
2848 2680 3052 2734 illorum
3080 2683 3437 2746 habebat,non
3455 2698 3605 2738 secus
3619 2699 3778 2754 quam

2226 2771 2545 2824 dulcissimae
2558 2772 2714 2824 matri
2735 2771 2821 2824 ille
2847 2774 3081 2827 revelare
3104 2775 3781 2842 satagebaLVerumtamen

2227 2860 2396 2914 solers
2425 2860 2694 2930 diligentia
2738 2858 2994 2925 juvenum
3023 2863 3122 2914 hoc
3152 2864 3413 2930 pnecipue
3435 2863 3742 2918 exercebat.
3799 2871 3811 2906 τ

2296 2949 2386 3003 20.
2421 2951 2494 3002 De
2528 2965 2752 3016 quorum
2786 2968 3006 3006 numero
3043 2953 3257 3019 quidam
3293 2955 3343 3006 in
3374 2954 3487 3021 ipso
3517 2945 3782 3009 conventu

2230 3038 2330 3091 hoc
2353 3038 2492 3104 apud
2521 3052 2578 3091 se
2623 3050 2972 3106 proposuerat
2996 3081 3008 3102 ,
3044 3050 3308 3110 quatenus
3335 3042 3475 3094 nulla
3505 3043 3782 3097 occasione

2228 3142 2462 3196 unquam
2499 3143 2648 3181 suam
2675 3146 2886 3182 manum
2918 3133 3028 3184 suis
3057 3133 3374 3201 genitalibus
3404 3132 3657 3187 membris
3689 3135 3780 3187 ad-

2240 3227 2503 3271 moveret.
2532 3217 2625 3271 Cui
2665 3221 2935 3286 proposito
2967 3221 3210 3274 invidens
3261 3221 3518 3285 diabolus,
3574 3229 3786 3275 tantum

2229 3307 2464 3361 dolorem
2502 3316 2556 3362 et
2585 3310 2883 3375 angustiam
2915 3310 2965 3362 in
2997 3313 3196 3366 eisdem
3227 3313 3482 3366 membris
3508 3312 3633 3366 fecit
3660 3326 3781 3366 eum

2229 3399 2445 3464 sentire,
2495 3406 2554 3452 ut
2603 3414 2662 3452 se
2689 3399 2901 3468 juvenis
2940 3399 3082 3452 nullo
3144 3403 3302 3455 modo
3367 3403 3507 3456 lerre
3555 3402 3792 3456 valeret.

2230 3486 2574 3538 Sentiebatur
2623 3487 2818 3539 etenim
2872 3503 2994 3539 caro
3041 3489 3154 3556 ipsa
3197 3491 3328 3543 tanti
3358 3490 3607 3557 ponderis
3633 3506 3774 3554 esse,

2228 3589 2290 3627 ac
2317 3573 2360 3627 si
2389 3574 2628 3642 quaedam
2661 3575 2857 3642 plumbi
2891 3578 3203 3643 gravissima
3233 3580 3396 3632 moles
3428 3582 3492 3632 ad
3524 3580 3626 3632 ima
3655 3595 3776 3633 eum

2231 3663 2537 3727 detrahens,
2565 3665 2616 3716 in
2650 3663 2737 3716 illa
2764 3665 2844 3717 sui
2881 3667 3118 3733 corporis
3146 3677 3294 3735 parte
3320 3669 3596 3735 penderet.
3621 3668 3784 3722 Cum-

2230 3767 2334 3820 que
2378 3752 2428 3804 in
2478 3753 2666 3807 habitu
2697 3769 2794 3807 suo
2824 3756 3108 3809 anxietatis
3161 3759 3578 3827 magnitudinem
3627 3759 3782 3814 dissi-

2232 3841 2434 3895 mulare.
2473 3858 2576 3896 non
2617 3855 2832 3910 posset,
2900 3847 3189 3913 requisilns
3245 3848 3309 3900 ab
3362 3848 3612 3902 Anselmo
3656 3849 3783 3916 quid

2230 3930 2473 3995 haberet,
2509 3947 2622 3985 rem
2669 3932 2847 3986 celare
2877 3948 2979 3985 non
3016 3934 3206 4000 potuit.
3255 3935 3570 3990 Admonitus
3601 3938 3781 4005 itaque

2233 4029 2292 4072 ut
2331 4024 2544 4074 modum
2592 4021 2924 4090 aegritudinis
2953 4023 3166 4076 admota
3201 4040 3358 4076 manu
3391 4028 3661 4093 probaret,
3690 4042 3782 4081 ve-

2234 4112 2555 4164 recundatus
2578 4112 2866 4174 recusavit,
2882 4112 3075 4165 timens
3099 4129 3164 4166 ne
3187 4115 3517 4181 propositum
3535 4117 3774 4169 violaret.

576 4201 800 4255 aliorum
847 4201 921 4253 tui
967 4201 1135 4254 solius
1177 4216 1360 4255 curam
1408 4216 1598 4271 gerens
1641 4201 1774 4255 velis
1832 4202 2125 4254 retrahere.
2161 4205 2207 4261 D
2234 4202 2384 4255 Tunc
2411 4200 2718 4264 Anselmus,
2751 4209 3024 4268 assumpto
3049 4218 3227 4255 secum
3256 4205 3482 4269 quodam
3500 4206 3779 4274 grandaeva

577 4293 716 4345 Vere
762 4290 962 4346 ctenim
993 4290 1112 4346 dice
1156 4293 1249 4345 tibi
1280 4308 1363 4346 me
1411 4293 1473 4346 de
1503 4292 1680 4346 multis
1725 4291 1960 4353 audisse,
2005 4290 2133 4342 mul-

579 4391 767 4449 tosque
792 4381 1005 4444 vidisse,
1053 4382 1141 4448 qui
1187 4383 1437 4449 quoniam
1465 4399 1627 4437 causa
1656 4398 1766 4436 sum
1793 4382 1984 4450 quietis
2016 4396 2133 4448 pro-

579 4472 842 4524 ximorum
884 4468 1097 4523 utilitati
1141 4484 1237 4536 per
1263 4471 1580 4538 pastoralem
1629 4486 1811 4524 curam
1860 4469 2133 4537 invigilare

579 4562 891 4625 noluerunt,
923 4575 1018 4628 per
1045 4560 1301 4612 desidiam
1329 4560 1664 4616 stnbulantes
1685 4575 1896 4627 semper
1917 4563 1980 4614 de
1999 4559 2133 4611 malo

584 4651 634 4704 in
665 4649 812 4717 pejus
836 4649 1194 4717 profecerunt.
1218 4648 1554 4719 Quapropter
1578 4665 1644 4706 ne
1665 4651 1759 4705 tibi
1784 4651 1944 4718 (quod
1972 4650 2130 4718 absit)

583 4743 684 4796 hoc
720 4741 855 4794 idem
887 4743 1177 4808 contingat,
1223 4755 1318 4807 per
1345 4751 1585 4795 sanctam
1615 4727 1970 4795 obedientiam
2008 4755 2136 4808 pra}-

583 4833 723 4899 ρίρίο
771 4840 1033 4898 quatenus
1069 4829 1425 4898 prazlationem
1465 4843 1622 4895 quam
1658 4843 1798 4880 nunc
1837 4829 1998 4881 habes
2052 4844 2133 4881 re-

585 4924 774 4984 tineas,
811 4939 906 4975 nec
950 4938 1063 4974 eam
1107 4919 1225 4990 [al.,
1255 4918 1386 4989 jam]
1430 4919 1528 4971 nisi
1559 4928 1645 4972 tuo
1685 4919 1905 4984 jubente
1947 4921 2135 4972 abbate

585 5012 977 5080 quomodolibet
1009 5011 1251 5073 deseras;
1282 5009 1398 5061 etsi
1430 5008 1640 5077 quando
1667 5008 1831 5061 fueris
1859 5010 1921 5061 ad
1969 5010 2135 5078 majo-

589 5120 700 5158 rem
725 5111 966 5162 vocatus,
999 5115 1114 5152 eam
1139 5099 1410 5166 suscipere
1437 5098 1738 5152 nullatenus
1765 5099 1984 5151 abnuas.
2014 5098 2136 5151 Scio

587 5194 728 5245 enim
758 5191 896 5258 quod
927 5191 976 5242 in
1010 5190 1109 5242 hac
1131 5205 1286 5256 quam
1320 5199 1467 5241 tenes
1500 5203 1602 5240 non
1638 5187 1722 5241 diu
1756 5188 2012 5248 manebis,
2045 5202 2136 5239 ve-

591 5297 706 5334 rum
742 5281 805 5333 ad
837 5280 1076 5332 altiorem
1109 5277 1430 5345 prmlationis
1461 5277 1679 5345 gradum
1711 5292 1815 5329 non
1862 5286 1979 5343 post
2003 5276 2138 5328 mul-

595 5379 703 5421 tum
731 5368 1058 5435 proveheris.
1085 5367 1285 5431 Quibus
1309 5367 1524 5426 auditis,
1561 5380 1660 5427 vat,
1707 5364 1895 5432 inquit,
1943 5365 2139 5417 misero

595 5455 744 5511 mihi.
778 5455 831 5508 In
863 5473 923 5510 co
952 5457 1087 5509 mtod
1117 5465 1268 5524 porto
1304 5454 1527 5516 delicio;
1559 5462 1610 5506 cl
1653 5453 1694 5507 si
1717 5454 1925 5521 gravius
1977 5452 2139 5519 impo-

2234 4291 2396 4344 l'ratre
2425 4302 2478 4346 et
2508 4291 2778 4360 religioso,
2806 4291 3054 4358 juvenem
3083 4294 3389 4360 languidum
3426 4297 3474 4348 iu
3527 4293 3810 4350 secretio-‘5

2231 4397 2342 4435 rem
2375 4381 2549 4435 locum
2593 4381 2757 4445 ducit,
2792 4392 2973 4448 utpote
3022 4384 3235 4435 modum
3284 4384 3611 4438 infirmitatis
3643 4385 3782 4439 illius

2234 4473 2546 4541 agniturus,
2586 4481 2638 4524 et
2685 4472 2938 4525 auxilium
3004 4485 3098 4541 pro
3153 4475 3504 4542 possibilitate
3556 4475 3779 4528 laturus.

2209 4563 2368 4629 ,«Quid
2403 4563 2662 4632 amplius?
2687 4562 2825 4616 Caro
2854 4563 3139 4617 sanissima
3173 4567 3458 4632 reperitur,
3499 4575 3551 4618 et
3595 4567 3782 4619 admo-

2234 4655 2356 4706 dum
2382 4653 2556 4705 mirati
2588 4663 2732 4706 sunt.
2785 4653 2826 4707 E
2853 4655 3075 4722 vestigio
3107 4656 3299 4722 quippe
3330 4655 3506 4708 omnis
3546 4656 3632 4707 illa
3667 4657 3782 4706 dia—

2234 4742 2403 4796 bolica
2433 4742 2643 4794 vexatio
2671 4741 2831 4804 cadit.
2865 4758 2964 4795 nec
2993 4743 3042 4795 in
3095 4745 3393 4811 hujusmodi
3430 4744 3612 4813 fatigat
3647 4747 3780 4795 ulte-

2237 4832 2343 4884 rius
2377 4830 2645 4896 juvenem,
2697 4845 2851 4897 quem
2902 4831 3124 4883 sinmlex
3174 4831 3408 4884 Anselnti
3468 4843 3714 4900 aspectus
3751 4850 3782 4886 a

2237 4931 2378 4973 tanta
2411 4921 2561 4973 clade
2599 4919 2720 4972 fecit
2750 4922 3054 4973 immunem.

2301 5007 2668 5063 ‘21.Pra‘:terea
2692 5009 2904 5076 quidam
2931 5023 2994 5062 ex
3024 5010 3406 5077 antiquioribus
3430 5010 3593 5076 ipsius
3609 5025 3784 5063 811110-

2235 5101 2306 5154 bii
2344 5099 2616 5163 fratribus,
2644 5101 2729 5166 qui
2756 5099 2923 5153 veteri
2952 5101 3072 5151 odio
3098 5102 3375 5167 plurimum
3410 5113 3516 5151 erat
3556 5101 3782 5154 in'estus

2239 5191 2505 5253 Anselmo,
2537 5206 2631 5242 nec
2654 5190 2912 5242 ullatenus
2940 5200 3148 5256 poterat
3178 5207 3335 5257 super
3361 5207 3481 5242 emn
3518 5193 3781 5259 respicere

2242 5279 2465 5343 simplici
2515 5281 2693 5338 oculo,
2728 5279 3034 5332 inﬁrmitate
3063 5295 3276 5346 pressus
3303 5281 3364 5329 ad
3394 5289 3630 5333 extrema
3661 5294 3782 5345 per-

2241 5369 2431 5420 ductus
2462 5377 2566 5420 est.
2611 5369 2743 5422 Cum
2776 5370 2952 5437 itaque
2989 5370 3180 5422 fratres
3237 5369 3525 5422 meridiana
3566 5370 3692 5420 hora
3727 5369 3781 5421 in

2245 5455 2392 5508 lectis
2432 5471 2493 5509 ex
2530 5471 2672 5508 more
2721 5455 3069 5522 quiescerent,
3106 5458 3213 5524 ipse
3260 5458 3308 5508 in
3354 5456 3510 5507 domo
3541 5455 3778 5508 1111111111,-
