  <div class='ocr_page' id='page_1' title='image "/cluster/home/n/w/nwhite01/storage/ocr_20150623/158/uva.x000829800/038.png"; bbox 0 0 4174 6198; ppageno 0'>
   <div class='ocr_carea' id='block_1_1' title="bbox 380 180 443 234">
    <p class='ocr_par' dir='ltr' id='par_1_1' title="bbox 380 180 443 234">
     <span class='ocr_line' id='line_1_1' title="bbox 380 180 443 234; baseline 0.016 -1"><span class='ocrx_word' id='word_1_1' title='bbox 380 180 443 234; x_wconf 68' lang='grc' dir='ltr'><strong>δι</strong></span> 
     </span>
    </p>
   </div>
   <div class='ocr_carea' id='block_1_2' title="bbox 1365 177 2608 239">
    <p class='ocr_par' dir='ltr' id='par_1_2' title="bbox 1365 177 2608 239">
     <span class='ocr_line' id='line_1_2' title="bbox 1365 177 2608 239; baseline 0.005 -6"><span class='ocrx_word' id='word_1_2' title='bbox 1365 178 1517 233; x_wconf 72' lang='grc' dir='ltr'><strong>νιτΑ</strong></span> <span class='ocrx_word' id='word_1_3' title='bbox 1559 177 1886 234; x_wconf 73' lang='lat' dir='ltr'><strong>AUCTORE</strong></span> <span class='ocrx_word' id='word_1_4' title='bbox 1929 178 2270 234; x_wconf 74' lang='grc' dir='ltr'><strong>ΕΑυΜΕιιο.</strong></span> <span class='ocrx_word' id='word_1_5' title='bbox 2314 213 2370 220; x_wconf 90' lang='lat'><strong>—-</strong></span> <span class='ocrx_word' id='word_1_6' title='bbox 2405 183 2530 238; x_wconf 81' lang='lat' dir='ltr'><strong>LIB.</strong></span> <span class='ocrx_word' id='word_1_7' title='bbox 2572 186 2608 239; x_wconf 89' lang='lat' dir='ltr'><strong>l.</strong></span> 
     </span>
    </p>
   </div>
   <div class='ocr_carea' id='block_1_3' title="bbox 3521 198 3588 253">
    <p class='ocr_par' dir='ltr' id='par_1_3' title="bbox 3521 198 3588 253">
     <span class='ocr_line' id='line_1_3' title="bbox 3521 198 3588 253; baseline 0 0"><span class='ocrx_word' id='word_1_8' title='bbox 3521 198 3588 253; x_wconf 63' lang='grc' dir='ltr'><strong>ϐε</strong></span> 
     </span>
    </p>
   </div>
   <div class='ocr_carea' id='block_1_4' title="bbox 385 277 3606 375">
    <p class='ocr_par' dir='ltr' id='par_1_4' title="bbox 385 277 3606 375">
     <span class='ocr_line' id='line_1_4' title="bbox 385 277 3606 375; baseline 0.004 -24"><span class='ocrx_word' id='word_1_9' title='bbox 385 313 508 353; x_wconf 88' lang='lat' dir='ltr'><strong>rum</strong></span> <span class='ocrx_word' id='word_1_10' title='bbox 544 293 595 349; x_wconf 89' lang='lat' dir='ltr'><strong>in</strong></span> <span class='ocrx_word' id='word_1_11' title='bbox 621 310 724 366; x_wconf 91' lang='lat' dir='ltr'><strong>qua</strong></span> <span class='ocrx_word' id='word_1_12' title='bbox 747 290 989 362; x_wconf 76' lang='lat' dir='ltr'><strong>iacebat,</strong></span> <span class='ocrx_word' id='word_1_13' title='bbox 1015 292 1176 360; x_wconf 70' lang='lat' dir='ltr'><strong>cmpit</strong></span> <span class='ocrx_word' id='word_1_14' title='bbox 1203 291 1537 346; x_wconf 87' lang='lat' dir='ltr'><strong>miserandas</strong></span> <span class='ocrx_word' id='word_1_15' title='bbox 1567 308 1726 346; x_wconf 81' lang='lat' dir='ltr'><strong>voces</strong></span> <span class='ocrx_word' id='word_1_16' title='bbox 1759 293 1949 350; x_wconf 89' lang='lat' dir='ltr'><strong>edere.</strong></span> <span class='ocrx_word' id='word_1_17' title='bbox 1983 293 2028 348; x_wconf 81' lang='grc' dir='ltr'><strong>Α</strong></span> <span class='ocrx_word' id='word_1_18' title='bbox 2057 310 2166 347; x_wconf 89' lang='lat' dir='ltr'><strong>ram</strong></span> <span class='ocrx_word' id='word_1_19' title='bbox 2215 296 2531 365; x_wconf 85' lang='lat' dir='ltr'><strong>declinabat,</strong></span> <span class='ocrx_word' id='word_1_20' title='bbox 2571 311 2625 353; x_wconf 90' lang='lat' dir='ltr'><strong>et</strong></span> <span class='ocrx_word' id='word_1_21' title='bbox 2667 277 2963 371; x_wconf 58' lang='lat' dir='ltr'><strong>principem</strong></span> <span class='ocrx_word' id='word_1_22' title='bbox 3013 304 3076 359; x_wconf 90' lang='lat' dir='ltr'><strong>de</strong></span> <span class='ocrx_word' id='word_1_23' title='bbox 3128 307 3449 375; x_wconf 84' lang='lat' dir='ltr'><strong>hospitamlo</strong></span> <span class='ocrx_word' id='word_1_24' title='bbox 3497 313 3606 365; x_wconf 72' lang='lat' dir='ltr'><strong>An-</strong></span> 
     </span>
    </p>
   </div>
   <div class='ocr_carea' id='block_1_5' title="bbox 381 378 1944 454">
    <p class='ocr_par' dir='ltr' id='par_1_5' title="bbox 381 378 1944 454">
     <span class='ocr_line' id='line_1_5' title="bbox 381 378 1944 454; baseline -0.006 -14"><span class='ocrx_word' id='word_1_25' title='bbox 381 394 445 440; x_wconf 82' lang='lat' dir='ltr'><strong>et</strong></span> <span class='ocrx_word' id='word_1_26' title='bbox 487 386 640 454; x_wconf 80' lang='lat' dir='ltr'><strong>quasi</strong></span> <span class='ocrx_word' id='word_1_27' title='bbox 662 382 1026 452; x_wconf 73' lang='lat' dir='ltr'><strong>quorumdam</strong></span> <span class='ocrx_word' id='word_1_28' title='bbox 1078 380 1331 436; x_wconf 84' lang='lat' dir='ltr'><strong>horridos</strong></span> <span class='ocrx_word' id='word_1_29' title='bbox 1375 378 1495 449; x_wconf 79' lang='lat' dir='ltr'><strong>[al.,</strong></span> <span class='ocrx_word' id='word_1_30' title='bbox 1527 378 1944 449; x_wconf 84' lang='lat' dir='ltr'><strong>horrendOrum]</strong></span> 
     </span>
    </p>
   </div>
   <div class='ocr_carea' id='block_1_6' title="bbox 382 469 1940 547">
    <p class='ocr_par' dir='ltr' id='par_1_6' title="bbox 382 469 1940 547">
     <span class='ocr_line' id='line_1_6' title="bbox 382 469 1940 547; baseline -0.004 -17"><span class='ocrx_word' id='word_1_31' title='bbox 382 487 638 547; x_wconf 75' lang='lat' dir='ltr'><strong>aspectus</strong></span> <span class='ocrx_word' id='word_1_32' title='bbox 656 471 1025 542; x_wconf 81' lang='lat' dir='ltr'><strong>subterfugere</strong></span> <span class='ocrx_word' id='word_1_33' title='bbox 1058 470 1303 538; x_wconf 87' lang='lat' dir='ltr'><strong>gestiret,</strong></span> <span class='ocrx_word' id='word_1_34' title='bbox 1331 469 1535 538; x_wconf 89' lang='lat' dir='ltr'><strong>pallens</strong></span> <span class='ocrx_word' id='word_1_35' title='bbox 1557 478 1610 522; x_wconf 90' lang='lat' dir='ltr'><strong>et</strong></span> <span class='ocrx_word' id='word_1_36' title='bbox 1639 470 1798 523; x_wconf 86' lang='lat' dir='ltr'><strong>anxie</strong></span> <span class='ocrx_word' id='word_1_37' title='bbox 1832 478 1940 523; x_wconf 88' lang='lat' dir='ltr'><strong>trc-</strong></span> 
     </span>
    </p>
   </div>
   <div class='ocr_carea' id='block_1_7' title="bbox 382 558 1947 638">
    <p class='ocr_par' dir='ltr' id='par_1_7' title="bbox 382 558 1947 638">
     <span class='ocr_line' id='line_1_7' title="bbox 382 558 1947 638; baseline -0.006 -19"><span class='ocrx_word' id='word_1_38' title='bbox 382 581 543 624; x_wconf 85' lang='lat' dir='ltr'><strong>mens</strong></span> <span class='ocrx_word' id='word_1_39' title='bbox 579 561 782 614; x_wconf 90' lang='lat' dir='ltr'><strong>vultum</strong></span> <span class='ocrx_word' id='word_1_40' title='bbox 829 575 984 615; x_wconf 92' lang='lat' dir='ltr'><strong>suum</strong></span> <span class='ocrx_word' id='word_1_41' title='bbox 1016 559 1375 614; x_wconf 86' lang='lat' dir='ltr'><strong>delitescendo</strong></span> <span class='ocrx_word' id='word_1_42' title='bbox 1407 558 1530 613; x_wconf 92' lang='lat' dir='ltr'><strong>hinc</strong></span> <span class='ocrx_word' id='word_1_43' title='bbox 1561 558 1684 612; x_wconf 89' lang='lat' dir='ltr'><strong>inde</strong></span> <span class='ocrx_word' id='word_1_44' title='bbox 1709 573 1947 638; x_wconf 83' lang='lat' dir='ltr'><strong>commu-</strong></span> 
     </span>
    </p>
   </div>
   <div class='ocr_carea' id='block_1_8' title="bbox 383 648 1946 718">
    <p class='ocr_par' dir='ltr' id='par_1_8' title="bbox 383 648 1946 718">
     <span class='ocr_line' id='line_1_8' title="bbox 383 648 1946 718; baseline -0.004 -11"><span class='ocrx_word' id='word_1_45' title='bbox 383 664 519 707; x_wconf 86' lang='lat' dir='ltr'><strong>tare.</strong></span> <span class='ocrx_word' id='word_1_46' title='bbox 551 650 749 706; x_wconf 82' lang='lat' dir='ltr'><strong>Territi</strong></span> <span class='ocrx_word' id='word_1_47' title='bbox 779 649 978 705; x_wconf 91' lang='lat' dir='ltr'><strong>fratres</strong></span> <span class='ocrx_word' id='word_1_48' title='bbox 1005 649 1092 718; x_wconf 91' lang='lat' dir='ltr'><strong>qui</strong></span> <span class='ocrx_word' id='word_1_49' title='bbox 1126 648 1374 712; x_wconf 89' lang='lat' dir='ltr'><strong>aderant,</strong></span> <span class='ocrx_word' id='word_1_50' title='bbox 1404 648 1532 716; x_wconf 88' lang='lat' dir='ltr'><strong>quid</strong></span> <span class='ocrx_word' id='word_1_51' title='bbox 1577 648 1800 700; x_wconf 82' lang='lat' dir='ltr'><strong>haberet</strong></span> <span class='ocrx_word' id='word_1_52' title='bbox 1825 662 1946 714; x_wconf 87' lang='lat' dir='ltr'><strong>per-</strong></span> 
     </span>
    </p>
   </div>
   <div class='ocr_carea' id='block_1_9' title="bbox 379 733 1946 802">
    <p class='ocr_par' dir='ltr' id='par_1_9' title="bbox 379 733 1946 802">
     <span class='ocr_line' id='line_1_9' title="bbox 379 733 1946 802; baseline -0.005 -8"><span class='ocrx_word' id='word_1_53' title='bbox 379 747 725 795; x_wconf 86' lang='lat' dir='ltr'><strong>cunctantur.</strong></span> <span class='ocrx_word' id='word_1_54' title='bbox 783 737 853 790; x_wconf 84' lang='lat' dir='ltr'><strong>At</strong></span> <span class='ocrx_word' id='word_1_55' title='bbox 900 737 988 790; x_wconf 90' lang='lat' dir='ltr'><strong>ille</strong></span> <span class='ocrx_word' id='word_1_56' title='bbox 1019 753 1032 788; x_wconf 88' lang='lat'><strong>:</strong></span> <span class='ocrx_word' id='word_1_57' title='bbox 1059 735 1315 791; x_wconf 88' lang='lat' dir='ltr'><strong>Geminos</strong></span> <span class='ocrx_word' id='word_1_58' title='bbox 1359 736 1622 789; x_wconf 77' lang='lat' dir='ltr'><strong>immanes</strong></span> <span class='ocrx_word' id='word_1_59' title='bbox 1680 733 1830 802; x_wconf 91' lang='lat' dir='ltr'><strong>lupos</strong></span> <span class='ocrx_word' id='word_1_60' title='bbox 1860 747 1946 786; x_wconf 89' lang='lat' dir='ltr'><strong>me</strong></span> 
     </span>
    </p>
   </div>
   <div class='ocr_carea' id='block_1_10' title="bbox 380 828 1946 896">
    <p class='ocr_par' dir='ltr' id='par_1_10' title="bbox 380 828 1946 896">
     <span class='ocr_line' id='line_1_10' title="bbox 380 828 1946 896; baseline -0.003 -13"><span class='ocrx_word' id='word_1_61' title='bbox 380 830 530 884; x_wconf 89' lang='lat' dir='ltr'><strong>inter</strong></span> <span class='ocrx_word' id='word_1_62' title='bbox 577 828 797 882; x_wconf 87' lang='lat' dir='ltr'><strong>brachia</strong></span> <span class='ocrx_word' id='word_1_63' title='bbox 844 841 938 881; x_wconf 86' lang='lat' dir='ltr'><strong>sua</strong></span> <span class='ocrx_word' id='word_1_64' title='bbox 972 841 1336 895; x_wconf 84' lang='lat' dir='ltr'><strong>compressum</strong></span> <span class='ocrx_word' id='word_1_65' title='bbox 1396 834 1601 889; x_wconf 87' lang='lat' dir='ltr'><strong>tenere,</strong></span> <span class='ocrx_word' id='word_1_66' title='bbox 1659 835 1712 881; x_wconf 90' lang='lat' dir='ltr'><strong>et</strong></span> <span class='ocrx_word' id='word_1_67' title='bbox 1760 835 1946 896; x_wconf 89' lang='lat' dir='ltr'><strong>guttur</strong></span> 
     </span>
    </p>
   </div>
   <div class='ocr_carea' id='block_1_11' title="bbox 379 906 1941 988">
    <p class='ocr_par' dir='ltr' id='par_1_11' title="bbox 379 906 1941 988">
     <span class='ocr_line' id='line_1_11' title="bbox 379 906 1941 988; baseline -0.003 -14"><span class='ocrx_word' id='word_1_68' title='bbox 379 935 562 974; x_wconf 88' lang='lat' dir='ltr'><strong>meum</strong></span> <span class='ocrx_word' id='word_1_69' title='bbox 591 917 868 988; x_wconf 81' lang='lat' dir='ltr'><strong>impressis</strong></span> <span class='ocrx_word' id='word_1_70' title='bbox 891 906 1138 970; x_wconf 87' lang='lat' dir='ltr'><strong>dentibus</strong></span> <span class='ocrx_word' id='word_1_71' title='bbox 1180 916 1402 986; x_wconf 83' lang='lat' dir='ltr'><strong>jamjam</strong></span> <span class='ocrx_word' id='word_1_72' title='bbox 1437 915 1701 970; x_wconf 80' lang='lat' dir='ltr'><strong>sutfocare</strong></span> <span class='ocrx_word' id='word_1_73' title='bbox 1731 915 1941 981; x_wconf 80' lang='lat' dir='ltr'><strong>videtis,</strong></span> 
     </span>
    </p>
   </div>
   <div class='ocr_carea' id='block_1_12' title="bbox 382 991 1946 1076">
    <p class='ocr_par' dir='ltr' id='par_1_12' title="bbox 382 991 1946 1076">
     <span class='ocr_line' id='line_1_12' title="bbox 382 991 1946 1076; baseline -0.002 -15"><span class='ocrx_word' id='word_1_74' title='bbox 382 1016 440 1061; x_wconf 88' lang='lat' dir='ltr'><strong>et</strong></span> <span class='ocrx_word' id='word_1_75' title='bbox 465 1007 592 1076; x_wconf 82' lang='lat' dir='ltr'><strong>quid</strong></span> <span class='ocrx_word' id='word_1_76' title='bbox 619 1005 748 1059; x_wconf 92' lang='lat' dir='ltr'><strong>mihi</strong></span> <span class='ocrx_word' id='word_1_77' title='bbox 779 1006 840 1060; x_wconf 80' lang='lat' dir='ltr'><strong>tit</strong></span> <span class='ocrx_word' id='word_1_78' title='bbox 863 991 1138 1074; x_wconf 58' lang='lat' dir='ltr'><strong>quaeritis?</strong></span> <span class='ocrx_word' id='word_1_79' title='bbox 1166 1004 1284 1071; x_wconf 87' lang='lat' dir='ltr'><strong>Quo</strong></span> <span class='ocrx_word' id='word_1_80' title='bbox 1329 1004 1530 1070; x_wconf 90' lang='lat' dir='ltr'><strong>audito,</strong></span> <span class='ocrx_word' id='word_1_81' title='bbox 1555 1020 1692 1058; x_wconf 91' lang='lat' dir='ltr'><strong>unus</strong></span> <span class='ocrx_word' id='word_1_82' title='bbox 1717 1019 1784 1058; x_wconf 82' lang='lat' dir='ltr'><strong>ex</strong></span> <span class='ocrx_word' id='word_1_83' title='bbox 1831 993 1946 1058; x_wconf 79' lang='lat' dir='ltr'><strong>mo-</strong></span> 
     </span>
    </p>
   </div>
   <div class='ocr_carea' id='block_1_13' title="bbox 389 1094 1943 1164">
    <p class='ocr_par' dir='ltr' id='par_1_13' title="bbox 389 1094 1943 1164">
     <span class='ocr_line' id='line_1_13' title="bbox 389 1094 1943 1164; baseline -0.002 -13"><span class='ocrx_word' id='word_1_84' title='bbox 389 1096 572 1151; x_wconf 82' lang='lat' dir='ltr'><strong>nachis</strong></span> <span class='ocrx_word' id='word_1_85' title='bbox 619 1094 916 1164; x_wconf 80' lang='lat' dir='ltr'><strong>Riculphus</strong></span> <span class='ocrx_word' id='word_1_86' title='bbox 961 1095 1197 1156; x_wconf 83' lang='lat' dir='ltr'><strong>nomine,</strong></span> <span class='ocrx_word' id='word_1_87' title='bbox 1247 1095 1312 1149; x_wconf 89' lang='lat' dir='ltr'><strong>ad</strong></span> <span class='ocrx_word' id='word_1_88' title='bbox 1345 1095 1654 1150; x_wconf 80' lang='lat' dir='ltr'><strong>Anselmum</strong></span> <span class='ocrx_word' id='word_1_89' title='bbox 1685 1097 1775 1164; x_wconf 92' lang='lat' dir='ltr'><strong>qui</strong></span> <span class='ocrx_word' id='word_1_90' title='bbox 1818 1104 1943 1149; x_wconf 91' lang='lat' dir='ltr'><strong>tunc</strong></span> 
     </span>
    </p>
   </div>
   <div class='ocr_carea' id='block_1_14' title="bbox 389 1185 1946 1252">
    <p class='ocr_par' dir='ltr' id='par_1_14' title="bbox 389 1185 1946 1252">
     <span class='ocr_line' id='line_1_14' title="bbox 389 1185 1946 1252; baseline -0.003 -10"><span class='ocrx_word' id='word_1_91' title='bbox 389 1188 442 1242; x_wconf 89' lang='lat' dir='ltr'><strong>in</strong></span> <span class='ocrx_word' id='word_1_92' title='bbox 467 1187 708 1242; x_wconf 86' lang='lat' dir='ltr'><strong>claustro</strong></span> <span class='ocrx_word' id='word_1_93' title='bbox 736 1186 1088 1241; x_wconf 82' lang='lat' dir='ltr'><strong>emendandis</strong></span> <span class='ocrx_word' id='word_1_94' title='bbox 1115 1186 1268 1242; x_wconf 84' lang='lat' dir='ltr'><strong>libris</strong></span> <span class='ocrx_word' id='word_1_95' title='bbox 1315 1186 1645 1252; x_wconf 82' lang='lat' dir='ltr'><strong>intendebat,</strong></span> <span class='ocrx_word' id='word_1_96' title='bbox 1697 1185 1946 1240; x_wconf 87' lang='lat' dir='ltr'><strong>concitus</strong></span> 
     </span>
    </p>
   </div>
   <div class='ocr_carea' id='block_1_15' title="bbox 382 1275 1944 1350">
    <p class='ocr_par' dir='ltr' id='par_1_15' title="bbox 382 1275 1944 1350">
     <span class='ocr_line' id='line_1_15' title="bbox 382 1275 1944 1350; baseline -0.003 -17"><span class='ocrx_word' id='word_1_97' title='bbox 382 1277 655 1350; x_wconf 77' lang='lat' dir='ltr'><strong>perrexit;</strong></span> <span class='ocrx_word' id='word_1_98' title='bbox 703 1286 759 1331; x_wconf 91' lang='lat' dir='ltr'><strong>et</strong></span> <span class='ocrx_word' id='word_1_99' title='bbox 793 1277 843 1330; x_wconf 90' lang='lat' dir='ltr'><strong>ei</strong></span> <span class='ocrx_word' id='word_1_100' title='bbox 883 1275 1002 1348; x_wconf 66' lang='lat' dir='ltr'><strong>[al.,</strong></span> <span class='ocrx_word' id='word_1_101' title='bbox 1039 1275 1127 1348; x_wconf 89' lang='lat' dir='ltr'><strong>eo]</strong></span> <span class='ocrx_word' id='word_1_102' title='bbox 1178 1286 1335 1331; x_wconf 83' lang='lat' dir='ltr'><strong>extra</strong></span> <span class='ocrx_word' id='word_1_103' title='bbox 1386 1276 1681 1330; x_wconf 86' lang='lat' dir='ltr'><strong>claustrum</strong></span> <span class='ocrx_word' id='word_1_104' title='bbox 1717 1278 1944 1342; x_wconf 88' lang='lat' dir='ltr'><strong>educto,</strong></span> 
     </span>
    </p>
   </div>
   <div class='ocr_carea' id='block_1_16' title="bbox 380 1363 1942 1440">
    <p class='ocr_par' dir='ltr' id='par_1_16' title="bbox 380 1363 1942 1440">
     <span class='ocr_line' id='line_1_16' title="bbox 380 1363 1942 1440; baseline -0.003 -17"><span class='ocrx_word' id='word_1_105' title='bbox 380 1371 513 1440; x_wconf 83' lang='lat' dir='ltr'><strong>quid</strong></span> <span class='ocrx_word' id='word_1_106' title='bbox 567 1369 712 1423; x_wconf 88' lang='lat' dir='ltr'><strong>circa</strong></span> <span class='ocrx_word' id='word_1_107' title='bbox 756 1368 1029 1422; x_wconf 77' lang='lat' dir='ltr'><strong>inﬁrmum</strong></span> <span class='ocrx_word' id='word_1_108' title='bbox 1074 1367 1295 1423; x_wconf 82' lang='lat' dir='ltr'><strong>fratrem</strong></span> <span class='ocrx_word' id='word_1_109' title='bbox 1341 1363 1626 1438; x_wconf 78' lang='lat' dir='ltr'><strong>ageretur,</strong></span> <span class='ocrx_word' id='word_1_110' title='bbox 1664 1365 1942 1435; x_wconf 81' lang='lat' dir='ltr'><strong>patefecit.</strong></span> 
     </span>
    </p>
   </div>
   <div class='ocr_carea' id='block_1_17' title="bbox 379 1452 1944 1526">
    <p class='ocr_par' dir='ltr' id='par_1_17' title="bbox 379 1452 1944 1526">
     <span class='ocr_line' id='line_1_17' title="bbox 379 1452 1944 1526; baseline -0.004 -14"><span class='ocrx_word' id='word_1_111' title='bbox 379 1453 576 1512; x_wconf 69' lang='lat' dir='ltr'><strong>Iussus</strong></span> <span class='ocrx_word' id='word_1_112' title='bbox 629 1471 757 1526; x_wconf 90' lang='lat' dir='ltr'><strong>ergo</strong></span> <span class='ocrx_word' id='word_1_113' title='bbox 809 1455 1106 1524; x_wconf 74' lang='lat' dir='ltr'><strong>Riculphus</strong></span> <span class='ocrx_word' id='word_1_114' title='bbox 1129 1455 1196 1513; x_wconf 88' lang='lat' dir='ltr'><strong>ad</strong></span> <span class='ocrx_word' id='word_1_115' title='bbox 1227 1470 1427 1524; x_wconf 59' lang='lat' dir='ltr'><strong>argrum</strong></span> <span class='ocrx_word' id='word_1_116' title='bbox 1463 1455 1640 1518; x_wconf 86' lang='lat' dir='ltr'><strong>rediit,</strong></span> <span class='ocrx_word' id='word_1_117' title='bbox 1673 1463 1728 1508; x_wconf 89' lang='lat' dir='ltr'><strong>et</strong></span> <span class='ocrx_word' id='word_1_118' title='bbox 1757 1452 1944 1507; x_wconf 61' lang='lat' dir='ltr'><strong>Anselv</strong></span> 
     </span>
    </p>
   </div>
   <div class='ocr_carea' id='block_1_18' title="bbox 381 1542 1940 1604">
    <p class='ocr_par' dir='ltr' id='par_1_18' title="bbox 381 1542 1940 1604">
     <span class='ocr_line' id='line_1_18' title="bbox 381 1542 1940 1604; baseline -0.005 -2"><span class='ocrx_word' id='word_1_119' title='bbox 381 1564 506 1602; x_wconf 83' lang='lat' dir='ltr'><strong>mus</strong></span> <span class='ocrx_word' id='word_1_120' title='bbox 546 1545 600 1600; x_wconf 88' lang='lat' dir='ltr'><strong>in</strong></span> <span class='ocrx_word' id='word_1_121' title='bbox 629 1545 982 1601; x_wconf 85' lang='lat' dir='ltr'><strong>secretiorum</strong></span> <span class='ocrx_word' id='word_1_122' title='bbox 1012 1545 1188 1598; x_wconf 88' lang='lat' dir='ltr'><strong>locum</strong></span> <span class='ocrx_word' id='word_1_123' title='bbox 1217 1544 1375 1604; x_wconf 64' lang='lat' dir='ltr'><strong>solus,</strong></span> <span class='ocrx_word' id='word_1_124' title='bbox 1402 1543 1649 1597; x_wconf 86' lang='lat' dir='ltr'><strong>secessit.</strong></span> <span class='ocrx_word' id='word_1_125' title='bbox 1672 1542 1799 1595; x_wconf 82' lang='lat' dir='ltr'><strong>Post</strong></span> <span class='ocrx_word' id='word_1_126' title='bbox 1826 1556 1940 1595; x_wconf 89' lang='lat' dir='ltr'><strong>mo-</strong></span> 
     </span>
    </p>
   </div>
   <div class='ocr_carea' id='block_1_19' title="bbox 2020 383 3609 457">
    <p class='ocr_par' dir='ltr' id='par_1_19' title="bbox 2020 383 3609 457">
     <span class='ocr_line' id='line_1_19' title="bbox 2020 383 3609 457; baseline 0.01 -22"><span class='ocrx_word' id='word_1_127' title='bbox 2020 383 2214 448; x_wconf 10' lang='lat' dir='ltr'><strong>,selmo</strong></span> <span class='ocrx_word' id='word_1_128' title='bbox 2265 384 2405 438; x_wconf 89' lang='lat' dir='ltr'><strong>nulla</strong></span> <span class='ocrx_word' id='word_1_129' title='bbox 2463 401 2590 440; x_wconf 89' lang='lat' dir='ltr'><strong>cura</strong></span> <span class='ocrx_word' id='word_1_130' title='bbox 2643 386 2939 445; x_wconf 83' lang='lat' dir='ltr'><strong>detinebat.</strong></span> <span class='ocrx_word' id='word_1_131' title='bbox 3002 391 3153 457; x_wconf 87' lang='lat' dir='ltr'><strong>Quod</strong></span> <span class='ocrx_word' id='word_1_132' title='bbox 3219 396 3306 448; x_wconf 90' lang='lat' dir='ltr'><strong>ubi</strong></span> <span class='ocrx_word' id='word_1_133' title='bbox 3355 397 3609 452; x_wconf 85' lang='lat' dir='ltr'><strong>Anselmo</strong></span> 
     </span>
    </p>
   </div>
   <div class='ocr_carea' id='block_1_20' title="bbox 2047 474 3606 556">
    <p class='ocr_par' dir='ltr' id='par_1_20' title="bbox 2047 474 3606 556">
     <span class='ocr_line' id='line_1_20' title="bbox 2047 474 3606 556; baseline 0.007 -29"><span class='ocrx_word' id='word_1_134' title='bbox 2047 474 2298 541; x_wconf 86' lang='lat' dir='ltr'><strong>innotuit,</strong></span> <span class='ocrx_word' id='word_1_135' title='bbox 2327 476 2457 532; x_wconf 89' lang='lat' dir='ltr'><strong>nihil</strong></span> <span class='ocrx_word' id='word_1_136' title='bbox 2490 493 2650 546; x_wconf 88' lang='lat' dir='ltr'><strong>super</strong></span> <span class='ocrx_word' id='word_1_137' title='bbox 2677 495 2735 534; x_wconf 90' lang='lat' dir='ltr'><strong>re</strong></span> <span class='ocrx_word' id='word_1_138' title='bbox 2774 480 2893 550; x_wconf 76' lang='lat' dir='ltr'><strong>[al.,</strong></span> <span class='ocrx_word' id='word_1_139' title='bbox 2938 482 3019 554; x_wconf 87' lang='lat' dir='ltr'><strong>se]</strong></span> <span class='ocrx_word' id='word_1_140' title='bbox 3063 484 3312 552; x_wconf 76' lang='lat' dir='ltr'><strong>cuiquam</strong></span> <span class='ocrx_word' id='word_1_141' title='bbox 3361 487 3564 556; x_wconf 83' lang='lat' dir='ltr'><strong>locutus</strong></span> <span class='ocrx_word' id='word_1_142' title='bbox 3590 528 3606 550; x_wconf 95' lang='lat'><strong>,</strong></span> 
     </span>
    </p>
   </div>
   <div class='ocr_carea' id='block_1_21' title="bbox 2046 562 3608 643">
    <p class='ocr_par' dir='ltr' id='par_1_21' title="bbox 2046 562 3608 643">
     <span class='ocr_line' id='line_1_21' title="bbox 2046 562 3608 643; baseline 0.004 -25"><span class='ocrx_word' id='word_1_143' title='bbox 2046 575 2263 633; x_wconf 87' lang='lat' dir='ltr'><strong>accepta</strong></span> <span class='ocrx_word' id='word_1_144' title='bbox 2283 567 2510 622; x_wconf 48' lang='lat' dir='ltr'><strong>olicentia</strong></span> <span class='ocrx_word' id='word_1_145' title='bbox 2551 569 2670 623; x_wconf 90' lang='lat' dir='ltr'><strong>loco</strong></span> <span class='ocrx_word' id='word_1_146' title='bbox 2695 570 2943 625; x_wconf 83' lang='lat' dir='ltr'><strong>decessit.</strong></span> <span class='ocrx_word' id='word_1_147' title='bbox 2974 572 3130 626; x_wconf 82' lang='lat' dir='ltr'><strong>Ennti</strong></span> <span class='ocrx_word' id='word_1_148' title='bbox 3174 562 3380 638; x_wconf 74' lang='lat' dir='ltr'><strong>auiem,</strong></span> <span class='ocrx_word' id='word_1_149' title='bbox 3406 583 3459 627; x_wconf 87' lang='lat' dir='ltr'><strong>ct</strong></span> <span class='ocrx_word' id='word_1_150' title='bbox 3502 592 3608 643; x_wconf 84' lang='lat' dir='ltr'><strong>quo</strong></span> 
     </span>
    </p>
   </div>
   <div class='ocr_carea' id='block_1_22' title="bbox 2044 653 3609 731">
    <p class='ocr_par' dir='ltr' id='par_1_22' title="bbox 2044 653 3609 731">
     <span class='ocr_line' id='line_1_22' title="bbox 2044 653 3609 731; baseline 0.003 -24"><span class='ocrx_word' id='word_1_151' title='bbox 2044 653 2332 708; x_wconf 86' lang='lat' dir='ltr'><strong>diverteret</strong></span> <span class='ocrx_word' id='word_1_152' title='bbox 2358 656 2620 710; x_wconf 90' lang='lat' dir='ltr'><strong>incertum</strong></span> <span class='ocrx_word' id='word_1_153' title='bbox 2657 657 2871 713; x_wconf 86' lang='lat' dir='ltr'><strong>habenti</strong></span> <span class='ocrx_word' id='word_1_154' title='bbox 2903 658 3123 727; x_wconf 86' lang='lat' dir='ltr'><strong>(Beccus</strong></span> <span class='ocrx_word' id='word_1_155' title='bbox 3157 662 3300 716; x_wconf 91' lang='lat' dir='ltr'><strong>enim</strong></span> <span class='ocrx_word' id='word_1_156' title='bbox 3329 661 3484 731; x_wconf 81' lang='lat' dir='ltr'><strong>longe</strong></span> <span class='ocrx_word' id='word_1_157' title='bbox 3517 663 3609 722; x_wconf 83' lang='lat' dir='ltr'><strong>ah-</strong></span> 
     </span>
    </p>
   </div>
   <div class='ocr_carea' id='block_1_23' title="bbox 2043 740 3610 811">
    <p class='ocr_par' dir='ltr' id='par_1_23' title="bbox 2043 740 3610 811">
     <span class='ocr_line' id='line_1_23' title="bbox 2043 740 3610 811; baseline 0.005 -17"><span class='ocrx_word' id='word_1_158' title='bbox 2043 740 2182 811; x_wconf 90' lang='lat' dir='ltr'><strong>erat)</strong></span> <span class='ocrx_word' id='word_1_159' title='bbox 2222 745 2457 796; x_wconf 91' lang='lat' dir='ltr'><strong>occurrit</strong></span> <span class='ocrx_word' id='word_1_160' title='bbox 2498 759 2637 797; x_wconf 87' lang='lat' dir='ltr'><strong>unus</strong></span> <span class='ocrx_word' id='word_1_161' title='bbox 2668 745 2734 799; x_wconf 89' lang='lat' dir='ltr'><strong>de</strong></span> <span class='ocrx_word' id='word_1_162' title='bbox 2760 747 3034 800; x_wconf 81' lang='lat' dir='ltr'><strong>monachis</strong></span> <span class='ocrx_word' id='word_1_163' title='bbox 3061 746 3236 811; x_wconf 88' lang='lat' dir='ltr'><strong>Becci,</strong></span> <span class='ocrx_word' id='word_1_164' title='bbox 3269 749 3454 803; x_wconf 88' lang='lat' dir='ltr'><strong>volens</strong></span> <span class='ocrx_word' id='word_1_165' title='bbox 3487 743 3610 802; x_wconf 77' lang='lat' dir='ltr'><strong>illuc</strong></span> 
     </span>
    </p>
   </div>
   <div class='ocr_carea' id='block_1_24' title="bbox 2046 830 3602 905">
    <p class='ocr_par' dir='ltr' id='par_1_24' title="bbox 2046 830 3602 905">
     <span class='ocr_line' id='line_1_24' title="bbox 2046 830 3602 905; baseline 0.005 -22"><span class='ocrx_word' id='word_1_166' title='bbox 2046 830 2148 894; x_wconf 91' lang='lat' dir='ltr'><strong>ire,</strong></span> <span class='ocrx_word' id='word_1_167' title='bbox 2180 846 2286 900; x_wconf 92' lang='lat' dir='ltr'><strong>quo</strong></span> <span class='ocrx_word' id='word_1_168' title='bbox 2323 849 2443 887; x_wconf 91' lang='lat' dir='ltr'><strong>eum</strong></span> <span class='ocrx_word' id='word_1_169' title='bbox 2489 834 2694 888; x_wconf 84' lang='lat' dir='ltr'><strong>sciebat</strong></span> <span class='ocrx_word' id='word_1_170' title='bbox 2753 837 3008 904; x_wconf 83' lang='lat' dir='ltr'><strong>principis</strong></span> <span class='ocrx_word' id='word_1_171' title='bbox 3047 837 3310 905; x_wconf 90' lang='lat' dir='ltr'><strong>colloquio</strong></span> <span class='ocrx_word' id='word_1_172' title='bbox 3352 838 3602 892; x_wconf 89' lang='lat' dir='ltr'><strong>detineri.</strong></span> 
     </span>
    </p>
   </div>
   <div class='ocr_carea' id='block_1_25' title="bbox 2043 918 3629 995">
    <p class='ocr_par' dir='ltr' id='par_1_25' title="bbox 2043 918 3629 995">
     <span class='ocr_line' id='line_1_25' title="bbox 2043 918 3629 995; baseline 0.004 -21"><span class='ocrx_word' id='word_1_173' title='bbox 2043 921 2342 990; x_wconf 81' lang='lat' dir='ltr'><strong>interrogat</strong></span> <span class='ocrx_word' id='word_1_174' title='bbox 2366 931 2495 992; x_wconf 84' lang='lat' dir='ltr'><strong>ergo</strong></span> <span class='ocrx_word' id='word_1_175' title='bbox 2514 939 2633 977; x_wconf 90' lang='lat' dir='ltr'><strong>eum</strong></span> <span class='ocrx_word' id='word_1_176' title='bbox 2656 924 2941 980; x_wconf 83' lang='lat' dir='ltr'><strong>Anseltnus</strong></span> <span class='ocrx_word' id='word_1_177' title='bbox 2965 942 3069 995; x_wconf 88' lang='lat' dir='ltr'><strong>quo</strong></span> <span class='ocrx_word' id='word_1_178' title='bbox 3095 927 3299 991; x_wconf 74' lang='lat' dir='ltr'><strong>tendat,</strong></span> <span class='ocrx_word' id='word_1_179' title='bbox 3323 943 3386 980; x_wconf 89' lang='lat' dir='ltr'><strong>ac</strong></span> <span class='ocrx_word' id='word_1_180' title='bbox 3415 918 3629 980; x_wconf 84' lang='lat' dir='ltr'><strong>deinde</strong></span> 
     </span>
    </p>
   </div>
   <div class='ocr_carea' id='block_1_26' title="bbox 2045 1012 3608 1085">
    <p class='ocr_par' dir='ltr' id='par_1_26' title="bbox 2045 1012 3608 1085">
     <span class='ocr_line' id='line_1_26' title="bbox 2045 1012 3608 1085; baseline 0.004 -23"><span class='ocrx_word' id='word_1_181' title='bbox 2045 1012 2171 1080; x_wconf 90' lang='lat' dir='ltr'><strong>quid</strong></span> <span class='ocrx_word' id='word_1_182' title='bbox 2221 1013 2434 1067; x_wconf 79' lang='lat' dir='ltr'><strong>consilii</strong></span> <span class='ocrx_word' id='word_1_183' title='bbox 2478 1014 2545 1068; x_wconf 91' lang='lat' dir='ltr'><strong>de</strong></span> <span class='ocrx_word' id='word_1_184' title='bbox 2573 1030 2672 1068; x_wconf 90' lang='lat' dir='ltr'><strong>suo</strong></span> <span class='ocrx_word' id='word_1_185' title='bbox 2721 1015 2952 1084; x_wconf 91' lang='lat' dir='ltr'><strong>hospitio</strong></span> <span class='ocrx_word' id='word_1_186' title='bbox 2995 1017 3152 1070; x_wconf 90' lang='lat' dir='ltr'><strong>ferat.</strong></span> <span class='ocrx_word' id='word_1_187' title='bbox 3183 1016 3608 1085; x_wconf 79' lang='lat' dir='ltr'><strong>ResponditzEt</strong></span> 
     </span>
    </p>
   </div>
   <div class='ocr_carea' id='block_1_27' title="bbox 2044 1101 3609 1181">
    <p class='ocr_par' dir='ltr' id='par_1_27' title="bbox 2044 1101 3609 1181">
     <span class='ocr_line' id='line_1_27' title="bbox 2044 1101 3609 1181; baseline 0.003 -28"><span class='ocrx_word' id='word_1_188' title='bbox 2044 1101 2289 1181; x_wconf 74' lang='lat' dir='ltr'><strong>quidem,</strong></span> <span class='ocrx_word' id='word_1_189' title='bbox 2324 1101 2512 1166; x_wconf 87' lang='lat' dir='ltr'><strong>Pater,</strong></span> <span class='ocrx_word' id='word_1_190' title='bbox 2547 1104 2837 1172; x_wconf 86' lang='lat' dir='ltr'><strong>hospitium</strong></span> <span class='ocrx_word' id='word_1_191' title='bbox 2877 1103 3245 1174; x_wconf 85' lang='lat' dir='ltr'><strong>qualecunque</strong></span> <span class='ocrx_word' id='word_1_192' title='bbox 3299 1121 3405 1159; x_wconf 89' lang='lat' dir='ltr'><strong>non</strong></span> <span class='ocrx_word' id='word_1_193' title='bbox 3439 1104 3609 1174; x_wconf 84' lang='lat' dir='ltr'><strong>longe</strong></span> 
     </span>
    </p>
   </div>
   <div class='ocr_carea' id='block_1_28' title="bbox 2045 1186 3607 1264">
    <p class='ocr_par' dir='ltr' id='par_1_28' title="bbox 2045 1186 3607 1264">
     <span class='ocr_line' id='line_1_28' title="bbox 2045 1186 3607 1264; baseline 0.003 -21"><span class='ocrx_word' id='word_1_194' title='bbox 2045 1190 2324 1255; x_wconf 88' lang='lat' dir='ltr'><strong>habemus,</strong></span> <span class='ocrx_word' id='word_1_195' title='bbox 2347 1194 2441 1247; x_wconf 89' lang='lat' dir='ltr'><strong>sed</strong></span> <span class='ocrx_word' id='word_1_196' title='bbox 2469 1193 2596 1260; x_wconf 90' lang='lat' dir='ltr'><strong>quid</strong></span> <span class='ocrx_word' id='word_1_197' title='bbox 2625 1186 2774 1248; x_wconf 76' lang='lat' dir='ltr'><strong>vobis</strong></span> <span class='ocrx_word' id='word_1_198' title='bbox 2814 1203 2868 1246; x_wconf 89' lang='lat' dir='ltr'><strong>et</strong></span> <span class='ocrx_word' id='word_1_199' title='bbox 2899 1194 3152 1248; x_wconf 84' lang='lat' dir='ltr'><strong>fratribus</strong></span> <span class='ocrx_word' id='word_1_200' title='bbox 3191 1204 3385 1264; x_wconf 85' lang='lat' dir='ltr'><strong>pr:cter</strong></span> <span class='ocrx_word' id='word_1_201' title='bbox 3417 1211 3607 1263; x_wconf 90' lang='lat' dir='ltr'><strong>panem</strong></span> 
     </span>
    </p>
   </div>
   <div class='ocr_carea' id='block_1_29' title="bbox 2044 1282 3610 1351">
    <p class='ocr_par' dir='ltr' id='par_1_29' title="bbox 2044 1282 3610 1351">
     <span class='ocr_line' id='line_1_29' title="bbox 2044 1282 3610 1351; baseline 0.001 -17"><span class='ocrx_word' id='word_1_202' title='bbox 2044 1291 2099 1334; x_wconf 90' lang='lat' dir='ltr'><strong>et</strong></span> <span class='ocrx_word' id='word_1_203' title='bbox 2132 1296 2348 1336; x_wconf 90' lang='lat' dir='ltr'><strong>caseum</strong></span> <span class='ocrx_word' id='word_1_204' title='bbox 2393 1293 2709 1351; x_wconf 88' lang='lat' dir='ltr'><strong>apponetur,</strong></span> <span class='ocrx_word' id='word_1_205' title='bbox 2752 1283 2882 1336; x_wconf 91' lang='lat' dir='ltr'><strong>nihil</strong></span> <span class='ocrx_word' id='word_1_206' title='bbox 2936 1283 3210 1337; x_wconf 84' lang='lat' dir='ltr'><strong>habemus.</strong></span> <span class='ocrx_word' id='word_1_207' title='bbox 3243 1286 3312 1337; x_wconf 85' lang='lat' dir='ltr'><strong>At</strong></span> <span class='ocrx_word' id='word_1_208' title='bbox 3355 1285 3440 1336; x_wconf 86' lang='lat' dir='ltr'><strong>ille</strong></span> <span class='ocrx_word' id='word_1_209' title='bbox 3483 1282 3610 1336; x_wconf 89' lang='lat' dir='ltr'><strong>sub-</strong></span> 
     </span>
    </p>
   </div>
   <div class='ocr_carea' id='block_1_30' title="bbox 2045 1366 3601 1445">
    <p class='ocr_par' dir='ltr' id='par_1_30' title="bbox 2045 1366 3601 1445">
     <span class='ocr_line' id='line_1_30' title="bbox 2045 1366 3601 1445; baseline 0.001 -21"><span class='ocrx_word' id='word_1_210' title='bbox 2045 1371 2224 1424; x_wconf 89' lang='lat' dir='ltr'><strong>ridens</strong></span> <span class='ocrx_word' id='word_1_211' title='bbox 2256 1389 2269 1424; x_wconf 88' lang='lat'>:</span> <span class='ocrx_word' id='word_1_212' title='bbox 2299 1372 2447 1426; x_wconf 80' lang='lat' dir='ltr'><strong>Bone‘</strong></span> <span class='ocrx_word' id='word_1_213' title='bbox 2485 1373 2588 1437; x_wconf 88' lang='lat' dir='ltr'><strong>vir,</strong></span> <span class='ocrx_word' id='word_1_214' title='bbox 2645 1366 2745 1438; x_wconf 77' lang='lat' dir='ltr'><strong>ait,</strong></span> <span class='ocrx_word' id='word_1_215' title='bbox 2786 1390 2852 1428; x_wconf 89' lang='lat' dir='ltr'><strong>ne</strong></span> <span class='ocrx_word' id='word_1_216' title='bbox 2903 1375 3113 1441; x_wconf 85' lang='lat' dir='ltr'><strong>timeas,</strong></span> <span class='ocrx_word' id='word_1_217' title='bbox 3168 1375 3275 1428; x_wconf 92' lang='lat' dir='ltr'><strong>imo</strong></span> <span class='ocrx_word' id='word_1_218' title='bbox 3312 1376 3451 1428; x_wconf 90' lang='lat' dir='ltr'><strong>citus</strong></span> <span class='ocrx_word' id='word_1_219' title='bbox 3477 1374 3601 1445; x_wconf 82' lang='lat' dir='ltr'><strong>[al.,</strong></span> 
     </span>
    </p>
   </div>
   <div class='ocr_carea' id='block_1_31' title="bbox 2043 1457 3606 1530">
    <p class='ocr_par' dir='ltr' id='par_1_31' title="bbox 2043 1457 3606 1530">
     <span class='ocr_line' id='line_1_31' title="bbox 2043 1457 3606 1530; baseline 0.003 -18"><span class='ocrx_word' id='word_1_220' title='bbox 2043 1457 2223 1530; x_wconf 87' lang='lat' dir='ltr'><strong>citius]</strong></span> <span class='ocrx_word' id='word_1_221' title='bbox 2262 1461 2507 1528; x_wconf 89' lang='lat' dir='ltr'><strong>procede,</strong></span> <span class='ocrx_word' id='word_1_222' title='bbox 2553 1469 2608 1514; x_wconf 89' lang='lat' dir='ltr'><strong>et</strong></span> <span class='ocrx_word' id='word_1_223' title='bbox 2653 1462 2817 1516; x_wconf 88' lang='lat' dir='ltr'><strong>misso</strong></span> <span class='ocrx_word' id='word_1_224' title='bbox 2857 1463 2958 1516; x_wconf 86' lang='lat' dir='ltr'><strong>reti</strong></span> <span class='ocrx_word' id='word_1_225' title='bbox 3005 1463 3057 1516; x_wconf 91' lang='lat' dir='ltr'><strong>iu</strong></span> <span class='ocrx_word' id='word_1_226' title='bbox 3088 1461 3319 1516; x_wconf 88' lang='lat' dir='ltr'><strong>vicinum</strong></span> <span class='ocrx_word' id='word_1_227' title='bbox 3370 1479 3606 1528; x_wconf 87' lang='lat' dir='ltr'><strong>amnem,</strong></span> 
     </span>
    </p>
   </div>
   <div class='ocr_carea' id='block_1_32' title="bbox 2044 1541 3605 1619">
    <p class='ocr_par' dir='ltr' id='par_1_32' title="bbox 2044 1541 3605 1619">
     <span class='ocr_line' id='line_1_32' title="bbox 2044 1541 3605 1619; baseline 0.004 -18"><span class='ocrx_word' id='word_1_228' title='bbox 2044 1550 2224 1603; x_wconf 87' lang='lat' dir='ltr'><strong>statim</strong></span> <span class='ocrx_word' id='word_1_229' title='bbox 2259 1547 2503 1604; x_wconf 78' lang='lat' dir='ltr'><strong>invenies</strong></span> <span class='ocrx_word' id='word_1_230' title='bbox 2534 1550 2732 1619; x_wconf 85' lang='lat' dir='ltr'><strong>piscem</strong></span> <span class='ocrx_word' id='word_1_231' title='bbox 2757 1552 2846 1619; x_wconf 87' lang='lat' dir='ltr'><strong>qni</strong></span> <span class='ocrx_word' id='word_1_232' title='bbox 2876 1551 3099 1606; x_wconf 75' lang='lat' dir='ltr'><strong>sufﬁciet</strong></span> <span class='ocrx_word' id='word_1_233' title='bbox 3142 1541 3391 1608; x_wconf 90' lang='lat' dir='ltr'><strong>omnibus</strong></span> <span class='ocrx_word' id='word_1_234' title='bbox 3430 1553 3605 1608; x_wconf 84' lang='lat' dir='ltr'><strong>nobis.</strong></span> 
     </span>
    </p>
   </div>
   <div class='ocr_carea' id='block_1_33' title="bbox 378 1613 3583 1711">
    <p class='ocr_par' dir='ltr' id='par_1_33' title="bbox 378 1613 3583 1711">
     <span class='ocr_line' id='line_1_33' title="bbox 378 1613 3583 1711; baseline 0 -18"><span class='ocrx_word' id='word_1_235' title='bbox 378 1637 590 1700; x_wconf 85' lang='lat' dir='ltr'><strong>dicum,</strong></span> <span class='ocrx_word' id='word_1_236' title='bbox 625 1637 840 1690; x_wconf 89' lang='lat' dir='ltr'><strong>domum</strong></span> <span class='ocrx_word' id='word_1_237' title='bbox 867 1630 921 1688; x_wconf 90' lang='lat' dir='ltr'><strong>iu</strong></span> <span class='ocrx_word' id='word_1_238' title='bbox 959 1650 1061 1704; x_wconf 87' lang='lat' dir='ltr'><strong>qua</strong></span> <span class='ocrx_word' id='word_1_239' title='bbox 1097 1634 1263 1690; x_wconf 87' lang='lat' dir='ltr'><strong>frater</strong></span> <span class='ocrx_word' id='word_1_240' title='bbox 1302 1649 1362 1688; x_wconf 85' lang='lat' dir='ltr'><strong>se</strong></span> <span class='ocrx_word' id='word_1_241' title='bbox 1391 1634 1529 1688; x_wconf 89' lang='lat' dir='ltr'><strong>male</strong></span> <span class='ocrx_word' id='word_1_242' title='bbox 1559 1635 1790 1687; x_wconf 88' lang='lat' dir='ltr'><strong>hahehat</strong></span> <span class='ocrx_word' id='word_1_243' title='bbox 1820 1634 1941 1705; x_wconf 81' lang='lat' dir='ltr'><strong>[al.,</strong></span> <span class='ocrx_word' id='word_1_244' title='bbox 1973 1613 2014 1668; x_wconf 69' lang='grc' dir='ltr'><strong>Β</strong></span> <span class='ocrx_word' id='word_1_245' title='bbox 2044 1636 2136 1689; x_wconf 88' lang='lat' dir='ltr'><strong>Ille</strong></span> <span class='ocrx_word' id='word_1_246' title='bbox 2164 1645 2383 1707; x_wconf 87' lang='lat' dir='ltr'><strong>accepto</strong></span> <span class='ocrx_word' id='word_1_247' title='bbox 2409 1613 2658 1692; x_wconf 76' lang='lat' dir='ltr'><strong>mandato</strong></span> <span class='ocrx_word' id='word_1_248' title='bbox 2688 1613 2962 1711; x_wconf 56' lang='lat' dir='ltr'><strong>praivolat,</strong></span> <span class='ocrx_word' id='word_1_249' title='bbox 2983 1641 3260 1709; x_wconf 86' lang='lat' dir='ltr'><strong>accitoque</strong></span> <span class='ocrx_word' id='word_1_250' title='bbox 3303 1643 3583 1710; x_wconf 78' lang='lat' dir='ltr'><strong>piscatori,</strong></span> 
     </span>
    </p>
   </div>
   <div class='ocr_carea' id='block_1_34' title="bbox 378 1725 1941 1800">
    <p class='ocr_par' dir='ltr' id='par_1_34' title="bbox 378 1725 1941 1800">
     <span class='ocr_line' id='line_1_34' title="bbox 378 1725 1941 1800; baseline -0.004 -16"><span class='ocrx_word' id='word_1_251' title='bbox 378 1731 476 1800; x_wconf 92' lang='lat' dir='ltr'><strong>qui</strong></span> <span class='ocrx_word' id='word_1_252' title='bbox 509 1727 876 1800; x_wconf 81' lang='lat' dir='ltr'><strong>patiebatur],</strong></span> <span class='ocrx_word' id='word_1_253' title='bbox 913 1725 1216 1797; x_wconf 74' lang='lat' dir='ltr'><strong>ingrediens</strong></span> <span class='ocrx_word' id='word_1_254' title='bbox 1240 1767 1255 1791; x_wconf 91' lang='lat'><strong>,</strong></span> <span class='ocrx_word' id='word_1_255' title='bbox 1295 1725 1470 1780; x_wconf 87' lang='lat' dir='ltr'><strong>levata</strong></span> <span class='ocrx_word' id='word_1_256' title='bbox 1501 1741 1694 1790; x_wconf 90' lang='lat' dir='ltr'><strong>manu,</strong></span> <span class='ocrx_word' id='word_1_257' title='bbox 1730 1726 1941 1795; x_wconf 84' lang='lat' dir='ltr'><strong>signum</strong></span> 
     </span>
    </p>
   </div>
   <div class='ocr_carea' id='block_1_35' title="bbox 377 1801 1943 1879">
    <p class='ocr_par' dir='ltr' id='par_1_35' title="bbox 377 1801 1943 1879">
     <span class='ocr_line' id='line_1_35' title="bbox 377 1801 1943 1879; baseline -0.004 -9"><span class='ocrx_word' id='word_1_258' title='bbox 377 1813 588 1876; x_wconf 71' lang='lat' dir='ltr'><strong>sancta:</strong></span> <span class='ocrx_word' id='word_1_259' title='bbox 629 1815 806 1868; x_wconf 90' lang='lat' dir='ltr'><strong>crucis</strong></span> <span class='ocrx_word' id='word_1_260' title='bbox 839 1814 1005 1868; x_wconf 87' lang='lat' dir='ltr'><strong>edidit</strong></span> <span class='ocrx_word' id='word_1_261' title='bbox 1039 1814 1222 1868; x_wconf 89' lang='lat' dir='ltr'><strong>dicens</strong></span> <span class='ocrx_word' id='word_1_262' title='bbox 1260 1832 1273 1867; x_wconf 89' lang='lat'><strong>:</strong></span> <span class='ocrx_word' id='word_1_263' title='bbox 1309 1813 1374 1868; x_wconf 85' lang='lat' dir='ltr'><strong>In</strong></span> <span class='ocrx_word' id='word_1_264' title='bbox 1415 1814 1620 1879; x_wconf 68' lang='lat' dir='ltr'><strong>nonnae</strong></span> <span class='ocrx_word' id='word_1_265' title='bbox 1653 1801 1858 1874; x_wconf 71' lang='lat' dir='ltr'><strong>Patris,</strong></span> <span class='ocrx_word' id='word_1_266' title='bbox 1897 1822 1943 1866; x_wconf 81' lang='lat' dir='ltr'><strong>et</strong></span> 
     </span>
    </p>
   </div>
   <div class='ocr_carea' id='block_1_36' title="bbox 381 1902 1947 1973">
    <p class='ocr_par' dir='ltr' id='par_1_36' title="bbox 381 1902 1947 1973">
     <span class='ocr_line' id='line_1_36' title="bbox 381 1902 1947 1973; baseline -0.004 -12"><span class='ocrx_word' id='word_1_267' title='bbox 381 1902 542 1969; x_wconf 75' lang='lat' dir='ltr'><strong>Filii,</strong></span> <span class='ocrx_word' id='word_1_268' title='bbox 572 1915 620 1958; x_wconf 79' lang='lat' dir='ltr'><strong>et</strong></span> <span class='ocrx_word' id='word_1_269' title='bbox 661 1903 888 1973; x_wconf 72' lang='lat' dir='ltr'><strong>Spiritus</strong></span> <span class='ocrx_word' id='word_1_270' title='bbox 922 1905 1107 1958; x_wconf 72' lang='lat' dir='ltr'><strong>sancti.</strong></span> <span class='ocrx_word' id='word_1_271' title='bbox 1151 1903 1228 1956; x_wconf 82' lang='lat' dir='ltr'><strong>Ad</strong></span> <span class='ocrx_word' id='word_1_272' title='bbox 1254 1903 1395 1973; x_wconf 90' lang='lat' dir='ltr'><strong>quod</strong></span> <span class='ocrx_word' id='word_1_273' title='bbox 1424 1902 1622 1956; x_wconf 80' lang='lat' dir='ltr'><strong>factum</strong></span> <span class='ocrx_word' id='word_1_274' title='bbox 1666 1903 1847 1955; x_wconf 87' lang='lat' dir='ltr'><strong>statim</strong></span> <span class='ocrx_word' id='word_1_275' title='bbox 1875 1918 1947 1955; x_wconf 57' lang='lat' dir='ltr'><strong>a1.-</strong></span> 
     </span>
    </p>
   </div>
   <div class='ocr_carea' id='block_1_37' title="bbox 377 1991 1944 2066">
    <p class='ocr_par' dir='ltr' id='par_1_37' title="bbox 377 1991 1944 2066">
     <span class='ocr_line' id='line_1_37' title="bbox 377 1991 1944 2066; baseline -0.003 -17"><span class='ocrx_word' id='word_1_276' title='bbox 377 2009 478 2066; x_wconf 82' lang='lat' dir='ltr'><strong>ger</strong></span> <span class='ocrx_word' id='word_1_277' title='bbox 505 1994 835 2061; x_wconf 82' lang='lat' dir='ltr'><strong>conquievit,</strong></span> <span class='ocrx_word' id='word_1_278' title='bbox 888 2003 942 2047; x_wconf 93' lang='lat' dir='ltr'><strong>et</strong></span> <span class='ocrx_word' id='word_1_279' title='bbox 984 1991 1284 2056; x_wconf 84' lang='lat' dir='ltr'><strong>exhilarato</strong></span> <span class='ocrx_word' id='word_1_280' title='bbox 1317 1991 1497 2053; x_wconf 86' lang='lat' dir='ltr'><strong>vultu,</strong></span> <span class='ocrx_word' id='word_1_281' title='bbox 1538 1991 1738 2044; x_wconf 84' lang='lat' dir='ltr'><strong>intimo</strong></span> <span class='ocrx_word' id='word_1_282' title='bbox 1766 1991 1944 2045; x_wconf 86' lang='lat' dir='ltr'><strong>cordis</strong></span> 
     </span>
    </p>
   </div>
   <div class='ocr_carea' id='block_1_38' title="bbox 380 2081 1943 2153">
    <p class='ocr_par' dir='ltr' id='par_1_38' title="bbox 380 2081 1943 2153">
     <span class='ocr_line' id='line_1_38' title="bbox 380 2081 1943 2153; baseline -0.001 -16"><span class='ocrx_word' id='word_1_283' title='bbox 380 2083 582 2153; x_wconf 79' lang='lat' dir='ltr'><strong>alectu</strong></span> <span class='ocrx_word' id='word_1_284' title='bbox 611 2082 722 2137; x_wconf 86' lang='lat' dir='ltr'><strong>Deo</strong></span> <span class='ocrx_word' id='word_1_285' title='bbox 744 2082 946 2152; x_wconf 76' lang='lat' dir='ltr'><strong>gratias</strong></span> <span class='ocrx_word' id='word_1_286' title='bbox 972 2097 1130 2151; x_wconf 86' lang='lat' dir='ltr'><strong>agere</strong></span> <span class='ocrx_word' id='word_1_287' title='bbox 1167 2083 1349 2152; x_wconf 63' lang='lat' dir='ltr'><strong>capit.</strong></span> <span class='ocrx_word' id='word_1_288' title='bbox 1394 2081 1614 2136; x_wconf 88' lang='lat' dir='ltr'><strong>Dicebat</strong></span> <span class='ocrx_word' id='word_1_289' title='bbox 1633 2082 1775 2135; x_wconf 89' lang='lat' dir='ltr'><strong>cnim</strong></span> <span class='ocrx_word' id='word_1_290' title='bbox 1802 2082 1943 2150; x_wconf 90' lang='lat' dir='ltr'><strong>quod</strong></span> 
     </span>
    </p>
   </div>
   <div class='ocr_carea' id='block_1_39' title="bbox 381 2155 1946 2237">
    <p class='ocr_par' dir='ltr' id='par_1_39' title="bbox 381 2155 1946 2237">
     <span class='ocr_line' id='line_1_39' title="bbox 381 2155 1946 2237; baseline -0.001 -12"><span class='ocrx_word' id='word_1_291' title='bbox 381 2170 641 2226; x_wconf 74' lang='lat' dir='ltr'><strong>Auselmo</strong></span> <span class='ocrx_word' id='word_1_292' title='bbox 680 2155 878 2222; x_wconf 86' lang='lat' dir='ltr'><strong>ostium</strong></span> <span class='ocrx_word' id='word_1_293' title='bbox 926 2169 1259 2237; x_wconf 85' lang='lat' dir='ltr'><strong>ingrediente</strong></span> <span class='ocrx_word' id='word_1_294' title='bbox 1280 2209 1296 2233; x_wconf 89' lang='lat'><strong>,</strong></span> <span class='ocrx_word' id='word_1_295' title='bbox 1326 2178 1380 2222; x_wconf 89' lang='lat' dir='ltr'><strong>ct</strong></span> <span class='ocrx_word' id='word_1_296' title='bbox 1409 2180 1638 2222; x_wconf 79' lang='lat' dir='ltr'><strong>extensa</strong></span> <span class='ocrx_word' id='word_1_297' title='bbox 1687 2183 1846 2222; x_wconf 90' lang='lat' dir='ltr'><strong>manu</strong></span> <span class='ocrx_word' id='word_1_298' title='bbox 1873 2172 1946 2224; x_wconf 84' lang='lat' dir='ltr'><strong>si-</strong></span> 
     </span>
    </p>
   </div>
   <div class='ocr_carea' id='block_1_40' title="bbox 386 2259 1946 2330">
    <p class='ocr_par' dir='ltr' id='par_1_40' title="bbox 386 2259 1946 2330">
     <span class='ocr_line' id='line_1_40' title="bbox 386 2259 1946 2330; baseline 0.001 -18"><span class='ocrx_word' id='word_1_299' title='bbox 386 2276 550 2330; x_wconf 88' lang='lat' dir='ltr'><strong>gnum</strong></span> <span class='ocrx_word' id='word_1_300' title='bbox 611 2270 812 2316; x_wconf 73' lang='lat' dir='ltr'><strong>sancta:</strong></span> <span class='ocrx_word' id='word_1_301' title='bbox 861 2260 1037 2314; x_wconf 89' lang='lat' dir='ltr'><strong>crucis</strong></span> <span class='ocrx_word' id='word_1_302' title='bbox 1093 2259 1314 2322; x_wconf 86' lang='lat' dir='ltr'><strong>edente,</strong></span> <span class='ocrx_word' id='word_1_303' title='bbox 1348 2260 1541 2315; x_wconf 88' lang='lat' dir='ltr'><strong>viderit</strong></span> <span class='ocrx_word' id='word_1_304' title='bbox 1582 2277 1647 2315; x_wconf 87' lang='lat' dir='ltr'><strong>ex</strong></span> <span class='ocrx_word' id='word_1_305' title='bbox 1676 2278 1770 2315; x_wconf 90' lang='lat' dir='ltr'><strong>ore</strong></span> <span class='ocrx_word' id='word_1_306' title='bbox 1805 2259 1946 2314; x_wconf 87' lang='lat' dir='ltr'><strong>illius</strong></span> 
     </span>
    </p>
   </div>
   <div class='ocr_carea' id='block_1_41' title="bbox 388 2349 1944 2420">
    <p class='ocr_par' dir='ltr' id='par_1_41' title="bbox 388 2349 1944 2420">
     <span class='ocr_line' id='line_1_41' title="bbox 388 2349 1944 2420; baseline 0.001 -17"><span class='ocrx_word' id='word_1_307' title='bbox 388 2349 654 2403; x_wconf 71' lang='lat' dir='ltr'><strong>“animam</strong></span> <span class='ocrx_word' id='word_1_308' title='bbox 678 2349 815 2420; x_wconf 86' lang='lat' dir='ltr'><strong>ignis</strong></span> <span class='ocrx_word' id='word_1_309' title='bbox 847 2349 897 2402; x_wconf 89' lang='lat' dir='ltr'><strong>in</strong></span> <span class='ocrx_word' id='word_1_310' title='bbox 930 2349 1146 2402; x_wconf 89' lang='lat' dir='ltr'><strong>modum</strong></span> <span class='ocrx_word' id='word_1_311' title='bbox 1170 2349 1368 2404; x_wconf 74' lang='lat' dir='ltr'><strong>lanceze</strong></span> <span class='ocrx_word' id='word_1_312' title='bbox 1395 2351 1793 2420; x_wconf 89' lang='lat' dir='ltr'><strong>procedentem,</strong></span> <span class='ocrx_word' id='word_1_313' title='bbox 1825 2366 1944 2418; x_wconf 75' lang='lat' dir='ltr'><strong>qua:</strong></span> 
     </span>
    </p>
   </div>
   <div class='ocr_carea' id='block_1_42' title="bbox 349 2427 1946 2509">
    <p class='ocr_par' dir='ltr' id='par_1_42' title="bbox 349 2427 1946 2509">
     <span class='ocr_line' id='line_1_42' title="bbox 349 2427 1946 2509; baseline 0 -16"><span class='ocrx_word' id='word_1_314' title='bbox 349 2428 354 2432; x_wconf 65' lang='grc'><strong>’</strong></span> <span class='ocrx_word' id='word_1_315' title='bbox 389 2437 447 2494; x_wconf 84' lang='lat' dir='ltr'><strong>in</strong></span> <span class='ocrx_word' id='word_1_316' title='bbox 496 2439 617 2509; x_wconf 90' lang='lat' dir='ltr'><strong>lupo</strong></span> <span class='ocrx_word' id='word_1_317' title='bbox 646 2427 879 2508; x_wconf 73' lang='lat' dir='ltr'><strong>iaculata</strong></span> <span class='ocrx_word' id='word_1_318' title='bbox 938 2453 1029 2492; x_wconf 88' lang='lat' dir='ltr'><strong>eos</strong></span> <span class='ocrx_word' id='word_1_319' title='bbox 1081 2439 1364 2503; x_wconf 88' lang='lat' dir='ltr'><strong>deterruit,</strong></span> <span class='ocrx_word' id='word_1_320' title='bbox 1393 2448 1447 2493; x_wconf 90' lang='lat' dir='ltr'><strong>et</strong></span> <span class='ocrx_word' id='word_1_321' title='bbox 1473 2438 1632 2494; x_wconf 89' lang='lat' dir='ltr'><strong>celeri</strong></span> <span class='ocrx_word' id='word_1_322' title='bbox 1648 2439 1781 2507; x_wconf 61' lang='lat' dir='ltr'><strong>luga</strong></span> <span class='ocrx_word' id='word_1_323' title='bbox 1807 2439 1946 2494; x_wconf 83' lang='lat' dir='ltr'><strong>dila-</strong></span> 
     </span>
    </p>
   </div>
   <div class='ocr_carea' id='block_1_43' title="bbox 387 2527 1947 2598">
    <p class='ocr_par' dir='ltr' id='par_1_43' title="bbox 387 2527 1947 2598">
     <span class='ocr_line' id='line_1_43' title="bbox 387 2527 1947 2598; baseline 0.001 -14"><span class='ocrx_word' id='word_1_324' title='bbox 387 2535 517 2598; x_wconf 82' lang='lat' dir='ltr'><strong>psos</strong></span> <span class='ocrx_word' id='word_1_325' title='bbox 558 2528 739 2598; x_wconf 86' lang='lat' dir='ltr'><strong>procul</strong></span> <span class='ocrx_word' id='word_1_326' title='bbox 770 2529 966 2598; x_wconf 85' lang='lat' dir='ltr'><strong>abegit.</strong></span> <span class='ocrx_word' id='word_1_327' title='bbox 998 2527 1147 2583; x_wconf 89' lang='lat' dir='ltr'><strong>Tune</strong></span> <span class='ocrx_word' id='word_1_328' title='bbox 1189 2528 1474 2584; x_wconf 77' lang='lat' dir='ltr'><strong>Anselmus</strong></span> <span class='ocrx_word' id='word_1_329' title='bbox 1501 2529 1566 2584; x_wconf 88' lang='lat' dir='ltr'><strong>ad</strong></span> <span class='ocrx_word' id='word_1_330' title='bbox 1597 2530 1819 2585; x_wconf 84' lang='lat' dir='ltr'><strong>fratrem</strong></span> <span class='ocrx_word' id='word_1_331' title='bbox 1859 2546 1947 2586; x_wconf 88' lang='lat' dir='ltr'><strong>ac—</strong></span> 
     </span>
    </p>
   </div>
   <div class='ocr_carea' id='block_1_44' title="bbox 383 2615 1947 2687">
    <p class='ocr_par' dir='ltr' id='par_1_44' title="bbox 383 2615 1947 2687">
     <span class='ocr_line' id='line_1_44' title="bbox 383 2615 1947 2687; baseline 0.002 -15"><span class='ocrx_word' id='word_1_332' title='bbox 383 2618 582 2672; x_wconf 87' lang='lat' dir='ltr'><strong>cedens</strong></span> <span class='ocrx_word' id='word_1_333' title='bbox 604 2626 762 2687; x_wconf 88' lang='lat' dir='ltr'><strong>atque</strong></span> <span class='ocrx_word' id='word_1_334' title='bbox 783 2617 999 2671; x_wconf 88' lang='lat' dir='ltr'><strong>cum-eo</strong></span> <span class='ocrx_word' id='word_1_335' title='bbox 1021 2616 1087 2672; x_wconf 89' lang='lat' dir='ltr'><strong>de</strong></span> <span class='ocrx_word' id='word_1_336' title='bbox 1116 2615 1288 2672; x_wconf 90' lang='lat' dir='ltr'><strong>salute</strong></span> <span class='ocrx_word' id='word_1_337' title='bbox 1314 2618 1504 2674; x_wconf 67' lang='lat' dir='ltr'><strong>animae</strong></span> <span class='ocrx_word' id='word_1_338' title='bbox 1543 2634 1670 2674; x_wconf 70' lang='lat' dir='ltr'><strong>suae.</strong></span> <span class='ocrx_word' id='word_1_339' title='bbox 1688 2621 1947 2675; x_wconf 89' lang='lat' dir='ltr'><strong>secretius</strong></span> 
     </span>
    </p>
   </div>
   <div class='ocr_carea' id='block_1_45' title="bbox 380 2703 1943 2776">
    <p class='ocr_par' dir='ltr' id='par_1_45' title="bbox 380 2703 1943 2776">
     <span class='ocr_line' id='line_1_45' title="bbox 380 2703 1943 2776; baseline 0.006 -20"><span class='ocrx_word' id='word_1_340' title='bbox 380 2706 629 2775; x_wconf 82' lang='lat' dir='ltr'><strong>loquens,</strong></span> <span class='ocrx_word' id='word_1_341' title='bbox 658 2705 724 2761; x_wconf 90' lang='lat' dir='ltr'><strong>ad</strong></span> <span class='ocrx_word' id='word_1_342' title='bbox 749 2703 1136 2776; x_wconf 70' lang='lat' dir='ltr'><strong>pmnitudinem</strong></span> <span class='ocrx_word' id='word_1_343' title='bbox 1163 2715 1217 2761; x_wconf 88' lang='lat' dir='ltr'><strong>et</strong></span> <span class='ocrx_word' id='word_1_344' title='bbox 1252 2708 1640 2764; x_wconf 88' lang='lat' dir='ltr'><strong>confessionem</strong></span> <span class='ocrx_word' id='word_1_345' title='bbox 1683 2711 1943 2776; x_wconf 92' lang='lat' dir='ltr'><strong>omnium,</strong></span> 
     </span>
    </p>
   </div>
   <div class='ocr_carea' id='block_1_46' title="bbox 384 2793 1948 2866">
    <p class='ocr_par' dir='ltr' id='par_1_46' title="bbox 384 2793 1948 2866">
     <span class='ocr_line' id='line_1_46' title="bbox 384 2793 1948 2866; baseline 0.003 -15"><span class='ocrx_word' id='word_1_346' title='bbox 384 2797 439 2851; x_wconf 85' lang='lat' dir='ltr'><strong>in</strong></span> <span class='ocrx_word' id='word_1_347' title='bbox 469 2797 661 2866; x_wconf 85' lang='lat' dir='ltr'><strong>quibus</strong></span> <span class='ocrx_word' id='word_1_348' title='bbox 690 2811 748 2851; x_wconf 86' lang='lat' dir='ltr'><strong>se</strong></span> <span class='ocrx_word' id='word_1_349' title='bbox 767 2796 933 2849; x_wconf 85' lang='lat' dir='ltr'><strong>Deum</strong></span> <span class='ocrx_word' id='word_1_350' title='bbox 961 2793 1246 2850; x_wconf 76' lang='lat' dir='ltr'><strong>offendisse</strong></span> <span class='ocrx_word' id='word_1_351' title='bbox 1275 2798 1546 2852; x_wconf 88' lang='lat' dir='ltr'><strong>recordari</strong></span> <span class='ocrx_word' id='word_1_352' title='bbox 1588 2799 1822 2866; x_wconf 88' lang='lat' dir='ltr'><strong>valebat,</strong></span> <span class='ocrx_word' id='word_1_353' title='bbox 1852 2814 1948 2855; x_wconf 88' lang='lat' dir='ltr'><strong>cor</strong></span> 
     </span>
    </p>
   </div>
   <div class='ocr_carea' id='block_1_47' title="bbox 2044 1725 3610 1797">
    <p class='ocr_par' dir='ltr' id='par_1_47' title="bbox 2044 1725 3610 1797">
     <span class='ocr_line' id='line_1_47' title="bbox 2044 1725 3610 1797; baseline 0.006 -23"><span class='ocrx_word' id='word_1_354' title='bbox 2044 1725 2168 1793; x_wconf 83' lang='lat' dir='ltr'><strong>quid</strong></span> <span class='ocrx_word' id='word_1_355' title='bbox 2210 1725 2492 1781; x_wconf 83' lang='lat' dir='ltr'><strong>Anselmus</strong></span> <span class='ocrx_word' id='word_1_356' title='bbox 2511 1728 2756 1797; x_wconf 85' lang='lat' dir='ltr'><strong>jusserit,</strong></span> <span class='ocrx_word' id='word_1_357' title='bbox 2781 1729 3010 1794; x_wconf 90' lang='lat' dir='ltr'><strong>intimat,</strong></span> <span class='ocrx_word' id='word_1_358' title='bbox 3035 1745 3099 1782; x_wconf 88' lang='lat' dir='ltr'><strong>ac</strong></span> <span class='ocrx_word' id='word_1_359' title='bbox 3129 1737 3186 1782; x_wconf 90' lang='lat' dir='ltr'><strong>ttt</strong></span> <span class='ocrx_word' id='word_1_360' title='bbox 3231 1730 3466 1784; x_wconf 89' lang='lat' dir='ltr'><strong>velocius</strong></span> <span class='ocrx_word' id='word_1_361' title='bbox 3497 1741 3610 1783; x_wconf 85' lang='lat' dir='ltr'><strong>rete</strong></span> 
     </span>
    </p>
   </div>
   <div class='ocr_carea' id='block_1_48' title="bbox 2045 1816 3606 1887">
    <p class='ocr_par' dir='ltr' id='par_1_48' title="bbox 2045 1816 3606 1887">
     <span class='ocr_line' id='line_1_48' title="bbox 2045 1816 3606 1887; baseline 0.003 -19"><span class='ocrx_word' id='word_1_362' title='bbox 2045 1816 2098 1868; x_wconf 88' lang='lat' dir='ltr'><strong>in</strong></span> <span class='ocrx_word' id='word_1_363' title='bbox 2128 1816 2344 1869; x_wconf 86' lang='lat' dir='ltr'><strong>fluvium</strong></span> <span class='ocrx_word' id='word_1_364' title='bbox 2381 1817 2568 1885; x_wconf 84' lang='lat' dir='ltr'><strong>jaclet,</strong></span> <span class='ocrx_word' id='word_1_365' title='bbox 2609 1818 2781 1887; x_wconf 87' lang='lat' dir='ltr'><strong>jubet,</strong></span> <span class='ocrx_word' id='word_1_366' title='bbox 2824 1819 3072 1872; x_wconf 81' lang='lat' dir='ltr'><strong>hortatur</strong></span> <span class='ocrx_word' id='word_1_367' title='bbox 3102 1828 3153 1872; x_wconf 88' lang='lat' dir='ltr'><strong>et</strong></span> <span class='ocrx_word' id='word_1_368' title='bbox 3184 1819 3451 1874; x_wconf 68' lang='lat' dir='ltr'><strong>obsecrat.</strong></span> <span class='ocrx_word' id='word_1_369' title='bbox 3497 1820 3606 1872; x_wconf 83' lang='lat' dir='ltr'><strong>Ad—</strong></span> 
     </span>
    </p>
   </div>
   <div class='ocr_carea' id='block_1_49' title="bbox 2045 1902 3603 1975">
    <p class='ocr_par' dir='ltr' id='par_1_49' title="bbox 2045 1902 3603 1975">
     <span class='ocr_line' id='line_1_49' title="bbox 2045 1902 3603 1975; baseline 0.001 -19"><span class='ocrx_word' id='word_1_370' title='bbox 2045 1902 2269 1956; x_wconf 85' lang='lat' dir='ltr'><strong>miratus</strong></span> <span class='ocrx_word' id='word_1_371' title='bbox 2300 1903 2404 1968; x_wconf 89' lang='lat' dir='ltr'><strong>ille,</strong></span> <span class='ocrx_word' id='word_1_372' title='bbox 2434 1919 2622 1974; x_wconf 86' lang='lat' dir='ltr'><strong>parere</strong></span> <span class='ocrx_word' id='word_1_373' title='bbox 2654 1907 2856 1973; x_wconf 81' lang='lat' dir='ltr'><strong>petenti</strong></span> <span class='ocrx_word' id='word_1_374' title='bbox 2889 1920 3152 1970; x_wconf 88' lang='lat' dir='ltr'><strong>moratur,</strong></span> <span class='ocrx_word' id='word_1_375' title='bbox 3185 1908 3463 1961; x_wconf 87' lang='lat' dir='ltr'><strong>ridendmn</strong></span> <span class='ocrx_word' id='word_1_376' title='bbox 3508 1922 3603 1975; x_wconf 85' lang='lat' dir='ltr'><strong>po-</strong></span> 
     </span>
    </p>
   </div>
   <div class='ocr_carea' id='block_1_50' title="bbox 2047 1992 3606 2064">
    <p class='ocr_par' dir='ltr' id='par_1_50' title="bbox 2047 1992 3606 2064">
     <span class='ocr_line' id='line_1_50' title="bbox 2047 1992 3606 2064; baseline 0.003 -21"><span class='ocrx_word' id='word_1_377' title='bbox 2047 1992 2153 2046; x_wconf 87' lang='lat' dir='ltr'><strong>tius</strong></span> <span class='ocrx_word' id='word_1_378' title='bbox 2181 2007 2339 2059; x_wconf 87' lang='lat' dir='ltr'><strong>quam</strong></span> <span class='ocrx_word' id='word_1_379' title='bbox 2375 1993 2745 2047; x_wconf 86' lang='lat' dir='ltr'><strong>attentandut‘n</strong></span> <span class='ocrx_word' id='word_1_380' title='bbox 2777 1996 2916 2062; x_wconf 90' lang='lat' dir='ltr'><strong>quod</strong></span> <span class='ocrx_word' id='word_1_381' title='bbox 2945 1996 3155 2049; x_wconf 84' lang='lat' dir='ltr'><strong>dicebat</strong></span> <span class='ocrx_word' id='word_1_382' title='bbox 3196 1996 3333 2060; x_wconf 85' lang='lat' dir='ltr'><strong>fore,</strong></span> <span class='ocrx_word' id='word_1_383' title='bbox 3357 2013 3606 2064; x_wconf 59' lang='lat' dir='ltr'><strong>prauum-</strong></span> 
     </span>
    </p>
   </div>
   <div class='ocr_carea' id='block_1_51' title="bbox 2045 2083 3609 2153">
    <p class='ocr_par' dir='ltr' id='par_1_51' title="bbox 2045 2083 3609 2153">
     <span class='ocr_line' id='line_1_51' title="bbox 2045 2083 3609 2153; baseline 0.002 -18"><span class='ocrx_word' id='word_1_384' title='bbox 2045 2083 2206 2136; x_wconf 87' lang='lat' dir='ltr'><strong>tians.</strong></span> <span class='ocrx_word' id='word_1_385' title='bbox 2240 2083 2477 2137; x_wconf 85' lang='lat' dir='ltr'><strong>Tandem</strong></span> <span class='ocrx_word' id='word_1_386' title='bbox 2509 2091 2685 2137; x_wconf 81' lang='lat' dir='ltr'><strong>tamen</strong></span> <span class='ocrx_word' id='word_1_387' title='bbox 2713 2099 2742 2136; x_wconf 90' lang='lat' dir='ltr'><strong>a</strong></span> <span class='ocrx_word' id='word_1_388' title='bbox 2775 2083 2940 2139; x_wconf 86' lang='lat' dir='ltr'><strong>fratre</strong></span> <span class='ocrx_word' id='word_1_389' title='bbox 2978 2096 3218 2150; x_wconf 88' lang='lat' dir='ltr'><strong>coactus,</strong></span> <span class='ocrx_word' id='word_1_390' title='bbox 3242 2097 3427 2140; x_wconf 84' lang='lat' dir='ltr'><strong>contra</strong></span> <span class='ocrx_word' id='word_1_391' title='bbox 3459 2085 3609 2153; x_wconf 78' lang='lat' dir='ltr'><strong>spem</strong></span> 
     </span>
    </p>
   </div>
   <div class='ocr_carea' id='block_1_52' title="bbox 2047 2173 3610 2246">
    <p class='ocr_par' dir='ltr' id='par_1_52' title="bbox 2047 2173 3610 2246">
     <span class='ocr_line' id='line_1_52' title="bbox 2047 2173 3610 2246; baseline 0.003 -19"><span class='ocrx_word' id='word_1_392' title='bbox 2047 2183 2159 2227; x_wconf 87' lang='lat' dir='ltr'><strong>rete</strong></span> <span class='ocrx_word' id='word_1_393' title='bbox 2190 2173 2343 2242; x_wconf 78' lang='lat' dir='ltr'><strong>jecit,</strong></span> <span class='ocrx_word' id='word_1_394' title='bbox 2377 2184 2432 2229; x_wconf 89' lang='lat' dir='ltr'><strong>et</strong></span> <span class='ocrx_word' id='word_1_395' title='bbox 2481 2174 2624 2229; x_wconf 82' lang='lat' dir='ltr'><strong>illico</strong></span> <span class='ocrx_word' id='word_1_396' title='bbox 2673 2181 2903 2230; x_wconf 89' lang='lat' dir='ltr'><strong>tructam</strong></span> <span class='ocrx_word' id='word_1_397' title='bbox 2957 2177 3180 2230; x_wconf 78' lang='lat' dir='ltr'><strong>insolitae</strong></span> <span class='ocrx_word' id='word_1_398' title='bbox 3229 2177 3610 2246; x_wconf 76' lang='lat' dir='ltr'><strong>magnitudinis</strong></span> 
     </span>
    </p>
   </div>
   <div class='ocr_carea' id='block_1_53' title="bbox 2045 2248 3608 2333">
    <p class='ocr_par' dir='ltr' id='par_1_53' title="bbox 2045 2248 3608 2333">
     <span class='ocr_line' id='line_1_53' title="bbox 2045 2248 3608 2333; baseline 0.001 -19"><span class='ocrx_word' id='word_1_399' title='bbox 2045 2275 2165 2314; x_wconf 91' lang='lat' dir='ltr'><strong>cum</strong></span> <span class='ocrx_word' id='word_1_400' title='bbox 2193 2259 2298 2315; x_wconf 90' lang='lat' dir='ltr'><strong>alio</strong></span> <span class='ocrx_word' id='word_1_401' title='bbox 2344 2262 2574 2329; x_wconf 88' lang='lat' dir='ltr'><strong>quodam</strong></span> <span class='ocrx_word' id='word_1_402' title='bbox 2617 2260 2874 2330; x_wconf 85' lang='lat' dir='ltr'><strong>pisciculo</strong></span> <span class='ocrx_word' id='word_1_403' title='bbox 2917 2265 3077 2332; x_wconf 87' lang='lat' dir='ltr'><strong>cepit.</strong></span> <span class='ocrx_word' id='word_1_404' title='bbox 3117 2263 3330 2318; x_wconf 76' lang='lat' dir='ltr'><strong>Tertius</strong></span> <span class='ocrx_word' id='word_1_405' title='bbox 3371 2248 3608 2333; x_wconf 79' lang='lat' dir='ltr'><strong>pisrator</strong></span> 
     </span>
    </p>
   </div>
   <div class='ocr_carea' id='block_1_54' title="bbox 2044 2347 3607 2420">
    <p class='ocr_par' dir='ltr' id='par_1_54' title="bbox 2044 2347 3607 2420">
     <span class='ocr_line' id='line_1_54' title="bbox 2044 2347 3607 2420; baseline 0.002 -18"><span class='ocrx_word' id='word_1_406' title='bbox 2044 2350 2112 2404; x_wconf 89' lang='lat' dir='ltr'><strong>ad</strong></span> <span class='ocrx_word' id='word_1_407' title='bbox 2145 2349 2342 2404; x_wconf 89' lang='lat' dir='ltr'><strong>factum</strong></span> <span class='ocrx_word' id='word_1_408' title='bbox 2368 2357 2432 2404; x_wconf 84' lang='lat' dir='ltr'><strong>et</strong></span> <span class='ocrx_word' id='word_1_409' title='bbox 2455 2351 2877 2420; x_wconf 88' lang='lat' dir='ltr'><strong>obstupefactus,</strong></span> <span class='ocrx_word' id='word_1_410' title='bbox 2921 2347 3145 2407; x_wconf 84' lang='lat' dir='ltr'><strong>asseruit</strong></span> <span class='ocrx_word' id='word_1_411' title='bbox 3178 2369 3236 2407; x_wconf 89' lang='lat' dir='ltr'><strong>se</strong></span> <span class='ocrx_word' id='word_1_412' title='bbox 3268 2353 3377 2420; x_wconf 86' lang='lat' dir='ltr'><strong>jam</strong></span> <span class='ocrx_word' id='word_1_413' title='bbox 3407 2367 3502 2420; x_wconf 83' lang='lat' dir='ltr'><strong>per</strong></span> <span class='ocrx_word' id='word_1_414' title='bbox 3528 2351 3607 2405; x_wconf 84' lang='lat' dir='ltr'><strong>vi-</strong></span> 
     </span>
    </p>
   </div>
   <div class='ocr_carea' id='block_1_55' title="bbox 2045 2442 3610 2515">
    <p class='ocr_par' dir='ltr' id='par_1_55' title="bbox 2045 2442 3610 2515">
     <span class='ocr_line' id='line_1_55' title="bbox 2045 2442 3610 2515; baseline 0 -17"><span class='ocrx_word' id='word_1_415' title='bbox 2045 2442 2177 2515; x_wconf 91' lang='lat' dir='ltr'><strong>ginti</strong></span> <span class='ocrx_word' id='word_1_416' title='bbox 2221 2458 2392 2498; x_wconf 89' lang='lat' dir='ltr'><strong>annos</strong></span> <span class='ocrx_word' id='word_1_417' title='bbox 2435 2457 2681 2499; x_wconf 85' lang='lat' dir='ltr'><strong>recessus</strong></span> <span class='ocrx_word' id='word_1_418' title='bbox 2725 2461 2877 2514; x_wconf 75' lang='lat' dir='ltr'><strong>aqua:</strong></span> <span class='ocrx_word' id='word_1_419' title='bbox 2914 2446 3057 2500; x_wconf 88' lang='lat' dir='ltr'><strong>illius</strong></span> <span class='ocrx_word' id='word_1_420' title='bbox 3106 2446 3353 2509; x_wconf 85' lang='lat' dir='ltr'><strong>rimassc,</strong></span> <span class='ocrx_word' id='word_1_421' title='bbox 3381 2457 3432 2498; x_wconf 89' lang='lat' dir='ltr'><strong>et</strong></span> <span class='ocrx_word' id='word_1_422' title='bbox 3473 2460 3610 2498; x_wconf 57' lang='lat' dir='ltr'><strong>nunc</strong></span> 
     </span>
    </p>
   </div>
   <div class='ocr_carea' id='block_1_56' title="bbox 2045 2531 3610 2604">
    <p class='ocr_par' dir='ltr' id='par_1_56' title="bbox 2045 2531 3610 2604">
     <span class='ocr_line' id='line_1_56' title="bbox 2045 2531 3610 2604; baseline 0 -18"><span class='ocrx_word' id='word_1_423' title='bbox 2045 2548 2207 2601; x_wconf 88' lang='lat' dir='ltr'><strong>quam</strong></span> <span class='ocrx_word' id='word_1_424' title='bbox 2238 2531 2539 2602; x_wconf 74' lang='lat' dir='ltr'><strong>huiusmodi</strong></span> <span class='ocrx_word' id='word_1_425' title='bbox 2582 2542 2808 2588; x_wconf 88' lang='lat' dir='ltr'><strong>tructam</strong></span> <span class='ocrx_word' id='word_1_426' title='bbox 2853 2535 2904 2588; x_wconf 93' lang='lat' dir='ltr'><strong>in</strong></span> <span class='ocrx_word' id='word_1_427' title='bbox 2953 2550 3013 2588; x_wconf 87' lang='lat' dir='ltr'><strong>ea</strong></span> <span class='ocrx_word' id='word_1_428' title='bbox 3066 2535 3306 2601; x_wconf 88' lang='lat' dir='ltr'><strong>reperire</strong></span> <span class='ocrx_word' id='word_1_429' title='bbox 3349 2534 3610 2604; x_wconf 89' lang='lat' dir='ltr'><strong>potuisse.</strong></span> 
     </span>
    </p>
   </div>
   <div class='ocr_carea' id='block_1_57' title="bbox 2045 2622 3608 2694">
    <p class='ocr_par' dir='ltr' id='par_1_57' title="bbox 2045 2622 3608 2694">
     <span class='ocr_line' id='line_1_57' title="bbox 2045 2622 3608 2694; baseline 0 -16"><span class='ocrx_word' id='word_1_430' title='bbox 2045 2622 2237 2678; x_wconf 85' lang='lat' dir='ltr'><strong>Parata</strong></span> <span class='ocrx_word' id='word_1_431' title='bbox 2291 2623 2454 2693; x_wconf 84' lang='lat' dir='ltr'><strong>igitur</strong></span> <span class='ocrx_word' id='word_1_432' title='bbox 2495 2631 2550 2678; x_wconf 90' lang='lat' dir='ltr'><strong>et</strong></span> <span class='ocrx_word' id='word_1_433' title='bbox 2594 2628 2709 2678; x_wconf 88' lang='lat' dir='ltr'><strong>viro</strong></span> <span class='ocrx_word' id='word_1_434' title='bbox 2739 2625 3001 2693; x_wconf 87' lang='lat' dir='ltr'><strong>apposita,</strong></span> <span class='ocrx_word' id='word_1_435' title='bbox 3049 2625 3199 2694; x_wconf 85' lang='lat' dir='ltr'><strong>juxta</strong></span> <span class='ocrx_word' id='word_1_436' title='bbox 3232 2626 3451 2679; x_wconf 91' lang='lat' dir='ltr'><strong>verbum</strong></span> <span class='ocrx_word' id='word_1_437' title='bbox 3490 2623 3608 2692; x_wconf 84' lang='lat' dir='ltr'><strong>ejus</strong></span> 
     </span>
    </p>
   </div>
   <div class='ocr_carea' id='block_1_58' title="bbox 2046 2697 3442 2803">
    <p class='ocr_par' dir='ltr' id='par_1_58' title="bbox 2046 2697 3442 2803">
     <span class='ocr_line' id='line_1_58' title="bbox 2046 2697 3442 2803; baseline -0.001 -36"><span class='ocrx_word' id='word_1_438' title='bbox 2046 2713 2146 2768; x_wconf 89' lang='lat' dir='ltr'><strong>sibi</strong></span> <span class='ocrx_word' id='word_1_439' title='bbox 2173 2697 2366 2768; x_wconf 62' lang='lat' dir='ltr'><strong>et&#39;suis</strong></span> <span class='ocrx_word' id='word_1_440' title='bbox 2395 2711 2614 2782; x_wconf 88' lang='lat' dir='ltr'><strong>copiose</strong></span> <span class='ocrx_word' id='word_1_441' title='bbox 2645 2713 2852 2769; x_wconf 84' lang='lat' dir='ltr'><strong>sutl‘ecit</strong></span> <span class='ocrx_word' id='word_1_442' title='bbox 2886 2723 2941 2767; x_wconf 89' lang='lat' dir='ltr'><strong>et</strong></span> <span class='ocrx_word' id='word_1_443' title='bbox 2972 2714 3442 2803; x_wconf 51' lang='lat' dir='ltr'><strong>superabundavit.</strong></span> 
     </span>
    </p>
   </div>
   <div class='ocr_carea' id='block_1_59' title="bbox 2065 2799 3609 2870">
    <p class='ocr_par' dir='ltr' id='par_1_59' title="bbox 2065 2799 3609 2870">
     <span class='ocr_line' id='line_1_59' title="bbox 2065 2799 3609 2870; baseline 0 -17"><span class='ocrx_word' id='word_1_444' title='bbox 2065 2823 2074 2828; x_wconf 86' lang='lat'><strong>-</strong></span> <span class='ocrx_word' id='word_1_445' title='bbox 2115 2799 2204 2853; x_wconf 67' lang='grc'><strong>24.</strong></span> <span class='ocrx_word' id='word_1_446' title='bbox 2225 2799 2339 2870; x_wconf 76' lang='lat' dir='ltr'><strong>Alia</strong></span> <span class='ocrx_word' id='word_1_447' title='bbox 2367 2799 2501 2862; x_wconf 85' lang='lat' dir='ltr'><strong>vice,</strong></span> <span class='ocrx_word' id='word_1_448' title='bbox 2513 2799 2602 2856; x_wconf 80' lang='lat' dir='ltr'><strong>vir</strong></span> <span class='ocrx_word' id='word_1_449' title='bbox 2627 2800 2841 2870; x_wconf 89' lang='lat' dir='ltr'><strong>quidam</strong></span> <span class='ocrx_word' id='word_1_450' title='bbox 2853 2799 3125 2856; x_wconf 84' lang='lat' dir='ltr'><strong>Walterus</strong></span> <span class='ocrx_word' id='word_1_451' title='bbox 3150 2799 3382 2863; x_wconf 82' lang='lat' dir='ltr'><strong>nomine,</strong></span> <span class='ocrx_word' id='word_1_452' title='bbox 3409 2815 3609 2870; x_wconf 82' lang='lat' dir='ltr'><strong>cogno-</strong></span> 
     </span>
    </p>
   </div>
   <div class='ocr_carea' id='block_1_60' title="bbox 385 2880 3609 2982">
    <p class='ocr_par' dir='ltr' id='par_1_60' title="bbox 385 2880 3609 2982">
     <span class='ocr_line' id='line_1_60' title="bbox 385 2880 3609 2982; baseline 0.002 -45"><span class='ocrx_word' id='word_1_453' title='bbox 385 2880 502 2954; x_wconf 65' lang='lat' dir='ltr'><strong>e&#39;jus</strong></span> <span class='ocrx_word' id='word_1_454' title='bbox 523 2884 819 2949; x_wconf 84' lang='lat' dir='ltr'><strong>inclinavit,</strong></span> <span class='ocrx_word' id='word_1_455' title='bbox 858 2893 1076 2953; x_wconf 89' lang='lat' dir='ltr'><strong>paterna</strong></span> <span class='ocrx_word' id='word_1_456' title='bbox 1105 2884 1296 2940; x_wconf 89' lang='lat' dir='ltr'><strong>dehinc</strong></span> <span class='ocrx_word' id='word_1_457' title='bbox 1321 2887 1641 2943; x_wconf 84' lang='lat' dir='ltr'><strong>auctoritate</strong></span> <span class='ocrx_word' id='word_1_458' title='bbox 1683 2905 1710 2940; x_wconf 91' lang='lat' dir='ltr'><strong>a</strong></span> <span class='ocrx_word' id='word_1_459' title='bbox 1736 2890 1945 2944; x_wconf 88' lang='lat' dir='ltr'><strong>cunctis</strong></span> <span class='ocrx_word' id='word_1_460' title='bbox 1972 2921 2016 2982; x_wconf 66' lang='grc' dir='ltr'>ο</span> <span class='ocrx_word' id='word_1_461' title='bbox 2049 2890 2191 2944; x_wconf 91' lang='lat' dir='ltr'><strong>mine</strong></span> <span class='ocrx_word' id='word_1_462' title='bbox 2219 2889 2466 2956; x_wconf 88' lang='lat' dir='ltr'><strong>Tirellus,</strong></span> <span class='ocrx_word' id='word_1_463' title='bbox 2498 2883 2742 2945; x_wconf 88' lang='lat' dir='ltr'><strong>eumdem</strong></span> <span class='ocrx_word' id='word_1_464' title='bbox 2782 2891 3048 2944; x_wconf 88' lang='lat' dir='ltr'><strong>hominem</strong></span> <span class='ocrx_word' id='word_1_465' title='bbox 3079 2908 3175 2961; x_wconf 89' lang='lat' dir='ltr'><strong>per</strong></span> <span class='ocrx_word' id='word_1_466' title='bbox 3216 2901 3414 2945; x_wconf 88' lang='lat' dir='ltr'><strong>terram</strong></span> <span class='ocrx_word' id='word_1_467' title='bbox 3457 2907 3609 2945; x_wconf 89' lang='lat' dir='ltr'><strong>suam</strong></span> 
     </span>
    </p>
   </div>
   <div class='ocr_carea' id='block_1_61' title="bbox 389 2975 1942 3047">
    <p class='ocr_par' dir='ltr' id='par_1_61' title="bbox 389 2975 1942 3047">
     <span class='ocr_line' id='line_1_61' title="bbox 389 2975 1942 3047; baseline 0.002 -18"><span class='ocrx_word' id='word_1_468' title='bbox 389 2977 709 3042; x_wconf 87' lang='lat' dir='ltr'><strong>absolutum,</strong></span> <span class='ocrx_word' id='word_1_469' title='bbox 759 2975 894 3030; x_wconf 91' lang='lat' dir='ltr'><strong>dixit</strong></span> <span class='ocrx_word' id='word_1_470' title='bbox 930 2991 1050 3029; x_wconf 87' lang='lat' dir='ltr'><strong>eum</strong></span> <span class='ocrx_word' id='word_1_471' title='bbox 1095 2976 1224 3029; x_wconf 88' lang='lat' dir='ltr'><strong>hora</strong></span> <span class='ocrx_word' id='word_1_472' title='bbox 1271 2992 1373 3047; x_wconf 89' lang='lat' dir='ltr'><strong>qua</strong></span> <span class='ocrx_word' id='word_1_473' title='bbox 1412 2976 1606 3033; x_wconf 86' lang='lat' dir='ltr'><strong>fratres</strong></span> <span class='ocrx_word' id='word_1_474' title='bbox 1637 2981 1704 3033; x_wconf 90' lang='lat' dir='ltr'><strong>ad</strong></span> <span class='ocrx_word' id='word_1_475' title='bbox 1748 2995 1942 3034; x_wconf 88' lang='lat' dir='ltr'><strong>nonam</strong></span> 
     </span>
    </p>
   </div>
   <div class='ocr_carea' id='block_1_62' title="bbox 382 3064 1947 3143">
    <p class='ocr_par' dir='ltr' id='par_1_62' title="bbox 382 3064 1947 3143">
     <span class='ocr_line' id='line_1_62' title="bbox 382 3064 1947 3143; baseline -0.001 -21"><span class='ocrx_word' id='word_1_476' title='bbox 382 3071 686 3143; x_wconf 76' lang='lat' dir='ltr'><strong>surgerent,</strong></span> <span class='ocrx_word' id='word_1_477' title='bbox 718 3064 964 3134; x_wconf 68' lang='lat' dir='ltr'><strong>praesenti</strong></span> <span class='ocrx_word' id='word_1_478' title='bbox 1001 3064 1126 3118; x_wconf 66' lang='lat' dir='ltr'><strong>vitae</strong></span> <span class='ocrx_word' id='word_1_479' title='bbox 1160 3064 1498 3120; x_wconf 84' lang='lat' dir='ltr'><strong>decessurum</strong></span> <span class='ocrx_word' id='word_1_480' title='bbox 1528 3065 1644 3137; x_wconf 89' lang='lat' dir='ltr'><strong>[al.,</strong></span> <span class='ocrx_word' id='word_1_481' title='bbox 1677 3068 1947 3123; x_wconf 89' lang='lat' dir='ltr'><strong>discessu-</strong></span> 
     </span>
    </p>
   </div>
   <div class='ocr_carea' id='block_1_63' title="bbox 378 3154 1945 3229">
    <p class='ocr_par' dir='ltr' id='par_1_63' title="bbox 378 3154 1945 3229">
     <span class='ocr_line' id='line_1_63' title="bbox 378 3154 1945 3229; baseline 0.002 -18"><span class='ocrx_word' id='word_1_482' title='bbox 378 3156 553 3229; x_wconf 78' lang='lat' dir='ltr'><strong>rum}.</strong></span> <span class='ocrx_word' id='word_1_483' title='bbox 578 3155 729 3222; x_wconf 85' lang='lat' dir='ltr'><strong>Quod</strong></span> <span class='ocrx_word' id='word_1_484' title='bbox 759 3163 811 3210; x_wconf 89' lang='lat' dir='ltr'><strong>et</strong></span> <span class='ocrx_word' id='word_1_485' title='bbox 857 3155 1054 3209; x_wconf 86' lang='lat' dir='ltr'><strong>factum</strong></span> <span class='ocrx_word' id='word_1_486' title='bbox 1097 3164 1198 3209; x_wconf 87' lang='lat' dir='ltr'><strong>est.</strong></span> <span class='ocrx_word' id='word_1_487' title='bbox 1245 3154 1376 3211; x_wconf 85' lang='lat' dir='ltr'><strong>Nam</strong></span> <span class='ocrx_word' id='word_1_488' title='bbox 1423 3158 1697 3212; x_wconf 87' lang='lat' dir='ltr'><strong>monachis</strong></span> <span class='ocrx_word' id='word_1_489' title='bbox 1733 3173 1760 3211; x_wconf 91' lang='lat' dir='ltr'><strong>a</strong></span> <span class='ocrx_word' id='word_1_490' title='bbox 1808 3159 1945 3215; x_wconf 86' lang='lat' dir='ltr'><strong>lecto</strong></span> 
     </span>
    </p>
   </div>
   <div class='ocr_carea' id='block_1_64' title="bbox 374 3245 1945 3317">
    <p class='ocr_par' dir='ltr' id='par_1_64' title="bbox 374 3245 1945 3317">
     <span class='ocr_line' id='line_1_64' title="bbox 374 3245 1945 3317; baseline -0.001 -13"><span class='ocrx_word' id='word_1_491' title='bbox 374 3247 754 3317; x_wconf 83' lang='lat' dir='ltr'><strong>surgentibus,</strong></span> <span class='ocrx_word' id='word_1_492' title='bbox 791 3245 903 3314; x_wconf 86' lang='lat' dir='ltr'><strong>ipse</strong></span> <span class='ocrx_word' id='word_1_493' title='bbox 943 3245 1009 3298; x_wconf 90' lang='lat' dir='ltr'><strong>ad</strong></span> <span class='ocrx_word' id='word_1_494' title='bbox 1058 3253 1256 3298; x_wconf 85' lang='lat' dir='ltr'><strong>terram</strong></span> <span class='ocrx_word' id='word_1_495' title='bbox 1301 3246 1571 3312; x_wconf 68' lang='lat' dir='ltr'><strong>depoSitus</strong></span> <span class='ocrx_word' id='word_1_496' title='bbox 1605 3255 1707 3311; x_wconf 90' lang='lat' dir='ltr'><strong>est,</strong></span> <span class='ocrx_word' id='word_1_497' title='bbox 1751 3256 1802 3300; x_wconf 92' lang='lat' dir='ltr'><strong>et</strong></span> <span class='ocrx_word' id='word_1_498' title='bbox 1843 3246 1945 3302; x_wconf 92' lang='lat' dir='ltr'><strong>illis</strong></span> 
     </span>
    </p>
   </div>
   <div class='ocr_carea' id='block_1_65' title="bbox 374 3324 1698 3410">
    <p class='ocr_par' dir='ltr' id='par_1_65' title="bbox 374 3324 1698 3410">
     <span class='ocr_line' id='line_1_65' title="bbox 374 3324 1698 3410; baseline 0.002 -24"><span class='ocrx_word' id='word_1_499' title='bbox 374 3336 530 3394; x_wconf 82' lang='lat' dir='ltr'><strong>circa</strong></span> <span class='ocrx_word' id='word_1_500' title='bbox 563 3335 735 3402; x_wconf 87' lang='lat' dir='ltr'><strong>ipsum</strong></span> <span class='ocrx_word' id='word_1_501' title='bbox 763 3335 858 3388; x_wconf 87' lang='lat' dir='ltr'><strong>sub</strong></span> <span class='ocrx_word' id='word_1_502' title='bbox 886 3349 992 3389; x_wconf 92' lang='lat' dir='ltr'><strong>uno</strong></span> <span class='ocrx_word' id='word_1_503' title='bbox 1017 3335 1252 3390; x_wconf 82' lang='lat' dir='ltr'><strong>collectis</strong></span> <span class='ocrx_word' id='word_1_504' title='bbox 1287 3335 1568 3410; x_wconf 83' lang='lat' dir='ltr'><strong>defunctus</strong></span> <span class='ocrx_word' id='word_1_505' title='bbox 1598 3324 1698 3390; x_wconf 84' lang='lat' dir='ltr'><strong>est.</strong></span> 
     </span>
    </p>
   </div>
   <div class='ocr_carea' id='block_1_66' title="bbox 441 3423 1944 3496">
    <p class='ocr_par' dir='ltr' id='par_1_66' title="bbox 441 3423 1944 3496">
     <span class='ocr_line' id='line_1_66' title="bbox 441 3423 1944 3496; baseline 0.002 -18"><span class='ocrx_word' id='word_1_506' title='bbox 441 3426 541 3484; x_wconf 73' lang='grc'><strong>22.</strong></span> <span class='ocrx_word' id='word_1_507' title='bbox 577 3423 840 3480; x_wconf 65' lang='grc' dir='ltr'><strong>Ρταξΐειῑυε</strong></span> <span class='ocrx_word' id='word_1_508' title='bbox 881 3425 1175 3496; x_wconf 80' lang='lat' dir='ltr'><strong>Riculphus</strong></span> <span class='ocrx_word' id='word_1_509' title='bbox 1218 3427 1695 3483; x_wconf 69' lang='lat' dir='ltr'><strong>secretari&#39;toflicio</strong></span> <span class='ocrx_word' id='word_1_510' title='bbox 1746 3427 1796 3480; x_wconf 92' lang='lat' dir='ltr'><strong>in</strong></span> <span class='ocrx_word' id='word_1_511' title='bbox 1829 3427 1944 3496; x_wconf 92' lang='lat' dir='ltr'><strong>ipso</strong></span> 
     </span>
    </p>
   </div>
   <div class='ocr_carea' id='block_1_67' title="bbox 379 3514 1943 3585">
    <p class='ocr_par' dir='ltr' id='par_1_67' title="bbox 379 3514 1943 3585">
     <span class='ocr_line' id='line_1_67' title="bbox 379 3514 1943 3585; baseline 0 -14"><span class='ocrx_word' id='word_1_512' title='bbox 379 3518 642 3572; x_wconf 70' lang='lat' dir='ltr'><strong>coenobio</strong></span> <span class='ocrx_word' id='word_1_513' title='bbox 675 3515 1008 3584; x_wconf 80' lang='lat' dir='ltr'><strong>fungebatur.</strong></span> <span class='ocrx_word' id='word_1_514' title='bbox 1027 3514 1125 3569; x_wconf 83' lang='lat' dir='ltr'><strong>Hic</strong></span> <span class='ocrx_word' id='word_1_515' title='bbox 1145 3516 1374 3583; x_wconf 86' lang='lat' dir='ltr'><strong>quadam</strong></span> <span class='ocrx_word' id='word_1_516' title='bbox 1404 3526 1560 3570; x_wconf 90' lang='lat' dir='ltr'><strong>nocte</strong></span> <span class='ocrx_word' id='word_1_517' title='bbox 1586 3517 1707 3570; x_wconf 88' lang='lat' dir='ltr'><strong>dttm</strong></span> <span class='ocrx_word' id='word_1_518' title='bbox 1736 3524 1943 3585; x_wconf 87' lang='lat' dir='ltr'><strong>tempus</strong></span> 
     </span>
    </p>
   </div>
   <div class='ocr_carea' id='block_1_68' title="bbox 375 3593 1944 3676">
    <p class='ocr_par' dir='ltr' id='par_1_68' title="bbox 375 3593 1944 3676">
     <span class='ocr_line' id='line_1_68' title="bbox 375 3593 1944 3676; baseline -0.001 -14"><span class='ocrx_word' id='word_1_519' title='bbox 375 3593 438 3662; x_wconf 81' lang='lat' dir='ltr'><strong>et</strong></span> <span class='ocrx_word' id='word_1_520' title='bbox 459 3607 648 3661; x_wconf 83' lang='lat' dir='ltr'><strong>horam</strong></span> <span class='ocrx_word' id='word_1_521' title='bbox 683 3621 787 3676; x_wconf 90' lang='lat' dir='ltr'><strong>qua</strong></span> <span class='ocrx_word' id='word_1_522' title='bbox 814 3604 1008 3661; x_wconf 85' lang='lat' dir='ltr'><strong>fratres</strong></span> <span class='ocrx_word' id='word_1_523' title='bbox 1033 3606 1104 3660; x_wconf 82' lang='lat' dir='ltr'><strong>ad</strong></span> <span class='ocrx_word' id='word_1_524' title='bbox 1138 3607 1342 3675; x_wconf 83' lang='lat' dir='ltr'><strong>vigilias</strong></span> <span class='ocrx_word' id='word_1_525' title='bbox 1369 3607 1645 3665; x_wconf 84' lang='lat' dir='ltr'><strong>excitaret.</strong></span> <span class='ocrx_word' id='word_1_526' title='bbox 1683 3622 1778 3675; x_wconf 89' lang='lat' dir='ltr'><strong>per</strong></span> <span class='ocrx_word' id='word_1_527' title='bbox 1806 3608 1944 3661; x_wconf 87' lang='lat' dir='ltr'><strong>clau-</strong></span> 
     </span>
    </p>
   </div>
   <div class='ocr_carea' id='block_1_69' title="bbox 381 3693 1941 3764">
    <p class='ocr_par' dir='ltr' id='par_1_69' title="bbox 381 3693 1941 3764">
     <span class='ocr_line' id='line_1_69' title="bbox 381 3693 1941 3764; baseline -0.002 -11"><span class='ocrx_word' id='word_1_528' title='bbox 381 3693 564 3753; x_wconf 80' lang='lat' dir='ltr'><strong>strum</strong></span> <span class='ocrx_word' id='word_1_529' title='bbox 609 3695 723 3750; x_wconf 84' lang='lat' dir='ltr'><strong>iens</strong></span> <span class='ocrx_word' id='word_1_530' title='bbox 763 3697 1088 3759; x_wconf 87' lang='lat' dir='ltr'><strong>observaret,</strong></span> <span class='ocrx_word' id='word_1_531' title='bbox 1134 3697 1270 3749; x_wconf 85' lang='lat' dir='ltr'><strong>forte</strong></span> <span class='ocrx_word' id='word_1_532' title='bbox 1311 3705 1437 3749; x_wconf 88' lang='lat' dir='ltr'><strong>ante</strong></span> <span class='ocrx_word' id='word_1_533' title='bbox 1486 3696 1680 3749; x_wconf 88' lang='lat' dir='ltr'><strong>ostium</strong></span> <span class='ocrx_word' id='word_1_534' title='bbox 1725 3695 1941 3764; x_wconf 87' lang='lat' dir='ltr'><strong>capituli</strong></span> 
     </span>
    </p>
   </div>
   <div class='ocr_carea' id='block_1_70' title="bbox 383 3785 1942 3858">
    <p class='ocr_par' dir='ltr' id='par_1_70' title="bbox 383 3785 1942 3858">
     <span class='ocr_line' id='line_1_70' title="bbox 383 3785 1942 3858; baseline 0.002 -20"><span class='ocrx_word' id='word_1_535' title='bbox 383 3785 760 3858; x_wconf 83' lang='lat' dir='ltr'><strong>pertransivit;</strong></span> <span class='ocrx_word' id='word_1_536' title='bbox 799 3786 1173 3856; x_wconf 89' lang='lat' dir='ltr'><strong>introspiciens</strong></span> <span class='ocrx_word' id='word_1_537' title='bbox 1198 3801 1342 3846; x_wconf 91' lang='lat' dir='ltr'><strong>vero,</strong></span> <span class='ocrx_word' id='word_1_538' title='bbox 1381 3787 1514 3839; x_wconf 89' lang='lat' dir='ltr'><strong>vidit</strong></span> <span class='ocrx_word' id='word_1_539' title='bbox 1540 3785 1847 3839; x_wconf 63' lang='lat' dir='ltr'><strong>Ansehnum</strong></span> <span class='ocrx_word' id='word_1_540' title='bbox 1889 3787 1942 3841; x_wconf 91' lang='lat' dir='ltr'><strong>in</strong></span> 
     </span>
    </p>
   </div>
   <div class='ocr_carea' id='block_1_71' title="bbox 381 3875 1943 3944">
    <p class='ocr_par' dir='ltr' id='par_1_71' title="bbox 381 3875 1943 3944">
     <span class='ocr_line' id='line_1_71' title="bbox 381 3875 1943 3944; baseline -0.002 -11"><span class='ocrx_word' id='word_1_541' title='bbox 381 3875 632 3933; x_wconf 71' lang='lat' dir='ltr'><strong>Oratione</strong></span> <span class='ocrx_word' id='word_1_542' title='bbox 655 3884 906 3942; x_wconf 77' lang='lat' dir='ltr'><strong>stantem,</strong></span> <span class='ocrx_word' id='word_1_543' title='bbox 938 3876 1136 3944; x_wconf 85' lang='lat' dir='ltr'><strong>ingenti</strong></span> <span class='ocrx_word' id='word_1_544' title='bbox 1178 3875 1502 3944; x_wconf 88' lang='lat' dir='ltr'><strong>splendentis</strong></span> <span class='ocrx_word' id='word_1_545' title='bbox 1534 3875 1764 3928; x_wconf 81' lang='lat' dir='ltr'><strong>flammae</strong></span> <span class='ocrx_word' id='word_1_546' title='bbox 1789 3875 1943 3944; x_wconf 68' lang='lat' dir='ltr'><strong>globo</strong></span> 
     </span>
    </p>
   </div>
   <div class='ocr_carea' id='block_1_72' title="bbox 379 3968 1961 4042">
    <p class='ocr_par' dir='ltr' id='par_1_72' title="bbox 379 3968 1961 4042">
     <span class='ocr_line' id='line_1_72' title="bbox 379 3968 1961 4042; baseline 0.002 -20"><span class='ocrx_word' id='word_1_547' title='bbox 379 3968 853 4042; x_wconf 67' lang='lat' dir='ltr'><strong>circumductum.</strong></span> <span class='ocrx_word' id='word_1_548' title='bbox 884 3968 1126 4034; x_wconf 84' lang='lat' dir='ltr'><strong>Miratur,</strong></span> <span class='ocrx_word' id='word_1_549' title='bbox 1154 3979 1209 4022; x_wconf 90' lang='lat' dir='ltr'><strong>et</strong></span> <span class='ocrx_word' id='word_1_550' title='bbox 1234 3970 1375 4037; x_wconf 88' lang='lat' dir='ltr'><strong>quod</strong></span> <span class='ocrx_word' id='word_1_551' title='bbox 1425 3970 1640 4023; x_wconf 77' lang='lat' dir='ltr'><strong>videbat</strong></span> <span class='ocrx_word' id='word_1_552' title='bbox 1666 3970 1793 4038; x_wconf 88' lang='lat' dir='ltr'><strong>quid</strong></span> <span class='ocrx_word' id='word_1_553' title='bbox 1824 3972 1961 4025; x_wconf 89' lang='lat' dir='ltr'><strong>novi&#39;</strong></span> 
     </span>
    </p>
   </div>
   <div class='ocr_carea' id='block_1_73' title="bbox 378 4056 1940 4132">
    <p class='ocr_par' dir='ltr' id='par_1_73' title="bbox 378 4056 1940 4132">
     <span class='ocr_line' id='line_1_73' title="bbox 378 4056 1940 4132; baseline 0 -18"><span class='ocrx_word' id='word_1_554' title='bbox 378 4056 743 4132; x_wconf 69' lang='lat' dir='ltr'><strong>praetenderet</strong></span> <span class='ocrx_word' id='word_1_555' title='bbox 777 4060 1056 4128; x_wconf 82' lang='lat' dir='ltr'><strong>ignorabat</strong></span> <span class='ocrx_word' id='word_1_556' title='bbox 1085 4077 1099 4124; x_wconf 88' lang='lat'><strong>;</strong></span> <span class='ocrx_word' id='word_1_557' title='bbox 1126 4059 1425 4114; x_wconf 74' lang='lat' dir='ltr'><strong>aestimabat</strong></span> <span class='ocrx_word' id='word_1_558' title='bbox 1450 4059 1592 4114; x_wconf 87' lang='lat' dir='ltr'><strong>enim</strong></span> <span class='ocrx_word' id='word_1_559' title='bbox 1633 4059 1940 4114; x_wconf 86' lang='lat' dir='ltr'><strong>Anselmum</strong></span> 
     </span>
    </p>
   </div>
   <div class='ocr_carea' id='block_1_74' title="bbox 374 4150 1942 4224">
    <p class='ocr_par' dir='ltr' id='par_1_74' title="bbox 374 4150 1942 4224">
     <span class='ocr_line' id='line_1_74' title="bbox 374 4150 1942 4224; baseline -0.002 -16"><span class='ocrx_word' id='word_1_560' title='bbox 374 4167 450 4208; x_wconf 79' lang='lat' dir='ltr'><strong>ea</strong></span> <span class='ocrx_word' id='word_1_561' title='bbox 475 4151 594 4224; x_wconf 81' lang='lat' dir='ltr'><strong>[al.,</strong></span> <span class='ocrx_word' id='word_1_562' title='bbox 622 4167 687 4206; x_wconf 85' lang='lat' dir='ltr'><strong>ex</strong></span> <span class='ocrx_word' id='word_1_563' title='bbox 712 4150 797 4222; x_wconf 85' lang='lat' dir='ltr'><strong>ea]</strong></span> <span class='ocrx_word' id='word_1_564' title='bbox 825 4151 952 4204; x_wconf 90' lang='lat' dir='ltr'><strong>hora</strong></span> <span class='ocrx_word' id='word_1_565' title='bbox 977 4150 1156 4217; x_wconf 86' lang='lat' dir='ltr'><strong>sopori</strong></span> <span class='ocrx_word' id='word_1_566' title='bbox 1185 4150 1380 4218; x_wconf 89' lang='lat' dir='ltr'><strong>potius,</strong></span> <span class='ocrx_word' id='word_1_567' title='bbox 1409 4165 1568 4218; x_wconf 90' lang='lat' dir='ltr'><strong>quam</strong></span> <span class='ocrx_word' id='word_1_568' title='bbox 1595 4152 1822 4205; x_wconf 86' lang='lat' dir='ltr'><strong>orationi</strong></span> <span class='ocrx_word' id='word_1_569' title='bbox 1849 4167 1942 4205; x_wconf 86' lang='lat' dir='ltr'><strong>oc-</strong></span> 
     </span>
    </p>
   </div>
   <div class='ocr_carea' id='block_1_75' title="bbox 2047 2976 3609 3049">
    <p class='ocr_par' dir='ltr' id='par_1_75' title="bbox 2047 2976 3609 3049">
     <span class='ocr_line' id='line_1_75' title="bbox 2047 2976 3609 3049; baseline 0 -17"><span class='ocrx_word' id='word_1_570' title='bbox 2047 2985 2418 3032; x_wconf 77' lang='lat' dir='ltr'><strong>trauseuntem</strong></span> <span class='ocrx_word' id='word_1_571' title='bbox 2473 2976 2724 3043; x_wconf 86' lang='lat' dir='ltr'><strong>detinuit,</strong></span> <span class='ocrx_word' id='word_1_572' title='bbox 2755 2978 2941 3033; x_wconf 88' lang='lat' dir='ltr'><strong>nolens</strong></span> <span class='ocrx_word' id='word_1_573' title='bbox 2971 2994 3097 3033; x_wconf 87' lang='lat' dir='ltr'><strong>eum</strong></span> <span class='ocrx_word' id='word_1_574' title='bbox 3132 2991 3161 3033; x_wconf 90' lang='lat' dir='ltr'><strong>a</strong></span> <span class='ocrx_word' id='word_1_575' title='bbox 3190 2994 3250 3034; x_wconf 91' lang='lat' dir='ltr'><strong>se</strong></span> <span class='ocrx_word' id='word_1_576' title='bbox 3280 2980 3609 3049; x_wconf 89' lang='lat' dir='ltr'><strong>impransum</strong></span> 
     </span>
    </p>
   </div>
   <div class='ocr_carea' id='block_1_76' title="bbox 2045 3066 3604 3138">
    <p class='ocr_par' dir='ltr' id='par_1_76' title="bbox 2045 3066 3604 3138">
     <span class='ocr_line' id='line_1_76' title="bbox 2045 3066 3604 3138; baseline 0.001 -18"><span class='ocrx_word' id='word_1_577' title='bbox 2045 3066 2337 3121; x_wconf 89' lang='lat' dir='ltr'><strong>dimittere.</strong></span> <span class='ocrx_word' id='word_1_578' title='bbox 2365 3067 2562 3121; x_wconf 85' lang='lat' dir='ltr'><strong>Verum</strong></span> <span class='ocrx_word' id='word_1_579' title='bbox 2589 3083 2708 3121; x_wconf 92' lang='lat' dir='ltr'><strong>cum</strong></span> <span class='ocrx_word' id='word_1_580' title='bbox 2744 3068 2856 3137; x_wconf 88' lang='lat' dir='ltr'><strong>ipse</strong></span> <span class='ocrx_word' id='word_1_581' title='bbox 2883 3069 2948 3122; x_wconf 90' lang='lat' dir='ltr'><strong>de</strong></span> <span class='ocrx_word' id='word_1_582' title='bbox 2974 3069 3194 3138; x_wconf 83' lang='lat' dir='ltr'><strong>penuria</strong></span> <span class='ocrx_word' id='word_1_583' title='bbox 3223 3070 3446 3138; x_wconf 87' lang='lat' dir='ltr'><strong>piscium</strong></span> <span class='ocrx_word' id='word_1_584' title='bbox 3477 3086 3604 3124; x_wconf 86' lang='lat' dir='ltr'><strong>con-</strong></span> 
     </span>
    </p>
   </div>
   <div class='ocr_carea' id='block_1_77' title="bbox 2045 3154 3608 3227">
    <p class='ocr_par' dir='ltr' id='par_1_77' title="bbox 2045 3154 3608 3227">
     <span class='ocr_line' id='line_1_77' title="bbox 2045 3154 3608 3227; baseline 0.001 -18"><span class='ocrx_word' id='word_1_585' title='bbox 2045 3154 2383 3227; x_wconf 90' lang='lat' dir='ltr'><strong>quereretur,</strong></span> <span class='ocrx_word' id='word_1_586' title='bbox 2399 3165 2452 3212; x_wconf 91' lang='lat' dir='ltr'><strong>et</strong></span> <span class='ocrx_word' id='word_1_587' title='bbox 2479 3155 2621 3227; x_wconf 88' lang='lat' dir='ltr'><strong>quod</strong></span> <span class='ocrx_word' id='word_1_588' title='bbox 2647 3166 2796 3210; x_wconf 89' lang='lat' dir='ltr'><strong>tanto</strong></span> <span class='ocrx_word' id='word_1_589' title='bbox 2828 3157 2941 3211; x_wconf 90' lang='lat' dir='ltr'><strong>viro</strong></span> <span class='ocrx_word' id='word_1_590' title='bbox 2963 3172 3024 3211; x_wconf 88' lang='lat' dir='ltr'><strong>ac</strong></span> <span class='ocrx_word' id='word_1_591' title='bbox 3052 3157 3326 3212; x_wconf 89' lang='lat' dir='ltr'><strong>monachis</strong></span> <span class='ocrx_word' id='word_1_592' title='bbox 3349 3158 3482 3226; x_wconf 85' lang='lat' dir='ltr'><strong>ejus,</strong></span> <span class='ocrx_word' id='word_1_593' title='bbox 3506 3158 3608 3211; x_wconf 91' lang='lat' dir='ltr'><strong>nisi</strong></span> 
     </span>
    </p>
   </div>
   <div class='ocr_carea' id='block_1_78' title="bbox 2045 3245 3608 3322">
    <p class='ocr_par' dir='ltr' id='par_1_78' title="bbox 2045 3245 3608 3322">
     <span class='ocr_line' id='line_1_78' title="bbox 2045 3245 3608 3322; baseline 0.001 -24"><span class='ocrx_word' id='word_1_594' title='bbox 2045 3245 2167 3299; x_wconf 85' lang='lat' dir='ltr'><strong>vilia</strong></span> <span class='ocrx_word' id='word_1_595' title='bbox 2199 3247 2440 3314; x_wconf 68' lang='lat' dir='ltr'><strong>quaedam</strong></span> <span class='ocrx_word' id='word_1_596' title='bbox 2488 3262 2591 3300; x_wconf 94' lang='lat' dir='ltr'><strong>non</strong></span> <span class='ocrx_word' id='word_1_597' title='bbox 2629 3245 2847 3300; x_wconf 85' lang='lat' dir='ltr'><strong>haberet</strong></span> <span class='ocrx_word' id='word_1_598' title='bbox 2874 3262 2992 3316; x_wconf 69' lang='lat' dir='ltr'><strong>quae</strong></span> <span class='ocrx_word' id='word_1_599' title='bbox 3018 3255 3436 3322; x_wconf 77' lang='lat' dir='ltr'><strong>apponerentur,</strong></span> <span class='ocrx_word' id='word_1_600' title='bbox 3469 3247 3608 3300; x_wconf 89' lang='lat' dir='ltr'><strong>allu-</strong></span> 
     </span>
    </p>
   </div>
   <div class='ocr_carea' id='block_1_79' title="bbox 2046 3333 3610 3410">
    <p class='ocr_par' dir='ltr' id='par_1_79' title="bbox 2046 3333 3610 3410">
     <span class='ocr_line' id='line_1_79' title="bbox 2046 3333 3610 3410; baseline 0.001 -24"><span class='ocrx_word' id='word_1_601' title='bbox 2046 3333 2178 3386; x_wconf 85' lang='lat' dir='ltr'><strong>dens</strong></span> <span class='ocrx_word' id='word_1_602' title='bbox 2205 3333 2340 3387; x_wconf 86' lang='lat' dir='ltr'><strong>dixit</strong></span> <span class='ocrx_word' id='word_1_603' title='bbox 2368 3333 2414 3387; x_wconf 88' lang='lat' dir='ltr'><strong>ei</strong></span> <span class='ocrx_word' id='word_1_604' title='bbox 2437 3333 2723 3388; x_wconf 86' lang='lat' dir='ltr'><strong>Anselmus</strong></span> <span class='ocrx_word' id='word_1_605' title='bbox 2757 3347 2772 3386; x_wconf 87' lang='lat'><strong>:</strong></span> <span class='ocrx_word' id='word_1_606' title='bbox 2801 3333 2983 3402; x_wconf 86' lang='lat' dir='ltr'><strong>Sturio</strong></span> <span class='ocrx_word' id='word_1_607' title='bbox 3017 3350 3155 3410; x_wconf 85' lang='lat' dir='ltr'><strong>unus</strong></span> <span class='ocrx_word' id='word_1_608' title='bbox 3184 3349 3250 3388; x_wconf 84' lang='lat' dir='ltr'><strong>cn</strong></span> <span class='ocrx_word' id='word_1_609' title='bbox 3296 3335 3387 3387; x_wconf 93' lang='lat' dir='ltr'><strong>tibi</strong></span> <span class='ocrx_word' id='word_1_610' title='bbox 3435 3333 3610 3389; x_wconf 84' lang='lat' dir='ltr'><strong>defer-</strong></span> 
     </span>
    </p>
   </div>
   <div class='ocr_carea' id='block_1_80' title="bbox 2046 3423 3610 3494">
    <p class='ocr_par' dir='ltr' id='par_1_80' title="bbox 2046 3423 3610 3494">
     <span class='ocr_line' id='line_1_80' title="bbox 2046 3423 3610 3494; baseline 0 -18"><span class='ocrx_word' id='word_1_611' title='bbox 2046 3433 2151 3487; x_wconf 92' lang='lat' dir='ltr'><strong>tur,</strong></span> <span class='ocrx_word' id='word_1_612' title='bbox 2176 3431 2230 3475; x_wconf 87' lang='lat' dir='ltr'><strong>et</strong></span> <span class='ocrx_word' id='word_1_613' title='bbox 2260 3423 2471 3477; x_wconf 88' lang='lat' dir='ltr'><strong>auimtts</strong></span> <span class='ocrx_word' id='word_1_614' title='bbox 2504 3433 2623 3476; x_wconf 88' lang='lat' dir='ltr'><strong>tuus</strong></span> <span class='ocrx_word' id='word_1_615' title='bbox 2667 3424 2734 3476; x_wconf 87' lang='lat' dir='ltr'><strong>de</strong></span> <span class='ocrx_word' id='word_1_616' title='bbox 2769 3423 3080 3476; x_wconf 86' lang='lat' dir='ltr'><strong>deliciarum</strong></span> <span class='ocrx_word' id='word_1_617' title='bbox 3115 3423 3288 3494; x_wconf 88' lang='lat' dir='ltr'><strong>inopia</strong></span> <span class='ocrx_word' id='word_1_618' title='bbox 3316 3426 3557 3494; x_wconf 85' lang='lat' dir='ltr'><strong>queritur</strong></span> <span class='ocrx_word' id='word_1_619' title='bbox 3586 3426 3610 3476; x_wconf 71' lang='lat'>2</span> 
     </span>
    </p>
   </div>
   <div class='ocr_carea' id='block_1_81' title="bbox 2043 3511 3605 3582">
    <p class='ocr_par' dir='ltr' id='par_1_81' title="bbox 2043 3511 3605 3582">
     <span class='ocr_line' id='line_1_81' title="bbox 2043 3511 3605 3582; baseline 0.003 -18"><span class='ocrx_word' id='word_1_620' title='bbox 2043 3511 2337 3576; x_wconf 79' lang='lat' dir='ltr'><strong>Ridetille,</strong></span> <span class='ocrx_word' id='word_1_621' title='bbox 2380 3511 2537 3566; x_wconf 80' lang='lat' dir='ltr'><strong>fidem</strong></span> <span class='ocrx_word' id='word_1_622' title='bbox 2567 3512 2652 3566; x_wconf 82' lang='lat' dir='ltr'><strong>his</strong></span> <span class='ocrx_word' id='word_1_623' title='bbox 2680 3527 2798 3581; x_wconf 68' lang='lat' dir='ltr'><strong>qua:</strong></span> <span class='ocrx_word' id='word_1_624' title='bbox 2824 3513 3074 3567; x_wconf 87' lang='lat' dir='ltr'><strong>audiebat</strong></span> <span class='ocrx_word' id='word_1_625' title='bbox 3095 3515 3331 3582; x_wconf 68' lang='lat' dir='ltr'><strong>prtehcre</strong></span> <span class='ocrx_word' id='word_1_626' title='bbox 3377 3514 3605 3568; x_wconf 85' lang='lat' dir='ltr'><strong>nullate-</strong></span> 
     </span>
    </p>
   </div>
   <div class='ocr_carea' id='block_1_82' title="bbox 2046 3601 3604 3671">
    <p class='ocr_par' dir='ltr' id='par_1_82' title="bbox 2046 3601 3604 3671">
     <span class='ocr_line' id='line_1_82' title="bbox 2046 3601 3604 3671; baseline 0.002 -16"><span class='ocrx_word' id='word_1_627' title='bbox 2046 3618 2146 3658; x_wconf 87' lang='lat' dir='ltr'><strong>nus</strong></span> <span class='ocrx_word' id='word_1_628' title='bbox 2197 3602 2397 3656; x_wconf 90' lang='lat' dir='ltr'><strong>valcns.</strong></span> <span class='ocrx_word' id='word_1_629' title='bbox 2449 3601 2490 3656; x_wconf 83' lang='grc' dir='ltr'>Ε</span> <span class='ocrx_word' id='word_1_630' title='bbox 2543 3603 2764 3671; x_wconf 81' lang='lat' dir='ltr'><strong>vestigio</strong></span> <span class='ocrx_word' id='word_1_631' title='bbox 2804 3612 2980 3656; x_wconf 88' lang='lat' dir='ltr'><strong>autem</strong></span> <span class='ocrx_word' id='word_1_632' title='bbox 3028 3604 3309 3656; x_wconf 82' lang='lat' dir='ltr'><strong>verborum</strong></span> <span class='ocrx_word' id='word_1_633' title='bbox 3365 3605 3604 3662; x_wconf 78' lang='lat' dir='ltr'><strong>Ansclnti</strong></span> 
     </span>
    </p>
   </div>
   <div class='ocr_carea' id='block_1_83' title="bbox 2045 3692 3604 3750">
    <p class='ocr_par' dir='ltr' id='par_1_83' title="bbox 2045 3692 3604 3750">
     <span class='ocr_line' id='line_1_83' title="bbox 2045 3692 3604 3750; baseline 0.001 -3"><span class='ocrx_word' id='word_1_634' title='bbox 2045 3693 2148 3747; x_wconf 82' lang='lat' dir='ltr'><strong>duo</strong></span> <span class='ocrx_word' id='word_1_635' title='bbox 2168 3710 2231 3747; x_wconf 85' lang='lat' dir='ltr'><strong>ex</strong></span> <span class='ocrx_word' id='word_1_636' title='bbox 2276 3693 2581 3746; x_wconf 90' lang='lat' dir='ltr'><strong>hominibus</strong></span> <span class='ocrx_word' id='word_1_637' title='bbox 2620 3693 2718 3745; x_wconf 84' lang='lat' dir='ltr'><strong>viri</strong></span> <span class='ocrx_word' id='word_1_638' title='bbox 2765 3692 3055 3747; x_wconf 89' lang='lat' dir='ltr'><strong>attulerunt</strong></span> <span class='ocrx_word' id='word_1_639' title='bbox 3098 3694 3387 3748; x_wconf 90' lang='lat' dir='ltr'><strong>sturionem</strong></span> <span class='ocrx_word' id='word_1_640' title='bbox 3441 3699 3604 3750; x_wconf 87' lang='lat' dir='ltr'><strong>unum</strong></span> 
     </span>
    </p>
   </div>
   <div class='ocr_carea' id='block_1_84' title="bbox 2046 3771 3606 3854">
    <p class='ocr_par' dir='ltr' id='par_1_84' title="bbox 2046 3771 3606 3854">
     <span class='ocr_line' id='line_1_84' title="bbox 2046 3771 3606 3854; baseline 0.001 -19"><span class='ocrx_word' id='word_1_641' title='bbox 2046 3785 2409 3853; x_wconf 77' lang='lat' dir='ltr'><strong>przegrandem</strong></span> <span class='ocrx_word' id='word_1_642' title='bbox 2439 3798 2455 3835; x_wconf 70' lang='grc' dir='ltr'><em>ξ</em></span> <span class='ocrx_word' id='word_1_643' title='bbox 2489 3797 2647 3850; x_wconf 89' lang='lat' dir='ltr'><strong>quem</strong></span> <span class='ocrx_word' id='word_1_644' title='bbox 2682 3783 2733 3835; x_wconf 88' lang='lat' dir='ltr'><strong>itt</strong></span> <span class='ocrx_word' id='word_1_645' title='bbox 2760 3771 2874 3850; x_wconf 82' lang='lat' dir='ltr'><strong>ripa</strong></span> <span class='ocrx_word' id='word_1_646' title='bbox 2901 3783 3134 3836; x_wconf 83' lang='lat' dir='ltr'><strong>ﬂuminis</strong></span> <span class='ocrx_word' id='word_1_647' title='bbox 3161 3783 3333 3849; x_wconf 74' lang='lat' dir='ltr'><strong>Altija:</strong></span> <span class='ocrx_word' id='word_1_648' title='bbox 3369 3784 3478 3854; x_wconf 66' lang='lat' dir='ltr'><strong>(li)</strong></span> <span class='ocrx_word' id='word_1_649' title='bbox 3523 3786 3606 3839; x_wconf 87' lang='lat' dir='ltr'><strong>di-</strong></span> 
     </span>
    </p>
   </div>
   <div class='ocr_carea' id='block_1_85' title="bbox 2044 3870 3605 3940">
    <p class='ocr_par' dir='ltr' id='par_1_85' title="bbox 2044 3870 3605 3940">
     <span class='ocr_line' id='line_1_85' title="bbox 2044 3870 3605 3940; baseline 0.003 -16"><span class='ocrx_word' id='word_1_650' title='bbox 2044 3880 2236 3925; x_wconf 84' lang='lat' dir='ltr'><strong>xerunt</strong></span> <span class='ocrx_word' id='word_1_651' title='bbox 2264 3889 2291 3924; x_wconf 88' lang='lat' dir='ltr'><strong>a</strong></span> <span class='ocrx_word' id='word_1_652' title='bbox 2334 3871 2638 3940; x_wconf 84' lang='lat' dir='ltr'><strong>pastoribus</strong></span> <span class='ocrx_word' id='word_1_653' title='bbox 2683 3870 2793 3923; x_wconf 87' lang='lat' dir='ltr'><strong>suis</strong></span> <span class='ocrx_word' id='word_1_654' title='bbox 2842 3872 3141 3936; x_wconf 83' lang='lat' dir='ltr'><strong>inventum,</strong></span> <span class='ocrx_word' id='word_1_655' title='bbox 3194 3873 3398 3940; x_wconf 88' lang='lat' dir='ltr'><strong>sibique</strong></span> <span class='ocrx_word' id='word_1_656' title='bbox 3430 3882 3605 3928; x_wconf 88' lang='lat' dir='ltr'><strong>trans-</strong></span> 
     </span>
    </p>
   </div>
   <div class='ocr_carea' id='block_1_86' title="bbox 2044 3961 3604 4030">
    <p class='ocr_par' dir='ltr' id='par_1_86' title="bbox 2044 3961 3604 4030">
     <span class='ocr_line' id='line_1_86' title="bbox 2044 3961 3604 4030; baseline 0.004 -16"><span class='ocrx_word' id='word_1_657' title='bbox 2044 3963 2284 4015; x_wconf 81' lang='lat' dir='ltr'><strong>missum.</strong></span> <span class='ocrx_word' id='word_1_658' title='bbox 2331 3961 2385 4015; x_wconf 88' lang='lat' dir='ltr'><strong>Si</strong></span> <span class='ocrx_word' id='word_1_659' title='bbox 2410 3961 2656 4030; x_wconf 90' lang='lat' dir='ltr'><strong>spiritum</strong></span> <span class='ocrx_word' id='word_1_660' title='bbox 2695 3961 2984 4030; x_wconf 75' lang='lat' dir='ltr'><strong>prophctia:</strong></span> <span class='ocrx_word' id='word_1_661' title='bbox 3019 3963 3069 4014; x_wconf 95' lang='lat' dir='ltr'><strong>in</strong></span> <span class='ocrx_word' id='word_1_662' title='bbox 3100 3963 3182 4017; x_wconf 90' lang='lat' dir='ltr'><strong>his</strong></span> <span class='ocrx_word' id='word_1_663' title='bbox 3212 3965 3327 4018; x_wconf 92' lang='lat' dir='ltr'><strong>viro</strong></span> <span class='ocrx_word' id='word_1_664' title='bbox 3372 3965 3604 4020; x_wconf 82' lang='lat' dir='ltr'><strong>adfuisse</strong></span> 
     </span>
    </p>
   </div>
   <div class='ocr_carea' id='block_1_87' title="bbox 2043 4046 3597 4119">
    <p class='ocr_par' dir='ltr' id='par_1_87' title="bbox 2043 4046 3597 4119">
     <span class='ocr_line' id='line_1_87' title="bbox 2043 4046 3597 4119; baseline 0.002 -16"><span class='ocrx_word' id='word_1_665' title='bbox 2043 4046 2164 4119; x_wconf 89' lang='lat' dir='ltr'><strong>quis</strong></span> <span class='ocrx_word' id='word_1_666' title='bbox 2211 4049 2430 4113; x_wconf 88' lang='lat' dir='ltr'><strong>dttbitat,</strong></span> <span class='ocrx_word' id='word_1_667' title='bbox 2461 4058 2623 4118; x_wconf 67' lang='lat' dir='ltr'><strong>gestae</strong></span> <span class='ocrx_word' id='word_1_668' title='bbox 2659 4048 2734 4102; x_wconf 88' lang='lat' dir='ltr'><strong>rei</strong></span> <span class='ocrx_word' id='word_1_669' title='bbox 2775 4051 2972 4103; x_wconf 85' lang='lat' dir='ltr'><strong>veritas</strong></span> <span class='ocrx_word' id='word_1_670' title='bbox 3001 4049 3126 4118; x_wconf 83' lang='lat' dir='ltr'><strong>quid</strong></span> <span class='ocrx_word' id='word_1_671' title='bbox 3174 4051 3266 4114; x_wconf 90' lang='lat' dir='ltr'><strong>sit,</strong></span> <span class='ocrx_word' id='word_1_672' title='bbox 3311 4052 3597 4106; x_wconf 90' lang='lat' dir='ltr'><strong>tenendum</strong></span> 
     </span>
    </p>
   </div>
   <div class='ocr_carea' id='block_1_88' title="bbox 2045 4140 2302 4194">
    <p class='ocr_par' dir='ltr' id='par_1_88' title="bbox 2045 4140 2302 4194">
     <span class='ocr_line' id='line_1_88' title="bbox 2045 4140 2302 4194; baseline -0.004 -1"><span class='ocrx_word' id='word_1_673' title='bbox 2045 4140 2302 4194; x_wconf 88' lang='lat' dir='ltr'><strong>declarat.</strong></span> 
     </span>
    </p>
   </div>
   <div class='ocr_carea' id='block_1_89' title="bbox 374 4221 3598 4312">
    <p class='ocr_par' dir='ltr' id='par_1_89' title="bbox 374 4221 3598 4312">
     <span class='ocr_line' id='line_1_89' title="bbox 374 4221 3598 4312; baseline -0.002 -16"><span class='ocrx_word' id='word_1_674' title='bbox 374 4221 659 4312; x_wconf 71' lang='lat' dir='ltr'><strong>cupatnm.</strong></span> <span class='ocrx_word' id='word_1_675' title='bbox 706 4221 868 4294; x_wconf 88' lang='lat' dir='ltr'><strong>Ocius</strong></span> <span class='ocrx_word' id='word_1_676' title='bbox 910 4240 1089 4307; x_wconf 88' lang='lat' dir='ltr'><strong>itaque</strong></span> <span class='ocrx_word' id='word_1_677' title='bbox 1133 4237 1504 4305; x_wconf 72' lang='lat' dir='ltr'><strong>dormitorium</strong></span> <span class='ocrx_word' id='word_1_678' title='bbox 1562 4239 1823 4302; x_wconf 90' lang='lat' dir='ltr'><strong>ascendit,</strong></span> <span class='ocrx_word' id='word_1_679' title='bbox 1873 4239 1939 4294; x_wconf 88' lang='lat' dir='ltr'><strong>ad</strong></span> <span class='ocrx_word' id='word_1_680' title='bbox 1972 4228 2019 4288; x_wconf 83' lang='lat' dir='ltr'>D</span> <span class='ocrx_word' id='word_1_681' title='bbox 2111 4233 2201 4287; x_wconf 66' lang='lat'><strong>35-</strong></span> <span class='ocrx_word' id='word_1_682' title='bbox 2239 4233 2332 4286; x_wconf 77' lang='lat' dir='ltr'><strong>&quot;is</strong></span> <span class='ocrx_word' id='word_1_683' title='bbox 2376 4232 2705 4307; x_wconf 73' lang='lat' dir='ltr'><strong>temporibus</strong></span> <span class='ocrx_word' id='word_1_684' title='bbox 2746 4221 2964 4301; x_wconf 64' lang='lat' dir='ltr'><strong>scripsit</strong></span> <span class='ocrx_word' id='word_1_685' title='bbox 3012 4240 3267 4286; x_wconf 75' lang='lat' dir='ltr'><strong>lraclatlls</strong></span> <span class='ocrx_word' id='word_1_686' title='bbox 3305 4240 3416 4287; x_wconf 80' lang='lat' dir='ltr'><strong>lrcs</strong></span> <span class='ocrx_word' id='word_1_687' title='bbox 3452 4235 3598 4304; x_wconf 77' lang='grc'><strong>(15),</strong></span> 
     </span>
    </p>
   </div>
   <div class='ocr_carea' id='block_1_90' title="bbox 379 4327 1942 4394">
    <p class='ocr_par' dir='ltr' id='par_1_90' title="bbox 379 4327 1942 4394">
     <span class='ocr_line' id='line_1_90' title="bbox 379 4327 1942 4394; baseline -0.004 -8"><span class='ocrx_word' id='word_1_688' title='bbox 379 4331 583 4386; x_wconf 82' lang='lat' dir='ltr'><strong>lectum</strong></span> <span class='ocrx_word' id='word_1_689' title='bbox 608 4328 843 4382; x_wconf 78' lang='lat' dir='ltr'><strong>Anselmi</strong></span> <span class='ocrx_word' id='word_1_690' title='bbox 875 4328 1034 4387; x_wconf 86' lang='lat' dir='ltr'><strong>vadit,</strong></span> <span class='ocrx_word' id='word_1_691' title='bbox 1071 4327 1161 4382; x_wconf 90' lang='lat' dir='ltr'><strong>sed</strong></span> <span class='ocrx_word' id='word_1_692' title='bbox 1183 4343 1305 4380; x_wconf 90' lang='lat' dir='ltr'><strong>eum</strong></span> <span class='ocrx_word' id='word_1_693' title='bbox 1349 4327 1421 4380; x_wconf 86' lang='lat' dir='ltr'><strong>ibi</strong></span> <span class='ocrx_word' id='word_1_694' title='bbox 1474 4341 1808 4394; x_wconf 86' lang='lat' dir='ltr'><strong>nequaquam</strong></span> <span class='ocrx_word' id='word_1_695' title='bbox 1860 4327 1942 4379; x_wconf 85' lang='lat' dir='ltr'><strong>itt-</strong></span> 
     </span>
    </p>
   </div>
   <div class='ocr_carea' id='block_1_91' title="bbox 381 4415 1940 4488">
    <p class='ocr_par' dir='ltr' id='par_1_91' title="bbox 381 4415 1940 4488">
     <span class='ocr_line' id='line_1_91' title="bbox 381 4415 1940 4488; baseline -0.001 -16"><span class='ocrx_word' id='word_1_696' title='bbox 381 4421 547 4475; x_wconf 78' lang='lat' dir='ltr'><strong>veuit.</strong></span> <span class='ocrx_word' id='word_1_697' title='bbox 596 4420 893 4488; x_wconf 77' lang='lat' dir='ltr'><strong>Regressus</strong></span> <span class='ocrx_word' id='word_1_698' title='bbox 922 4418 1112 4486; x_wconf 88' lang='lat' dir='ltr'><strong>igitur,</strong></span> <span class='ocrx_word' id='word_1_699' title='bbox 1159 4417 1426 4471; x_wconf 90' lang='lat' dir='ltr'><strong>hominem</strong></span> <span class='ocrx_word' id='word_1_700' title='bbox 1453 4416 1502 4468; x_wconf 89' lang='lat' dir='ltr'><strong>in</strong></span> <span class='ocrx_word' id='word_1_701' title='bbox 1527 4415 1759 4484; x_wconf 89' lang='lat' dir='ltr'><strong>capitulo</strong></span> <span class='ocrx_word' id='word_1_702' title='bbox 1789 4430 1940 4485; x_wconf 84' lang='lat' dir='ltr'><strong>repe—</strong></span> 
     </span>
    </p>
   </div>
   <div class='ocr_carea' id='block_1_92' title="bbox 383 4503 1936 4575">
    <p class='ocr_par' dir='ltr' id='par_1_92' title="bbox 383 4503 1936 4575">
     <span class='ocr_line' id='line_1_92' title="bbox 383 4503 1936 4575; baseline -0.005 -13"><span class='ocrx_word' id='word_1_703' title='bbox 383 4506 480 4572; x_wconf 79' lang='lat' dir='ltr'><strong>rit,</strong></span> <span class='ocrx_word' id='word_1_704' title='bbox 501 4507 593 4561; x_wconf 81' lang='lat' dir='ltr'><strong>sed</strong></span> <span class='ocrx_word' id='word_1_705' title='bbox 625 4505 838 4575; x_wconf 86' lang='lat' dir='ltr'><strong>globum</strong></span> <span class='ocrx_word' id='word_1_706' title='bbox 858 4505 999 4574; x_wconf 88' lang='lat' dir='ltr'><strong>ignis</strong></span> <span class='ocrx_word' id='word_1_707' title='bbox 1032 4519 1187 4573; x_wconf 90' lang='lat' dir='ltr'><strong>quem</strong></span> <span class='ocrx_word' id='word_1_708' title='bbox 1226 4504 1538 4572; x_wconf 83' lang='lat' dir='ltr'><strong>reliquerat,</strong></span> <span class='ocrx_word' id='word_1_709' title='bbox 1570 4518 1673 4555; x_wconf 86' lang='lat' dir='ltr'><strong>non</strong></span> <span class='ocrx_word' id='word_1_710' title='bbox 1717 4503 1936 4555; x_wconf 81' lang='lat' dir='ltr'><strong>invenit.</strong></span> 
     </span>
    </p>
   </div>
   <div class='ocr_carea' id='block_1_93' title="bbox 451 4586 1935 4664">
    <p class='ocr_par' dir='ltr' id='par_1_93' title="bbox 451 4586 1935 4664">
     <span class='ocr_line' id='line_1_93' title="bbox 451 4586 1935 4664; baseline -0.003 -15"><span class='ocrx_word' id='word_1_711' title='bbox 451 4586 541 4657; x_wconf 66' lang='grc'><strong>23.</strong></span> <span class='ocrx_word' id='word_1_712' title='bbox 580 4597 702 4651; x_wconf 87' lang='lat' dir='ltr'><strong>Alio</strong></span> <span class='ocrx_word' id='word_1_713' title='bbox 724 4598 954 4664; x_wconf 88' lang='lat' dir='ltr'><strong>quodam</strong></span> <span class='ocrx_word' id='word_1_714' title='bbox 978 4604 1216 4663; x_wconf 88' lang='lat' dir='ltr'><strong>tempore</strong></span> <span class='ocrx_word' id='word_1_715' title='bbox 1237 4595 1408 4648; x_wconf 87' lang='lat' dir='ltr'><strong>cidem</strong></span> <span class='ocrx_word' id='word_1_716' title='bbox 1438 4595 1692 4647; x_wconf 83' lang='lat' dir='ltr'><strong>Anselmo</strong></span> <span class='ocrx_word' id='word_1_717' title='bbox 1715 4595 1935 4645; x_wconf 89' lang='lat' dir='ltr'><strong>manda-</strong></span> 
     </span>
    </p>
   </div>
   <div class='ocr_carea' id='block_1_94' title="bbox 370 4669 1936 4754">
    <p class='ocr_par' dir='ltr' id='par_1_94' title="bbox 370 4669 1936 4754">
     <span class='ocr_line' id='line_1_94' title="bbox 370 4669 1936 4754; baseline -0.006 -10"><span class='ocrx_word' id='word_1_718' title='bbox 370 4698 492 4751; x_wconf 67' lang='lat' dir='ltr'><strong>tum</strong></span> <span class='ocrx_word' id='word_1_719' title='bbox 520 4687 590 4742; x_wconf 85' lang='lat' dir='ltr'><strong>ab</strong></span> <span class='ocrx_word' id='word_1_720' title='bbox 631 4669 738 4740; x_wconf 83' lang='lat' dir='ltr'><strong>uno</strong></span> <span class='ocrx_word' id='word_1_721' title='bbox 767 4687 833 4741; x_wconf 88' lang='lat' dir='ltr'><strong>de</strong></span> <span class='ocrx_word' id='word_1_722' title='bbox 865 4685 1194 4754; x_wconf 90' lang='lat' dir='ltr'><strong>principibus</strong></span> <span class='ocrx_word' id='word_1_723' title='bbox 1230 4684 1632 4740; x_wconf 70' lang='lat' dir='ltr'><strong>Northmanniaa</strong></span> <span class='ocrx_word' id='word_1_724' title='bbox 1673 4693 1774 4746; x_wconf 91' lang='lat' dir='ltr'><strong>est,</strong></span> <span class='ocrx_word' id='word_1_725' title='bbox 1805 4698 1936 4752; x_wconf 81' lang='lat' dir='ltr'><strong>qua-</strong></span> 
     </span>
    </p>
   </div>
   <div class='ocr_carea' id='block_1_95' title="bbox 369 4773 1986 4852">
    <p class='ocr_par' dir='ltr' id='par_1_95' title="bbox 369 4773 1986 4852">
     <span class='ocr_line' id='line_1_95' title="bbox 369 4773 1986 4852; baseline -0.008 -16"><span class='ocrx_word' id='word_1_726' title='bbox 369 4773 542 4837; x_wconf 79' lang='lat' dir='ltr'><strong>tenus</strong></span> <span class='ocrx_word' id='word_1_727' title='bbox 567 4779 635 4833; x_wconf 84' lang='lat' dir='ltr'><strong>ad</strong></span> <span class='ocrx_word' id='word_1_728' title='bbox 659 4793 718 4832; x_wconf 87' lang='lat' dir='ltr'><strong>se</strong></span> <span class='ocrx_word' id='word_1_729' title='bbox 759 4778 811 4831; x_wconf 88' lang='lat' dir='ltr'><strong>in</strong></span> <span class='ocrx_word' id='word_1_730' title='bbox 840 4777 1080 4847; x_wconf 77' lang='lat' dir='ltr'><strong>Angliam</strong></span> <span class='ocrx_word' id='word_1_731' title='bbox 1124 4776 1351 4829; x_wconf 87' lang='lat' dir='ltr'><strong>transire</strong></span> <span class='ocrx_word' id='word_1_732' title='bbox 1378 4775 1638 4828; x_wconf 85' lang='lat' dir='ltr'><strong>volentem</strong></span> <span class='ocrx_word' id='word_1_733' title='bbox 1668 4773 1786 4843; x_wconf 84' lang='lat' dir='ltr'><strong>[al.,</strong></span> <span class='ocrx_word' id='word_1_734' title='bbox 1823 4773 1934 4826; x_wconf 80' lang='lat' dir='ltr'><strong>vcl-</strong></span> <span class='ocrx_word' id='word_1_735' title='bbox 1977 4844 1986 4852; x_wconf 35' lang='lat'>.</span> 
     </span>
    </p>
   </div>
   <div class='ocr_carea' id='block_1_96' title="bbox 367 4859 1938 4940">
    <p class='ocr_par' dir='ltr' id='par_1_96' title="bbox 367 4859 1938 4940">
     <span class='ocr_line' id='line_1_96' title="bbox 367 4859 1938 4940; baseline -0.007 -17"><span class='ocrx_word' id='word_1_736' title='bbox 367 4861 496 4938; x_wconf 74' lang='grc' dir='ltr'>ιθη.</span> <span class='ocrx_word' id='word_1_737' title='bbox 531 4881 655 4920; x_wconf 88' lang='lat' dir='ltr'><strong>cum</strong></span> <span class='ocrx_word' id='word_1_738' title='bbox 687 4873 903 4940; x_wconf 84' lang='lat' dir='ltr'><strong>propter</strong></span> <span class='ocrx_word' id='word_1_739' title='bbox 925 4864 1026 4916; x_wconf 93' lang='lat' dir='ltr'><strong>alia</strong></span> <span class='ocrx_word' id='word_1_740' title='bbox 1053 4864 1282 4930; x_wconf 82' lang='lat' dir='ltr'><strong>negotia,</strong></span> <span class='ocrx_word' id='word_1_741' title='bbox 1312 4871 1418 4915; x_wconf 91' lang='lat' dir='ltr'><strong>tum</strong></span> <span class='ocrx_word' id='word_1_742' title='bbox 1451 4873 1508 4914; x_wconf 90' lang='lat' dir='ltr'><strong>ut</strong></span> <span class='ocrx_word' id='word_1_743' title='bbox 1533 4877 1625 4916; x_wconf 91' lang='lat' dir='ltr'><strong>sua</strong></span> <span class='ocrx_word' id='word_1_744' title='bbox 1651 4875 1810 4930; x_wconf 85' lang='lat' dir='ltr'><strong>prece</strong></span> <span class='ocrx_word' id='word_1_745' title='bbox 1839 4859 1938 4913; x_wconf 88' lang='lat' dir='ltr'><strong>iter</strong></span> 
     </span>
    </p>
   </div>
   <div class='ocr_carea' id='block_1_97' title="bbox 365 4938 1935 5023">
    <p class='ocr_par' dir='ltr' id='par_1_97' title="bbox 365 4938 1935 5023">
     <span class='ocr_line' id='line_1_97' title="bbox 365 4938 1935 5023; baseline -0.008 -9"><span class='ocrx_word' id='word_1_746' title='bbox 365 4958 525 5015; x_wconf 84' lang='lat' dir='ltr'><strong>illius</strong></span> <span class='ocrx_word' id='word_1_747' title='bbox 548 4971 646 5023; x_wconf 89' lang='lat' dir='ltr'><strong>per.</strong></span> <span class='ocrx_word' id='word_1_748' title='bbox 675 4938 880 5008; x_wconf 16' lang='lat' dir='ltr'><strong>mari-na</strong></span> <span class='ocrx_word' id='word_1_749' title='bbox 924 4953 1157 5021; x_wconf 84' lang='lat' dir='ltr'><strong>pericula</strong></span> <span class='ocrx_word' id='word_1_750' title='bbox 1204 4962 1461 5012; x_wconf 84' lang='lat' dir='ltr'><strong>tueretur,</strong></span> <span class='ocrx_word' id='word_1_751' title='bbox 1487 4951 1582 5022; x_wconf 82' lang='grc' dir='ltr'><strong>[αι.</strong></span> <span class='ocrx_word' id='word_1_752' title='bbox 1626 4950 1796 5016; x_wconf 75' lang='lat' dir='ltr'><strong>omit.]</strong></span> <span class='ocrx_word' id='word_1_753' title='bbox 1852 4964 1935 5002; x_wconf 89' lang='lat' dir='ltr'><strong>ve-</strong></span> 
     </span>
    </p>
   </div>
   <div class='ocr_carea' id='block_1_98' title="bbox 318 5027 1936 5113">
    <p class='ocr_par' dir='ltr' id='par_1_98' title="bbox 318 5027 1936 5113">
     <span class='ocr_line' id='line_1_98' title="bbox 318 5027 1936 5113; baseline -0.011 -8"><span class='ocrx_word' id='word_1_754' title='bbox 318 5027 322 5030; x_wconf 18' lang='grc'><strong><em>⁵</em></strong></span> <span class='ocrx_word' id='word_1_755' title='bbox 364 5049 542 5104; x_wconf 90' lang='lat' dir='ltr'><strong>niret.</strong></span> <span class='ocrx_word' id='word_1_756' title='bbox 565 5045 840 5109; x_wconf 74' lang='lat' dir='ltr'><strong>Ascendit,</strong></span> <span class='ocrx_word' id='word_1_757' title='bbox 879 5041 987 5113; x_wconf 88' lang='lat' dir='ltr'><strong>jam</strong></span> <span class='ocrx_word' id='word_1_758' title='bbox 1017 5044 1129 5097; x_wconf 88' lang='lat' dir='ltr'><strong>dies</strong></span> <span class='ocrx_word' id='word_1_759' title='bbox 1162 5042 1327 5097; x_wconf 91' lang='lat' dir='ltr'><strong>mutui</strong></span> <span class='ocrx_word' id='word_1_760' title='bbox 1367 5041 1616 5108; x_wconf 87' lang='lat' dir='ltr'><strong>colloquii</strong></span> <span class='ocrx_word' id='word_1_761' title='bbox 1667 5040 1717 5091; x_wconf 90' lang='lat' dir='ltr'><strong>in</strong></span> <span class='ocrx_word' id='word_1_762' title='bbox 1751 5052 1936 5106; x_wconf 86' lang='lat' dir='ltr'><strong>vespe-</strong></span> 
     </span>
    </p>
   </div>
   <div class='ocr_carea' id='block_1_99' title="bbox 2039 4321 3600 4389">
    <p class='ocr_par' dir='ltr' id='par_1_99' title="bbox 2039 4321 3600 4389">
     <span class='ocr_line' id='line_1_99' title="bbox 2039 4321 3600 4389; baseline -0.001 -10"><span class='ocrx_word' id='word_1_763' title='bbox 2039 4326 2244 4380; x_wconf 88' lang='lat' dir='ltr'><strong>scilicct</strong></span> <span class='ocrx_word' id='word_1_764' title='bbox 2271 4325 2342 4378; x_wconf 84' lang='lat' dir='ltr'><strong>De</strong></span> <span class='ocrx_word' id='word_1_765' title='bbox 2387 4325 2615 4387; x_wconf 78' lang='lat' dir='ltr'><strong>veritate,</strong></span> <span class='ocrx_word' id='word_1_766' title='bbox 2645 4323 2722 4377; x_wconf 79' lang='lat' dir='ltr'><strong>De</strong></span> <span class='ocrx_word' id='word_1_767' title='bbox 2761 4321 2994 4377; x_wconf 81' lang='lat' dir='ltr'><strong>libertate</strong></span> <span class='ocrx_word' id='word_1_768' title='bbox 3025 4325 3259 4389; x_wconf 83' lang='lat' dir='ltr'><strong>arbitrii,</strong></span> <span class='ocrx_word' id='word_1_769' title='bbox 3291 4332 3343 4378; x_wconf 89' lang='lat' dir='ltr'><strong>ct</strong></span> <span class='ocrx_word' id='word_1_770' title='bbox 3372 4323 3447 4376; x_wconf 81' lang='lat' dir='ltr'><strong>De</strong></span> <span class='ocrx_word' id='word_1_771' title='bbox 3475 4343 3600 4378; x_wconf 79' lang='lat' dir='ltr'><strong>casu</strong></span> 
     </span>
    </p>
   </div>
   <div class='ocr_carea' id='block_1_100' title="bbox 2040 4403 3598 4482">
    <p class='ocr_par' dir='ltr' id='par_1_100' title="bbox 2040 4403 3598 4482">
     <span class='ocr_line' id='line_1_100' title="bbox 2040 4403 3598 4482; baseline -0.002 -12"><span class='ocrx_word' id='word_1_772' title='bbox 2040 4403 2232 4470; x_wconf 78' lang='lat' dir='ltr'><strong>diaboli</strong></span> <span class='ocrx_word' id='word_1_773' title='bbox 2259 4433 2275 4479; x_wconf 87' lang='lat'><strong><em>;</em></strong></span> <span class='ocrx_word' id='word_1_774' title='bbox 2302 4415 2354 4468; x_wconf 92' lang='lat' dir='ltr'><strong>in</strong></span> <span class='ocrx_word' id='word_1_775' title='bbox 2389 4411 2583 4482; x_wconf 88' lang='lat' dir='ltr'><strong>quibus</strong></span> <span class='ocrx_word' id='word_1_776' title='bbox 2634 4413 2765 4467; x_wconf 91' lang='lat' dir='ltr'><strong>satis</strong></span> <span class='ocrx_word' id='word_1_777' title='bbox 2797 4421 2940 4481; x_wconf 86' lang='lat' dir='ltr'><strong>patet</strong></span> <span class='ocrx_word' id='word_1_778' title='bbox 2982 4412 3067 4466; x_wconf 91' lang='lat' dir='ltr'><strong>ubi</strong></span> <span class='ocrx_word' id='word_1_779' title='bbox 3114 4413 3348 4466; x_wconf 90' lang='lat' dir='ltr'><strong>animum</strong></span> <span class='ocrx_word' id='word_1_780' title='bbox 3397 4414 3598 4478; x_wconf 77' lang='lat' dir='ltr'><strong>fixerit,</strong></span> 
     </span>
    </p>
   </div>
   <div class='ocr_carea' id='block_1_101' title="bbox 2041 4505 3598 4576">
    <p class='ocr_par' dir='ltr' id='par_1_101' title="bbox 2041 4505 3598 4576">
     <span class='ocr_line' id='line_1_101' title="bbox 2041 4505 3598 4576; baseline 0.002 -18"><span class='ocrx_word' id='word_1_781' title='bbox 2041 4506 2284 4575; x_wconf 83' lang='lat' dir='ltr'><strong>quamvis</strong></span> <span class='ocrx_word' id='word_1_782' title='bbox 2307 4506 2481 4562; x_wconf 11' lang='lat' dir='ltr'><strong>abteis</strong></span> <span class='ocrx_word' id='word_1_783' title='bbox 2510 4522 2630 4576; x_wconf 75' lang='lat' dir='ltr'><strong>qua:</strong></span> <span class='ocrx_word' id='word_1_784' title='bbox 2674 4505 2900 4560; x_wconf 89' lang='lat' dir='ltr'><strong>aliorum</strong></span> <span class='ocrx_word' id='word_1_785' title='bbox 2939 4522 3064 4560; x_wconf 91' lang='lat' dir='ltr'><strong>cura</strong></span> <span class='ocrx_word' id='word_1_786' title='bbox 3088 4506 3369 4575; x_wconf 80' lang='lat' dir='ltr'><strong>expetebat</strong></span> <span class='ocrx_word' id='word_1_787' title='bbox 3412 4507 3598 4561; x_wconf 86' lang='lat' dir='ltr'><strong>talium</strong></span> 
     </span>
    </p>
   </div>
   <div class='ocr_carea' id='block_1_102' title="bbox 2041 4593 3594 4649">
    <p class='ocr_par' dir='ltr' id='par_1_102' title="bbox 2041 4593 3594 4649">
     <span class='ocr_line' id='line_1_102' title="bbox 2041 4593 3594 4649; baseline 0.002 -3"><span class='ocrx_word' id='word_1_788' title='bbox 2041 4609 2221 4648; x_wconf 88' lang='lat' dir='ltr'><strong>rerum</strong></span> <span class='ocrx_word' id='word_1_789' title='bbox 2264 4593 2694 4648; x_wconf 89' lang='lat' dir='ltr'><strong>consideratione</strong></span> <span class='ocrx_word' id='word_1_790' title='bbox 2736 4593 2878 4646; x_wconf 93' lang='lat' dir='ltr'><strong>nullo</strong></span> <span class='ocrx_word' id='word_1_791' title='bbox 2927 4609 2987 4648; x_wconf 84' lang='lat' dir='ltr'><strong>se</strong></span> <span class='ocrx_word' id='word_1_792' title='bbox 3035 4595 3192 4648; x_wconf 90' lang='lat' dir='ltr'><strong>modo</strong></span> <span class='ocrx_word' id='word_1_793' title='bbox 3245 4595 3594 4649; x_wconf 78' lang='lat' dir='ltr'><strong>subtraxerit.</strong></span> 
     </span>
    </p>
   </div>
   <div class='ocr_carea' id='block_1_103' title="bbox 2042 4681 3591 4756">
    <p class='ocr_par' dir='ltr' id='par_1_103' title="bbox 2042 4681 3591 4756">
     <span class='ocr_line' id='line_1_103' title="bbox 2042 4681 3591 4756; baseline 0.001 -20"><span class='ocrx_word' id='word_1_794' title='bbox 2042 4681 2265 4751; x_wconf 88' lang='lat' dir='ltr'><strong>Scripsit</strong></span> <span class='ocrx_word' id='word_1_795' title='bbox 2289 4691 2339 4736; x_wconf 90' lang='lat' dir='ltr'><strong>et</strong></span> <span class='ocrx_word' id='word_1_796' title='bbox 2368 4689 2616 4753; x_wconf 83' lang='lat' dir='ltr'><strong>quartum</strong></span> <span class='ocrx_word' id='word_1_797' title='bbox 2641 4697 2796 4750; x_wconf 88' lang='lat' dir='ltr'><strong>quem</strong></span> <span class='ocrx_word' id='word_1_798' title='bbox 2826 4682 3109 4736; x_wconf 89' lang='lat' dir='ltr'><strong>intitulavit</strong></span> <span class='ocrx_word' id='word_1_799' title='bbox 3132 4683 3206 4735; x_wconf 80' lang='lat' dir='ltr'><strong>De</strong></span> <span class='ocrx_word' id='word_1_800' title='bbox 3232 4685 3591 4756; x_wconf 75' lang='lat' dir='ltr'><strong>grammatico.</strong></span> 
     </span>
    </p>
   </div>
   <div class='ocr_carea' id='block_1_104' title="bbox 2038 4760 3597 4838">
    <p class='ocr_par' dir='ltr' id='par_1_104' title="bbox 2038 4760 3597 4838">
     <span class='ocr_line' id='line_1_104' title="bbox 2038 4760 3597 4838; baseline -0.001 -14"><span class='ocrx_word' id='word_1_801' title='bbox 2038 4769 2094 4824; x_wconf 85' lang='lat' dir='ltr'><strong>In</strong></span> <span class='ocrx_word' id='word_1_802' title='bbox 2117 4784 2386 4838; x_wconf 45' lang='lat' dir='ltr'><strong>quocum</strong></span> <span class='ocrx_word' id='word_1_803' title='bbox 2414 4768 2674 4836; x_wconf 88' lang='lat' dir='ltr'><strong>discipulo</strong></span> <span class='ocrx_word' id='word_1_804' title='bbox 2707 4785 2866 4838; x_wconf 87' lang='lat' dir='ltr'><strong>quem</strong></span> <span class='ocrx_word' id='word_1_805' title='bbox 2899 4760 3079 4822; x_wconf 87' lang='lat' dir='ltr'><strong>secum</strong></span> <span class='ocrx_word' id='word_1_806' title='bbox 3112 4769 3472 4838; x_wconf 86' lang='lat' dir='ltr'><strong>disputantem</strong></span> <span class='ocrx_word' id='word_1_807' title='bbox 3510 4769 3597 4822; x_wconf 78' lang='lat' dir='ltr'><strong>in-</strong></span> 
     </span>
    </p>
   </div>
   <div class='ocr_carea' id='block_1_105' title="bbox 2043 4857 3593 4930">
    <p class='ocr_par' dir='ltr' id='par_1_105' title="bbox 2043 4857 3593 4930">
     <span class='ocr_line' id='line_1_105' title="bbox 2043 4857 3593 4930; baseline -0.001 -16"><span class='ocrx_word' id='word_1_808' title='bbox 2043 4860 2293 4922; x_wconf 88' lang='lat' dir='ltr'><strong>troducit,</strong></span> <span class='ocrx_word' id='word_1_809' title='bbox 2322 4860 2604 4929; x_wconf 87' lang='lat' dir='ltr'><strong>disputans</strong></span> <span class='ocrx_word' id='word_1_810' title='bbox 2640 4858 2760 4930; x_wconf 70' lang='lat' dir='ltr'><strong>[al.,</strong></span> <span class='ocrx_word' id='word_1_811' title='bbox 2791 4857 3047 4928; x_wconf 84' lang='lat' dir='ltr'><strong>disputat]</strong></span> <span class='ocrx_word' id='word_1_812' title='bbox 3077 4872 3196 4912; x_wconf 89' lang='lat' dir='ltr'><strong>cum</strong></span> <span class='ocrx_word' id='word_1_813' title='bbox 3227 4859 3418 4912; x_wconf 91' lang='lat' dir='ltr'><strong>multas</strong></span> <span class='ocrx_word' id='word_1_814' title='bbox 3446 4874 3593 4927; x_wconf 73' lang='lat' dir='ltr'><strong>qua:-</strong></span> 
     </span>
    </p>
   </div>
   <div class='ocr_carea' id='block_1_106' title="bbox 2039 4949 3596 5019">
    <p class='ocr_par' dir='ltr' id='par_1_106' title="bbox 2039 4949 3596 5019">
     <span class='ocr_line' id='line_1_106' title="bbox 2039 4949 3596 5019; baseline -0.002 -13"><span class='ocrx_word' id='word_1_815' title='bbox 2039 4952 2243 5006; x_wconf 72' lang='lat' dir='ltr'><strong>sdones</strong></span> <span class='ocrx_word' id='word_1_816' title='bbox 2268 4951 2575 5005; x_wconf 89' lang='lat' dir='ltr'><strong>dialecticas</strong></span> <span class='ocrx_word' id='word_1_817' title='bbox 2604 4950 2854 5019; x_wconf 84' lang='lat' dir='ltr'><strong>proponit</strong></span> <span class='ocrx_word' id='word_1_818' title='bbox 2874 4959 2927 5002; x_wconf 85' lang='lat' dir='ltr'><strong>et</strong></span> <span class='ocrx_word' id='word_1_819' title='bbox 2948 4949 3124 5010; x_wconf 87' lang='lat' dir='ltr'><strong>solvit,</strong></span> <span class='ocrx_word' id='word_1_820' title='bbox 3159 4957 3267 5002; x_wconf 92' lang='lat' dir='ltr'><strong>tum</strong></span> <span class='ocrx_word' id='word_1_821' title='bbox 3308 4949 3596 5018; x_wconf 81' lang='lat' dir='ltr'><strong>qualitates</strong></span> 
     </span>
    </p>
   </div>
   <div class='ocr_carea' id='block_1_107' title="bbox 2041 5037 3596 5113">
    <p class='ocr_par' dir='ltr' id='par_1_107' title="bbox 2041 5037 3596 5113">
     <span class='ocr_line' id='line_1_107' title="bbox 2041 5037 3596 5113; baseline -0.001 -19"><span class='ocrx_word' id='word_1_822' title='bbox 2041 5051 2093 5094; x_wconf 89' lang='lat' dir='ltr'><strong>et</strong></span> <span class='ocrx_word' id='word_1_823' title='bbox 2119 5040 2318 5108; x_wconf 89' lang='lat' dir='ltr'><strong>qualia,</strong></span> <span class='ocrx_word' id='word_1_824' title='bbox 2350 5039 2617 5113; x_wconf 88' lang='lat' dir='ltr'><strong>quomodo</strong></span> <span class='ocrx_word' id='word_1_825' title='bbox 2636 5039 2744 5093; x_wconf 89' lang='lat' dir='ltr'><strong>sint</strong></span> <span class='ocrx_word' id='word_1_826' title='bbox 2771 5039 2998 5094; x_wconf 89' lang='lat' dir='ltr'><strong>discrete</strong></span> <span class='ocrx_word' id='word_1_827' title='bbox 3036 5037 3345 5107; x_wconf 80' lang='lat' dir='ltr'><strong>accipienda</strong></span> <span class='ocrx_word' id='word_1_828' title='bbox 3376 5040 3596 5105; x_wconf 68' lang='lat' dir='ltr'><strong>exponit</strong></span> 
     </span>
    </p>
   </div>
   <div class='ocr_carea' id='block_1_108' title="bbox 1638 5145 2309 5204">
    <p class='ocr_par' dir='ltr' id='par_1_108' title="bbox 1638 5145 2309 5204">
     <span class='ocr_line' id='line_1_108' title="bbox 1638 5145 2309 5204; baseline 0.006 -6"><span class='ocrx_word' id='word_1_829' title='bbox 1638 5145 2038 5202; x_wconf 79' lang='lat' dir='ltr'><strong>llENSClIENll</strong></span> <span class='ocrx_word' id='word_1_830' title='bbox 2084 5149 2309 5204; x_wconf 65' lang='lat' dir='ltr'><strong>NOTAE.</strong></span> 
     </span>
    </p>
   </div>
   <div class='ocr_carea' id='block_1_109' title="bbox 443 5275 1921 5354">
    <p class='ocr_par' dir='ltr' id='par_1_109' title="bbox 443 5275 1921 5354">
     <span class='ocr_line' id='line_1_109' title="bbox 443 5275 1921 5354; baseline -0.002 -22"><span class='ocrx_word' id='word_1_831' title='bbox 443 5281 564 5354; x_wconf 63' lang='grc' dir='ltr'><strong>(η)</strong></span> <span class='ocrx_word' id='word_1_832' title='bbox 605 5279 796 5354; x_wconf 84' lang='lat' dir='ltr'><strong>Althea</strong></span> <span class='ocrx_word' id='word_1_833' title='bbox 855 5278 1053 5354; x_wconf 75' lang='lat' dir='ltr'><strong>rivulus</strong></span> <span class='ocrx_word' id='word_1_834' title='bbox 1097 5278 1366 5354; x_wconf 62' lang='lat' dir='ltr'><strong>_Pi§ar_tli;e</strong></span> <span class='ocrx_word' id='word_1_835' title='bbox 1395 5318 1408 5337; x_wconf 86' lang='lat'><strong>.</strong></span> <span class='ocrx_word' id='word_1_836' title='bbox 1435 5290 1623 5354; x_wconf 55' lang='lat' dir='ltr'><strong>prope</strong></span> <span class='ocrx_word' id='word_1_837' title='bbox 1671 5275 1921 5354; x_wconf 75' lang='lat' dir='ltr'><strong>oppidum</strong></span> 
     </span>
    </p>
   </div>
   <div class='ocr_carea' id='block_1_110' title="bbox 359 5345 1823 5417">
    <p class='ocr_par' dir='ltr' id='par_1_110' title="bbox 359 5345 1823 5417">
     <span class='ocr_line' id='line_1_110' title="bbox 359 5345 1823 5417; baseline -0.007 -11"><span class='ocrx_word' id='word_1_838' title='bbox 359 5345 666 5417; x_wconf 76' lang='lat' dir='ltr'><strong>Dourlens,</strong></span> <span class='ocrx_word' id='word_1_839' title='bbox 695 5350 759 5399; x_wconf 89' lang='lat' dir='ltr'><strong>de</strong></span> <span class='ocrx_word' id='word_1_840' title='bbox 781 5363 887 5414; x_wconf 88' lang='lat' dir='ltr'><strong>quo</strong></span> <span class='ocrx_word' id='word_1_841' title='bbox 917 5348 967 5400; x_wconf 94' lang='lat' dir='ltr'><strong>in</strong></span> <span class='ocrx_word' id='word_1_842' title='bbox 991 5349 1139 5401; x_wconf 78' lang='lat' dir='ltr'><strong>Actis</strong></span> <span class='ocrx_word' id='word_1_843' title='bbox 1165 5349 1222 5401; x_wconf 90' lang='lat' dir='ltr'><strong>S.</strong></span> <span class='ocrx_word' id='word_1_844' title='bbox 1265 5348 1444 5399; x_wconf 83' lang='lat' dir='ltr'><strong>Fursei</strong></span> <span class='ocrx_word' id='word_1_845' title='bbox 1478 5348 1538 5398; x_wconf 78' lang='grc'><strong>16</strong></span> <span class='ocrx_word' id='word_1_846' title='bbox 1562 5345 1823 5417; x_wconf 72' lang='lat' dir='ltr'><strong>Januarii.</strong></span> 
     </span>
    </p>
   </div>
   <div class='ocr_carea' id='block_1_111' title="bbox 439 5414 1921 5489">
    <p class='ocr_par' dir='ltr' id='par_1_111' title="bbox 439 5414 1921 5489">
     <span class='ocr_line' id='line_1_111' title="bbox 439 5414 1921 5489; baseline -0.014 -2"><span class='ocrx_word' id='word_1_847' title='bbox 439 5420 560 5489; x_wconf 70' lang='lat' dir='ltr'><strong>(I5)</strong></span> <span class='ocrx_word' id='word_1_848' title='bbox 602 5418 842 5483; x_wconf 65' lang='grc' dir='ltr'><strong>ρηὶὶιιιον</strong></span> <span class='ocrx_word' id='word_1_849' title='bbox 876 5417 926 5468; x_wconf 78' lang='lat' dir='ltr'><strong>lli</strong></span> <span class='ocrx_word' id='word_1_850' title='bbox 959 5417 1161 5484; x_wconf 77' lang='lat' dir='ltr'><strong>priores</strong></span> <span class='ocrx_word' id='word_1_851' title='bbox 1203 5417 1321 5470; x_wconf 84' lang='lat' dir='ltr'><strong>libri</strong></span> <span class='ocrx_word' id='word_1_852' title='bbox 1356 5431 1447 5483; x_wconf 80' lang='lat' dir='ltr'><strong>per</strong></span> <span class='ocrx_word' id='word_1_853' title='bbox 1483 5415 1694 5466; x_wconf 88' lang='lat' dir='ltr'><strong>tnodnttt</strong></span> <span class='ocrx_word' id='word_1_854' title='bbox 1732 5414 1921 5482; x_wconf 62' lang='grc' dir='ltr'><strong>ιΙίίιΙυεὶ</strong></span> 
     </span>
    </p>
   </div>
   <div class='ocr_carea' id='block_1_112' title="bbox 2039 5277 3578 5349">
    <p class='ocr_par' dir='ltr' id='par_1_112' title="bbox 2039 5277 3578 5349">
     <span class='ocr_line' id='line_1_112' title="bbox 2039 5277 3578 5349; baseline -0.001 -17"><span class='ocrx_word' id='word_1_855' title='bbox 2039 5281 2177 5335; x_wconf 87' lang='lat' dir='ltr'><strong>inter</strong></span> <span class='ocrx_word' id='word_1_856' title='bbox 2207 5280 2516 5349; x_wconf 86' lang='lat' dir='ltr'><strong>magistrum</strong></span> <span class='ocrx_word' id='word_1_857' title='bbox 2552 5288 2604 5334; x_wconf 90' lang='lat' dir='ltr'><strong>et</strong></span> <span class='ocrx_word' id='word_1_858' title='bbox 2634 5279 2946 5344; x_wconf 91' lang='lat' dir='ltr'><strong>discipulum</strong></span> <span class='ocrx_word' id='word_1_859' title='bbox 2992 5277 3176 5349; x_wconf 85' lang='lat' dir='ltr'><strong>scripti</strong></span> <span class='ocrx_word' id='word_1_860' title='bbox 3214 5280 3578 5346; x_wconf 87' lang='lat' dir='ltr'><strong>continentur,</strong></span> 
     </span>
    </p>
   </div>
   <div class='ocr_carea' id='block_1_113' title="bbox 1960 5347 3141 5417">
    <p class='ocr_par' dir='ltr' id='par_1_113' title="bbox 1960 5347 3141 5417">
     <span class='ocr_line' id='line_1_113' title="bbox 1960 5347 3141 5417; baseline 0.002 -19"><span class='ocrx_word' id='word_1_861' title='bbox 1960 5388 1961 5391; x_wconf 54' lang='grc' dir='ltr'><strong>η</strong></span> <span class='ocrx_word' id='word_1_862' title='bbox 2038 5366 2121 5408; x_wconf 78' lang='lat' dir='ltr'><strong>nat</strong></span> <span class='ocrx_word' id='word_1_863' title='bbox 2165 5369 2186 5402; x_wconf 60' lang='grc' dir='ltr'><em>ε</em></span> <span class='ocrx_word' id='word_1_864' title='bbox 2212 5347 2376 5417; x_wconf 78' lang='lat' dir='ltr'><strong>prium</strong></span> <span class='ocrx_word' id='word_1_865' title='bbox 2410 5349 2549 5404; x_wconf 88' lang='lat' dir='ltr'><strong>inter</strong></span> <span class='ocrx_word' id='word_1_866' title='bbox 2578 5349 2828 5417; x_wconf 87' lang='lat' dir='ltr'><strong>opuscula</strong></span> <span class='ocrx_word' id='word_1_867' title='bbox 2859 5347 3141 5403; x_wconf 86' lang='lat' dir='ltr'><strong>didactica.</strong></span> 
     </span>
    </p>
   </div>
  </div>
