4174 6204
564 295 657 377 mos

1629 299 1686 351 5.
1719 299 2017 353 ANSELSII
2051 298 2397 354 CANTUAB.
2440 299 2750 355 ARCUIEP.

3731 316 3799 370 Μ

585 420 641 463 et
676 411 911 465 instruit.
942 413 1087 464 Fecit
1120 426 1333 480 quoque
1362 412 1595 466 libellum
1636 412 1799 466 unum
1828 428 1983 482 quem
2028 410 2147 464 Mo-
2178 416 2219 466 Λ
2250 407 2369 460 dum
2398 409 2651 473 venisset.
2700 419 2753 465 et
2799 410 2844 465 is
2892 413 2944 465 lu
2989 415 3275 482 quamdam
3316 418 3481 484 ipsius
3514 424 3695 490 operis
3719 439 3806 481 ar'

591 498 851 565 nolagium
880 498 989 566 (16)
1022 499 1325 568 appellavit.
1361 500 1519 555 Solus
1548 501 1691 555 enim
1724 503 1775 555 in
1806 518 1869 554 eo
1890 510 2143 554 etsecqu

592 587 856 654 loquitur,
900 601 962 639 ac
1010 583 1166 641 tacita
1206 570 1351 643 omni
1403 584 1956 644 auctoritate'divinm
2000 590 2145 643 Scri-

589 686 758 742 ptura:
780 679 906 746 quid
937 679 1072 732 Deus
1098 680 1163 733 sit
1211 684 1321 735 sola
1365 680 1484 755 [al.,
1527 676 1695 752 omit]
1746 668 1954 735 ratiou'e
1999 696 2145 749 qua:-

590 764 659 839 rit
707 775 762 819 et
816 767 1014 820 invenit
1056 781 1152 831 ;et
1182 774 1322 838 quod
1366 787 1487 825 vera
1532 772 1663 825 lich
1707 771 1773 827 de
1815 761 1923 826 Deo
1958 773 2141 840 sentit,

590 852 886 908 inviucibili
936 857 1146 911 ratione
1197 860 1273 914 sic
1310 874 1405 912 nec
1461 849 1615 913 aliter
1680 875 1798 927 esse
1845 861 2037 941 probat
2090 871 2145 917 et
2189 862 2193 866 ’

589 938 804 997 astruit.

655 1033 745 1086 26.
786 1034 917 1090 Post
952 1039 1063 1092 luec
1105 1038 1285 1091 incidit
1323 1039 1421 1093 sibi
1457 1041 1507 1094 in
1540 1051 1771 1096 mentem
1821 1042 2146 1110 investigare

587 1133 770 1179 utrum
804 1144 909 1183 uno
940 1131 1053 1183 solo
1078 1139 1131 1182 et
1173 1131 1319 1182 brevi
1362 1143 1676 1200 argumento
1723 1136 1938 1202 probari
1969 1144 2148 1202 posset

589 1212 641 1266 id
670 1220 811 1282 quod
848 1220 915 1271 de
963 1220 1067 1271 Deo
1117 1220 1357 1273 creditur
1401 1230 1455 1274 et
1504 1222 1867 1293 praedicatur:
1902 1224 2147 1279 videlicet

585 1305 731 1371 quod
761 1306 830 1358 sit
858 1315 1109 1370 :cternus,
1143 1302 1617 1375 inconunutabilk,
1645 1314 2005 1383 omnipotens,
2031 1315 2148 1369 nbi-

589 1407 695 1460 que
735 1405 891 1455 totus.
918 1396 1499 1468 incmnprcbeusibilis,
1531 1401 1729 1468 justus,
1757 1404 1896 1473 pius,
1933 1404 2159 1459 miseri-'

588 1496 727 1547 cors,
778 1497 961 1546 verax,
995 1489 1212 1549 veritas.
1251 1491 1480 1553 bonitas,
1524 1491 1755 1557 iustitia,
1790 1504 1844 1548 et
1893 1497 2147 1553 nonnulla

587 1570 708 1636 alia,
736 1582 789 1626 et
807 1578 1073 1640 quomodo
1102 1578 1213 1631 lucc
1232 1582 1408 1633 omnia
1432 1581 1618 1656 iuipso
1644 1600 1806 1638 unum
1829 1586 1937 1639 sint
1962 1567 2156 1655 (Joan-

578 1666 713 1727 ‘xvu,
741 1663 853 1732 2|).
896 1665 1024 1731 Quae
1069 1683 1185 1735 res,
1233 1670 1369 1722 sicut
1396 1671 1509 1741 ipse
1555 1673 1841 1741 referebat,
1898 1692 2142 1743 magnam

582 1750 683 1802 sibi
728 1756 931 1827 peperit
957 1756 1341 1815 diliicultatem.
1370 1760 1501 1815 Nam
1529 1764 1639 1818 biec
1673 1765 1926 1835 cogitatio
1946 1769 2139 1836 partim

584 1841 659 1894 illi
708 1844 910 1907 cibum,
958 1858 1225 1914 potumoet
1276 1866 1521 1906 somnum
1578 1855 1816 1920 tollebat,
1866 1858 2059 1926 partim
2089 1869 2145 1914 ct

583 1935 725 1999 quod
776 1936 942 2003 n-agis
982 1952 1104 1989 eum
1151 1941 1435 2007 gravabat.
1472 1944 1822 2001 intentionem
1873 1949 1990 2018 ejus
2040 1964 2145 2016 qua

587 2023 868 2077 matutinis
911 2034 967 2079 et
1016 2022 1104 2080 alii
1153 2031 1372 2083 servitio
1421 2032 1511 2086 Dei
1563 2035 1837 2089 intendere
1882 2038 2143 2101 debebat,

579 2108 953 2172 pcrturbabat.
980 2111 1131 2189 Quod
1168 2115 1279 2181 ipse
1314 2119 1766 2190 animadvertens,
1816 2103 1914 2179 nec
1973 2127 2148 2180 adhuc

582 2197 735 2273 quod
755 2201 1027 2266 quaerebat
1054 2203 1122 2256 ad
1157 2204 1370 2272 plenum
1401 2224 1591 2275 capere
1625 2211 1829 2274 valens,
1886 2221 2036 2267 ratus
2065 2225 2149 2268 est

592 2286 893 2351 huiusmodi
925 2293 1324 2363 cogitatiooem,
1355 2298 1547 2353 diaboli
1600 2316 1721 2355 esse
1771 2306 2145 2367 teuta'ionem,

588 2372 847 2463 nisuSque
871 2378 957 2433 'est
988 2396 1104 2435 eam
1144 2386 1325 2449 procul
1360 2388 1614 2456 repellere
1639 2406 1669 2443 a
1693 2406 1786 2444 sua
1832 2393 2149 2447 intentione.

589 2464 786 2518 Verum
817 2470 1018 2534 quanto
1059 2470 1177 2538 plus
1213 2474 1264 2527 in
1305 2476 1407 2529 boc
1444 2478 1761 2545 dcsudabat,
1801 2489 1947 2533 tanto
2000 2468 2147 2549 illum

584 2556 845 2622 cogitatio
873 2560 982 2627 ipsa
1033 2563 1201 2632 magis
1236 2579 1297 2619 ac
1343 2569 1512 2637 magis
1566 2568 1875 2627 infestabat.
1914 2570 1978 2623 Et
2023 2587 2151 2628 ecce

584 2643 811 2709 quadam
870 2661 1027 2701 nocte
1081 2650 1224 2705 inter
1266 2664 1558 2709 noeturnas
1591 2657 1821 2725 vigilias,
1857 2658 1947 2713 Dei
1980 2660 2149 2727 gratia

584 2731 751 2787 illuxit
792 2734 844 2789 in
884 2740 1046 2791 corde
1091 2740 1228 2810 ejus,
1253 2752 1305 2795 et
1339 2758 1425 2797 res
1471 2747 1641 2811 patuit
1687 2747 2000 2813 intellectui,
2052 2750 2152 2802 im-

587 2838 878 2891 mensoque
922 2829 1114 2890 gaudio
1149 2843 1201 2884 et
1226 2829 1541 2897 jubilalione
1591 2835 1809 2901 replevit
1840 2839 2016 2891 omnia
2068 2838 2151 2892 in-

578 2908 715 2962 tima
751 2911 884 2974 ejus.
912 2913 1180 2981 Reputans
1206 2932 1331 2986 ergo
1353 2920 1491 2986 apud
1516 2937 1574 2974 se
1601 2922 1703 2976 hoc
1740 2924 1932 2991 ipsum.
1955 2935 2009 2981 ct
2034 2928 2152 2981 ali's

587 3001 631 3053 si
665 3002 896 3055 sciretur
922 3021 1080 3072 posse
1110 3006 1341 3075 placere.
1378 3008 1542 3063 livore
1586 3027 1801 3079 carens,
1845 3029 1953 3067 rem
2013 3014 2152 3070 illico

587 3091 805 3156 se'lpsit
852 3093 902 3146 in
955 3090 1176 3161 tabulis',
1211 3114 1411 3167 easque
1450 3101 1731 3157 sollicitius
1781 3106 2155 3161 custodiendas

589 3181 677 3235 uni
706 3196 772 3235 cx
824 3188 1131 3239 monasterii
1166 3187 1421 3242 fratribus
1454 3193 1688 3246 tradidit.
1723 3172 1849 3247 Post
1897 3196 2023 3257 dies.
2058 3198 2155 3249 alio

589 3279 740 3337 quot,
781 3272 985 3326 ta‘mlas
1010 3279 1201 3344 repetit
1237 3264 1532 3334 acustot'e.
1576 3283 1899 3348 Quaeruntur
1941 3286 1991 3339 in
2040 3287 2156 3343 loco

592 3359 681 3409 ubi
716 3361 962 3424 rr-positze
994 3362 1221 3447 buerant,
1249 3383 1345 3420 nec
1388 3370 1751 3425 inveniuntur.
1789 3373 2157 3442 Requiruutur

590 3463 618 3499 a
650 3447 925 3511 fratribus.
962 3469 1028 3507 ne
1067 3454 1204 3511 forte
1248 3459 1441 3528 aliquis
1487 3478 1578 3515 eas
1614 3466 1899 3532 acceperit,
1936 3469 2028 3519 sed
2060 3484 2155 3522 ne-

591 3552 882 3605 quaquam.
908 3542 1017 3596 Nec
1050 3546 1189 3598 enim
1216 3548 1316 3601 lutc
1341 3566 1506 3616 usque
1547 3552 1795 3607 iuventus
1819 3564 1919 3615 est,
1947 3556 2035 3623 qui
2070 3572 2158 3611 re-

592 3632 908 3695 cognoverit
938 3647 996 3685 se
1024 3636 1312 3703 quidquam
1349 3640 1471 3693 inde
1510 3644 1752 3696 SClViSSO.
1793 3645 2025 3713 charat
2050 3648 2157 3700 An-

590 3714 795 3770 selmus
834 3719 976 3773 aliud
1006 3723 1071 3775 de
1117 3716 1319 3779 eadem.
1354 3730 1572 3782 materia
1620 3731 1887 3785 tlictawcn
1940 3734 1990 3786 in
2039 3736 2158 3790 aliis

597 3806 814 3874 tabulis,
846 3819 899 3861 et
946 3810 1061 3863 illas
1098 3814 1271 3866 eidem
1308 3817 1404 3867 sub
1444 3818 1666 3871 cautiori
1712 3822 1951 3872 custodit
2002 3825 2160 3877 tradit

599 3897 995 3950 etstodieudas.
1031 3896 1119 3953 lile
1153 3902 1203 3953 in
1252 3905 1543 3957 Secretiore
1571 3917 1721 3971 parte
1754 3908 1930 3959 lectuli
1973 3911 2049 3961 sui
2082 3920 2162 3962 ta-

598 3982 752 4035 bulas
779 3978 1011 4051 reponit,
1042 3996 1094 4041 et
1122 3992 1363 4057 sequenti
1390 3994 1475 4045 die
1504 3994 1575 4045 nil
1606 3995 1806 4047 sinistri
1838 3999 2157 4065 suspicatus,

600 4073 815 4125 easdem
846 4076 894 4127 in
926 4078 1229 4145 pavimento
1260 4097 1494 4145 sparsas,
1540 4093 1663 4135 ante
1705 4086 1895 4137 lectum
1944 4090 2160 4154 reperit,

598 4176 722 4215 cera
748 4178 866 4230 quae
916 4165 966 4217 in
1004 4166 1131 4241 ipsis
1182 4178 1300 4221 erat
1329 4170 1428 4221 bac
1462 4170 1579 4223 illac
1606 4168 1872 4224 frustatim
1900 4172 2160 4241 dispersa.

604 4250 659 4302 Li
680 4266 871 4306 vantur
899 4257 1107 4321 tabulze,
1135 4259 1571 4327 cera‘colligitur,
1605 4273 1651 4315 et
1684 4263 1887 4329 pariter
1915 4263 2163 4316 Ansclmo

2245 500 2701 565 guunnentationem
2739 516 2845 554 non
2892 516 3082 572 parum
3132 504 3458 585 oll'endisset,
3496 519 3647 565 ratus
3676 512 3797 585 [al.,

2244 584 2437 658 iratus}
2488 597 2572 642 est
2613 591 2853 643 eamdem
2903 584 3418 670 argumentationem
3475 584 3800 670 ratam'non

2243 668 2363 729 esse
2394 692 2407 727 :
2435 691 2592 743 quam
2618 676 2859 756 refellere
2879 666 3132 748 gestiens,
3163 684 3429 751 quoddam
3448 666 3640 742 contra:
3657 690 3800 744 illam

2247 763 2365 836 [ιιιἸ
2411 765 2583 837 illum]
2615 766 2872 836 scriptum
2919 772 3237 839 composuit,
3281 783 3335 828 et
3364 775 3495 829 illud
3530 777 3619 832 lini
3662 780 3802 846 ejus-

2245 853 2364 907 dem
2398 854 2576 922 operis
2601 856 2860 924 scriptum
2907 857 3018 929 (l8)
3061 859 3325 929 apposuit.
3353 862 3503 927 Quod
3533 880 3652 921 cum
3700 868 3801 921 sibi

2244 959 2275 998 a
2303 947 2532 1013 quodam
2558 946 2733 999 amico
2762 962 2860 1000 suo
2896 950 3269 1021 transmissum
3309 950 3596 1008 Anseluuts
3630 958 3805 1015 consi-

2246 1032 2513 1095 derasset,
2544 1034 2760 1102 gavisus
2799 1043 2910 1111 est;
2951 1044 3006 1089 et
3049 1038 3421 1104 reprehensuri
3460 1055 3559 1094 suo
3601 1044 3804 1111 gratias

2246 1134 2426 1189 agens,
2456 1136 2610 1203 suam
2656 1123 2722 1175 ad
2762 1123 2863 1176 hoc
2904 1126 3298 1202 responsionem
3345 1128 3535 1193 edidit,
3579 1146 3807 1202 eantque

2245 1209 2424 1265 libello
2450 1212 2550 1266 sibi
2577 1212 2783 1266 directo
2822 1215 3179 1282 subscriptam
3228 1216 3460 1285 snbuuo
3488 1219 3535 1273 ei
3568 1222 3657 1289 qui
3703 1220 3806 1277 nsi-

2245 1310 2391 1353 serat
2418 1300 2590 1354 amico
2622 1301 2848 1356 remisit.
2887 1300 2997 1377 Hoc
3030 1304 3098 1356 ab
3139 1318 3205 1358 eo
3242 1316 3298 1357 et
3339 1304 3406 1359 ab
3430 1307 3569 1370 aliis,
3600 1309 3690 1377 qui
3735 1308 3805 1363 li-

2245 1380 2440 1440 bellum
2480 1388 2625 1441 illum
2657 1388 2853 1441 habere
2882 1389 3171 1457 dignantur
3216 1384 3440 1458 petitum
3484 1382 3550 1446 iri
3596 1394 3807 1450 deside-

2248 1490 2391 1538 rans,
2421 1484 2685 1543 quatenus
2709 1477 2760 1531 in
2795 1477 2899 1531 line
2931 1478 3097 1546 ipsius
3122 1464 3302 1549 operis
3328 1466 3465 1549 (iride
3497 1497 3607 1536 oar.
3637 1481 3804 1556 lect),

2246 1581 2358 1619 sine
2379 1568 2854 1635 argumentationis
2888 1568 3267 1636 reprehensio;
3296 1578 3352 1625 et
3396 1572 3808 1643 reprehensioni

2246 1672 2339 1710 sua
2374 1644 2651 1726 responsio
2694 1658 3085 1713 subscribatur.
3120 1726 3125 1729 ι
3166 1644 3170 1648 ’
3460 1642 3487 1648 γ’

2238 1746 2247 1755 ’
2313 1746 2400 1799 27.
2440 1746 2585 1801 Inter
2622 1748 2735 1801 [unc
2780 1747 3171 1816 scripsitetiam
3211 1749 3556 1818 quamplures
3591 1742 3793 1819 epistoo

2243 1836 2326 1889 las
2349 1836 2486 1905 (l9),
2519 1852 2616 1905 per
2639 1853 2736 1890 eas
2759 1838 3027 1890 nonnullis
3055 1853 3148 1901 ea,
3178 1853 3296 1907 qua:
3319 1840 3606 1907 secundum
3630 1830 3808 1895 diver-

2244 1927 2456 1980 sitatem
2482 1941 2766 1981 causarum
2789 1941 2884 1978 sua
2908 1915 3025 1997 [al.,
3049 1924 3288 1997 suarum]
3328 1922 3655 1990 intererant,
3675 1926 3801 1997 pro-

2245 2032 2433 2070 curare
2451 2016 2729 2081 mandans,
2756 2026 2810 2069 et
2831 2016 3098 2070 nonnullis
3111 2002 3392 2069 consilium
3407 2016 3472 2069 de
3489 2009 3697 2093 negotio
3708 2033 3803 2071 suo

2245 2108 2629 2175 quaerentibus,
2646 2106 2740 2178 pro
2759 2106 2963 2159 ratione
2979 2106 3321 2177 respondens.
3339 2106 3401 2159 Et
3416 2106 3629 2183 quidem
3643 2108 3704 2180 de
3718 2107 3797 2160 bis

2244 2213 2363 2268 qum
2391 2196 2617 2252 diversa:
2645 2211 2818 2267 causa:
2846 2196 3004 2250 scribi
3034 2198 3329 2266 cogebant,
3362 2198 3684 2251 mentionem
3713 2195 3792 2251 la-

2245 2303 2368 2360 cere
2391 2286 2818 2356 supersed‘emus.
2841 2285 2977 2352 Quid
3000 2296 3179 2339 autem
3203 2286 3413 2339 consilii
3435 2274 3644 2339 cuidam
3666 2285 3805 2340 Lan-

2248 2379 2399 2443 soui,
2427 2379 2636 2433 noviter
2672 2378 2810 2447 apud
2854 2376 3166 2431 Cluniacum
3199 2376 3342 2431 facto
3372 2379 3666 2442 monacho,
3710 2392 3807 2446 per

2247 2482 2410 2522 uuam
2441 2466 2805 2531 mandaverit,
2835 2465 2960 2519 lmic
2997 2466 3142 2535 Operi
3180 2452 3416 2520 inserere
3439 2467 3647 2528 curavi,
3674 2481 3807 2534 qua-

2250 2566 2405 2612 tenus
2433 2556 2485 2611 in
2527 2557 2625 2612 bac
2652 2572 2755 2609 una
2785 2568 3144 2626 cognoscatur
3172 2556 3298 2623 quid
3328 2557 3392 2609 de
3424 2556 3541 2609 aliis
3574 2569 3802 2626 perpen-
3862 2612 3877 2617 _

2248 2645 2408 2699 datur
2434 2646 2569 2713 (ΞΟ).
2599 2646 2824 2713 Scripsit
2865 2646 3048 2714 itaque
3074 2639 3213 2699 inter
3241 2645 3346 2698 alia
3377 2646 3456 2698 sic
3486 2662 3501 2700 :
3534 2643 3804 2716 Ingressus

2247 2722 2339 2797 es,
2360 2735 2685 2796 charissima,
2710 2734 3074 2803 professusque
3111 2733 3301 2803 Christi
3332 2734 3599 2797 militiam;
3622 2735 3677 2786 in
3700 2748 3805 2803 qua

2254 2841 2357 2877 non
2382 2824 2550 2878 solum
2579 2833 2751 2893 aperte
2773 2825 3066 2877 obsistentis
3114 2824 3276 2877 hostis
3317 2823 3555 2877 violentia
3582 2833 3654 2876 est
3686 2838 3811 2892 pro-

2250 2912 2518 2983 pellenda,
2552 2913 2641 2965 sed
2686 2923 2735 2966 et
2776 2913 2925 2979 quasi
2966 2912 3276 2965 consulentis
3328 2912 3520 2964 astutia
3559 2911 3807 2965 carenda.

2234 3002 2399 3071 ‘Sa'pe
2427 3019 2645 3072 namque
2673 3002 2797 3054 dum
2826 3002 3045 3055 tironem
3080 2999 3270 3054 Christi
3291 3001 3496 3075 uulnere
3524 2999 3678 3053 mala:
3709 3011 3801 3052 vos

2252 3091 2475 3144 Iuntatis
2509 3100 2683 3157 aperte
2709 3090 2987 3140 malevolus
3028 3104 3130 3140 non
3159 3088 3290 3140 ralet
3323 3089 3571 3155 perimere
3591 3129 3607 3153 ,
3631 3089 3809 3142 sitien-

2261 3192 2361 3233 tem
2395 3196 2509 3234 sum
2540 3178 2658 3250 [al.,
2696 3177 2890 3248 tanien]
2914 3180 3096 3242 poculo
3120 3194 3380 3230 twnenosa:
3410 3179 3625 3230 rationis
3645 3180 3809 3231 maleo

2257 3266 2366 3321 vote
2385 3259 2605 3320 callidus
2631 3276 2788 3320 tentat
2813 3265 3157 3333 exstinguere.
3192 3264 3331 3318 Nam
3354 3258 3812 3319 cum'monachuns

2256 3357 2426 3425 nequit
2454 3356 2699 3416 obruere,
2741 3355 2857 3408 vita:
2879 3371 3032 3424 quam
3061 3354 3323 3423 professus
3346 3365 3422 3408 est
3452 3344 3600 3415 odio,
3631 3356 3813 3408 nititur

2254 3446 2792 3499 eumconvcrsafionis
2841 3447 2894 3499 in
2943 3444 3041 3515 qua
3073 3456 3146 3497 est
3197 3447 3442 3498 subruere
3480 3446 3710 3514 fastidio.
3746 3443 3812 3500 Et

2260 3534 2379 3587 licet
2421 3534 2499 3585 illi
2547 3534 2902 3586 monachicum
2942 3534 3258 3601 propositum
3321 3534 3595 3587 tenendum
3650 3533 3804 3601 quasi

2258 3626 2537 3688 concedat,
2569 3634 2742 3676 tamen
2763 3625 2885 3693 quia
2912 3626 3007 3677 hoc
3028 3625 3120 3676 sub
3151 3625 3360 3687 talibus,
3392 3637 3480 3676 aut
3508 3626 3640 3677 inter
3660 3625 3812 3691 tales,

2259 3724 2347 3767 aut
2378 3715 2431 3766 in
2458 3729 2517 3766 eo
2545 3712 2656 3766 loco
2686 3715 2917 3781 incwpit,
2956 3714 3103 3766 illuni
3146 3714 3363 3767 stultum
3406 3713 3556 3766 nimis
3575 3755 3589 3779 ,
3619 3714 3817 3780 impru-

2258 3802 2557 3869 dentemque
2587 3800 2763 3853 multis
2792 3801 2957 3853 modis
2983 3802 3219 3854 versutiis
3245 3816 3464 3868 arguere
3486 3817 3587 3853 non
3618 3808 3812 3863 cessat,

2261 3902 2315 3943 ut
2341 3892 2464 3942 dum
2490 3889 2565 3941 illi
2590 3890 2859 3958 persuadet
2888 3884 3087 3955 incepto
3139 3888 3231 3939 Dei
3278 3888 3520 3956 beneﬁcio
3553 3890 3816 3957 ingratum

2259 3981 2504 4043 existere,
2523 3980 2670 4047 justo
2706 3979 2908 4047 judicio
2948 3995 3036 4031 nec
3065 3977 3133 4030 ad
3176 3978 3388 4030 meliora
3418 3977 3694 4046 proﬁciat;
3726 3994 3817 4030 nec

2260 4071 2396 4140 quod
2424 4071 2613 4139 accepit
2640 4080 2807 4123 teneat
2826 4108 2842 4131 ,
2872 4078 2960 4121 aut
2990 4069 3042 4120 in
3074 4083 3132 4119 eo
3158 4066 3409 4119 inutiliter
3434 4060 3557 4137 [ηις.
3598 4058 3815 4139 utiliter]

2262 4165 2520 4230 persistat.
2578 4161 2774 4225 Quippe
2798 4160 2922 4212 dum
2954 4162 3271 4211 incessanter
3314 4158 3585 4210 laboriosis
3617 4158 3820 4225 cogita-

2266 4253 2486 4303 tionibus
2508 4252 2571 4302 de
2596 4252 2841 4301 mutando
2860 4289 2873 4311 ,
2900 4259 2987 4300 aut
3018 4248 3063 4301 si
3093 4248 3284 4300 mutari
3315 4264 3414 4298 non
3439 4248 3567 4299 valet
3592 4286 3606 4307 ,
3633 4247 3820 4299 saltem

601 4353 969 4409 rept‘rtantur;
999 4347 1197 4400 adnuat
1250 4349 1360 4413 ipse
1389 4364 1588 4411 (erant,
1624 4361 1696 4415 ct,
1742 4351 1863 4403 licet
1892 4350 1999 4408 vix.
2034 4353 2168 4405 scri-
2198 4350 2239 4405 D
2266 4343 2329 4395 de
2372 4339 2705 4409 improbando
2736 4340 2883 4413 initio
2928 4339 3225 4402 meditatur,
3268 4353 3528 4403 nunquam
3566 4338 3632 4387 ad
3664 4337 3820 4399 finem

606 4441 812 4498 pturam
868 4447 1166 4504 recuperat.
1214 4437 1425 4492 Veritus
1483 4450 1658 4491 autem
1696 4456 1760 4493 ne
1810 4456 1912 4508 qua
1958 4441 2160 4493 incuria

605 4523 818 4590 penitus
854 4527 1115 4592 perditum
1146 4536 1263 4589 eat,
1306 4542 1420 4579 eam
1455 4528 1503 4579 in
1546 4530 1759 4581 nomine
1805 4529 2005 4580 Domini
2048 4544 2166 4595 per-

617 4614 1016 4679 gatucnojnbct
1058 4618 1213 4669 tradi.
1261 4617 1568 4684 Composuit
1600 4634 1727 4681 ergo
1774 4619 1892 4671 inde
1921 4619 2163 4671 volumen

606 4705 921 4773 parvulum.
971 4708 1062 4760 sed
1111 4709 1489 4760 sententiarqu
1530 4724 1593 4761 ac
1642 4709 1998 4761 subtilissima!
2043 4725 2167 4760 cou-

612 4794 971 4861 tc'nplatiouis
993 4797 1225 4864 pondere
1258 4814 1527 4865 maguum,
1550 4800 1689 4865 quod
1722 4798 2027 4865 Prustagion
2056 4798 2163 4864 (l7)

616 4888 927 4941 nominavit.
978 4889 1277 4957 Alloquitur
1317 4890 1511 4943 ctenim
1562 4891 1610 4941 in
1641 4906 1703 4941 eo
1742 4906 1903 4957 opere
1950 4900 2037 4939 aut
2080 4904 2165 4941 sc-

617 4976 809 5044 ipsam,
840 4987 929 5031 aut
952 4977 1135 5031 Deum.
1168 4978 1315 5043 Quod
1338 4995 1491 5046 opus,
1520 4996 1638 5032 cum
1677 4980 1726 5031 in
1759 4994 1944 5031 manus
1989 4978 2167 5045 cujus-

2266 4430 2588 4499 perfectionis
2619 4430 2823 4481 tendere
2861 4441 3095 4479 comitur.
3130 4424 3265 4478 Nam
3299 4427 3539 4493 quintium
3582 4424 3659 4476 illi
3694 4425 3821 4487 fun-

2269 4523 2562 4572 damentum
2597 4519 2733 4586 quod
2759 4518 2924 4584 posuit
2952 4516 3214 4582 displicet,
3246 4514 3539 4565 nullatenus
3570 4513 3647 4564 illi
3682 4524 3826 4563 strn-

2270 4620 2468 4661 cturam
2507 4608 2651 4659 bona:
2700 4608 2812 4659 t‘lltl’
2854 4602 3265 4673 supera'dlﬁcare
3287 4604 3422 4654 libet.
3474 4598 3622 4654 Unde
3662 4602 3717 4667 ﬁt
3768 4611 3824 4653 nt

2269 4698 2698 4767 quemadmodum
2727 4695 3000 4746 arbuscula
3026 4696 3068 4746 si
3096 4708 3227 4759 sa'pe
3266 4693 3669 4758 transplantetur
3694 4687 3771 4758 [al
3806 4729 3823 4753 ,

2272 4787 2665 4857 transporlctur]
2683 4830 2695 4850 ,
2738 4798 2825 4837 aut
2852 4803 3011 4853 nuper
3033 4785 3263 4850 plantam
3290 4786 3339 4835 in
3364 4783 3536 4835 eodem
3570 4781 3679 4831 loco
3713 4797 3827 4831 rre-

2273 4882 2361 4931 bra
2411 4878 2734 4931 convulsione
2774 4876 2889 4947 [al.,
2946 4872 3293 4947 conversione]
3344 4874 3673 4939 inquietator,
3728 4886 3824 4921 ne-

2274 4988 2530 5039 quaquam
2578 4971 2809 5022 radicare
2856 4967 3054 5029 valens,
3108 4968 3397 5018 ariditatcm
3439 4967 3539 5015 cito
3576 4962 3821 5025 attrahit,

1894 5083 2293 5139 IIENSCHENII
2339 5078 2562 5139 NOTAE.

694 5201 803 5263 (16)
848 5202 955 5254 lloc
1008 5205 1355 5271 Manologium
1401 5205 1449 5255 in
1492 5205 1662 5270 capita
1715 5204 1778 5254 77
1833 5202 2162 5259 distinctum,

617 5282 797 5326 exstat
831 5272 968 5322 inter
997 5276 1133 5325 dicta
1168 5275 1425 5325 didm-lica
1458 5274 1730 5337 opuscula.

695 5342 801 5401 (17)
836 5340 943 5391 Hoc
976 5340 1304 5406 Prosoloqinn
1335 5336 1670 5393 Substituitnr
1691 5342 1831 5393 dicto
1858 5336 2168 5404 Mouologio,

625 5412 676 5462 in
706 5411 773 5461 ‘26
800 5413 968 5475 mutila
998 5413 1325 5462 distinctum.

696 5479 801 5542 (l8)
844 5481 1197 5530 Sultstitnitur
1241 5483 1335 5530 sub
1368 5482 1465 5529 bon
1500 5478 1693 5529 titulo:
1738 5478 1884 5528 Liber
1920 5492 2007 5539 pro
2051 5476 2175 5525 iusi-

627 5547 809 5611 pientc,
838 5566 898 5600 at.
935 5549 997 5600 ll:
1032 5549 1259 5601 Ansilmi
1301 5566 1349 5598 ιρι
1390 5546 1682 5611 ΙλιὯςηῘυενιὶω
1714 5545 2172 5599 ratiorinatinueni.

626 5632 724 5667 rmc
749 5633 832 5668 ον(-
856 5621 1041 5669 inserto
1073 5636 1088 5678 ,'
1128 5629 1171 5666 rt
1205 5636 1232 5668 a
1259 5619 1451 5668 lditur:
1492 5616 1629 5667 libri
1665 5617 1719 5665 ll.
1754 5614 1975 5665 Δίνην-ἰντὶ
2004 5630 2064 5662 ιη)
2089 5614 2175 5661 duo

2275 5194 2468 5260 θρῆνυς
2519 5201 2692 5241 contra
2744 5190 3084 5254 insipientem,
3135 5186 3397 5256 capitibus
3457 5183 3520 5236 10
3574 5198 3822 5252 compre-

2275 5265 2489 5316 llt‘ll~tlS.

2346 5332 2454 5392 (l9)
2493 5328 2844 5379 Contineutur
2879 5325 2968 5377 lib.
3000 5343 3013 5377 ι
3045 5323 3279 5391 cpistola:
3306 5338 3440 5387 quas
3473 5320 3692 5392 necdum
3722 5322 3823 5371 al)-

2277 5389 2368 5453 bas
2397 5397 2627 5462 scripsit.
2660 5408 2713 5448 et
2749 5404 2871 5447 sunt
2902 5397 2987 5457 '77,
3026 5389 3179 5446 simul
3217 5409 3335 5446 cum
3377 5390 3559 5458 pauris
3584 5389 3649 5440 ad
3696 5403 3823 5441 eunt

2278 5468 2515 5533 epistolis
2545 5464 2793 5517 aliorum.
2944 5533 2953 5535 4
3046 5532 3095 5535 Α
3188 5532 3231 5535 Α,
3308 5530 3321 5535 Δ
3527 5529 3539 5535 _

2349 5537 2459 5603 (9.0)
2503 5536 2591 5587 Est
2631 5535 2739 5585 lunt:
2770 5533 2989 5599 epistola
3037 5532 3104 5585 9.9
3150 5532 3233 5585 ubi
3275 5530 3420 5599 plura
3463 5529 3559 5582 sub
3612 5526 3823 5578 initium

2283 5607 2365 5659 bis
2397 5606 2588 5657 omissa
2615 5604 2970 5656 continentur.
