  <div class='ocr_page' id='page_1' title='image "/cluster/home/n/w/nwhite01/storage/ocr_20150623/158/uva.x000829800/041.png"; bbox 0 0 4174 6264; ppageno 0'>
   <div class='ocr_carea' id='block_1_1' title="bbox 459 336 3743 409">
    <p class='ocr_par' dir='ltr' id='par_1_1' title="bbox 459 336 3743 409">
     <span class='ocr_line' id='line_1_1' title="bbox 459 336 3743 409; baseline 0.006 -26"><span class='ocrx_word' id='word_1_1' title='bbox 459 342 524 397; x_wconf 76' lang='grc'>67</span> <span class='ocrx_word' id='word_1_2' title='bbox 1526 336 1583 390; x_wconf 90' lang='lat' dir='ltr'><strong>S.</strong></span> <span class='ocrx_word' id='word_1_3' title='bbox 1629 336 1924 392; x_wconf 74' lang='lat' dir='ltr'><strong>ANSELMI</strong></span> <span class='ocrx_word' id='word_1_4' title='bbox 1960 336 2645 394; x_wconf 71' lang='lat' dir='ltr'><strong>CANTUAR.&#39;ARClilEP.</strong></span> <span class='ocrx_word' id='word_1_5' title='bbox 2748 348 2757 351; x_wconf 78' lang='grc'><strong>’</strong></span> <span class='ocrx_word' id='word_1_6' title='bbox 2840 395 2843 403; x_wconf 65' lang='lat'><strong>,</strong></span> <span class='ocrx_word' id='word_1_7' title='bbox 2912 384 2917 387; x_wconf 85' lang='lat'><strong>.</strong></span> <span class='ocrx_word' id='word_1_8' title='bbox 3405 362 3411 367; x_wconf 77' lang='lat'>&#39;</span> <span class='ocrx_word' id='word_1_9' title='bbox 3608 346 3675 402; x_wconf 73' lang='lat'><strong>68</strong></span> <span class='ocrx_word' id='word_1_10' title='bbox 3742 406 3743 409; x_wconf 33' lang='grc' dir='ltr'><strong>η</strong></span> 
     </span>
    </p>
   </div>
   <div class='ocr_carea' id='block_1_2' title="bbox 463 440 3677 524">
    <p class='ocr_par' dir='ltr' id='par_1_2' title="bbox 463 440 3677 524">
     <span class='ocr_line' id='line_1_2' title="bbox 463 440 3677 524; baseline 0.002 -21"><span class='ocrx_word' id='word_1_11' title='bbox 463 452 750 524; x_wconf 84' lang='lat' dir='ltr'><strong>purissimo</strong></span> <span class='ocrx_word' id='word_1_12' title='bbox 781 451 901 523; x_wconf 76' lang='lat' dir='ltr'><strong>[al.,</strong></span> <span class='ocrx_word' id='word_1_13' title='bbox 926 453 1074 507; x_wconf 83' lang='lat' dir='ltr'><strong>omit.</strong></span> <span class='ocrx_word' id='word_1_14' title='bbox 1104 460 1157 507; x_wconf 90' lang='lat' dir='ltr'><strong>et</strong></span> <span class='ocrx_word' id='word_1_15' title='bbox 1181 447 1790 519; x_wconf 48' lang='lat' dir='ltr'><strong>candidissimoqlierba</strong></span> <span class='ocrx_word' id='word_1_16' title='bbox 1819 440 2027 519; x_wconf 85' lang='lat' dir='ltr'><strong>quoque</strong></span> <span class='ocrx_word' id='word_1_17' title='bbox 2058 452 2101 507; x_wconf 72' lang='grc' dir='ltr'>Α</span> <span class='ocrx_word' id='word_1_18' title='bbox 2133 446 2352 512; x_wconf 86' lang='lat' dir='ltr'><strong>amoris,</strong></span> <span class='ocrx_word' id='word_1_19' title='bbox 2381 448 2511 509; x_wconf 87' lang='lat' dir='ltr'><strong>nihil</strong></span> <span class='ocrx_word' id='word_1_20' title='bbox 2540 447 2769 518; x_wconf 83' lang='lat' dir='ltr'><strong>pietatis,</strong></span> <span class='ocrx_word' id='word_1_21' title='bbox 2812 448 2943 504; x_wconf 85' lang='lat' dir='ltr'><strong>nihil</strong></span> <span class='ocrx_word' id='word_1_22' title='bbox 2972 448 3373 517; x_wconf 69' lang='lat' dir='ltr'><strong>benevolentiae,</strong></span> <span class='ocrx_word' id='word_1_23' title='bbox 3402 453 3515 510; x_wconf 84' lang='lat' dir='ltr'><strong>sive</strong></span> <span class='ocrx_word' id='word_1_24' title='bbox 3561 459 3677 513; x_wconf 84' lang='lat' dir='ltr'><strong>dnt-</strong></span> 
     </span>
    </p>
   </div>
   <div class='ocr_carea' id='block_1_3' title="bbox 462 538 2029 611">
    <p class='ocr_par' dir='ltr' id='par_1_3' title="bbox 462 538 2029 611">
     <span class='ocr_line' id='line_1_3' title="bbox 462 538 2029 611; baseline -0.003 -16"><span class='ocrx_word' id='word_1_25' title='bbox 462 543 650 597; x_wconf 69' lang='lat' dir='ltr'><strong>mediae</strong></span> <span class='ocrx_word' id='word_1_26' title='bbox 678 542 921 611; x_wconf 89' lang='lat' dir='ltr'><strong>planitiei</strong></span> <span class='ocrx_word' id='word_1_27' title='bbox 952 544 1131 597; x_wconf 80' lang='lat' dir='ltr'><strong>virens</strong></span> <span class='ocrx_word' id='word_1_28' title='bbox 1166 549 1285 595; x_wconf 91' lang='lat' dir='ltr'><strong>erat</strong></span> <span class='ocrx_word' id='word_1_29' title='bbox 1313 548 1369 594; x_wconf 88' lang='lat' dir='ltr'><strong>et</strong></span> <span class='ocrx_word' id='word_1_30' title='bbox 1398 539 1511 609; x_wconf 89' lang='lat' dir='ltr'><strong>ipsa</strong></span> <span class='ocrx_word' id='word_1_31' title='bbox 1529 550 1822 609; x_wconf 76' lang='lat' dir='ltr'><strong>argentea,</strong></span> <span class='ocrx_word' id='word_1_32' title='bbox 1855 538 2029 591; x_wconf 84' lang='lat' dir='ltr'><strong>mollis</strong></span> 
     </span>
    </p>
   </div>
   <div class='ocr_carea' id='block_1_4' title="bbox 462 627 2024 707">
    <p class='ocr_par' dir='ltr' id='par_1_4' title="bbox 462 627 2024 707">
     <span class='ocr_line' id='line_1_4' title="bbox 462 627 2024 707; baseline -0.007 -20"><span class='ocrx_word' id='word_1_33' title='bbox 462 633 676 701; x_wconf 77' lang='lat' dir='ltr'><strong>quidem</strong></span> <span class='ocrx_word' id='word_1_34' title='bbox 706 642 761 687; x_wconf 91' lang='lat' dir='ltr'><strong>et</strong></span> <span class='ocrx_word' id='word_1_35' title='bbox 808 633 944 686; x_wconf 87' lang='lat' dir='ltr'><strong>ultra</strong></span> <span class='ocrx_word' id='word_1_36' title='bbox 993 633 1278 686; x_wconf 81' lang='lat' dir='ltr'><strong>humanam</strong></span> <span class='ocrx_word' id='word_1_37' title='bbox 1326 629 1632 699; x_wconf 85' lang='lat' dir='ltr'><strong>opinionem</strong></span> <span class='ocrx_word' id='word_1_38' title='bbox 1680 627 2024 707; x_wconf 83' lang='lat' dir='ltr'><strong>delectabilis.</strong></span> 
     </span>
    </p>
   </div>
   <div class='ocr_carea' id='block_1_5' title="bbox 465 715 2025 793">
    <p class='ocr_par' dir='ltr' id='par_1_5' title="bbox 465 715 2025 793">
     <span class='ocr_line' id='line_1_5' title="bbox 465 715 2025 793; baseline -0.003 -18"><span class='ocrx_word' id='word_1_39' title='bbox 465 722 589 777; x_wconf 60' lang='lat' dir='ltr'><strong>llaec</strong></span> <span class='ocrx_word' id='word_1_40' title='bbox 619 721 748 793; x_wconf 88' lang='lat' dir='ltr'><strong>[al.,</strong></span> <span class='ocrx_word' id='word_1_41' title='bbox 787 720 914 791; x_wconf 88' lang='lat' dir='ltr'><strong>nec]</strong></span> <span class='ocrx_word' id='word_1_42' title='bbox 947 735 1094 773; x_wconf 89' lang='lat' dir='ltr'><strong>more</strong></span> <span class='ocrx_word' id='word_1_43' title='bbox 1137 720 1358 774; x_wconf 91' lang='lat' dir='ltr'><strong>alterius</strong></span> <span class='ocrx_word' id='word_1_44' title='bbox 1385 716 1691 772; x_wconf 64' lang='lat' dir='ltr'><strong>herbarsub</strong></span> <span class='ocrx_word' id='word_1_45' title='bbox 1737 715 1821 770; x_wconf 90' lang='lat' dir='ltr'><strong>his</strong></span> <span class='ocrx_word' id='word_1_46' title='bbox 1852 717 1943 785; x_wconf 92' lang='lat' dir='ltr'><strong>qui</strong></span> <span class='ocrx_word' id='word_1_47' title='bbox 1975 718 2025 772; x_wconf 91' lang='lat' dir='ltr'><strong>in</strong></span> 
     </span>
    </p>
   </div>
   <div class='ocr_carea' id='block_1_6' title="bbox 465 807 2029 880">
    <p class='ocr_par' dir='ltr' id='par_1_6' title="bbox 465 807 2029 880">
     <span class='ocr_line' id='line_1_6' title="bbox 465 807 2029 880; baseline -0.003 -16"><span class='ocrx_word' id='word_1_48' title='bbox 465 827 528 864; x_wconf 88' lang='lat' dir='ltr'><strong>ea</strong></span> <span class='ocrx_word' id='word_1_49' title='bbox 574 813 904 880; x_wconf 87' lang='lat' dir='ltr'><strong>pausabant,</strong></span> <span class='ocrx_word' id='word_1_50' title='bbox 955 808 1146 863; x_wconf 78' lang='lat' dir='ltr'><strong>leniter</strong></span> <span class='ocrx_word' id='word_1_51' title='bbox 1192 808 1506 863; x_wconf 80' lang='lat' dir='ltr'><strong>ﬂectebatur</strong></span> <span class='ocrx_word' id='word_1_52' title='bbox 1534 846 1550 870; x_wconf 90' lang='lat'><strong>,</strong></span> <span class='ocrx_word' id='word_1_53' title='bbox 1594 814 1648 860; x_wconf 89' lang='lat' dir='ltr'><strong>et</strong></span> <span class='ocrx_word' id='word_1_54' title='bbox 1689 807 2029 875; x_wconf 89' lang='lat' dir='ltr'><strong>surgentibus</strong></span> 
     </span>
    </p>
   </div>
   <div class='ocr_carea' id='block_1_7' title="bbox 467 894 2029 969">
    <p class='ocr_par' dir='ltr' id='par_1_7' title="bbox 467 894 2029 969">
     <span class='ocr_line' id='line_1_7' title="bbox 467 894 2029 969; baseline -0.004 -16"><span class='ocrx_word' id='word_1_55' title='bbox 467 901 621 967; x_wconf 88' lang='lat' dir='ltr'><strong>ipsis,</strong></span> <span class='ocrx_word' id='word_1_56' title='bbox 648 908 703 952; x_wconf 90' lang='lat' dir='ltr'><strong>et</strong></span> <span class='ocrx_word' id='word_1_57' title='bbox 732 899 843 967; x_wconf 83' lang='lat' dir='ltr'><strong>ipsa</strong></span> <span class='ocrx_word' id='word_1_58' title='bbox 875 898 1202 969; x_wconf 79' lang='lat' dir='ltr'><strong>erigebatur.</strong></span> <span class='ocrx_word' id='word_1_59' title='bbox 1235 898 1417 963; x_wconf 86' lang='lat' dir='ltr'><strong>itaque</strong></span> <span class='ocrx_word' id='word_1_60' title='bbox 1446 894 1593 949; x_wconf 91' lang='lat' dir='ltr'><strong>locus</strong></span> <span class='ocrx_word' id='word_1_61' title='bbox 1623 894 1711 950; x_wconf 90' lang='lat' dir='ltr'><strong>ille</strong></span> <span class='ocrx_word' id='word_1_62' title='bbox 1739 903 1881 950; x_wconf 82' lang='lat' dir='ltr'><strong>totus</strong></span> <span class='ocrx_word' id='word_1_63' title='bbox 1912 904 2029 949; x_wconf 82' lang='lat' dir='ltr'><strong>erat</strong></span> 
     </span>
    </p>
   </div>
   <div class='ocr_carea' id='block_1_8' title="bbox 466 983 2027 1057">
    <p class='ocr_par' dir='ltr' id='par_1_8' title="bbox 466 983 2027 1057">
     <span class='ocr_line' id='line_1_8' title="bbox 466 983 2027 1057; baseline -0.002 -16"><span class='ocrx_word' id='word_1_64' title='bbox 466 997 795 1051; x_wconf 70' lang='lat' dir='ltr'><strong>ammnus,et</strong></span> <span class='ocrx_word' id='word_1_65' title='bbox 814 987 1078 1057; x_wconf 81' lang='lat' dir='ltr'><strong>praecipua</strong></span> <span class='ocrx_word' id='word_1_66' title='bbox 1101 984 1431 1054; x_wconf 75' lang='lat' dir='ltr'><strong>iucunditate</strong></span> <span class='ocrx_word' id='word_1_67' title='bbox 1455 983 1707 1052; x_wconf 88' lang='lat' dir='ltr'><strong>repletus;</strong></span> <span class='ocrx_word' id='word_1_68' title='bbox 1740 984 1881 1037; x_wconf 92' lang='lat' dir='ltr'><strong>hunc</strong></span> <span class='ocrx_word' id='word_1_69' title='bbox 1901 998 2027 1055; x_wconf 84' lang='lat' dir='ltr'><strong>ergo</strong></span> 
     </span>
    </p>
   </div>
   <div class='ocr_carea' id='block_1_9' title="bbox 463 1070 2027 1146">
    <p class='ocr_par' dir='ltr' id='par_1_9' title="bbox 463 1070 2027 1146">
     <span class='ocr_line' id='line_1_9' title="bbox 463 1070 2027 1146; baseline -0.006 -12"><span class='ocrx_word' id='word_1_70' title='bbox 463 1082 529 1134; x_wconf 89' lang='lat' dir='ltr'><strong>ad</strong></span> <span class='ocrx_word' id='word_1_71' title='bbox 561 1079 965 1134; x_wconf 85' lang='lat' dir='ltr'><strong>inbabitandnm</strong></span> <span class='ocrx_word' id='word_1_72' title='bbox 1005 1077 1163 1146; x_wconf 87' lang='lat' dir='ltr'><strong>elegit</strong></span> <span class='ocrx_word' id='word_1_73' title='bbox 1194 1074 1293 1130; x_wconf 88' lang='lat' dir='ltr'><strong>sibi</strong></span> <span class='ocrx_word' id='word_1_74' title='bbox 1321 1073 1624 1127; x_wconf 89' lang='lat' dir='ltr'><strong>Anselmus.</strong></span> <span class='ocrx_word' id='word_1_75' title='bbox 1662 1070 1812 1126; x_wconf 82' lang='lat' dir='ltr'><strong>Tunc</strong></span> <span class='ocrx_word' id='word_1_76' title='bbox 1839 1070 2027 1125; x_wconf 87' lang='lat' dir='ltr'><strong>ductor</strong></span> 
     </span>
    </p>
   </div>
   <div class='ocr_carea' id='block_1_10' title="bbox 461 1161 2025 1237">
    <p class='ocr_par' dir='ltr' id='par_1_10' title="bbox 461 1161 2025 1237">
     <span class='ocr_line' id='line_1_10' title="bbox 461 1161 2025 1237; baseline -0.003 -17"><span class='ocrx_word' id='word_1_77' title='bbox 461 1169 576 1236; x_wconf 82' lang='lat' dir='ltr'><strong>ejus</strong></span> <span class='ocrx_word' id='word_1_78' title='bbox 613 1169 747 1222; x_wconf 79' lang='lat' dir='ltr'><strong>dixit</strong></span> <span class='ocrx_word' id='word_1_79' title='bbox 778 1169 840 1237; x_wconf 37' lang='lat' dir='ltr'><strong>.ei</strong></span> <span class='ocrx_word' id='word_1_80' title='bbox 876 1186 889 1219; x_wconf 86' lang='lat'><strong>:</strong></span> <span class='ocrx_word' id='word_1_81' title='bbox 919 1166 1047 1220; x_wconf 89' lang='lat' dir='ltr'><strong>Eia!</strong></span> <span class='ocrx_word' id='word_1_82' title='bbox 1106 1164 1188 1218; x_wconf 85' lang='lat' dir='ltr'><strong>vis</strong></span> <span class='ocrx_word' id='word_1_83' title='bbox 1245 1163 1429 1217; x_wconf 89' lang='lat' dir='ltr'><strong>videre</strong></span> <span class='ocrx_word' id='word_1_84' title='bbox 1478 1161 1604 1231; x_wconf 88' lang='lat' dir='ltr'><strong>quid</strong></span> <span class='ocrx_word' id='word_1_85' title='bbox 1657 1162 1727 1217; x_wconf 85' lang='lat' dir='ltr'><strong>sit</strong></span> <span class='ocrx_word' id='word_1_86' title='bbox 1771 1161 2025 1232; x_wconf 81' lang='lat' dir='ltr'><strong>patientia</strong></span> 
     </span>
    </p>
   </div>
   <div class='ocr_carea' id='block_1_11' title="bbox 463 1250 2025 1327">
    <p class='ocr_par' dir='ltr' id='par_1_11' title="bbox 463 1250 2025 1327">
     <span class='ocr_line' id='line_1_11' title="bbox 463 1250 2025 1327; baseline -0.005 -15"><span class='ocrx_word' id='word_1_87' title='bbox 463 1260 632 1314; x_wconf 84' lang='lat' dir='ltr'><strong>vera?</strong></span> <span class='ocrx_word' id='word_1_88' title='bbox 677 1261 756 1314; x_wconf 84' lang='lat' dir='ltr'><strong>Ad</strong></span> <span class='ocrx_word' id='word_1_89' title='bbox 778 1257 916 1327; x_wconf 88' lang='lat' dir='ltr'><strong>quod</strong></span> <span class='ocrx_word' id='word_1_90' title='bbox 945 1271 1069 1309; x_wconf 92' lang='lat' dir='ltr'><strong>cum</strong></span> <span class='ocrx_word' id='word_1_91' title='bbox 1099 1255 1185 1308; x_wconf 89' lang='lat' dir='ltr'><strong>ille</strong></span> <span class='ocrx_word' id='word_1_92' title='bbox 1214 1268 1409 1323; x_wconf 88' lang='lat' dir='ltr'><strong>magno</strong></span> <span class='ocrx_word' id='word_1_93' title='bbox 1440 1252 1621 1306; x_wconf 77' lang='lat' dir='ltr'><strong>cordis</strong></span> <span class='ocrx_word' id='word_1_94' title='bbox 1647 1250 1840 1306; x_wconf 83' lang='lat' dir='ltr'><strong>all&#39;ectu</strong></span> <span class='ocrx_word' id='word_1_95' title='bbox 1865 1253 2025 1322; x_wconf 84' lang='lat' dir='ltr'><strong>gesti-</strong></span> 
     </span>
    </p>
   </div>
   <div class='ocr_carea' id='block_1_12' title="bbox 462 1342 2027 1416">
    <p class='ocr_par' dir='ltr' id='par_1_12' title="bbox 462 1342 2027 1416">
     <span class='ocr_line' id='line_1_12' title="bbox 462 1342 2027 1416; baseline -0.006 -10"><span class='ocrx_word' id='word_1_96' title='bbox 462 1360 545 1408; x_wconf 90' lang='lat' dir='ltr'><strong>ret</strong></span> <span class='ocrx_word' id='word_1_97' title='bbox 569 1392 583 1416; x_wconf 91' lang='lat'><strong>,</strong></span> <span class='ocrx_word' id='word_1_98' title='bbox 645 1361 698 1403; x_wconf 92' lang='lat' dir='ltr'><strong>et</strong></span> <span class='ocrx_word' id='word_1_99' title='bbox 724 1365 781 1403; x_wconf 88' lang='lat' dir='ltr'><strong>se</strong></span> <span class='ocrx_word' id='word_1_100' title='bbox 810 1349 862 1400; x_wconf 84' lang='lat' dir='ltr'><strong>id</strong></span> <span class='ocrx_word' id='word_1_101' title='bbox 888 1346 1291 1416; x_wconf 78' lang='lat' dir='ltr'><strong>quummaxime</strong></span> <span class='ocrx_word' id='word_1_102' title='bbox 1317 1344 1451 1397; x_wconf 86' lang='lat' dir='ltr'><strong>velle</strong></span> <span class='ocrx_word' id='word_1_103' title='bbox 1482 1342 1849 1411; x_wconf 84' lang='lat' dir='ltr'><strong>responderet,</strong></span> <span class='ocrx_word' id='word_1_104' title='bbox 1881 1342 1947 1395; x_wconf 90' lang='lat' dir='ltr'><strong>ad</strong></span> <span class='ocrx_word' id='word_1_105' title='bbox 1969 1356 2027 1396; x_wconf 84' lang='lat' dir='ltr'><strong>se</strong></span> 
     </span>
    </p>
   </div>
   <div class='ocr_carea' id='block_1_13' title="bbox 461 1431 2025 1500">
    <p class='ocr_par' dir='ltr' id='par_1_13' title="bbox 461 1431 2025 1500">
     <span class='ocr_line' id='line_1_13' title="bbox 461 1431 2025 1500; baseline -0.006 -7"><span class='ocrx_word' id='word_1_106' title='bbox 461 1440 637 1494; x_wconf 89' lang='lat' dir='ltr'><strong>subito</strong></span> <span class='ocrx_word' id='word_1_107' title='bbox 665 1451 924 1500; x_wconf 87' lang='lat' dir='ltr'><strong>reversus,</strong></span> <span class='ocrx_word' id='word_1_108' title='bbox 954 1447 1009 1491; x_wconf 87' lang='lat' dir='ltr'><strong>et</strong></span> <span class='ocrx_word' id='word_1_109' title='bbox 1036 1434 1318 1494; x_wconf 86' lang='lat' dir='ltr'><strong>visionem,</strong></span> <span class='ocrx_word' id='word_1_110' title='bbox 1350 1440 1405 1486; x_wconf 93' lang='lat' dir='ltr'><strong>et</strong></span> <span class='ocrx_word' id='word_1_111' title='bbox 1439 1431 1661 1485; x_wconf 84' lang='lat' dir='ltr'><strong>visionis</strong></span> <span class='ocrx_word' id='word_1_112' title='bbox 1688 1432 2025 1484; x_wconf 85' lang='lat' dir='ltr'><strong>demonstra-</strong></span> 
     </span>
    </p>
   </div>
   <div class='ocr_carea' id='block_1_14' title="bbox 464 1504 2023 1595">
    <p class='ocr_par' dir='ltr' id='par_1_14' title="bbox 464 1504 2023 1595">
     <span class='ocr_line' id='line_1_14' title="bbox 464 1504 2023 1595; baseline -0.003 -14"><span class='ocrx_word' id='word_1_113' title='bbox 464 1504 630 1582; x_wconf 76' lang='lat' dir='ltr'><strong>torem</strong></span> <span class='ocrx_word' id='word_1_114' title='bbox 664 1526 849 1581; x_wconf 87' lang='lat' dir='ltr'><strong>dolens</strong></span> <span class='ocrx_word' id='word_1_115' title='bbox 901 1541 966 1579; x_wconf 89' lang='lat' dir='ltr'><strong>ac</strong></span> <span class='ocrx_word' id='word_1_116' title='bbox 995 1523 1356 1595; x_wconf 85' lang='lat' dir='ltr'><strong>gemebundus</strong></span> <span class='ocrx_word' id='word_1_117' title='bbox 1401 1522 1606 1590; x_wconf 88' lang='lat' dir='ltr'><strong>pariter</strong></span> <span class='ocrx_word' id='word_1_118' title='bbox 1651 1519 1855 1574; x_wconf 89' lang='lat' dir='ltr'><strong>amisit.</strong></span> <span class='ocrx_word' id='word_1_119' title='bbox 1885 1521 2023 1577; x_wconf 81' lang='lat' dir='ltr'><strong>Duas</strong></span> 
     </span>
    </p>
   </div>
   <div class='ocr_carea' id='block_1_15' title="bbox 462 1596 2025 1684">
    <p class='ocr_par' dir='ltr' id='par_1_15' title="bbox 462 1596 2025 1684">
     <span class='ocr_line' id='line_1_15' title="bbox 462 1596 2025 1684; baseline -0.003 -15"><span class='ocrx_word' id='word_1_120' title='bbox 462 1626 637 1669; x_wconf 88' lang='lat' dir='ltr'><strong>autem</strong></span> <span class='ocrx_word' id='word_1_121' title='bbox 671 1596 1044 1684; x_wconf 29' lang='lat' dir='ltr'><strong>quas‘viderat</strong></span> <span class='ocrx_word' id='word_1_122' title='bbox 1070 1612 1304 1666; x_wconf 85' lang='lat' dir='ltr'><strong>visiones</strong></span> <span class='ocrx_word' id='word_1_123' title='bbox 1351 1609 1691 1679; x_wconf 86' lang='lat' dir='ltr'><strong>intelligens,</strong></span> <span class='ocrx_word' id='word_1_124' title='bbox 1738 1606 2025 1678; x_wconf 85' lang='lat' dir='ltr'><strong>secumque</strong></span> 
     </span>
    </p>
   </div>
   <div class='ocr_carea' id='block_1_16' title="bbox 461 1692 2024 1772">
    <p class='ocr_par' dir='ltr' id='par_1_16' title="bbox 461 1692 2024 1772">
     <span class='ocr_line' id='line_1_16' title="bbox 461 1692 2024 1772; baseline -0.004 -14"><span class='ocrx_word' id='word_1_125' title='bbox 461 1705 760 1771; x_wconf 83' lang='lat' dir='ltr'><strong>revolvens,</strong></span> <span class='ocrx_word' id='word_1_126' title='bbox 776 1719 839 1758; x_wconf 85' lang='lat' dir='ltr'><strong>eo</strong></span> <span class='ocrx_word' id='word_1_127' title='bbox 858 1692 1026 1772; x_wconf 78' lang='lat' dir='ltr'><strong>magis</strong></span> <span class='ocrx_word' id='word_1_128' title='bbox 1052 1702 1209 1755; x_wconf 91' lang='lat' dir='ltr'><strong>unius</strong></span> <span class='ocrx_word' id='word_1_129' title='bbox 1227 1701 1503 1753; x_wconf 89' lang='lat' dir='ltr'><strong>horrorem</strong></span> <span class='ocrx_word' id='word_1_130' title='bbox 1527 1698 1729 1768; x_wconf 89' lang='lat' dir='ltr'><strong>fugere,</strong></span> <span class='ocrx_word' id='word_1_131' title='bbox 1758 1713 1864 1767; x_wconf 89' lang='lat' dir='ltr'><strong>quo</strong></span> <span class='ocrx_word' id='word_1_132' title='bbox 1893 1698 2024 1752; x_wconf 86' lang='lat' dir='ltr'><strong>alte—</strong></span> 
     </span>
    </p>
   </div>
   <div class='ocr_carea' id='block_1_17' title="bbox 2129 537 3678 615">
    <p class='ocr_par' dir='ltr' id='par_1_17' title="bbox 2129 537 3678 615">
     <span class='ocr_line' id='line_1_17' title="bbox 2129 537 3678 615; baseline 0.007 -26"><span class='ocrx_word' id='word_1_133' title='bbox 2129 537 2333 590; x_wconf 90' lang='lat' dir='ltr'><strong>cedinis</strong></span> <span class='ocrx_word' id='word_1_134' title='bbox 2360 538 2504 592; x_wconf 89' lang='lat' dir='ltr'><strong>circa</strong></span> <span class='ocrx_word' id='word_1_135' title='bbox 2527 553 2596 593; x_wconf 85' lang='lat' dir='ltr'><strong>se</strong></span> <span class='ocrx_word' id='word_1_136' title='bbox 2616 539 2667 593; x_wconf 92' lang='lat' dir='ltr'><strong>in</strong></span> <span class='ocrx_word' id='word_1_137' title='bbox 2688 537 2846 592; x_wconf 82' lang='lat' dir='ltr'><strong>vobis</strong></span> <span class='ocrx_word' id='word_1_138' title='bbox 2881 540 3155 604; x_wconf 88' lang='lat' dir='ltr'><strong>sentiunt,</strong></span> <span class='ocrx_word' id='word_1_139' title='bbox 3201 556 3299 597; x_wconf 84' lang='lat' dir='ltr'><strong>nec</strong></span> <span class='ocrx_word' id='word_1_140' title='bbox 3338 542 3413 597; x_wconf 87' lang='lat' dir='ltr'><strong>illi</strong></span> <span class='ocrx_word' id='word_1_141' title='bbox 3455 542 3678 615; x_wconf 76' lang='lat' dir='ltr'><strong>alicujus</strong></span> 
     </span>
    </p>
   </div>
   <div class='ocr_carea' id='block_1_18' title="bbox 2131 623 3678 699">
    <p class='ocr_par' dir='ltr' id='par_1_18' title="bbox 2131 623 3678 699">
     <span class='ocr_line' id='line_1_18' title="bbox 2131 623 3678 699; baseline 0.008 -21"><span class='ocrx_word' id='word_1_142' title='bbox 2131 623 2225 699; x_wconf 81' lang='lat' dir='ltr'><strong>[aL</strong></span> <span class='ocrx_word' id='word_1_143' title='bbox 2258 625 2428 697; x_wconf 80' lang='grc' dir='ltr'><strong>οηιὶι.]</strong></span> <span class='ocrx_word' id='word_1_144' title='bbox 2468 628 2520 680; x_wconf 92' lang='lat' dir='ltr'><strong>in</strong></span> <span class='ocrx_word' id='word_1_145' title='bbox 2572 626 2723 681; x_wconf 84' lang='lat' dir='ltr'><strong>vobis</strong></span> <span class='ocrx_word' id='word_1_146' title='bbox 2750 627 2876 694; x_wconf 85' lang='lat' dir='ltr'><strong>boni</strong></span> <span class='ocrx_word' id='word_1_147' title='bbox 2922 636 3105 698; x_wconf 86' lang='lat' dir='ltr'><strong>postea</strong></span> <span class='ocrx_word' id='word_1_148' title='bbox 3126 629 3283 685; x_wconf 84' lang='lat' dir='ltr'><strong>tidem</strong></span> <span class='ocrx_word' id='word_1_149' title='bbox 3311 632 3563 698; x_wconf 77' lang='lat' dir='ltr'><strong>habeant,</strong></span> <span class='ocrx_word' id='word_1_150' title='bbox 3583 637 3678 691; x_wconf 79' lang='lat' dir='ltr'><strong>sed</strong></span> 
     </span>
    </p>
   </div>
   <div class='ocr_carea' id='block_1_19' title="bbox 2129 717 3679 794">
    <p class='ocr_par' dir='ltr' id='par_1_19' title="bbox 2129 717 3679 794">
     <span class='ocr_line' id='line_1_19' title="bbox 2129 717 3679 794; baseline 0.008 -26"><span class='ocrx_word' id='word_1_151' title='bbox 2129 717 2307 775; x_wconf 84' lang='lat' dir='ltr'><strong>omnia</strong></span> <span class='ocrx_word' id='word_1_152' title='bbox 2331 725 2510 771; x_wconf 89' lang='lat' dir='ltr'><strong>vestra</strong></span> <span class='ocrx_word' id='word_1_153' title='bbox 2534 732 2597 771; x_wconf 82' lang='lat' dir='ltr'><strong>ex</strong></span> <span class='ocrx_word' id='word_1_154' title='bbox 2621 718 2744 772; x_wconf 89' lang='lat' dir='ltr'><strong>odio</strong></span> <span class='ocrx_word' id='word_1_155' title='bbox 2778 726 2832 771; x_wconf 84' lang='lat' dir='ltr'><strong>et</strong></span> <span class='ocrx_word' id='word_1_156' title='bbox 2858 718 3055 774; x_wconf 87' lang='lat' dir='ltr'><strong>invidia</strong></span> <span class='ocrx_word' id='word_1_157' title='bbox 3097 728 3281 774; x_wconf 89' lang='lat' dir='ltr'><strong>contra</strong></span> <span class='ocrx_word' id='word_1_158' title='bbox 3308 736 3366 778; x_wconf 91' lang='lat' dir='ltr'><strong>se</strong></span> <span class='ocrx_word' id='word_1_159' title='bbox 3390 724 3679 794; x_wconf 82' lang='lat' dir='ltr'><strong>procedere</strong></span> 
     </span>
    </p>
   </div>
   <div class='ocr_carea' id='block_1_20' title="bbox 2129 796 3713 877">
    <p class='ocr_par' dir='ltr' id='par_1_20' title="bbox 2129 796 3713 877">
     <span class='ocr_line' id='line_1_20' title="bbox 2129 796 3713 877; baseline 0.006 -18"><span class='ocrx_word' id='word_1_160' title='bbox 2129 809 2369 860; x_wconf 83' lang='lat' dir='ltr'><strong>credant.</strong></span> <span class='ocrx_word' id='word_1_161' title='bbox 2418 805 2796 877; x_wconf 78' lang='lat' dir='ltr'><strong>Contingitque</strong></span> <span class='ocrx_word' id='word_1_162' title='bbox 2848 809 3004 863; x_wconf 87' lang='lat' dir='ltr'><strong>modo</strong></span> <span class='ocrx_word' id='word_1_163' title='bbox 3061 796 3386 874; x_wconf 81' lang='lat' dir='ltr'><strong>miserabili,</strong></span> <span class='ocrx_word' id='word_1_164' title='bbox 3436 824 3493 867; x_wconf 89' lang='lat' dir='ltr'><strong>ut</strong></span> <span class='ocrx_word' id='word_1_165' title='bbox 3539 798 3713 869; x_wconf 31' lang='lat' dir='ltr'><strong>sicut.</strong></span> 
     </span>
    </p>
   </div>
   <div class='ocr_carea' id='block_1_21' title="bbox 2127 894 3674 963">
    <p class='ocr_par' dir='ltr' id='par_1_21' title="bbox 2127 894 3674 963">
     <span class='ocr_line' id='line_1_21' title="bbox 2127 894 3674 963; baseline 0.006 -17"><span class='ocrx_word' id='word_1_166' title='bbox 2127 894 2377 963; x_wconf 83' lang='lat' dir='ltr'><strong>deinceps</strong></span> <span class='ocrx_word' id='word_1_167' title='bbox 2402 910 2627 963; x_wconf 88' lang='lat' dir='ltr'><strong>corpore</strong></span> <span class='ocrx_word' id='word_1_168' title='bbox 2652 907 2921 962; x_wconf 88' lang='lat' dir='ltr'><strong>crescunt,</strong></span> <span class='ocrx_word' id='word_1_169' title='bbox 2949 898 3028 952; x_wconf 88' lang='lat' dir='ltr'><strong>sic</strong></span> <span class='ocrx_word' id='word_1_170' title='bbox 3058 899 3109 951; x_wconf 93' lang='lat' dir='ltr'><strong>in</strong></span> <span class='ocrx_word' id='word_1_171' title='bbox 3136 899 3217 952; x_wconf 88' lang='lat' dir='ltr'><strong>eis</strong></span> <span class='ocrx_word' id='word_1_172' title='bbox 3244 900 3421 953; x_wconf 88' lang='lat' dir='ltr'><strong>odium</strong></span> <span class='ocrx_word' id='word_1_173' title='bbox 3442 910 3507 954; x_wconf 89' lang='lat' dir='ltr'><strong>et</strong></span> <span class='ocrx_word' id='word_1_174' title='bbox 3553 917 3674 956; x_wconf 88' lang='lat' dir='ltr'><strong>sus-</strong></span> 
     </span>
    </p>
   </div>
   <div class='ocr_carea' id='block_1_22' title="bbox 2127 980 3679 1056">
    <p class='ocr_par' dir='ltr' id='par_1_22' title="bbox 2127 980 3679 1056">
     <span class='ocr_line' id='line_1_22' title="bbox 2127 980 3679 1056; baseline 0.008 -23"><span class='ocrx_word' id='word_1_175' title='bbox 2127 980 2268 1048; x_wconf 91' lang='lat' dir='ltr'><strong>picio</strong></span> <span class='ocrx_word' id='word_1_176' title='bbox 2294 983 2467 1036; x_wconf 86' lang='lat' dir='ltr'><strong>omnis</strong></span> <span class='ocrx_word' id='word_1_177' title='bbox 2492 984 2615 1036; x_wconf 88' lang='lat' dir='ltr'><strong>mali</strong></span> <span class='ocrx_word' id='word_1_178' title='bbox 2640 993 2866 1049; x_wconf 82' lang='lat' dir='ltr'><strong>crescat,</strong></span> <span class='ocrx_word' id='word_1_179' title='bbox 2895 998 3105 1054; x_wconf 87' lang='lat' dir='ltr'><strong>semper</strong></span> <span class='ocrx_word' id='word_1_180' title='bbox 3128 987 3281 1056; x_wconf 90' lang='lat' dir='ltr'><strong>proni</strong></span> <span class='ocrx_word' id='word_1_181' title='bbox 3305 996 3359 1041; x_wconf 88' lang='lat' dir='ltr'><strong>et</strong></span> <span class='ocrx_word' id='word_1_182' title='bbox 3384 988 3589 1043; x_wconf 85' lang='lat' dir='ltr'><strong>incurvi</strong></span> <span class='ocrx_word' id='word_1_183' title='bbox 3608 989 3679 1047; x_wconf 84' lang='lat' dir='ltr'><strong>ad</strong></span> 
     </span>
    </p>
   </div>
   <div class='ocr_carea' id='block_1_23' title="bbox 2127 1065 3679 1139">
    <p class='ocr_par' dir='ltr' id='par_1_23' title="bbox 2127 1065 3679 1139">
     <span class='ocr_line' id='line_1_23' title="bbox 2127 1065 3679 1139; baseline 0.01 -18"><span class='ocrx_word' id='word_1_184' title='bbox 2127 1069 2275 1122; x_wconf 86' lang='lat' dir='ltr'><strong>vitia.</strong></span> <span class='ocrx_word' id='word_1_185' title='bbox 2308 1070 2545 1139; x_wconf 85' lang='lat' dir='ltr'><strong>Cumque</strong></span> <span class='ocrx_word' id='word_1_186' title='bbox 2580 1073 2648 1126; x_wconf 90' lang='lat' dir='ltr'><strong>ad</strong></span> <span class='ocrx_word' id='word_1_187' title='bbox 2676 1072 2877 1127; x_wconf 87' lang='lat' dir='ltr'><strong>nullum</strong></span> <span class='ocrx_word' id='word_1_188' title='bbox 2908 1074 3105 1138; x_wconf 77' lang='lat' dir='ltr'><strong>fuerint</strong></span> <span class='ocrx_word' id='word_1_189' title='bbox 3150 1065 3203 1129; x_wconf 89' lang='lat' dir='ltr'><strong>in</strong></span> <span class='ocrx_word' id='word_1_190' title='bbox 3254 1091 3375 1131; x_wconf 86' lang='lat' dir='ltr'><strong>vera</strong></span> <span class='ocrx_word' id='word_1_191' title='bbox 3416 1066 3679 1136; x_wconf 72' lang='lat' dir='ltr'><strong>cbariiate</strong></span> 
     </span>
    </p>
   </div>
   <div class='ocr_carea' id='block_1_24' title="bbox 2127 1150 3676 1237">
    <p class='ocr_par' dir='ltr' id='par_1_24' title="bbox 2127 1150 3676 1237">
     <span class='ocr_line' id='line_1_24' title="bbox 2127 1150 3676 1237; baseline 0.008 -27"><span class='ocrx_word' id='word_1_192' title='bbox 2127 1157 2336 1223; x_wconf 88' lang='lat' dir='ltr'><strong>nutriti,</strong></span> <span class='ocrx_word' id='word_1_193' title='bbox 2383 1158 2581 1213; x_wconf 90' lang='lat' dir='ltr'><strong>nullum</strong></span> <span class='ocrx_word' id='word_1_194' title='bbox 2625 1161 2726 1215; x_wconf 86' lang='lat' dir='ltr'><strong>nisi</strong></span> <span class='ocrx_word' id='word_1_195' title='bbox 2775 1162 3049 1231; x_wconf 20' lang='lat' dir='ltr'><strong>depressis,</strong></span> <span class='ocrx_word' id='word_1_196' title='bbox 3088 1150 3427 1233; x_wconf 82' lang='lat' dir='ltr'><strong>superciliis,</strong></span> <span class='ocrx_word' id='word_1_197' title='bbox 3456 1154 3676 1237; x_wconf 80' lang='lat' dir='ltr'><strong>oculove</strong></span> 
     </span>
    </p>
   </div>
   <div class='ocr_carea' id='block_1_25' title="bbox 2125 1246 3574 1316">
    <p class='ocr_par' dir='ltr' id='par_1_25' title="bbox 2125 1246 3574 1316">
     <span class='ocr_line' id='line_1_25' title="bbox 2125 1246 3574 1316; baseline 0.001 -15"><span class='ocrx_word' id='word_1_198' title='bbox 2125 1246 2340 1316; x_wconf 90' lang='lat' dir='ltr'><strong>obliquo</strong></span> <span class='ocrx_word' id='word_1_199' title='bbox 2367 1248 2543 1302; x_wconf 87' lang='lat' dir='ltr'><strong>valent</strong></span> <span class='ocrx_word' id='word_1_200' title='bbox 2570 1250 2788 1304; x_wconf 91' lang='lat' dir='ltr'><strong>intueri.</strong></span> <span class='ocrx_word' id='word_1_201' title='bbox 3130 1292 3131 1296; x_wconf 56' lang='grc' dir='ltr'><strong>η</strong></span> <span class='ocrx_word' id='word_1_202' title='bbox 3566 1296 3574 1302; x_wconf 89' lang='grc'><strong>.</strong></span> 
     </span>
    </p>
   </div>
   <div class='ocr_carea' id='block_1_26' title="bbox 2193 1322 3675 1410">
    <p class='ocr_par' dir='ltr' id='par_1_26' title="bbox 2193 1322 3675 1410">
     <span class='ocr_line' id='line_1_26' title="bbox 2193 1322 3675 1410; baseline 0.003 -19"><span class='ocrx_word' id='word_1_203' title='bbox 2193 1339 2283 1391; x_wconf 74' lang='grc'><strong>51.</strong></span> <span class='ocrx_word' id='word_1_204' title='bbox 2341 1335 2446 1392; x_wconf 87' lang='lat' dir='ltr'><strong>Sed</strong></span> <span class='ocrx_word' id='word_1_205' title='bbox 2505 1350 2720 1409; x_wconf 83' lang='lat' dir='ltr'><strong>prepter</strong></span> <span class='ocrx_word' id='word_1_206' title='bbox 2764 1322 2951 1394; x_wconf 56' lang='lat' dir='ltr'><strong>Deum:</strong></span> <span class='ocrx_word' id='word_1_207' title='bbox 2972 1340 3160 1396; x_wconf 90' lang='lat' dir='ltr'><strong>vellem</strong></span> <span class='ocrx_word' id='word_1_208' title='bbox 3205 1341 3456 1397; x_wconf 87' lang='lat' dir='ltr'><strong>diceretis</strong></span> <span class='ocrx_word' id='word_1_209' title='bbox 3493 1343 3630 1398; x_wconf 89' lang='lat' dir='ltr'><strong>mihi</strong></span> <span class='ocrx_word' id='word_1_210' title='bbox 3658 1383 3675 1410; x_wconf 87' lang='lat'><strong>,</strong></span> 
     </span>
    </p>
   </div>
   <div class='ocr_carea' id='block_1_27' title="bbox 2125 1425 3677 1501">
    <p class='ocr_par' dir='ltr' id='par_1_27' title="bbox 2125 1425 3677 1501">
     <span class='ocr_line' id='line_1_27' title="bbox 2125 1425 3677 1501; baseline 0.006 -24"><span class='ocrx_word' id='word_1_211' title='bbox 2125 1425 2251 1494; x_wconf 90' lang='lat' dir='ltr'><strong>quid</strong></span> <span class='ocrx_word' id='word_1_212' title='bbox 2279 1440 2454 1481; x_wconf 73' lang='lat' dir='ltr'><strong>causa:</strong></span> <span class='ocrx_word' id='word_1_213' title='bbox 2479 1427 2552 1480; x_wconf 91' lang='lat' dir='ltr'><strong>sit</strong></span> <span class='ocrx_word' id='word_1_214' title='bbox 2574 1430 2713 1495; x_wconf 89' lang='lat' dir='ltr'><strong>quod</strong></span> <span class='ocrx_word' id='word_1_215' title='bbox 2737 1428 2817 1484; x_wconf 90' lang='lat' dir='ltr'><strong>eis</strong></span> <span class='ocrx_word' id='word_1_216' title='bbox 2860 1438 3063 1483; x_wconf 90' lang='lat' dir='ltr'><strong>tantum</strong></span> <span class='ocrx_word' id='word_1_217' title='bbox 3091 1428 3269 1485; x_wconf 81' lang='lat' dir='ltr'><strong>infesti</strong></span> <span class='ocrx_word' id='word_1_218' title='bbox 3284 1431 3459 1501; x_wconf 58' lang='lat' dir='ltr'><strong>estis?</strong></span> <span class='ocrx_word' id='word_1_219' title='bbox 3492 1430 3677 1493; x_wconf 83' lang='lat' dir='ltr'><strong>Nonne</strong></span> 
     </span>
    </p>
   </div>
   <div class='ocr_carea' id='block_1_28' title="bbox 2127 1504 3676 1590">
    <p class='ocr_par' dir='ltr' id='par_1_28' title="bbox 2127 1504 3676 1590">
     <span class='ocr_line' id='line_1_28' title="bbox 2127 1504 3676 1590; baseline 0.007 -23"><span class='ocrx_word' id='word_1_220' title='bbox 2127 1514 2399 1581; x_wconf 86' lang='lat' dir='ltr'><strong>homines;</strong></span> <span class='ocrx_word' id='word_1_221' title='bbox 2459 1531 2637 1572; x_wconf 89' lang='lat' dir='ltr'><strong>nonne</strong></span> <span class='ocrx_word' id='word_1_222' title='bbox 2675 1517 2911 1584; x_wconf 86' lang='lat' dir='ltr'><strong>ejusdem</strong></span> <span class='ocrx_word' id='word_1_223' title='bbox 2960 1504 3164 1575; x_wconf 80' lang='lat' dir='ltr'><strong>naturae</strong></span> <span class='ocrx_word' id='word_1_224' title='bbox 3209 1531 3334 1576; x_wconf 90' lang='lat' dir='ltr'><strong>sunt</strong></span> <span class='ocrx_word' id='word_1_225' title='bbox 3379 1521 3528 1590; x_wconf 88' lang='lat' dir='ltr'><strong>cujus</strong></span> <span class='ocrx_word' id='word_1_226' title='bbox 3580 1536 3676 1579; x_wconf 83' lang='lat' dir='ltr'><strong>vos</strong></span> 
     </span>
    </p>
   </div>
   <div class='ocr_carea' id='block_1_29' title="bbox 2126 1604 3728 1681">
    <p class='ocr_par' dir='ltr' id='par_1_29' title="bbox 2126 1604 3728 1681">
     <span class='ocr_line' id='line_1_29' title="bbox 2126 1604 3728 1681; baseline 0.004 -24"><span class='ocrx_word' id='word_1_227' title='bbox 2126 1604 2299 1658; x_wconf 85' lang='lat' dir='ltr'><strong>estis?</strong></span> <span class='ocrx_word' id='word_1_228' title='bbox 2330 1604 2615 1661; x_wconf 73' lang='lat' dir='ltr'><strong>Velletisne</strong></span> <span class='ocrx_word' id='word_1_229' title='bbox 2644 1607 2792 1661; x_wconf 89' lang='lat' dir='ltr'><strong>vobis</strong></span> <span class='ocrx_word' id='word_1_230' title='bbox 2835 1606 2951 1662; x_wconf 77' lang='lat' dir='ltr'><strong>ﬁeri</strong></span> <span class='ocrx_word' id='word_1_231' title='bbox 2991 1609 3131 1679; x_wconf 89' lang='lat' dir='ltr'><strong>quod</strong></span> <span class='ocrx_word' id='word_1_232' title='bbox 3166 1608 3269 1664; x_wconf 89' lang='lat' dir='ltr'><strong>illis</strong></span> <span class='ocrx_word' id='word_1_233' title='bbox 3309 1608 3520 1664; x_wconf 73' lang='lat' dir='ltr'><strong>inferiis</strong></span> <span class='ocrx_word' id='word_1_234' title='bbox 3553 1608 3675 1681; x_wconf 84' lang='lat' dir='ltr'><strong>[al.,</strong></span> <span class='ocrx_word' id='word_1_235' title='bbox 3722 1676 3728 1680; x_wconf 26' lang='grc' dir='ltr'>η</span> 
     </span>
    </p>
   </div>
   <div class='ocr_carea' id='block_1_30' title="bbox 2129 1691 3674 1765">
    <p class='ocr_par' dir='ltr' id='par_1_30' title="bbox 2129 1691 3674 1765">
     <span class='ocr_line' id='line_1_30' title="bbox 2129 1691 3674 1765; baseline 0.006 -21"><span class='ocrx_word' id='word_1_236' title='bbox 2129 1691 2357 1764; x_wconf 86' lang='lat' dir='ltr'><strong>facitis]?</strong></span> <span class='ocrx_word' id='word_1_237' title='bbox 2385 1694 2441 1747; x_wconf 89' lang='lat' dir='ltr'><strong>Si</strong></span> <span class='ocrx_word' id='word_1_238' title='bbox 2473 1695 2687 1763; x_wconf 87' lang='lat' dir='ltr'><strong>quidem</strong></span> <span class='ocrx_word' id='word_1_239' title='bbox 2711 1698 2850 1765; x_wconf 90' lang='lat' dir='ltr'><strong>quod</strong></span> <span class='ocrx_word' id='word_1_240' title='bbox 2879 1707 3025 1762; x_wconf 83' lang='lat' dir='ltr'><strong>sunt,</strong></span> <span class='ocrx_word' id='word_1_241' title='bbox 3056 1712 3150 1753; x_wconf 88' lang='lat' dir='ltr'><strong>vos</strong></span> <span class='ocrx_word' id='word_1_242' title='bbox 3169 1700 3382 1754; x_wconf 84' lang='lat' dir='ltr'><strong>essetis?</strong></span> <span class='ocrx_word' id='word_1_243' title='bbox 3411 1699 3516 1762; x_wconf 87' lang='lat' dir='ltr'><strong>Sed</strong></span> <span class='ocrx_word' id='word_1_244' title='bbox 3538 1709 3674 1755; x_wconf 83' lang='lat' dir='ltr'><strong>esto.</strong></span> 
     </span>
    </p>
   </div>
   <div class='ocr_carea' id='block_1_31' title="bbox 434 1764 3717 1867">
    <p class='ocr_par' dir='ltr' id='par_1_31' title="bbox 434 1764 3717 1867">
     <span class='ocr_line' id='line_1_31' title="bbox 434 1764 3717 1867; baseline -0 -21"><span class='ocrx_word' id='word_1_245' title='bbox 434 1764 573 1847; x_wconf 46' lang='lat' dir='ltr'><strong>‘rius</strong></span> <span class='ocrx_word' id='word_1_246' title='bbox 597 1764 904 1866; x_wconf 66' lang='lat' dir='ltr'><strong>amoenitate</strong></span> <span class='ocrx_word' id='word_1_247' title='bbox 928 1764 1131 1845; x_wconf 61' lang='lat' dir='ltr'><strong>studuit</strong></span> <span class='ocrx_word' id='word_1_248' title='bbox 1173 1789 1448 1858; x_wconf 79' lang='lat' dir='ltr'><strong>delectari.</strong></span> <span class='ocrx_word' id='word_1_249' title='bbox 1479 1764 1671 1842; x_wconf 76' lang='lat' dir='ltr'><strong>Totum</strong></span> <span class='ocrx_word' id='word_1_250' title='bbox 1716 1764 1845 1857; x_wconf 77' lang='lat' dir='ltr'><strong>ergo</strong></span> <span class='ocrx_word' id='word_1_251' title='bbox 1874 1788 2023 1843; x_wconf 87' lang='lat' dir='ltr'><strong>dein-</strong></span> <span class='ocrx_word' id='word_1_252' title='bbox 2056 1764 2100 1823; x_wconf 71' lang='grc' dir='ltr'><strong>Β</strong></span> <span class='ocrx_word' id='word_1_253' title='bbox 2129 1780 2266 1837; x_wconf 90' lang='lat' dir='ltr'><strong>Solis</strong></span> <span class='ocrx_word' id='word_1_254' title='bbox 2295 1798 2389 1837; x_wconf 89' lang='lat' dir='ltr'><strong>eos</strong></span> <span class='ocrx_word' id='word_1_255' title='bbox 2414 1785 2853 1852; x_wconf 83' lang='lat' dir='ltr'><strong>percussionibus</strong></span> <span class='ocrx_word' id='word_1_256' title='bbox 2883 1796 2938 1842; x_wconf 90' lang='lat' dir='ltr'><strong>et</strong></span> <span class='ocrx_word' id='word_1_257' title='bbox 2969 1786 3188 1856; x_wconf 82' lang='lat' dir='ltr'><strong>ﬂagellis</strong></span> <span class='ocrx_word' id='word_1_258' title='bbox 3217 1790 3282 1842; x_wconf 91' lang='lat' dir='ltr'><strong>ad</strong></span> <span class='ocrx_word' id='word_1_259' title='bbox 3308 1804 3485 1844; x_wconf 88' lang='lat' dir='ltr'><strong>mores</strong></span> <span class='ocrx_word' id='word_1_260' title='bbox 3508 1790 3678 1867; x_wconf 82' lang='lat' dir='ltr'><strong>bonos</strong></span> <span class='ocrx_word' id='word_1_261' title='bbox 3696 1770 3717 1794; x_wconf 78' lang='grc'><strong>’</strong></span> 
     </span>
    </p>
   </div>
   <div class='ocr_carea' id='block_1_32' title="bbox 460 1876 2048 1953">
    <p class='ocr_par' dir='ltr' id='par_1_32' title="bbox 460 1876 2048 1953">
     <span class='ocr_line' id='line_1_32' title="bbox 460 1876 2048 1953; baseline -0.001 -16"><span class='ocrx_word' id='word_1_262' title='bbox 460 1898 586 1951; x_wconf 91' lang='lat' dir='ltr'><strong>ceps</strong></span> <span class='ocrx_word' id='word_1_263' title='bbox 610 1898 729 1938; x_wconf 90' lang='lat' dir='ltr'><strong>sese</strong></span> <span class='ocrx_word' id='word_1_264' title='bbox 756 1884 900 1937; x_wconf 81' lang='lat' dir='ltr'><strong>dedit</strong></span> <span class='ocrx_word' id='word_1_265' title='bbox 942 1882 994 1936; x_wconf 91' lang='lat' dir='ltr'><strong>in</strong></span> <span class='ocrx_word' id='word_1_266' title='bbox 1025 1876 1155 1945; x_wconf 84' lang='lat' dir='ltr'><strong>hoc,</strong></span> <span class='ocrx_word' id='word_1_267' title='bbox 1186 1889 1248 1934; x_wconf 90' lang='lat' dir='ltr'><strong>ut</strong></span> <span class='ocrx_word' id='word_1_268' title='bbox 1291 1895 1449 1935; x_wconf 84' lang='lat' dir='ltr'><strong>verus</strong></span> <span class='ocrx_word' id='word_1_269' title='bbox 1496 1880 1614 1952; x_wconf 85' lang='lat' dir='ltr'><strong>[al.,</strong></span> <span class='ocrx_word' id='word_1_270' title='bbox 1648 1881 1795 1953; x_wconf 87' lang='lat' dir='ltr'><strong>vere]</strong></span> <span class='ocrx_word' id='word_1_271' title='bbox 1842 1898 2048 1948; x_wconf 86' lang='lat' dir='ltr'><strong>mona-_</strong></span> 
     </span>
    </p>
   </div>
   <div class='ocr_carea' id='block_1_33' title="bbox 459 1968 2025 2031">
    <p class='ocr_par' dir='ltr' id='par_1_33' title="bbox 459 1968 2025 2031">
     <span class='ocr_line' id='line_1_33' title="bbox 459 1968 2025 2031; baseline -0.001 -6"><span class='ocrx_word' id='word_1_272' title='bbox 459 1973 596 2025; x_wconf 86' lang='lat' dir='ltr'><strong>chus</strong></span> <span class='ocrx_word' id='word_1_273' title='bbox 638 1978 784 2024; x_wconf 87' lang='lat' dir='ltr'><strong>esset</strong></span> <span class='ocrx_word' id='word_1_274' title='bbox 806 2009 821 2031; x_wconf 89' lang='lat'><strong>,</strong></span> <span class='ocrx_word' id='word_1_275' title='bbox 869 1979 923 2023; x_wconf 91' lang='lat' dir='ltr'><strong>et</strong></span> <span class='ocrx_word' id='word_1_276' title='bbox 952 1978 1010 2023; x_wconf 91' lang='lat' dir='ltr'><strong>ut</strong></span> <span class='ocrx_word' id='word_1_277' title='bbox 1037 1968 1201 2022; x_wconf 87' lang='lat' dir='ltr'><strong>vitam</strong></span> <span class='ocrx_word' id='word_1_278' title='bbox 1233 1968 1600 2022; x_wconf 78' lang='lat' dir='ltr'><strong>monachicam</strong></span> <span class='ocrx_word' id='word_1_279' title='bbox 1631 1968 1783 2022; x_wconf 85' lang='lat' dir='ltr'><strong>lirma</strong></span> <span class='ocrx_word' id='word_1_280' title='bbox 1816 1970 2025 2023; x_wconf 85' lang='lat' dir='ltr'><strong>ratione</strong></span> 
     </span>
    </p>
   </div>
   <div class='ocr_carea' id='block_1_34' title="bbox 458 2054 2021 2127">
    <p class='ocr_par' dir='ltr' id='par_1_34' title="bbox 458 2054 2021 2127">
     <span class='ocr_line' id='line_1_34' title="bbox 458 2054 2021 2127; baseline -0.01 -14"><span class='ocrx_word' id='word_1_281' title='bbox 458 2055 955 2127; x_wconf 68' lang='lat' dir='ltr'><strong>comprehenderet,</strong></span> <span class='ocrx_word' id='word_1_282' title='bbox 992 2054 1215 2122; x_wconf 89' lang='lat' dir='ltr'><strong>aliisque</strong></span> <span class='ocrx_word' id='word_1_283' title='bbox 1240 2064 1564 2123; x_wconf 86' lang='lat' dir='ltr'><strong>proponeret</strong></span> <span class='ocrx_word' id='word_1_284' title='bbox 1582 2054 1705 2125; x_wconf 88' lang='lat' dir='ltr'><strong>[al.,</strong></span> <span class='ocrx_word' id='word_1_285' title='bbox 1743 2071 2021 2127; x_wconf 65' lang='lat' dir='ltr'><strong>praeponc-</strong></span> 
     </span>
    </p>
   </div>
   <div class='ocr_carea' id='block_1_35' title="bbox 460 2144 2019 2217">
    <p class='ocr_par' dir='ltr' id='par_1_35' title="bbox 460 2144 2019 2217">
     <span class='ocr_line' id='line_1_35' title="bbox 460 2144 2019 2217; baseline 0 -17"><span class='ocrx_word' id='word_1_286' title='bbox 460 2146 587 2217; x_wconf 86' lang='lat' dir='ltr'><strong>ret,]</strong></span> <span class='ocrx_word' id='word_1_287' title='bbox 618 2162 716 2201; x_wconf 88' lang='lat' dir='ltr'><strong>nec</strong></span> <span class='ocrx_word' id='word_1_288' title='bbox 746 2155 827 2199; x_wconf 86' lang='lat' dir='ltr'><strong>est</strong></span> <span class='ocrx_word' id='word_1_289' title='bbox 856 2146 1096 2214; x_wconf 83' lang='lat' dir='ltr'><strong>privatus</strong></span> <span class='ocrx_word' id='word_1_290' title='bbox 1129 2144 1392 2198; x_wconf 76' lang='lat' dir='ltr'><strong>desiderio</strong></span> <span class='ocrx_word' id='word_1_291' title='bbox 1428 2157 1543 2197; x_wconf 68' lang='lat' dir='ltr'><strong>suo.</strong></span> <span class='ocrx_word' id='word_1_292' title='bbox 1587 2144 1739 2211; x_wconf 85' lang='lat' dir='ltr'><strong>Quod</strong></span> <span class='ocrx_word' id='word_1_293' title='bbox 1785 2147 2019 2215; x_wconf 87' lang='lat' dir='ltr'><strong>quidem,</strong></span> 
     </span>
    </p>
   </div>
   <div class='ocr_carea' id='block_1_36' title="bbox 459 2233 2020 2301">
    <p class='ocr_par' dir='ltr' id='par_1_36' title="bbox 459 2233 2020 2301">
     <span class='ocr_line' id='line_1_36' title="bbox 459 2233 2020 2301; baseline -0.001 -11"><span class='ocrx_word' id='word_1_294' title='bbox 459 2244 517 2290; x_wconf 89' lang='lat' dir='ltr'><strong>ut</strong></span> <span class='ocrx_word' id='word_1_295' title='bbox 544 2236 771 2299; x_wconf 71' lang='lat' dir='ltr'><strong>mstimo,</strong></span> <span class='ocrx_word' id='word_1_296' title='bbox 798 2234 1127 2299; x_wconf 87' lang='lat' dir='ltr'><strong>aliquantum</strong></span> <span class='ocrx_word' id='word_1_297' title='bbox 1157 2234 1355 2301; x_wconf 86' lang='lat' dir='ltr'><strong>percipi</strong></span> <span class='ocrx_word' id='word_1_298' title='bbox 1384 2233 1666 2300; x_wconf 76' lang='lat' dir='ltr'><strong>poteritex</strong></span> <span class='ocrx_word' id='word_1_299' title='bbox 1690 2234 1867 2288; x_wconf 86' lang='lat' dir='ltr'><strong>verbis</strong></span> <span class='ocrx_word' id='word_1_300' title='bbox 1885 2233 2020 2301; x_wconf 91' lang='lat' dir='ltr'><strong>ejus,</strong></span> 
     </span>
    </p>
   </div>
   <div class='ocr_carea' id='block_1_37' title="bbox 460 2320 2022 2391">
    <p class='ocr_par' dir='ltr' id='par_1_37' title="bbox 460 2320 2022 2391">
     <span class='ocr_line' id='line_1_37' title="bbox 460 2320 2022 2391; baseline 0.002 -18"><span class='ocrx_word' id='word_1_301' title='bbox 460 2338 579 2389; x_wconf 67' lang='lat' dir='ltr'><strong>qua:</strong></span> <span class='ocrx_word' id='word_1_302' title='bbox 600 2338 692 2390; x_wconf 89' lang='lat' dir='ltr'><strong>per</strong></span> <span class='ocrx_word' id='word_1_303' title='bbox 719 2324 861 2375; x_wconf 85' lang='lat' dir='ltr'><strong>vices</strong></span> <span class='ocrx_word' id='word_1_304' title='bbox 882 2322 1007 2374; x_wconf 90' lang='lat' dir='ltr'><strong>huic</strong></span> <span class='ocrx_word' id='word_1_305' title='bbox 1034 2320 1288 2391; x_wconf 83' lang='lat' dir='ltr'><strong>Opuseulo</strong></span> <span class='ocrx_word' id='word_1_306' title='bbox 1312 2321 1493 2374; x_wconf 85' lang='lat' dir='ltr'><strong>indere</strong></span> <span class='ocrx_word' id='word_1_307' title='bbox 1519 2323 1617 2375; x_wconf 88' lang='lat' dir='ltr'><strong>rati</strong></span> <span class='ocrx_word' id='word_1_308' title='bbox 1641 2338 1843 2385; x_wconf 84' lang='lat' dir='ltr'><strong>smnus,</strong></span> <span class='ocrx_word' id='word_1_309' title='bbox 1867 2323 2022 2390; x_wconf 71' lang='lat' dir='ltr'><strong>juxta</strong></span> 
     </span>
    </p>
   </div>
   <div class='ocr_carea' id='block_1_38' title="bbox 459 2407 2023 2479">
    <p class='ocr_par' dir='ltr' id='par_1_38' title="bbox 459 2407 2023 2479">
     <span class='ocr_line' id='line_1_38' title="bbox 459 2407 2023 2479; baseline 0.003 -18"><span class='ocrx_word' id='word_1_310' title='bbox 459 2410 600 2479; x_wconf 88' lang='lat' dir='ltr'><strong>quod</strong></span> <span class='ocrx_word' id='word_1_311' title='bbox 636 2410 806 2463; x_wconf 90' lang='lat' dir='ltr'><strong>series</strong></span> <span class='ocrx_word' id='word_1_312' title='bbox 834 2417 999 2477; x_wconf 73' lang='lat' dir='ltr'><strong>gesta:</strong></span> <span class='ocrx_word' id='word_1_313' title='bbox 1048 2407 1122 2461; x_wconf 88' lang='lat' dir='ltr'><strong>rei</strong></span> <span class='ocrx_word' id='word_1_314' title='bbox 1172 2422 1331 2477; x_wconf 89' lang='lat' dir='ltr'><strong>quam</strong></span> <span class='ocrx_word' id='word_1_315' title='bbox 1389 2410 1717 2479; x_wconf 85' lang='lat' dir='ltr'><strong>suscepimus</strong></span> <span class='ocrx_word' id='word_1_316' title='bbox 1769 2426 2023 2466; x_wconf 84' lang='lat' dir='ltr'><strong>enarrare</strong></span> 
     </span>
    </p>
   </div>
   <div class='ocr_carea' id='block_1_39' title="bbox 460 2498 2023 2570">
    <p class='ocr_par' dir='ltr' id='par_1_39' title="bbox 460 2498 2023 2570">
     <span class='ocr_line' id='line_1_39' title="bbox 460 2498 2023 2570; baseline 0.004 -19"><span class='ocrx_word' id='word_1_317' title='bbox 460 2499 770 2568; x_wconf 81' lang='lat' dir='ltr'><strong>postulabit.</strong></span> <span class='ocrx_word' id='word_1_318' title='bbox 811 2498 918 2551; x_wconf 75' lang='lat' dir='ltr'><strong>Nec</strong></span> <span class='ocrx_word' id='word_1_319' title='bbox 951 2498 1093 2551; x_wconf 91' lang='lat' dir='ltr'><strong>enim</strong></span> <span class='ocrx_word' id='word_1_320' title='bbox 1140 2499 1267 2551; x_wconf 89' lang='lat' dir='ltr'><strong>mihi</strong></span> <span class='ocrx_word' id='word_1_321' title='bbox 1316 2499 1525 2552; x_wconf 88' lang='lat' dir='ltr'><strong>videtur</strong></span> <span class='ocrx_word' id='word_1_322' title='bbox 1578 2501 1810 2569; x_wconf 88' lang='lat' dir='ltr'><strong>pleniter</strong></span> <span class='ocrx_word' id='word_1_323' title='bbox 1863 2505 2023 2570; x_wconf 76' lang='lat' dir='ltr'><strong>poSse</strong></span> 
     </span>
    </p>
   </div>
   <div class='ocr_carea' id='block_1_40' title="bbox 462 2586 2020 2656">
    <p class='ocr_par' dir='ltr' id='par_1_40' title="bbox 462 2586 2020 2656">
     <span class='ocr_line' id='line_1_40' title="bbox 462 2586 2020 2656; baseline 0.004 -16"><span class='ocrx_word' id='word_1_324' title='bbox 462 2588 690 2656; x_wconf 85' lang='lat' dir='ltr'><strong>pertingi</strong></span> <span class='ocrx_word' id='word_1_325' title='bbox 723 2587 789 2640; x_wconf 91' lang='lat' dir='ltr'><strong>ad</strong></span> <span class='ocrx_word' id='word_1_326' title='bbox 820 2588 1060 2639; x_wconf 87' lang='lat' dir='ltr'><strong>notitiam</strong></span> <span class='ocrx_word' id='word_1_327' title='bbox 1094 2586 1446 2642; x_wconf 88' lang='lat' dir='ltr'><strong>institutionis</strong></span> <span class='ocrx_word' id='word_1_328' title='bbox 1500 2589 1622 2642; x_wconf 66' lang='lat' dir='ltr'><strong>vitae</strong></span> <span class='ocrx_word' id='word_1_329' title='bbox 1660 2590 1819 2652; x_wconf 92' lang='lat' dir='ltr'><strong>illius,</strong></span> <span class='ocrx_word' id='word_1_330' title='bbox 1849 2592 1895 2645; x_wconf 81' lang='lat' dir='ltr'><strong>si</strong></span> <span class='ocrx_word' id='word_1_331' title='bbox 1929 2593 2020 2647; x_wconf 80' lang='lat' dir='ltr'><strong>de-</strong></span> 
     </span>
    </p>
   </div>
   <div class='ocr_carea' id='block_1_41' title="bbox 458 2675 2021 2746">
    <p class='ocr_par' dir='ltr' id='par_1_41' title="bbox 458 2675 2021 2746">
     <span class='ocr_line' id='line_1_41' title="bbox 458 2675 2021 2746; baseline 0.005 -16"><span class='ocrx_word' id='word_1_332' title='bbox 458 2676 677 2746; x_wconf 89' lang='lat' dir='ltr'><strong>scriptis</strong></span> <span class='ocrx_word' id='word_1_333' title='bbox 699 2676 905 2731; x_wconf 90' lang='lat' dir='ltr'><strong>actibus</strong></span> <span class='ocrx_word' id='word_1_334' title='bbox 923 2675 1038 2743; x_wconf 89' lang='lat' dir='ltr'><strong>ejns</strong></span> <span class='ocrx_word' id='word_1_335' title='bbox 1060 2677 1180 2746; x_wconf 90' lang='lat' dir='ltr'><strong>quis</strong></span> <span class='ocrx_word' id='word_1_336' title='bbox 1207 2675 1289 2729; x_wconf 86' lang='lat' dir='ltr'><strong>vel</strong></span> <span class='ocrx_word' id='word_1_337' title='bbox 1309 2677 1481 2745; x_wconf 82' lang='lat' dir='ltr'><strong>qualis</strong></span> <span class='ocrx_word' id='word_1_338' title='bbox 1510 2677 1669 2734; x_wconf 83' lang='lat' dir='ltr'><strong>fuerit</strong></span> <span class='ocrx_word' id='word_1_339' title='bbox 1694 2681 1746 2734; x_wconf 92' lang='lat' dir='ltr'><strong>in</strong></span> <span class='ocrx_word' id='word_1_340' title='bbox 1776 2696 2021 2738; x_wconf 86' lang='lat' dir='ltr'><strong>sermone</strong></span> 
     </span>
    </p>
   </div>
   <div class='ocr_carea' id='block_1_42' title="bbox 461 2774 719 2819">
    <p class='ocr_par' dir='ltr' id='par_1_42' title="bbox 461 2774 719 2819">
     <span class='ocr_line' id='line_1_42' title="bbox 461 2774 719 2819; baseline 0.004 -1"><span class='ocrx_word' id='word_1_341' title='bbox 461 2774 719 2819; x_wconf 86' lang='lat' dir='ltr'><strong>taceatur.</strong></span> 
     </span>
    </p>
   </div>
   <div class='ocr_carea' id='block_1_43' title="bbox 529 2851 2022 2924">
    <p class='ocr_par' dir='ltr' id='par_1_43' title="bbox 529 2851 2022 2924">
     <span class='ocr_line' id='line_1_43' title="bbox 529 2851 2022 2924; baseline 0.007 -19"><span class='ocrx_word' id='word_1_342' title='bbox 529 2853 617 2905; x_wconf 79' lang='lat'><strong>30.</strong></span> <span class='ocrx_word' id='word_1_343' title='bbox 645 2851 887 2919; x_wconf 88' lang='lat' dir='ltr'><strong>Quodam</strong></span> <span class='ocrx_word' id='word_1_344' title='bbox 939 2852 1102 2920; x_wconf 75' lang='lat' dir='ltr'><strong>igitur</strong></span> <span class='ocrx_word' id='word_1_345' title='bbox 1150 2863 1391 2921; x_wconf 87' lang='lat' dir='ltr'><strong>tempore</strong></span> <span class='ocrx_word' id='word_1_346' title='bbox 1438 2869 1559 2909; x_wconf 91' lang='lat' dir='ltr'><strong>cum</strong></span> <span class='ocrx_word' id='word_1_347' title='bbox 1602 2857 1815 2924; x_wconf 85' lang='lat' dir='ltr'><strong>quidam</strong></span> <span class='ocrx_word' id='word_1_348' title='bbox 1858 2859 2022 2915; x_wconf 86' lang='lat' dir='ltr'><strong>abbas</strong></span> 
     </span>
    </p>
   </div>
   <div class='ocr_carea' id='block_1_44' title="bbox 462 2944 2020 3014">
    <p class='ocr_par' dir='ltr' id='par_1_44' title="bbox 462 2944 2020 3014">
     <span class='ocr_line' id='line_1_44' title="bbox 462 2944 2020 3014; baseline 0.002 -16"><span class='ocrx_word' id='word_1_349' title='bbox 462 2947 553 3014; x_wconf 91' lang='lat' dir='ltr'><strong>qui</strong></span> <span class='ocrx_word' id='word_1_350' title='bbox 588 2944 875 3000; x_wconf 88' lang='lat' dir='ltr'><strong>admodum</strong></span> <span class='ocrx_word' id='word_1_351' title='bbox 910 2946 1189 3013; x_wconf 76' lang='lat' dir='ltr'><strong>religiosus</strong></span> <span class='ocrx_word' id='word_1_352' title='bbox 1218 2946 1516 3000; x_wconf 85' lang='lat' dir='ltr'><strong>habebatur</strong></span> <span class='ocrx_word' id='word_1_353' title='bbox 1540 2986 1555 3010; x_wconf 88' lang='lat'><strong>,</strong></span> <span class='ocrx_word' id='word_1_354' title='bbox 1602 2961 1782 3000; x_wconf 88' lang='lat' dir='ltr'><strong>secum</strong></span> <span class='ocrx_word' id='word_1_355' title='bbox 1824 2945 1892 3001; x_wconf 90' lang='lat' dir='ltr'><strong>de</strong></span> <span class='ocrx_word' id='word_1_356' title='bbox 1937 2948 2020 3002; x_wconf 87' lang='lat' dir='ltr'><strong>bis</strong></span> 
     </span>
    </p>
   </div>
   <div class='ocr_carea' id='block_1_45' title="bbox 459 3033 2021 3102">
    <p class='ocr_par' dir='ltr' id='par_1_45' title="bbox 459 3033 2021 3102">
     <span class='ocr_line' id='line_1_45' title="bbox 459 3033 2021 3102; baseline 0.004 -20"><span class='ocrx_word' id='word_1_357' title='bbox 459 3050 579 3102; x_wconf 68' lang='lat' dir='ltr'><strong>qua:</strong></span> <span class='ocrx_word' id='word_1_358' title='bbox 611 3033 921 3087; x_wconf 66' lang='lat' dir='ltr'><strong>monasticae</strong></span> <span class='ocrx_word' id='word_1_359' title='bbox 955 3034 1231 3102; x_wconf 80' lang='lat' dir='ltr'><strong>religionis</strong></span> <span class='ocrx_word' id='word_1_360' title='bbox 1252 3044 1408 3086; x_wconf 89' lang='lat' dir='ltr'><strong>erant</strong></span> <span class='ocrx_word' id='word_1_361' title='bbox 1432 3034 1758 3101; x_wconf 90' lang='lat' dir='ltr'><strong>loqueretur,</strong></span> <span class='ocrx_word' id='word_1_362' title='bbox 1788 3051 1851 3089; x_wconf 91' lang='lat' dir='ltr'><strong>ac</strong></span> <span class='ocrx_word' id='word_1_363' title='bbox 1880 3038 2021 3091; x_wconf 83' lang='lat' dir='ltr'><strong>inter</strong></span> 
     </span>
    </p>
   </div>
   <div class='ocr_carea' id='block_1_46' title="bbox 438 3106 2027 3192">
    <p class='ocr_par' dir='ltr' id='par_1_46' title="bbox 438 3106 2027 3192">
     <span class='ocr_line' id='line_1_46' title="bbox 438 3106 2027 3192; baseline 0.003 -16"><span class='ocrx_word' id='word_1_364' title='bbox 438 3111 561 3176; x_wconf 81' lang='lat' dir='ltr'><strong>alia</strong></span> <span class='ocrx_word' id='word_1_365' title='bbox 602 3124 667 3175; x_wconf 91' lang='lat' dir='ltr'><strong>de</strong></span> <span class='ocrx_word' id='word_1_366' title='bbox 698 3106 878 3192; x_wconf 79' lang='lat' dir='ltr'><strong>pueris</strong></span> <span class='ocrx_word' id='word_1_367' title='bbox 905 3122 956 3175; x_wconf 91' lang='lat' dir='ltr'><strong>in</strong></span> <span class='ocrx_word' id='word_1_368' title='bbox 986 3122 1220 3176; x_wconf 89' lang='lat' dir='ltr'><strong>claustro</strong></span> <span class='ocrx_word' id='word_1_369' title='bbox 1266 3124 1480 3178; x_wconf 90' lang='lat' dir='ltr'><strong>nutritis</strong></span> <span class='ocrx_word' id='word_1_370' title='bbox 1514 3127 1677 3185; x_wconf 84' lang='lat' dir='ltr'><strong>verba</strong></span> <span class='ocrx_word' id='word_1_371' title='bbox 1720 3136 2027 3181; x_wconf 89' lang='lat' dir='ltr'><strong>consereret</strong></span> 
     </span>
    </p>
   </div>
   <div class='ocr_carea' id='block_1_47' title="bbox 463 3196 2029 3282">
    <p class='ocr_par' dir='ltr' id='par_1_47' title="bbox 463 3196 2029 3282">
     <span class='ocr_line' id='line_1_47' title="bbox 463 3196 2029 3282; baseline 0.004 -19"><span class='ocrx_word' id='word_1_372' title='bbox 463 3208 583 3282; x_wconf 80' lang='lat' dir='ltr'><strong>[al.,</strong></span> <span class='ocrx_word' id='word_1_373' title='bbox 614 3196 929 3280; x_wconf 86' lang='lat' dir='ltr'><strong>conferret],</strong></span> <span class='ocrx_word' id='word_1_374' title='bbox 950 3210 1172 3280; x_wconf 85' lang='lat' dir='ltr'><strong>adjecit:</strong></span> <span class='ocrx_word' id='word_1_375' title='bbox 1197 3210 1359 3275; x_wconf 86' lang='lat' dir='ltr'><strong>Quid,</strong></span> <span class='ocrx_word' id='word_1_376' title='bbox 1389 3213 1634 3278; x_wconf 88' lang='lat' dir='ltr'><strong>obsecro,</strong></span> <span class='ocrx_word' id='word_1_377' title='bbox 1666 3213 1754 3267; x_wconf 88' lang='lat' dir='ltr'><strong>tiet</strong></span> <span class='ocrx_word' id='word_1_378' title='bbox 1781 3214 1848 3270; x_wconf 91' lang='lat' dir='ltr'><strong>de</strong></span> <span class='ocrx_word' id='word_1_379' title='bbox 1874 3216 2029 3270; x_wconf 80' lang='lat' dir='ltr'><strong>istis?</strong></span> 
     </span>
    </p>
   </div>
   <div class='ocr_carea' id='block_1_48' title="bbox 463 3299 2028 3369">
    <p class='ocr_par' dir='ltr' id='par_1_48' title="bbox 463 3299 2028 3369">
     <span class='ocr_line' id='line_1_48' title="bbox 463 3299 2028 3369; baseline 0.004 -17"><span class='ocrx_word' id='word_1_380' title='bbox 463 3299 711 3353; x_wconf 88' lang='lat' dir='ltr'><strong>Perversi</strong></span> <span class='ocrx_word' id='word_1_381' title='bbox 743 3307 870 3353; x_wconf 91' lang='lat' dir='ltr'><strong>sunt</strong></span> <span class='ocrx_word' id='word_1_382' title='bbox 907 3309 962 3353; x_wconf 90' lang='lat' dir='ltr'><strong>et</strong></span> <span class='ocrx_word' id='word_1_383' title='bbox 996 3299 1389 3369; x_wconf 85' lang='lat' dir='ltr'><strong>incorrigibilcs</strong></span> <span class='ocrx_word' id='word_1_384' title='bbox 1416 3340 1430 3365; x_wconf 95' lang='lat'><strong>,</strong></span> <span class='ocrx_word' id='word_1_385' title='bbox 1482 3301 1568 3355; x_wconf 88' lang='lat' dir='ltr'><strong>die</strong></span> <span class='ocrx_word' id='word_1_386' title='bbox 1613 3317 1676 3356; x_wconf 90' lang='lat' dir='ltr'><strong>ac</strong></span> <span class='ocrx_word' id='word_1_387' title='bbox 1724 3313 1880 3358; x_wconf 90' lang='lat' dir='ltr'><strong>nocte</strong></span> <span class='ocrx_word' id='word_1_388' title='bbox 1924 3321 2028 3359; x_wconf 89' lang='lat' dir='ltr'><strong>non</strong></span> 
     </span>
    </p>
   </div>
   <div class='ocr_carea' id='block_1_49' title="bbox 462 3388 2028 3463">
    <p class='ocr_par' dir='ltr' id='par_1_49' title="bbox 462 3388 2028 3463">
     <span class='ocr_line' id='line_1_49' title="bbox 462 3388 2028 3463; baseline 0.003 -20"><span class='ocrx_word' id='word_1_389' title='bbox 462 3404 735 3457; x_wconf 82' lang='lat' dir='ltr'><strong>cessamus</strong></span> <span class='ocrx_word' id='word_1_390' title='bbox 770 3403 861 3441; x_wconf 83' lang='lat' dir='ltr'><strong>eos</strong></span> <span class='ocrx_word' id='word_1_391' title='bbox 888 3388 1250 3451; x_wconf 89' lang='lat' dir='ltr'><strong>verberantes,</strong></span> <span class='ocrx_word' id='word_1_392' title='bbox 1280 3398 1334 3442; x_wconf 93' lang='lat' dir='ltr'><strong>et</strong></span> <span class='ocrx_word' id='word_1_393' title='bbox 1359 3404 1570 3459; x_wconf 86' lang='lat' dir='ltr'><strong>semper</strong></span> <span class='ocrx_word' id='word_1_394' title='bbox 1597 3390 1735 3461; x_wconf 79' lang='lat' dir='ltr'><strong>ﬁunt</strong></span> <span class='ocrx_word' id='word_1_395' title='bbox 1767 3388 1866 3446; x_wconf 87' lang='lat' dir='ltr'><strong>sibi</strong></span> <span class='ocrx_word' id='word_1_396' title='bbox 1901 3394 2028 3463; x_wconf 84' lang='lat' dir='ltr'><strong>ipsis</strong></span> 
     </span>
    </p>
   </div>
   <div class='ocr_carea' id='block_1_50' title="bbox 468 3475 2025 3547">
    <p class='ocr_par' dir='ltr' id='par_1_50' title="bbox 468 3475 2025 3547">
     <span class='ocr_line' id='line_1_50' title="bbox 468 3475 2025 3547; baseline 0.003 -16"><span class='ocrx_word' id='word_1_397' title='bbox 468 3478 784 3532; x_wconf 79' lang='lat' dir='ltr'><strong>deteriores.</strong></span> <span class='ocrx_word' id='word_1_398' title='bbox 813 3478 891 3529; x_wconf 80' lang='lat' dir='ltr'><strong>Ad</strong></span> <span class='ocrx_word' id='word_1_399' title='bbox 922 3491 1038 3544; x_wconf 70' lang='lat' dir='ltr'><strong>qua:</strong></span> <span class='ocrx_word' id='word_1_400' title='bbox 1070 3475 1189 3546; x_wconf 82' lang='lat' dir='ltr'><strong>[al.,</strong></span> <span class='ocrx_word' id='word_1_401' title='bbox 1221 3477 1403 3547; x_wconf 86' lang='lat' dir='ltr'><strong>quem]</strong></span> <span class='ocrx_word' id='word_1_402' title='bbox 1437 3478 1659 3531; x_wconf 84' lang='lat' dir='ltr'><strong>miratus</strong></span> <span class='ocrx_word' id='word_1_403' title='bbox 1701 3481 2025 3535; x_wconf 85' lang='lat' dir='ltr'><strong>Anselmus:</strong></span> 
     </span>
    </p>
   </div>
   <div class='ocr_carea' id='block_1_51' title="bbox 463 3555 2027 3633">
    <p class='ocr_par' dir='ltr' id='par_1_51' title="bbox 463 3555 2027 3633">
     <span class='ocr_line' id='line_1_51' title="bbox 463 3555 2027 3633; baseline 0.001 -11"><span class='ocrx_word' id='word_1_404' title='bbox 463 3566 578 3622; x_wconf 81' lang='lat' dir='ltr'><strong>Non</strong></span> <span class='ocrx_word' id='word_1_405' title='bbox 611 3568 854 3630; x_wconf 85' lang='lat' dir='ltr'><strong>cessatis,</strong></span> <span class='ocrx_word' id='word_1_406' title='bbox 892 3566 1083 3633; x_wconf 83' lang='lat' dir='ltr'><strong>inquit,</strong></span> <span class='ocrx_word' id='word_1_407' title='bbox 1110 3582 1201 3621; x_wconf 89' lang='lat' dir='ltr'><strong>eos</strong></span> <span class='ocrx_word' id='word_1_408' title='bbox 1233 3568 1561 3622; x_wconf 86' lang='lat' dir='ltr'><strong>verberare?</strong></span> <span class='ocrx_word' id='word_1_409' title='bbox 1605 3569 1673 3621; x_wconf 83' lang='lat' dir='ltr'><strong>Et</strong></span> <span class='ocrx_word' id='word_1_410' title='bbox 1710 3585 1829 3623; x_wconf 86' lang='lat' dir='ltr'><strong>cum</strong></span> <span class='ocrx_word' id='word_1_411' title='bbox 1862 3555 2027 3625; x_wconf 87' lang='lat' dir='ltr'><strong>adulti</strong></span> 
     </span>
    </p>
   </div>
   <div class='ocr_carea' id='block_1_52' title="bbox 463 3654 2030 3724">
    <p class='ocr_par' dir='ltr' id='par_1_52' title="bbox 463 3654 2030 3724">
     <span class='ocr_line' id='line_1_52' title="bbox 463 3654 2030 3724; baseline 0.001 -14"><span class='ocrx_word' id='word_1_412' title='bbox 463 3666 607 3715; x_wconf 88' lang='lat' dir='ltr'><strong>sunt,</strong></span> <span class='ocrx_word' id='word_1_413' title='bbox 642 3655 827 3722; x_wconf 88' lang='lat' dir='ltr'><strong>quales</strong></span> <span class='ocrx_word' id='word_1_414' title='bbox 850 3655 1015 3707; x_wconf 85' lang='lat' dir='ltr'><strong>sunt?</strong></span> <span class='ocrx_word' id='word_1_415' title='bbox 1046 3654 1293 3721; x_wconf 85' lang='lat' dir='ltr'><strong>liebetes,</strong></span> <span class='ocrx_word' id='word_1_416' title='bbox 1333 3657 1527 3724; x_wconf 89' lang='lat' dir='ltr'><strong>inquit,</strong></span> <span class='ocrx_word' id='word_1_417' title='bbox 1564 3666 1620 3710; x_wconf 88' lang='lat' dir='ltr'><strong>et</strong></span> <span class='ocrx_word' id='word_1_418' title='bbox 1665 3658 1933 3712; x_wconf 85' lang='lat' dir='ltr'><strong>bestiales.</strong></span> <span class='ocrx_word' id='word_1_419' title='bbox 1960 3661 2030 3712; x_wconf 88' lang='lat' dir='ltr'><strong>At</strong></span> 
     </span>
    </p>
   </div>
   <div class='ocr_carea' id='block_1_53' title="bbox 464 3745 2030 3816">
    <p class='ocr_par' dir='ltr' id='par_1_53' title="bbox 464 3745 2030 3816">
     <span class='ocr_line' id='line_1_53' title="bbox 464 3745 2030 3816; baseline 0.003 -19"><span class='ocrx_word' id='word_1_420' title='bbox 464 3745 553 3798; x_wconf 90' lang='lat' dir='ltr'><strong>ille</strong></span> <span class='ocrx_word' id='word_1_421' title='bbox 584 3763 596 3796; x_wconf 90' lang='lat'><strong>:</strong></span> <span class='ocrx_word' id='word_1_422' title='bbox 632 3746 746 3810; x_wconf 85' lang='lat' dir='ltr'><strong>Quo</strong></span> <span class='ocrx_word' id='word_1_423' title='bbox 776 3746 915 3797; x_wconf 91' lang='lat' dir='ltr'><strong>bono</strong></span> <span class='ocrx_word' id='word_1_424' title='bbox 943 3745 1121 3797; x_wconf 88' lang='lat' dir='ltr'><strong>omine</strong></span> <span class='ocrx_word' id='word_1_425' title='bbox 1152 3746 1540 3799; x_wconf 89' lang='lat' dir='ltr'><strong>nutrimentum</strong></span> <span class='ocrx_word' id='word_1_426' title='bbox 1569 3757 1802 3801; x_wconf 88' lang='lat' dir='ltr'><strong>vestrum</strong></span> <span class='ocrx_word' id='word_1_427' title='bbox 1832 3764 2030 3816; x_wconf 82' lang='lat' dir='ltr'><strong>expen-</strong></span> 
     </span>
    </p>
   </div>
   <div class='ocr_carea' id='block_1_54' title="bbox 470 3834 2024 3903">
    <p class='ocr_par' dir='ltr' id='par_1_54' title="bbox 470 3834 2024 3903">
     <span class='ocr_line' id='line_1_54' title="bbox 470 3834 2024 3903; baseline 0.002 -14"><span class='ocrx_word' id='word_1_428' title='bbox 470 3836 618 3895; x_wconf 88' lang='lat' dir='ltr'><strong>ditis,</strong></span> <span class='ocrx_word' id='word_1_429' title='bbox 655 3836 745 3901; x_wconf 89' lang='lat' dir='ltr'><strong>qui</strong></span> <span class='ocrx_word' id='word_1_430' title='bbox 774 3836 839 3888; x_wconf 89' lang='lat' dir='ltr'><strong>de</strong></span> <span class='ocrx_word' id='word_1_431' title='bbox 866 3834 1173 3888; x_wconf 87' lang='lat' dir='ltr'><strong>hominibus</strong></span> <span class='ocrx_word' id='word_1_432' title='bbox 1202 3836 1402 3889; x_wconf 87' lang='lat' dir='ltr'><strong>bestias</strong></span> <span class='ocrx_word' id='word_1_433' title='bbox 1430 3835 1770 3890; x_wconf 83' lang='lat' dir='ltr'><strong>nutrivistis?</strong></span> <span class='ocrx_word' id='word_1_434' title='bbox 1816 3837 1882 3891; x_wconf 85' lang='lat' dir='ltr'><strong>Et</strong></span> <span class='ocrx_word' id='word_1_435' title='bbox 1910 3854 2024 3903; x_wconf 93' lang='lat' dir='ltr'><strong>nos,</strong></span> 
     </span>
    </p>
   </div>
   <div class='ocr_carea' id='block_1_55' title="bbox 472 3923 2029 3997">
    <p class='ocr_par' dir='ltr' id='par_1_55' title="bbox 472 3923 2029 3997">
     <span class='ocr_line' id='line_1_55' title="bbox 472 3923 2029 3997; baseline 0.003 -22"><span class='ocrx_word' id='word_1_436' title='bbox 472 3925 568 3985; x_wconf 91' lang='lat' dir='ltr'><strong>ait,</strong></span> <span class='ocrx_word' id='word_1_437' title='bbox 599 3923 726 3983; x_wconf 88' lang='lat' dir='ltr'><strong>quid</strong></span> <span class='ocrx_word' id='word_1_438' title='bbox 754 3923 1023 3989; x_wconf 84' lang='lat' dir='ltr'><strong>possimus</strong></span> <span class='ocrx_word' id='word_1_439' title='bbox 1051 3924 1215 3976; x_wconf 87' lang='lat' dir='ltr'><strong>inde?</strong></span> <span class='ocrx_word' id='word_1_440' title='bbox 1244 3924 1410 3977; x_wconf 79' lang='lat' dir='ltr'><strong>Medis</strong></span> <span class='ocrx_word' id='word_1_441' title='bbox 1438 3926 1685 3978; x_wconf 89' lang='lat' dir='ltr'><strong>omnibus</strong></span> <span class='ocrx_word' id='word_1_442' title='bbox 1710 3929 2029 3997; x_wconf 87' lang='lat' dir='ltr'><strong>constringi-</strong></span> 
     </span>
    </p>
   </div>
   <div class='ocr_carea' id='block_1_56' title="bbox 466 4006 2029 4082">
    <p class='ocr_par' dir='ltr' id='par_1_56' title="bbox 466 4006 2029 4082">
     <span class='ocr_line' id='line_1_56' title="bbox 466 4006 2029 4082; baseline 0.004 -17"><span class='ocrx_word' id='word_1_443' title='bbox 466 4029 584 4066; x_wconf 87' lang='lat' dir='ltr'><strong>mus</strong></span> <span class='ocrx_word' id='word_1_444' title='bbox 614 4024 706 4065; x_wconf 85' lang='lat' dir='ltr'><strong>eos</strong></span> <span class='ocrx_word' id='word_1_445' title='bbox 736 4021 790 4064; x_wconf 93' lang='lat' dir='ltr'><strong>ut</strong></span> <span class='ocrx_word' id='word_1_446' title='bbox 818 4012 1101 4081; x_wconf 78' lang='lat' dir='ltr'><strong>proﬁciant</strong></span> <span class='ocrx_word' id='word_1_447' title='bbox 1129 4023 1184 4065; x_wconf 90' lang='lat' dir='ltr'><strong>et</strong></span> <span class='ocrx_word' id='word_1_448' title='bbox 1209 4012 1337 4066; x_wconf 91' lang='lat' dir='ltr'><strong>nihil</strong></span> <span class='ocrx_word' id='word_1_449' title='bbox 1366 4015 1698 4082; x_wconf 82' lang='lat' dir='ltr'><strong>proﬁcimus.</strong></span> <span class='ocrx_word' id='word_1_450' title='bbox 1749 4006 2029 4071; x_wconf 80' lang='lat' dir='ltr'><strong>Constrin-</strong></span> 
     </span>
    </p>
   </div>
   <div class='ocr_carea' id='block_1_57' title="bbox 467 4096 2028 4173">
    <p class='ocr_par' dir='ltr' id='par_1_57' title="bbox 467 4096 2028 4173">
     <span class='ocr_line' id='line_1_57' title="bbox 467 4096 2028 4173; baseline 0.005 -22"><span class='ocrx_word' id='word_1_451' title='bbox 467 4101 628 4167; x_wconf 82' lang='lat' dir='ltr'><strong>gitis?</strong></span> <span class='ocrx_word' id='word_1_452' title='bbox 660 4101 743 4153; x_wconf 90' lang='lat' dir='ltr'><strong>dic</strong></span> <span class='ocrx_word' id='word_1_453' title='bbox 772 4100 920 4164; x_wconf 87' lang='lat' dir='ltr'><strong>mihi,</strong></span> <span class='ocrx_word' id='word_1_454' title='bbox 948 4116 1129 4168; x_wconf 59' lang='lat' dir='ltr'><strong>quaeso</strong></span> <span class='ocrx_word' id='word_1_455' title='bbox 1152 4100 1269 4168; x_wconf 53' lang='grc' dir='ltr'><strong>ιαμ,</strong></span> <span class='ocrx_word' id='word_1_456' title='bbox 1292 4102 1397 4164; x_wconf 91' lang='lat' dir='ltr'><strong>dic,</strong></span> <span class='ocrx_word' id='word_1_457' title='bbox 1434 4117 1633 4169; x_wconf 84' lang='lat' dir='ltr'><strong>quaeso,</strong></span> <span class='ocrx_word' id='word_1_458' title='bbox 1677 4096 1789 4173; x_wconf 88' lang='lat' dir='ltr'><strong>mi],</strong></span> <span class='ocrx_word' id='word_1_459' title='bbox 1815 4104 2028 4159; x_wconf 84' lang='lat' dir='ltr'><strong>domine</strong></span> 
     </span>
    </p>
   </div>
   <div class='ocr_carea' id='block_1_58' title="bbox 468 4188 2030 4259">
    <p class='ocr_par' dir='ltr' id='par_1_58' title="bbox 468 4188 2030 4259">
     <span class='ocr_line' id='line_1_58' title="bbox 468 4188 2030 4259; baseline 0.003 -16"><span class='ocrx_word' id='word_1_460' title='bbox 468 4192 624 4251; x_wconf 79' lang='lat' dir='ltr'><strong>abba,</strong></span> <span class='ocrx_word' id='word_1_461' title='bbox 654 4190 696 4242; x_wconf 89' lang='lat' dir='ltr'><strong>si</strong></span> <span class='ocrx_word' id='word_1_462' title='bbox 723 4188 957 4258; x_wconf 83' lang='lat' dir='ltr'><strong>plantam</strong></span> <span class='ocrx_word' id='word_1_463' title='bbox 993 4190 1198 4243; x_wconf 87' lang='lat' dir='ltr'><strong>arboris</strong></span> <span class='ocrx_word' id='word_1_464' title='bbox 1227 4190 1276 4242; x_wconf 91' lang='lat' dir='ltr'><strong>in</strong></span> <span class='ocrx_word' id='word_1_465' title='bbox 1310 4191 1467 4244; x_wconf 92' lang='lat' dir='ltr'><strong>horto</strong></span> <span class='ocrx_word' id='word_1_466' title='bbox 1500 4201 1586 4244; x_wconf 88' lang='lat' dir='ltr'><strong>tuo</strong></span> <span class='ocrx_word' id='word_1_467' title='bbox 1611 4191 1879 4259; x_wconf 86' lang='lat' dir='ltr'><strong>plantares</strong></span> <span class='ocrx_word' id='word_1_468' title='bbox 1904 4233 1918 4258; x_wconf 92' lang='lat'><strong>,</strong></span> <span class='ocrx_word' id='word_1_469' title='bbox 1975 4204 2030 4248; x_wconf 90' lang='lat' dir='ltr'><strong>et</strong></span> 
     </span>
    </p>
   </div>
   <div class='ocr_carea' id='block_1_59' title="bbox 470 4278 2027 4346">
    <p class='ocr_par' dir='ltr' id='par_1_59' title="bbox 470 4278 2027 4346">
     <span class='ocr_line' id='line_1_59' title="bbox 470 4278 2027 4346; baseline 0.003 -15"><span class='ocrx_word' id='word_1_470' title='bbox 470 4295 590 4331; x_wconf 70' lang='lat' dir='ltr'><strong>tuo).</strong></span> <span class='ocrx_word' id='word_1_471' title='bbox 624 4278 765 4329; x_wconf 89' lang='lat' dir='ltr'><strong>illam</strong></span> <span class='ocrx_word' id='word_1_472' title='bbox 796 4278 938 4330; x_wconf 91' lang='lat' dir='ltr'><strong>omni</strong></span> <span class='ocrx_word' id='word_1_473' title='bbox 964 4294 1030 4331; x_wconf 76' lang='lat' dir='ltr'><strong>ex</strong></span> <span class='ocrx_word' id='word_1_474' title='bbox 1058 4288 1208 4346; x_wconf 74' lang='lat' dir='ltr'><strong>parte</strong></span> <span class='ocrx_word' id='word_1_475' title='bbox 1245 4278 1315 4330; x_wconf 87' lang='lat' dir='ltr'><strong>ita</strong></span> <span class='ocrx_word' id='word_1_476' title='bbox 1344 4279 1708 4345; x_wconf 86' lang='lat' dir='ltr'><strong>concluderes,</strong></span> <span class='ocrx_word' id='word_1_477' title='bbox 1760 4289 1811 4333; x_wconf 92' lang='lat' dir='ltr'><strong>ut</strong></span> <span class='ocrx_word' id='word_1_478' title='bbox 1850 4295 2027 4336; x_wconf 89' lang='lat' dir='ltr'><strong>ramos</strong></span> 
     </span>
    </p>
   </div>
   <div class='ocr_carea' id='block_1_60' title="bbox 2126 1871 3675 1955">
    <p class='ocr_par' dir='ltr' id='par_1_60' title="bbox 2126 1871 3675 1955">
     <span class='ocr_line' id='line_1_60' title="bbox 2126 1871 3675 1955; baseline 0.005 -30"><span class='ocrx_word' id='word_1_479' title='bbox 2126 1871 2288 1927; x_wconf 86' lang='lat' dir='ltr'><strong>vultis</strong></span> <span class='ocrx_word' id='word_1_480' title='bbox 2334 1874 2623 1929; x_wconf 83' lang='lat' dir='ltr'><strong>informare</strong></span> <span class='ocrx_word' id='word_1_481' title='bbox 2677 1874 3122 1949; x_wconf 57' lang='lat' dir='ltr'><strong>[al.,‘minare]?</strong></span> <span class='ocrx_word' id='word_1_482' title='bbox 3178 1876 3394 1933; x_wconf 85' lang='lat' dir='ltr'><strong>Vidistis</strong></span> <span class='ocrx_word' id='word_1_483' title='bbox 3443 1893 3675 1955; x_wconf 79' lang='lat' dir='ltr'><strong>unquam</strong></span> 
     </span>
    </p>
   </div>
   <div class='ocr_carea' id='block_1_61' title="bbox 2124 1962 3677 2037">
    <p class='ocr_par' dir='ltr' id='par_1_61' title="bbox 2124 1962 3677 2037">
     <span class='ocr_line' id='line_1_61' title="bbox 2124 1962 3677 2037; baseline 0.008 -26"><span class='ocrx_word' id='word_1_484' title='bbox 2124 1962 2382 2015; x_wconf 83' lang='lat' dir='ltr'><strong>artificem</strong></span> <span class='ocrx_word' id='word_1_485' title='bbox 2413 1978 2477 2016; x_wconf 79' lang='lat' dir='ltr'><strong>ex</strong></span> <span class='ocrx_word' id='word_1_486' title='bbox 2509 1963 2705 2018; x_wconf 89' lang='lat' dir='ltr'><strong>lamina</strong></span> <span class='ocrx_word' id='word_1_487' title='bbox 2735 1966 2850 2019; x_wconf 89' lang='lat' dir='ltr'><strong>auri</strong></span> <span class='ocrx_word' id='word_1_488' title='bbox 2880 1966 2965 2021; x_wconf 89' lang='lat' dir='ltr'><strong>vel</strong></span> <span class='ocrx_word' id='word_1_489' title='bbox 2996 1967 3199 2037; x_wconf 87' lang='lat' dir='ltr'><strong>argenti</strong></span> <span class='ocrx_word' id='word_1_490' title='bbox 3218 1966 3350 2022; x_wconf 80' lang='lat' dir='ltr'><strong>solis</strong></span> <span class='ocrx_word' id='word_1_491' title='bbox 3375 1970 3677 2036; x_wconf 53' lang='lat' dir='ltr'><strong>percussio.</strong></span> 
     </span>
    </p>
   </div>
   <div class='ocr_carea' id='block_1_62' title="bbox 2124 2047 3675 2125">
    <p class='ocr_par' dir='ltr' id='par_1_62' title="bbox 2124 2047 3675 2125">
     <span class='ocr_line' id='line_1_62' title="bbox 2124 2047 3675 2125; baseline 0.005 -24"><span class='ocrx_word' id='word_1_492' title='bbox 2124 2047 2282 2102; x_wconf 87' lang='lat' dir='ltr'><strong>nibus</strong></span> <span class='ocrx_word' id='word_1_493' title='bbox 2348 2050 2632 2120; x_wconf 90' lang='lat' dir='ltr'><strong>imaginem</strong></span> <span class='ocrx_word' id='word_1_494' title='bbox 2678 2053 2977 2120; x_wconf 86' lang='lat' dir='ltr'><strong>speciosam</strong></span> <span class='ocrx_word' id='word_1_495' title='bbox 3024 2053 3325 2110; x_wconf 79' lang='lat' dir='ltr'><strong>formasse?</strong></span> <span class='ocrx_word' id='word_1_496' title='bbox 3369 2053 3675 2125; x_wconf 45' lang='lat' dir='ltr'><strong>Non‘puto.</strong></span> 
     </span>
    </p>
   </div>
   <div class='ocr_carea' id='block_1_63' title="bbox 2124 2139 3675 2221">
    <p class='ocr_par' dir='ltr' id='par_1_63' title="bbox 2124 2139 3675 2221">
     <span class='ocr_line' id='line_1_63' title="bbox 2124 2139 3675 2221; baseline 0.005 -29"><span class='ocrx_word' id='word_1_497' title='bbox 2124 2139 2451 2205; x_wconf 77' lang='lat' dir='ltr'><strong>Quidtunc?</strong></span> <span class='ocrx_word' id='word_1_498' title='bbox 2483 2142 2754 2208; x_wconf 88' lang='lat' dir='ltr'><strong>Quatenus</strong></span> <span class='ocrx_word' id='word_1_499' title='bbox 2784 2153 2961 2213; x_wconf 87' lang='lat' dir='ltr'><strong>aptam</strong></span> <span class='ocrx_word' id='word_1_500' title='bbox 2991 2145 3211 2198; x_wconf 89' lang='lat' dir='ltr'><strong>formam</strong></span> <span class='ocrx_word' id='word_1_501' title='bbox 3241 2159 3308 2199; x_wconf 77' lang='lat' dir='ltr'><strong>ex</strong></span> <span class='ocrx_word' id='word_1_502' title='bbox 3338 2145 3534 2214; x_wconf 82' lang='lat' dir='ltr'><strong>lamina</strong></span> <span class='ocrx_word' id='word_1_503' title='bbox 3567 2144 3675 2221; x_wconf 49' lang='lat' dir='ltr'><strong>for;</strong></span> 
     </span>
    </p>
   </div>
   <div class='ocr_carea' id='block_1_64' title="bbox 2125 2227 3679 2301">
    <p class='ocr_par' dir='ltr' id='par_1_64' title="bbox 2125 2227 3679 2301">
     <span class='ocr_line' id='line_1_64' title="bbox 2125 2227 3679 2301; baseline 0.006 -19"><span class='ocrx_word' id='word_1_504' title='bbox 2125 2238 2229 2283; x_wconf 88' lang='lat' dir='ltr'><strong>mel</strong></span> <span class='ocrx_word' id='word_1_505' title='bbox 2256 2227 2375 2301; x_wconf 85' lang='lat' dir='ltr'><strong>[al.,</strong></span> <span class='ocrx_word' id='word_1_506' title='bbox 2404 2230 2598 2301; x_wconf 90' lang='lat' dir='ltr'><strong>aptet],</strong></span> <span class='ocrx_word' id='word_1_507' title='bbox 2630 2246 2771 2287; x_wconf 92' lang='lat' dir='ltr'><strong>nunc</strong></span> <span class='ocrx_word' id='word_1_508' title='bbox 2798 2246 2917 2286; x_wconf 90' lang='lat' dir='ltr'><strong>eam</strong></span> <span class='ocrx_word' id='word_1_509' title='bbox 2963 2249 3061 2288; x_wconf 90' lang='lat' dir='ltr'><strong>suo</strong></span> <span class='ocrx_word' id='word_1_510' title='bbox 3104 2235 3461 2288; x_wconf 88' lang='lat' dir='ltr'><strong>instrumento</strong></span> <span class='ocrx_word' id='word_1_511' title='bbox 3488 2234 3679 2291; x_wconf 89' lang='lat' dir='ltr'><strong>leniter</strong></span> 
     </span>
    </p>
   </div>
   <div class='ocr_carea' id='block_1_65' title="bbox 2123 2322 3679 2391">
    <p class='ocr_par' dir='ltr' id='par_1_65' title="bbox 2123 2322 3679 2391">
     <span class='ocr_line' id='line_1_65' title="bbox 2123 2322 3679 2391; baseline 0.003 -16"><span class='ocrx_word' id='word_1_512' title='bbox 2123 2322 2317 2390; x_wconf 87' lang='lat' dir='ltr'><strong>premit</strong></span> <span class='ocrx_word' id='word_1_513' title='bbox 2355 2333 2409 2376; x_wconf 93' lang='lat' dir='ltr'><strong>et</strong></span> <span class='ocrx_word' id='word_1_514' title='bbox 2444 2324 2714 2391; x_wconf 85' lang='lat' dir='ltr'><strong>percutit,</strong></span> <span class='ocrx_word' id='word_1_515' title='bbox 2757 2338 2898 2377; x_wconf 92' lang='lat' dir='ltr'><strong>nunc</strong></span> <span class='ocrx_word' id='word_1_516' title='bbox 2928 2324 3161 2379; x_wconf 78' lang='lat' dir='ltr'><strong>discreto</strong></span> <span class='ocrx_word' id='word_1_517' title='bbox 3203 2324 3463 2379; x_wconf 89' lang='lat' dir='ltr'><strong>levamine</strong></span> <span class='ocrx_word' id='word_1_518' title='bbox 3512 2326 3679 2381; x_wconf 83' lang='lat' dir='ltr'><strong>lenius</strong></span> 
     </span>
    </p>
   </div>
   <div class='ocr_carea' id='block_1_66' title="bbox 2121 2402 3717 2484">
    <p class='ocr_par' dir='ltr' id='par_1_66' title="bbox 2121 2402 3717 2484">
     <span class='ocr_line' id='line_1_66' title="bbox 2121 2402 3717 2484; baseline 0.006 -23"><span class='ocrx_word' id='word_1_519' title='bbox 2121 2410 2263 2464; x_wconf 82' lang='lat' dir='ltr'><strong>levat</strong></span> <span class='ocrx_word' id='word_1_520' title='bbox 2288 2420 2339 2465; x_wconf 91' lang='lat' dir='ltr'><strong>et</strong></span> <span class='ocrx_word' id='word_1_521' title='bbox 2366 2411 2579 2465; x_wconf 79' lang='lat' dir='ltr'><strong>format.</strong></span> <span class='ocrx_word' id='word_1_522' title='bbox 2612 2410 2703 2466; x_wconf 84' lang='lat' dir='ltr'><strong>Sic</strong></span> <span class='ocrx_word' id='word_1_523' title='bbox 2729 2422 2783 2467; x_wconf 89' lang='lat' dir='ltr'><strong>et</strong></span> <span class='ocrx_word' id='word_1_524' title='bbox 2815 2427 2911 2467; x_wconf 87' lang='lat' dir='ltr'><strong>vos</strong></span> <span class='ocrx_word' id='word_1_525' title='bbox 2939 2413 2982 2466; x_wconf 90' lang='lat' dir='ltr'><strong>si</strong></span> <span class='ocrx_word' id='word_1_526' title='bbox 3017 2427 3211 2481; x_wconf 87' lang='lat' dir='ltr'><strong>pueros</strong></span> <span class='ocrx_word' id='word_1_527' title='bbox 3243 2421 3448 2475; x_wconf 87' lang='lat' dir='ltr'><strong>vestros</strong></span> <span class='ocrx_word' id='word_1_528' title='bbox 3478 2402 3673 2484; x_wconf 73' lang='lat' dir='ltr'><strong>cupitis</strong></span> <span class='ocrx_word' id='word_1_529' title='bbox 3712 2468 3717 2471; x_wconf 77' lang='lat'><strong>.</strong></span> 
     </span>
    </p>
   </div>
   <div class='ocr_carea' id='block_1_67' title="bbox 2122 2494 3757 2567">
    <p class='ocr_par' dir='ltr' id='par_1_67' title="bbox 2122 2494 3757 2567">
     <span class='ocr_line' id='line_1_67' title="bbox 2122 2494 3757 2567; baseline 0.001 -16"><span class='ocrx_word' id='word_1_530' title='bbox 2122 2499 2326 2553; x_wconf 87' lang='lat' dir='ltr'><strong>ornatis</strong></span> <span class='ocrx_word' id='word_1_531' title='bbox 2356 2499 2592 2553; x_wconf 86' lang='lat' dir='ltr'><strong>moribus</strong></span> <span class='ocrx_word' id='word_1_532' title='bbox 2629 2514 2785 2563; x_wconf 91' lang='lat' dir='ltr'><strong>esse,</strong></span> <span class='ocrx_word' id='word_1_533' title='bbox 2833 2513 3049 2555; x_wconf 89' lang='lat' dir='ltr'><strong>necesse</strong></span> <span class='ocrx_word' id='word_1_534' title='bbox 3094 2499 3178 2555; x_wconf 88' lang='lat' dir='ltr'><strong>est</strong></span> <span class='ocrx_word' id='word_1_535' title='bbox 3224 2508 3283 2553; x_wconf 92' lang='lat' dir='ltr'><strong>ut</strong></span> <span class='ocrx_word' id='word_1_536' title='bbox 3312 2515 3431 2554; x_wconf 93' lang='lat' dir='ltr'><strong>cum</strong></span> <span class='ocrx_word' id='word_1_537' title='bbox 3459 2494 3675 2567; x_wconf 83' lang='lat' dir='ltr'><strong>depres-</strong></span> <span class='ocrx_word' id='word_1_538' title='bbox 3754 2530 3757 2533; x_wconf 66' lang='grc'><strong>»</strong></span> 
     </span>
    </p>
   </div>
   <div class='ocr_carea' id='block_1_68' title="bbox 2120 2582 3676 2659">
    <p class='ocr_par' dir='ltr' id='par_1_68' title="bbox 2120 2582 3676 2659">
     <span class='ocr_line' id='line_1_68' title="bbox 2120 2582 3676 2659; baseline 0.001 -20"><span class='ocrx_word' id='word_1_539' title='bbox 2120 2582 2363 2641; x_wconf 85' lang='lat' dir='ltr'><strong>sionibus</strong></span> <span class='ocrx_word' id='word_1_540' title='bbox 2398 2589 2678 2641; x_wconf 88' lang='lat' dir='ltr'><strong>verberum</strong></span> <span class='ocrx_word' id='word_1_541' title='bbox 2706 2588 3026 2657; x_wconf 87' lang='lat' dir='ltr'><strong>impendatis</strong></span> <span class='ocrx_word' id='word_1_542' title='bbox 3068 2590 3147 2644; x_wconf 89' lang='lat' dir='ltr'><strong>eis</strong></span> <span class='ocrx_word' id='word_1_543' title='bbox 3184 2599 3422 2659; x_wconf 74' lang='lat' dir='ltr'><strong>paternae</strong></span> <span class='ocrx_word' id='word_1_544' title='bbox 3464 2588 3676 2658; x_wconf 83' lang='lat' dir='ltr'><strong>pietatis</strong></span> 
     </span>
    </p>
   </div>
   <div class='ocr_carea' id='block_1_69' title="bbox 2121 2675 3674 2747">
    <p class='ocr_par' dir='ltr' id='par_1_69' title="bbox 2121 2675 3674 2747">
     <span class='ocr_line' id='line_1_69' title="bbox 2121 2675 3674 2747; baseline 0.001 -17"><span class='ocrx_word' id='word_1_545' title='bbox 2121 2685 2176 2730; x_wconf 91' lang='lat' dir='ltr'><strong>et</strong></span> <span class='ocrx_word' id='word_1_546' title='bbox 2205 2675 2627 2747; x_wconf 86' lang='lat' dir='ltr'><strong>mansuetudinis</strong></span> <span class='ocrx_word' id='word_1_547' title='bbox 2657 2676 2895 2729; x_wconf 88' lang='lat' dir='ltr'><strong>levamen</strong></span> <span class='ocrx_word' id='word_1_548' title='bbox 2926 2687 3086 2746; x_wconf 89' lang='lat' dir='ltr'><strong>atque</strong></span> <span class='ocrx_word' id='word_1_549' title='bbox 3112 2677 3425 2731; x_wconf 88' lang='lat' dir='ltr'><strong>subsidium.</strong></span> <span class='ocrx_word' id='word_1_550' title='bbox 3455 2676 3535 2730; x_wconf 81' lang='lat' dir='ltr'><strong>Ad</strong></span> <span class='ocrx_word' id='word_1_551' title='bbox 3563 2679 3674 2731; x_wconf 65' lang='lat' dir='ltr'><strong>batc</strong></span> 
     </span>
    </p>
   </div>
   <div class='ocr_carea' id='block_1_70' title="bbox 2119 2765 3678 2838">
    <p class='ocr_par' dir='ltr' id='par_1_70' title="bbox 2119 2765 3678 2838">
     <span class='ocr_line' id='line_1_70' title="bbox 2119 2765 3678 2838; baseline 0.004 -19"><span class='ocrx_word' id='word_1_552' title='bbox 2119 2765 2330 2819; x_wconf 79' lang='lat' dir='ltr'><strong>abbas:</strong></span> <span class='ocrx_word' id='word_1_553' title='bbox 2369 2765 2517 2831; x_wconf 87' lang='lat' dir='ltr'><strong>Quod</strong></span> <span class='ocrx_word' id='word_1_554' title='bbox 2546 2766 2820 2819; x_wconf 84' lang='lat' dir='ltr'><strong>levamen?</strong></span> <span class='ocrx_word' id='word_1_555' title='bbox 2844 2769 2985 2836; x_wconf 86' lang='lat' dir='ltr'><strong>quod</strong></span> <span class='ocrx_word' id='word_1_556' title='bbox 3021 2767 3315 2822; x_wconf 87' lang='lat' dir='ltr'><strong>subsidium</strong></span> <span class='ocrx_word' id='word_1_557' title='bbox 3336 2769 3463 2822; x_wconf 36' lang='lat' dir='ltr'><strong>Y&#39;Ad</strong></span> <span class='ocrx_word' id='word_1_558' title='bbox 3492 2782 3678 2838; x_wconf 84' lang='lat' dir='ltr'><strong>graves</strong></span> 
     </span>
    </p>
   </div>
   <div class='ocr_carea' id='block_1_71' title="bbox 2119 2840 3673 2927">
    <p class='ocr_par' dir='ltr' id='par_1_71' title="bbox 2119 2840 3673 2927">
     <span class='ocr_line' id='line_1_71' title="bbox 2119 2840 3673 2927; baseline 0.006 -19"><span class='ocrx_word' id='word_1_559' title='bbox 2119 2863 2173 2908; x_wconf 91' lang='lat' dir='ltr'><strong>et</strong></span> <span class='ocrx_word' id='word_1_560' title='bbox 2196 2865 2432 2909; x_wconf 87' lang='lat' dir='ltr'><strong>maturos</strong></span> <span class='ocrx_word' id='word_1_561' title='bbox 2472 2855 2641 2910; x_wconf 89' lang='lat' dir='ltr'><strong>moles</strong></span> <span class='ocrx_word' id='word_1_562' title='bbox 2666 2856 2783 2910; x_wconf 84' lang='lat' dir='ltr'><strong>illos</strong></span> <span class='ocrx_word' id='word_1_563' title='bbox 2828 2840 3196 2927; x_wconf 82' lang='lat' dir='ltr'><strong>constringere</strong></span> <span class='ocrx_word' id='word_1_564' title='bbox 3222 2858 3544 2915; x_wconf 90' lang='lat' dir='ltr'><strong>laboramus.</strong></span> <span class='ocrx_word' id='word_1_565' title='bbox 3575 2858 3673 2917; x_wconf 88' lang='lat' dir='ltr'><strong>Cui</strong></span> 
     </span>
    </p>
   </div>
   <div class='ocr_carea' id='block_1_72' title="bbox 2122 2943 3666 3016">
    <p class='ocr_par' dir='ltr' id='par_1_72' title="bbox 2122 2943 3666 3016">
     <span class='ocr_line' id='line_1_72' title="bbox 2122 2943 3666 3016; baseline 0.007 -20"><span class='ocrx_word' id='word_1_566' title='bbox 2122 2943 2245 2998; x_wconf 89' lang='lat' dir='ltr'><strong>ille:</strong></span> <span class='ocrx_word' id='word_1_567' title='bbox 2278 2944 2418 2998; x_wconf 85' lang='lat' dir='ltr'><strong>Bene</strong></span> <span class='ocrx_word' id='word_1_568' title='bbox 2438 2944 2668 3012; x_wconf 88' lang='lat' dir='ltr'><strong>quidem.</strong></span> <span class='ocrx_word' id='word_1_569' title='bbox 2697 2945 2760 2998; x_wconf 83' lang='lat' dir='ltr'><strong>Et</strong></span> <span class='ocrx_word' id='word_1_570' title='bbox 2784 2946 2934 3015; x_wconf 89' lang='lat' dir='ltr'><strong>panis</strong></span> <span class='ocrx_word' id='word_1_571' title='bbox 2967 2957 3021 3001; x_wconf 91' lang='lat' dir='ltr'><strong>et</strong></span> <span class='ocrx_word' id='word_1_572' title='bbox 3047 2947 3272 3016; x_wconf 89' lang='lat' dir='ltr'><strong>quisque</strong></span> <span class='ocrx_word' id='word_1_573' title='bbox 3301 2948 3499 3004; x_wconf 83' lang='lat' dir='ltr'><strong>solidus</strong></span> <span class='ocrx_word' id='word_1_574' title='bbox 3520 2949 3666 3007; x_wconf 85' lang='lat' dir='ltr'><strong>utilis</strong></span> 
     </span>
    </p>
   </div>
   <div class='ocr_carea' id='block_1_73' title="bbox 2051 3033 3671 3123">
    <p class='ocr_par' dir='ltr' id='par_1_73' title="bbox 2051 3033 3671 3123">
     <span class='ocr_line' id='line_1_73' title="bbox 2051 3033 3671 3123; baseline 0.004 -35"><span class='ocrx_word' id='word_1_575' title='bbox 2051 3068 2092 3123; x_wconf 65' lang='grc' dir='ltr'>Ο</span> <span class='ocrx_word' id='word_1_576' title='bbox 2123 3043 2177 3088; x_wconf 92' lang='lat' dir='ltr'><strong>et</strong></span> <span class='ocrx_word' id='word_1_577' title='bbox 2203 3034 2373 3088; x_wconf 90' lang='lat' dir='ltr'><strong>bonus</strong></span> <span class='ocrx_word' id='word_1_578' title='bbox 2397 3045 2497 3096; x_wconf 87' lang='lat' dir='ltr'><strong>est,</strong></span> <span class='ocrx_word' id='word_1_579' title='bbox 2526 3048 2591 3087; x_wconf 91' lang='lat' dir='ltr'><strong>eo</strong></span> <span class='ocrx_word' id='word_1_580' title='bbox 2619 3034 2695 3088; x_wconf 91' lang='lat' dir='ltr'><strong>uti</strong></span> <span class='ocrx_word' id='word_1_581' title='bbox 2736 3035 2953 3088; x_wconf 90' lang='lat' dir='ltr'><strong>valenti.</strong></span> <span class='ocrx_word' id='word_1_582' title='bbox 2988 3033 3182 3089; x_wconf 86' lang='lat' dir='ltr'><strong>Verum</strong></span> <span class='ocrx_word' id='word_1_583' title='bbox 3210 3037 3482 3092; x_wconf 79' lang='lat' dir='ltr'><strong>subtracto</strong></span> <span class='ocrx_word' id='word_1_584' title='bbox 3533 3039 3671 3095; x_wconf 79' lang='lat' dir='ltr'><strong>lacte</strong></span> 
     </span>
    </p>
   </div>
   <div class='ocr_carea' id='block_1_74' title="bbox 2127 3123 3682 3198">
    <p class='ocr_par' dir='ltr' id='par_1_74' title="bbox 2127 3123 3682 3198">
     <span class='ocr_line' id='line_1_74' title="bbox 2127 3123 3682 3198; baseline 0.003 -21"><span class='ocrx_word' id='word_1_585' title='bbox 2127 3125 2243 3177; x_wconf 89' lang='lat' dir='ltr'><strong>ciba</strong></span> <span class='ocrx_word' id='word_1_586' title='bbox 2279 3123 2399 3176; x_wconf 87' lang='lat' dir='ltr'><strong>inde</strong></span> <span class='ocrx_word' id='word_1_587' title='bbox 2427 3124 2707 3177; x_wconf 87' lang='lat' dir='ltr'><strong>lactentem</strong></span> <span class='ocrx_word' id='word_1_588' title='bbox 2738 3123 3015 3189; x_wconf 84' lang='lat' dir='ltr'><strong>infantem,</strong></span> <span class='ocrx_word' id='word_1_589' title='bbox 3044 3135 3097 3179; x_wconf 91' lang='lat' dir='ltr'><strong>et</strong></span> <span class='ocrx_word' id='word_1_590' title='bbox 3124 3126 3330 3180; x_wconf 89' lang='lat' dir='ltr'><strong>videbis</strong></span> <span class='ocrx_word' id='word_1_591' title='bbox 3358 3140 3477 3180; x_wconf 90' lang='lat' dir='ltr'><strong>eum</strong></span> <span class='ocrx_word' id='word_1_592' title='bbox 3510 3130 3682 3198; x_wconf 82' lang='lat' dir='ltr'><strong>magis</strong></span> 
     </span>
    </p>
   </div>
   <div class='ocr_carea' id='block_1_75' title="bbox 2127 3210 3683 3279">
    <p class='ocr_par' dir='ltr' id='par_1_75' title="bbox 2127 3210 3683 3279">
     <span class='ocr_line' id='line_1_75' title="bbox 2127 3210 3683 3279; baseline 0.004 -16"><span class='ocrx_word' id='word_1_593' title='bbox 2127 3225 2192 3263; x_wconf 79' lang='lat' dir='ltr'><strong>ex</strong></span> <span class='ocrx_word' id='word_1_594' title='bbox 2217 3212 2317 3264; x_wconf 87' lang='lat' dir='ltr'><strong>hoc</strong></span> <span class='ocrx_word' id='word_1_595' title='bbox 2344 3210 2690 3279; x_wconf 85' lang='lat' dir='ltr'><strong>strangulari,</strong></span> <span class='ocrx_word' id='word_1_596' title='bbox 2720 3224 2882 3279; x_wconf 89' lang='lat' dir='ltr'><strong>quam</strong></span> <span class='ocrx_word' id='word_1_597' title='bbox 2915 3212 3167 3265; x_wconf 85' lang='lat' dir='ltr'><strong>recreari.</strong></span> <span class='ocrx_word' id='word_1_598' title='bbox 3194 3211 3303 3266; x_wconf 88' lang='lat' dir='ltr'><strong>Cur</strong></span> <span class='ocrx_word' id='word_1_599' title='bbox 3328 3213 3469 3266; x_wconf 81' lang='lat' dir='ltr'><strong>hoc?</strong></span> <span class='ocrx_word' id='word_1_600' title='bbox 3497 3214 3683 3276; x_wconf 84' lang='lat' dir='ltr'><strong>Dicere</strong></span> 
     </span>
    </p>
   </div>
   <div class='ocr_carea' id='block_1_76' title="bbox 2127 3298 3685 3377">
    <p class='ocr_par' dir='ltr' id='par_1_76' title="bbox 2127 3298 3685 3377">
     <span class='ocr_line' id='line_1_76' title="bbox 2127 3298 3685 3377; baseline 0.006 -25"><span class='ocrx_word' id='word_1_601' title='bbox 2127 3298 2269 3363; x_wconf 80' lang='lat' dir='ltr'><strong>nolo,</strong></span> <span class='ocrx_word' id='word_1_602' title='bbox 2293 3300 2543 3367; x_wconf 88' lang='lat' dir='ltr'><strong>quoniam</strong></span> <span class='ocrx_word' id='word_1_603' title='bbox 2567 3300 2749 3354; x_wconf 78' lang='lat' dir='ltr'><strong>claret.</strong></span> <span class='ocrx_word' id='word_1_604' title='bbox 2776 3300 3022 3354; x_wconf 83' lang='lat' dir='ltr'><strong>Attamen</strong></span> <span class='ocrx_word' id='word_1_605' title='bbox 3050 3301 3150 3355; x_wconf 91' lang='lat' dir='ltr'><strong>hoc</strong></span> <span class='ocrx_word' id='word_1_606' title='bbox 3177 3310 3371 3367; x_wconf 86' lang='lat' dir='ltr'><strong>tenete,</strong></span> <span class='ocrx_word' id='word_1_607' title='bbox 3395 3303 3516 3372; x_wconf 84' lang='lat' dir='ltr'><strong>quia</strong></span> <span class='ocrx_word' id='word_1_608' title='bbox 3542 3304 3685 3377; x_wconf 84' lang='lat' dir='ltr'><strong>sicut</strong></span> 
     </span>
    </p>
   </div>
   <div class='ocr_carea' id='block_1_77' title="bbox 2128 3382 3763 3469">
    <p class='ocr_par' dir='ltr' id='par_1_77' title="bbox 2128 3382 3763 3469">
     <span class='ocr_line' id='line_1_77' title="bbox 2128 3382 3763 3469; baseline 0.004 -29"><span class='ocrx_word' id='word_1_609' title='bbox 2128 3388 2315 3469; x_wconf 80' lang='lat' dir='ltr'><strong>fragile</strong></span> <span class='ocrx_word' id='word_1_610' title='bbox 2333 3397 2387 3440; x_wconf 92' lang='lat' dir='ltr'><strong>et</strong></span> <span class='ocrx_word' id='word_1_611' title='bbox 2410 3387 2549 3441; x_wconf 85' lang='lat' dir='ltr'><strong>forte</strong></span> <span class='ocrx_word' id='word_1_612' title='bbox 2573 3402 2767 3456; x_wconf 91' lang='lat' dir='ltr'><strong>corpus</strong></span> <span class='ocrx_word' id='word_1_613' title='bbox 2790 3399 2886 3457; x_wconf 91' lang='lat' dir='ltr'><strong>pro</strong></span> <span class='ocrx_word' id='word_1_614' title='bbox 2910 3403 3004 3441; x_wconf 89' lang='lat' dir='ltr'><strong>sua</strong></span> <span class='ocrx_word' id='word_1_615' title='bbox 3033 3390 3289 3459; x_wconf 87' lang='lat' dir='ltr'><strong>qualitate</strong></span> <span class='ocrx_word' id='word_1_616' title='bbox 3315 3391 3475 3444; x_wconf 86' lang='lat' dir='ltr'><strong>habet</strong></span> <span class='ocrx_word' id='word_1_617' title='bbox 3503 3392 3679 3469; x_wconf 74' lang='lat' dir='ltr'><strong>cibum</strong></span> <span class='ocrx_word' id='word_1_618' title='bbox 3760 3382 3763 3383; x_wconf 17' lang='grc' dir='ltr'><em>ν</em></span> 
     </span>
    </p>
   </div>
   <div class='ocr_carea' id='block_1_78' title="bbox 2127 3465 3679 3547">
    <p class='ocr_par' dir='ltr' id='par_1_78' title="bbox 2127 3465 3679 3547">
     <span class='ocr_line' id='line_1_78' title="bbox 2127 3465 3679 3547; baseline 0.001 -16"><span class='ocrx_word' id='word_1_619' title='bbox 2127 3465 2311 3542; x_wconf 78' lang='lat' dir='ltr'><strong>suum;</strong></span> <span class='ocrx_word' id='word_1_620' title='bbox 2362 3477 2434 3532; x_wconf 89' lang='lat' dir='ltr'><strong>ita</strong></span> <span class='ocrx_word' id='word_1_621' title='bbox 2482 3477 2685 3547; x_wconf 86' lang='lat' dir='ltr'><strong>fragilis</strong></span> <span class='ocrx_word' id='word_1_622' title='bbox 2726 3487 2782 3531; x_wconf 90' lang='lat' dir='ltr'><strong>et</strong></span> <span class='ocrx_word' id='word_1_623' title='bbox 2827 3477 2981 3531; x_wconf 89' lang='lat' dir='ltr'><strong>fortis</strong></span> <span class='ocrx_word' id='word_1_624' title='bbox 3029 3478 3206 3531; x_wconf 89' lang='lat' dir='ltr'><strong>anima</strong></span> <span class='ocrx_word' id='word_1_625' title='bbox 3254 3478 3414 3531; x_wconf 86' lang='lat' dir='ltr'><strong>habet</strong></span> <span class='ocrx_word' id='word_1_626' title='bbox 3457 3491 3555 3547; x_wconf 89' lang='lat' dir='ltr'><strong>pro</strong></span> <span class='ocrx_word' id='word_1_627' title='bbox 3594 3465 3679 3540; x_wconf 70' lang='lat' dir='ltr'><strong>sui</strong></span> 
     </span>
    </p>
   </div>
   <div class='ocr_carea' id='block_1_79' title="bbox 2128 3567 3683 3643">
    <p class='ocr_par' dir='ltr' id='par_1_79' title="bbox 2128 3567 3683 3643">
     <span class='ocr_line' id='line_1_79' title="bbox 2128 3567 3683 3643; baseline 0.003 -22"><span class='ocrx_word' id='word_1_628' title='bbox 2128 3583 2374 3622; x_wconf 88' lang='lat' dir='ltr'><strong>mensura</strong></span> <span class='ocrx_word' id='word_1_629' title='bbox 2405 3568 2602 3620; x_wconf 91' lang='lat' dir='ltr'><strong>victum</strong></span> <span class='ocrx_word' id='word_1_630' title='bbox 2633 3584 2808 3621; x_wconf 89' lang='lat' dir='ltr'><strong>suum.</strong></span> <span class='ocrx_word' id='word_1_631' title='bbox 2842 3568 3017 3623; x_wconf 84' lang='lat' dir='ltr'><strong>Fortis</strong></span> <span class='ocrx_word' id='word_1_632' title='bbox 3060 3569 3257 3643; x_wconf 79' lang='lat' dir='ltr'><strong>anima</strong></span> <span class='ocrx_word' id='word_1_633' title='bbox 3279 3567 3578 3623; x_wconf 87' lang='lat' dir='ltr'><strong>delectatur</strong></span> <span class='ocrx_word' id='word_1_634' title='bbox 3626 3580 3683 3625; x_wconf 86' lang='lat' dir='ltr'><strong>et</strong></span> 
     </span>
    </p>
   </div>
   <div class='ocr_carea' id='block_1_80' title="bbox 2127 3655 3750 3723">
    <p class='ocr_par' dir='ltr' id='par_1_80' title="bbox 2127 3655 3750 3723">
     <span class='ocr_line' id='line_1_80' title="bbox 2127 3655 3750 3723; baseline 0.003 -15"><span class='ocrx_word' id='word_1_635' title='bbox 2127 3657 2365 3723; x_wconf 86' lang='lat' dir='ltr'><strong>pascitur</strong></span> <span class='ocrx_word' id='word_1_636' title='bbox 2394 3655 2564 3709; x_wconf 89' lang='lat' dir='ltr'><strong>solido</strong></span> <span class='ocrx_word' id='word_1_637' title='bbox 2608 3656 2750 3720; x_wconf 87' lang='lat' dir='ltr'><strong>cibo,</strong></span> <span class='ocrx_word' id='word_1_638' title='bbox 2796 3656 3051 3723; x_wconf 89' lang='lat' dir='ltr'><strong>patientia</strong></span> <span class='ocrx_word' id='word_1_639' title='bbox 3102 3656 3307 3710; x_wconf 89' lang='lat' dir='ltr'><strong>scilicet</strong></span> <span class='ocrx_word' id='word_1_640' title='bbox 3359 3658 3411 3709; x_wconf 92' lang='lat' dir='ltr'><strong>in</strong></span> <span class='ocrx_word' id='word_1_641' title='bbox 3460 3658 3684 3713; x_wconf 62' lang='lat' dir='ltr'><strong>tribula-e</strong></span> <span class='ocrx_word' id='word_1_642' title='bbox 3746 3705 3750 3713; x_wconf 96' lang='lat'><strong>.</strong></span> 
     </span>
    </p>
   </div>
   <div class='ocr_carea' id='block_1_81' title="bbox 2131 3736 3681 3813">
    <p class='ocr_par' dir='ltr' id='par_1_81' title="bbox 2131 3736 3681 3813">
     <span class='ocr_line' id='line_1_81' title="bbox 2131 3736 3681 3813; baseline 0.002 -14"><span class='ocrx_word' id='word_1_643' title='bbox 2131 3747 2383 3808; x_wconf 87' lang='lat' dir='ltr'><strong>tionibus,</strong></span> <span class='ocrx_word' id='word_1_644' title='bbox 2406 3761 2509 3799; x_wconf 91' lang='lat' dir='ltr'><strong>non</strong></span> <span class='ocrx_word' id='word_1_645' title='bbox 2538 3746 2917 3813; x_wconf 89' lang='lat' dir='ltr'><strong>concupiscere</strong></span> <span class='ocrx_word' id='word_1_646' title='bbox 2944 3746 3140 3809; x_wconf 88' lang='lat' dir='ltr'><strong>aliena,</strong></span> <span class='ocrx_word' id='word_1_647' title='bbox 3172 3736 3487 3813; x_wconf 89' lang='lat' dir='ltr'><strong>percutienti</strong></span> <span class='ocrx_word' id='word_1_648' title='bbox 3510 3762 3681 3803; x_wconf 76' lang='lat' dir='ltr'><strong>unam</strong></span> 
     </span>
    </p>
   </div>
   <div class='ocr_carea' id='block_1_82' title="bbox 2128 3831 3679 3901">
    <p class='ocr_par' dir='ltr' id='par_1_82' title="bbox 2128 3831 3679 3901">
     <span class='ocr_line' id='line_1_82' title="bbox 2128 3831 3679 3901; baseline 0.001 -15"><span class='ocrx_word' id='word_1_649' title='bbox 2128 3833 2398 3887; x_wconf 73' lang='lat' dir='ltr'><strong>maxillam</strong></span> <span class='ocrx_word' id='word_1_650' title='bbox 2442 3832 2683 3899; x_wconf 63' lang='lat' dir='ltr'><strong>praebere</strong></span> <span class='ocrx_word' id='word_1_651' title='bbox 2732 3831 2951 3898; x_wconf 75' lang='lat' dir='ltr'><strong>alteram</strong></span> <span class='ocrx_word' id='word_1_652' title='bbox 2984 3872 2997 3896; x_wconf 95' lang='lat'><strong>,</strong></span> <span class='ocrx_word' id='word_1_653' title='bbox 3052 3846 3208 3886; x_wconf 89' lang='lat' dir='ltr'><strong>orare</strong></span> <span class='ocrx_word' id='word_1_654' title='bbox 3263 3847 3359 3901; x_wconf 92' lang='lat' dir='ltr'><strong>pro</strong></span> <span class='ocrx_word' id='word_1_655' title='bbox 3408 3833 3679 3901; x_wconf 86' lang='lat' dir='ltr'><strong>inimicis,</strong></span> 
     </span>
    </p>
   </div>
   <div class='ocr_carea' id='block_1_83' title="bbox 2127 3920 3681 3995">
    <p class='ocr_par' dir='ltr' id='par_1_83' title="bbox 2127 3920 3681 3995">
     <span class='ocr_line' id='line_1_83' title="bbox 2127 3920 3681 3995; baseline 0.001 -19"><span class='ocrx_word' id='word_1_656' title='bbox 2127 3923 2364 3976; x_wconf 73' lang='lat' dir='ltr'><strong>odientes</strong></span> <span class='ocrx_word' id='word_1_657' title='bbox 2396 3921 2633 3988; x_wconf 88' lang='lat' dir='ltr'><strong>diligere,</strong></span> <span class='ocrx_word' id='word_1_658' title='bbox 2662 3922 2716 3974; x_wconf 87' lang='lat' dir='ltr'><strong>et</strong></span> <span class='ocrx_word' id='word_1_659' title='bbox 2752 3920 2913 3973; x_wconf 88' lang='lat' dir='ltr'><strong>multa</strong></span> <span class='ocrx_word' id='word_1_660' title='bbox 2944 3922 2995 3974; x_wconf 91' lang='lat' dir='ltr'><strong>in</strong></span> <span class='ocrx_word' id='word_1_661' title='bbox 3018 3923 3161 3976; x_wconf 90' lang='lat' dir='ltr'><strong>hunc</strong></span> <span class='ocrx_word' id='word_1_662' title='bbox 3194 3923 3426 3977; x_wconf 90' lang='lat' dir='ltr'><strong>modum.</strong></span> <span class='ocrx_word' id='word_1_663' title='bbox 3454 3922 3681 3995; x_wconf 83' lang='lat' dir='ltr'><strong>Fragilis</strong></span> 
     </span>
    </p>
   </div>
   <div class='ocr_carea' id='block_1_84' title="bbox 2126 4008 3678 4084">
    <p class='ocr_par' dir='ltr' id='par_1_84' title="bbox 2126 4008 3678 4084">
     <span class='ocr_line' id='line_1_84' title="bbox 2126 4008 3678 4084; baseline 0.003 -21"><span class='ocrx_word' id='word_1_664' title='bbox 2126 4020 2303 4065; x_wconf 84' lang='lat' dir='ltr'><strong>autem</strong></span> <span class='ocrx_word' id='word_1_665' title='bbox 2329 4019 2384 4063; x_wconf 89' lang='lat' dir='ltr'><strong>et</strong></span> <span class='ocrx_word' id='word_1_666' title='bbox 2410 4010 2583 4062; x_wconf 85' lang='lat' dir='ltr'><strong>adhuc</strong></span> <span class='ocrx_word' id='word_1_667' title='bbox 2612 4008 2785 4062; x_wconf 84' lang='lat' dir='ltr'><strong>inDei</strong></span> <span class='ocrx_word' id='word_1_668' title='bbox 2821 4009 3039 4063; x_wconf 90' lang='lat' dir='ltr'><strong>servitio</strong></span> <span class='ocrx_word' id='word_1_669' title='bbox 3075 4018 3255 4064; x_wconf 88' lang='lat' dir='ltr'><strong>tenera</strong></span> <span class='ocrx_word' id='word_1_670' title='bbox 3296 4010 3412 4081; x_wconf 83' lang='lat' dir='ltr'><strong>[al.,</strong></span> <span class='ocrx_word' id='word_1_671' title='bbox 3447 4012 3678 4084; x_wconf 77' lang='lat' dir='ltr'><strong>tenere].</strong></span> 
     </span>
    </p>
   </div>
   <div class='ocr_carea' id='block_1_85' title="bbox 2128 4100 3675 4169">
    <p class='ocr_par' dir='ltr' id='par_1_85' title="bbox 2128 4100 3675 4169">
     <span class='ocr_line' id='line_1_85' title="bbox 2128 4100 3675 4169; baseline 0.005 -15"><span class='ocrx_word' id='word_1_672' title='bbox 2128 4100 2269 4157; x_wconf 89' lang='lat' dir='ltr'><strong>lacte</strong></span> <span class='ocrx_word' id='word_1_673' title='bbox 2323 4100 2570 4169; x_wconf 87' lang='lat' dir='ltr'><strong>indiget,</strong></span> <span class='ocrx_word' id='word_1_674' title='bbox 2635 4100 3040 4154; x_wconf 90' lang='lat' dir='ltr'><strong>mansuetudine</strong></span> <span class='ocrx_word' id='word_1_675' title='bbox 3091 4102 3335 4156; x_wconf 88' lang='lat' dir='ltr'><strong>videlicet</strong></span> <span class='ocrx_word' id='word_1_676' title='bbox 3406 4104 3675 4168; x_wconf 86' lang='lat' dir='ltr'><strong>aliorum,</strong></span> 
     </span>
    </p>
   </div>
   <div class='ocr_carea' id='block_1_86' title="bbox 2126 4188 3679 4258">
    <p class='ocr_par' dir='ltr' id='par_1_86' title="bbox 2126 4188 3679 4258">
     <span class='ocr_line' id='line_1_86' title="bbox 2126 4188 3679 4258; baseline 0.001 -15"><span class='ocrx_word' id='word_1_677' title='bbox 2126 4189 2470 4258; x_wconf 81' lang='lat' dir='ltr'><strong>benignitate,</strong></span> <span class='ocrx_word' id='word_1_678' title='bbox 2506 4188 2887 4252; x_wconf 89' lang='lat' dir='ltr'><strong>misericordia,</strong></span> <span class='ocrx_word' id='word_1_679' title='bbox 2922 4189 3075 4242; x_wconf 86' lang='lat' dir='ltr'><strong>hilari</strong></span> <span class='ocrx_word' id='word_1_680' title='bbox 3104 4191 3473 4256; x_wconf 89' lang='lat' dir='ltr'><strong>advocatione,</strong></span> <span class='ocrx_word' id='word_1_681' title='bbox 3501 4192 3679 4247; x_wconf 66' lang='lat' dir='ltr'><strong>chari-</strong></span> 
     </span>
    </p>
   </div>
   <div class='ocr_carea' id='block_1_87' title="bbox 2128 4277 3675 4347">
    <p class='ocr_par' dir='ltr' id='par_1_87' title="bbox 2128 4277 3675 4347">
     <span class='ocr_line' id='line_1_87' title="bbox 2128 4277 3675 4347; baseline 0.005 -18"><span class='ocrx_word' id='word_1_682' title='bbox 2128 4279 2288 4329; x_wconf 88' lang='lat' dir='ltr'><strong>tativa</strong></span> <span class='ocrx_word' id='word_1_683' title='bbox 2354 4277 2789 4346; x_wconf 82' lang='lat' dir='ltr'><strong>supportatione,</strong></span> <span class='ocrx_word' id='word_1_684' title='bbox 2843 4288 2896 4330; x_wconf 91' lang='lat' dir='ltr'><strong>et</strong></span> <span class='ocrx_word' id='word_1_685' title='bbox 2954 4278 3193 4346; x_wconf 86' lang='lat' dir='ltr'><strong>pluribus</strong></span> <span class='ocrx_word' id='word_1_686' title='bbox 3246 4279 3570 4347; x_wconf 89' lang='lat' dir='ltr'><strong>bujnsmodi.</strong></span> <span class='ocrx_word' id='word_1_687' title='bbox 3618 4281 3675 4337; x_wconf 92' lang='lat' dir='ltr'><strong>Si</strong></span> 
     </span>
    </p>
   </div>
   <div class='ocr_carea' id='block_1_88' title="bbox 471 4362 3673 4439">
    <p class='ocr_par' dir='ltr' id='par_1_88' title="bbox 471 4362 3673 4439">
     <span class='ocr_line' id='line_1_88' title="bbox 471 4362 3673 4439; baseline 0.002 -19"><span class='ocrx_word' id='word_1_688' title='bbox 471 4382 597 4421; x_wconf 92' lang='lat' dir='ltr'><strong>suos</strong></span> <span class='ocrx_word' id='word_1_689' title='bbox 637 4366 941 4420; x_wconf 88' lang='lat' dir='ltr'><strong>nullatenus</strong></span> <span class='ocrx_word' id='word_1_690' title='bbox 981 4368 1266 4420; x_wconf 80' lang='lat' dir='ltr'><strong>extendere</strong></span> <span class='ocrx_word' id='word_1_691' title='bbox 1297 4377 1513 4435; x_wconf 85' lang='lat' dir='ltr'><strong>posset,</strong></span> <span class='ocrx_word' id='word_1_692' title='bbox 1567 4384 1685 4422; x_wconf 90' lang='lat' dir='ltr'><strong>cum</strong></span> <span class='ocrx_word' id='word_1_693' title='bbox 1739 4362 1855 4423; x_wconf 76' lang='lat' dir='ltr'><strong>eam</strong></span> <span class='ocrx_word' id='word_1_694' title='bbox 1906 4381 2024 4439; x_wconf 92' lang='lat' dir='ltr'><strong>post</strong></span> <span class='ocrx_word' id='word_1_695' title='bbox 2055 4372 2098 4424; x_wconf 93' lang='lat' dir='ltr'><strong>D</strong></span> <span class='ocrx_word' id='word_1_696' title='bbox 2126 4366 2305 4418; x_wconf 70' lang='lat' dir='ltr'><strong>laliIel&#39;</strong></span> <span class='ocrx_word' id='word_1_697' title='bbox 2330 4367 2521 4418; x_wconf 72' lang='lat' dir='ltr'><strong>vestris</strong></span> <span class='ocrx_word' id='word_1_698' title='bbox 2546 4375 2600 4418; x_wconf 69' lang='lat' dir='ltr'><strong>et</strong></span> <span class='ocrx_word' id='word_1_699' title='bbox 2630 4364 2855 4418; x_wconf 61' lang='lat' dir='ltr'><strong>fortibus</strong></span> <span class='ocrx_word' id='word_1_700' title='bbox 2886 4374 2940 4418; x_wconf 70' lang='grc' dir='ltr'><strong>ει</strong></span> <span class='ocrx_word' id='word_1_701' title='bbox 2976 4366 3201 4419; x_wconf 67' lang='lat' dir='ltr'><strong>infirmis</strong></span> <span class='ocrx_word' id='word_1_702' title='bbox 3254 4382 3347 4421; x_wconf 61' lang='grc' dir='ltr'><strong>νος</strong></span> <span class='ocrx_word' id='word_1_703' title='bbox 3375 4369 3673 4438; x_wconf 80' lang='lat' dir='ltr'><strong>coaptatis;</strong></span> 
     </span>
    </p>
   </div>
   <div class='ocr_carea' id='block_1_89' title="bbox 470 4456 2025 4526">
    <p class='ocr_par' dir='ltr' id='par_1_89' title="bbox 470 4456 2025 4526">
     <span class='ocr_line' id='line_1_89' title="bbox 470 4456 2025 4526; baseline 0.003 -17"><span class='ocrx_word' id='word_1_704' title='bbox 470 4472 638 4509; x_wconf 89' lang='lat' dir='ltr'><strong>annos</strong></span> <span class='ocrx_word' id='word_1_705' title='bbox 665 4456 998 4521; x_wconf 75' lang='lat' dir='ltr'><strong>excluderes,</strong></span> <span class='ocrx_word' id='word_1_706' title='bbox 1030 4456 1201 4524; x_wconf 89' lang='lat' dir='ltr'><strong>qualis</strong></span> <span class='ocrx_word' id='word_1_707' title='bbox 1235 4457 1395 4509; x_wconf 88' lang='lat' dir='ltr'><strong>arbor</strong></span> <span class='ocrx_word' id='word_1_708' title='bbox 1422 4459 1541 4510; x_wconf 85' lang='lat' dir='ltr'><strong>inde</strong></span> <span class='ocrx_word' id='word_1_709' title='bbox 1570 4460 1805 4526; x_wconf 88' lang='lat' dir='ltr'><strong>prodiret</strong></span> <span class='ocrx_word' id='word_1_710' title='bbox 1824 4460 1871 4512; x_wconf 43' lang='grc' dir='ltr'><strong>*ἓν</strong></span> <span class='ocrx_word' id='word_1_711' title='bbox 1898 4460 2025 4514; x_wconf 81' lang='lat' dir='ltr'><strong>Pro-</strong></span> 
     </span>
    </p>
   </div>
   <div class='ocr_carea' id='block_1_90' title="bbox 470 4547 2022 4615">
    <p class='ocr_par' dir='ltr' id='par_1_90' title="bbox 470 4547 2022 4615">
     <span class='ocr_line' id='line_1_90' title="bbox 470 4547 2022 4615; baseline 0.001 -12"><span class='ocrx_word' id='word_1_712' title='bbox 470 4548 611 4603; x_wconf 82' lang='lat' dir='ltr'><strong>fecto</strong></span> <span class='ocrx_word' id='word_1_713' title='bbox 631 4548 832 4601; x_wconf 87' lang='lat' dir='ltr'><strong>initnlis</strong></span> <span class='ocrx_word' id='word_1_714' title='bbox 853 4588 869 4613; x_wconf 90' lang='lat'><strong>,</strong></span> <span class='ocrx_word' id='word_1_715' title='bbox 898 4547 1133 4600; x_wconf 87' lang='lat' dir='ltr'><strong>incurvis</strong></span> <span class='ocrx_word' id='word_1_716' title='bbox 1157 4548 1317 4600; x_wconf 85' lang='lat' dir='ltr'><strong>ramis</strong></span> <span class='ocrx_word' id='word_1_717' title='bbox 1342 4557 1389 4601; x_wconf 91' lang='lat' dir='ltr'><strong>et</strong></span> <span class='ocrx_word' id='word_1_718' title='bbox 1428 4550 1708 4615; x_wconf 79' lang='lat' dir='ltr'><strong>perplexis.</strong></span> <span class='ocrx_word' id='word_1_719' title='bbox 1745 4550 1807 4602; x_wconf 83' lang='lat' dir='ltr'><strong>Et</strong></span> <span class='ocrx_word' id='word_1_720' title='bbox 1838 4551 1935 4604; x_wconf 89' lang='lat' dir='ltr'><strong>hoc</strong></span> <span class='ocrx_word' id='word_1_721' title='bbox 1959 4567 2022 4605; x_wconf 82' lang='lat' dir='ltr'><strong>ex</strong></span> 
     </span>
    </p>
   </div>
   <div class='ocr_carea' id='block_1_91' title="bbox 470 4632 2026 4702">
    <p class='ocr_par' dir='ltr' id='par_1_91' title="bbox 470 4632 2026 4702">
     <span class='ocr_line' id='line_1_91' title="bbox 470 4632 2026 4702; baseline 0.001 -13"><span class='ocrx_word' id='word_1_722' title='bbox 470 4632 621 4699; x_wconf 87' lang='lat' dir='ltr'><strong>cujus</strong></span> <span class='ocrx_word' id='word_1_723' title='bbox 652 4638 804 4701; x_wconf 91' lang='lat' dir='ltr'><strong>culpa</strong></span> <span class='ocrx_word' id='word_1_724' title='bbox 830 4635 1137 4702; x_wconf 84' lang='lat' dir='ltr'><strong>procederet</strong></span> <span class='ocrx_word' id='word_1_725' title='bbox 1162 4634 1259 4686; x_wconf 88' lang='lat' dir='ltr'><strong>nisi</strong></span> <span class='ocrx_word' id='word_1_726' title='bbox 1293 4643 1378 4685; x_wconf 87' lang='lat' dir='ltr'><strong>tua</strong></span> <span class='ocrx_word' id='word_1_727' title='bbox 1404 4673 1417 4695; x_wconf 89' lang='lat'><strong>,</strong></span> <span class='ocrx_word' id='word_1_728' title='bbox 1470 4636 1558 4701; x_wconf 90' lang='lat' dir='ltr'><strong>qui</strong></span> <span class='ocrx_word' id='word_1_729' title='bbox 1607 4651 1723 4687; x_wconf 84' lang='lat' dir='ltr'><strong>eam</strong></span> <span class='ocrx_word' id='word_1_730' title='bbox 1768 4639 2026 4692; x_wconf 87' lang='lat' dir='ltr'><strong>immode-</strong></span> 
     </span>
    </p>
   </div>
   <div class='ocr_carea' id='block_1_92' title="bbox 473 4721 2020 4791">
    <p class='ocr_par' dir='ltr' id='par_1_92' title="bbox 473 4721 2020 4791">
     <span class='ocr_line' id='line_1_92' title="bbox 473 4721 2020 4791; baseline 0.003 -16"><span class='ocrx_word' id='word_1_731' title='bbox 473 4732 591 4775; x_wconf 86' lang='lat' dir='ltr'><strong>rate</strong></span> <span class='ocrx_word' id='word_1_732' title='bbox 615 4722 919 4774; x_wconf 85' lang='lat' dir='ltr'><strong>conclusisti</strong></span> <span class='ocrx_word' id='word_1_733' title='bbox 945 4722 966 4773; x_wconf 89' lang='lat'><strong>?</strong></span> <span class='ocrx_word' id='word_1_734' title='bbox 997 4721 1155 4774; x_wconf 87' lang='lat' dir='ltr'><strong>Certe</strong></span> <span class='ocrx_word' id='word_1_735' title='bbox 1187 4724 1287 4775; x_wconf 87' lang='lat' dir='ltr'><strong>hoc</strong></span> <span class='ocrx_word' id='word_1_736' title='bbox 1312 4722 1487 4776; x_wconf 80' lang='lat' dir='ltr'><strong>facitis</strong></span> <span class='ocrx_word' id='word_1_737' title='bbox 1509 4724 1572 4775; x_wconf 91' lang='lat' dir='ltr'><strong>de</strong></span> <span class='ocrx_word' id='word_1_738' title='bbox 1594 4725 1773 4790; x_wconf 88' lang='lat' dir='ltr'><strong>pueris</strong></span> <span class='ocrx_word' id='word_1_739' title='bbox 1803 4727 2020 4791; x_wconf 89' lang='lat' dir='ltr'><strong>vestris;</strong></span> 
     </span>
    </p>
   </div>
   <div class='ocr_carea' id='block_1_93' title="bbox 471 4809 2025 4876">
    <p class='ocr_par' dir='ltr' id='par_1_93' title="bbox 471 4809 2025 4876">
     <span class='ocr_line' id='line_1_93' title="bbox 471 4809 2025 4876; baseline 0.006 -17"><span class='ocrx_word' id='word_1_740' title='bbox 471 4809 694 4876; x_wconf 75' lang='lat' dir='ltr'><strong>plantati</strong></span> <span class='ocrx_word' id='word_1_741' title='bbox 724 4820 848 4861; x_wconf 87' lang='lat' dir='ltr'><strong>sunt</strong></span> <span class='ocrx_word' id='word_1_742' title='bbox 896 4824 993 4876; x_wconf 87' lang='lat' dir='ltr'><strong>per</strong></span> <span class='ocrx_word' id='word_1_743' title='bbox 1039 4809 1361 4861; x_wconf 85' lang='lat' dir='ltr'><strong>oblationem</strong></span> <span class='ocrx_word' id='word_1_744' title='bbox 1409 4810 1459 4861; x_wconf 89' lang='lat' dir='ltr'><strong>in</strong></span> <span class='ocrx_word' id='word_1_745' title='bbox 1493 4811 1646 4863; x_wconf 84' lang='lat' dir='ltr'><strong>horto</strong></span> <span class='ocrx_word' id='word_1_746' title='bbox 1689 4812 1939 4866; x_wconf 53' lang='lat' dir='ltr'><strong>Ecclesia:</strong></span> <span class='ocrx_word' id='word_1_747' title='bbox 1970 4824 2025 4868; x_wconf 89' lang='lat' dir='ltr'><strong>ut</strong></span> 
     </span>
    </p>
   </div>
   <div class='ocr_carea' id='block_1_94' title="bbox 474 4896 2023 4957">
    <p class='ocr_par' dir='ltr' id='par_1_94' title="bbox 474 4896 2023 4957">
     <span class='ocr_line' id='line_1_94' title="bbox 474 4896 2023 4957; baseline 0.004 -7"><span class='ocrx_word' id='word_1_748' title='bbox 474 4908 717 4950; x_wconf 81' lang='lat' dir='ltr'><strong>crescant</strong></span> <span class='ocrx_word' id='word_1_749' title='bbox 762 4909 815 4948; x_wconf 90' lang='lat' dir='ltr'><strong>et</strong></span> <span class='ocrx_word' id='word_1_750' title='bbox 865 4898 1183 4949; x_wconf 78' lang='lat' dir='ltr'><strong>fructibccnt</strong></span> <span class='ocrx_word' id='word_1_751' title='bbox 1231 4898 1354 4951; x_wconf 89' lang='lat' dir='ltr'><strong>Deo.</strong></span> <span class='ocrx_word' id='word_1_752' title='bbox 1391 4896 1492 4951; x_wconf 78' lang='lat' dir='ltr'><strong>Vos</strong></span> <span class='ocrx_word' id='word_1_753' title='bbox 1536 4910 1707 4954; x_wconf 86' lang='lat' dir='ltr'><strong>autem</strong></span> <span class='ocrx_word' id='word_1_754' title='bbox 1764 4903 2023 4957; x_wconf 75' lang='lat' dir='ltr'><strong>intantum</strong></span> 
     </span>
    </p>
   </div>
   <div class='ocr_carea' id='block_1_95' title="bbox 479 4983 2027 5055">
    <p class='ocr_par' dir='ltr' id='par_1_95' title="bbox 479 4983 2027 5055">
     <span class='ocr_line' id='line_1_95' title="bbox 479 4983 2027 5055; baseline 0.006 -19"><span class='ocrx_word' id='word_1_755' title='bbox 479 4986 596 5055; x_wconf 84' lang='lat' dir='ltr'><strong>|aI.,</strong></span> <span class='ocrx_word' id='word_1_756' title='bbox 626 4983 886 5054; x_wconf 79' lang='lat' dir='ltr'><strong>omnium]</strong></span> <span class='ocrx_word' id='word_1_757' title='bbox 921 4986 1233 5049; x_wconf 83' lang='lat' dir='ltr'><strong>terroribus,</strong></span> <span class='ocrx_word' id='word_1_758' title='bbox 1259 4988 1437 5051; x_wconf 88' lang='lat' dir='ltr'><strong>minis,</strong></span> <span class='ocrx_word' id='word_1_759' title='bbox 1465 4999 1517 5041; x_wconf 87' lang='lat' dir='ltr'><strong>et</strong></span> <span class='ocrx_word' id='word_1_760' title='bbox 1541 4991 1845 5043; x_wconf 88' lang='lat' dir='ltr'><strong>verberibus</strong></span> <span class='ocrx_word' id='word_1_761' title='bbox 1877 4994 2027 5049; x_wconf 84' lang='lat' dir='ltr'><strong>undi—</strong></span> 
     </span>
    </p>
   </div>
   <div class='ocr_carea' id='block_1_96' title="bbox 476 5074 2027 5145">
    <p class='ocr_par' dir='ltr' id='par_1_96' title="bbox 476 5074 2027 5145">
     <span class='ocr_line' id='line_1_96' title="bbox 476 5074 2027 5145; baseline 0.004 -18"><span class='ocrx_word' id='word_1_762' title='bbox 476 5091 579 5144; x_wconf 86' lang='lat' dir='ltr'><strong>que</strong></span> <span class='ocrx_word' id='word_1_763' title='bbox 637 5075 751 5127; x_wconf 86' lang='lat' dir='ltr'><strong>illos</strong></span> <span class='ocrx_word' id='word_1_764' title='bbox 796 5074 1122 5136; x_wconf 82' lang='lat' dir='ltr'><strong>coarctatis,</strong></span> <span class='ocrx_word' id='word_1_765' title='bbox 1176 5077 1414 5129; x_wconf 81' lang='lat' dir='ltr'><strong>utnulla</strong></span> <span class='ocrx_word' id='word_1_766' title='bbox 1457 5078 1555 5130; x_wconf 80' lang='lat' dir='ltr'><strong>sibi</strong></span> <span class='ocrx_word' id='word_1_767' title='bbox 1606 5080 1814 5145; x_wconf 88' lang='lat' dir='ltr'><strong>penitus</strong></span> <span class='ocrx_word' id='word_1_768' title='bbox 1868 5080 2027 5133; x_wconf 86' lang='lat' dir='ltr'><strong>liceat</strong></span> 
     </span>
    </p>
   </div>
   <div class='ocr_carea' id='block_1_97' title="bbox 380 5152 2028 5237">
    <p class='ocr_par' dir='ltr' id='par_1_97' title="bbox 380 5152 2028 5237">
     <span class='ocr_line' id='line_1_97' title="bbox 380 5152 2028 5237; baseline 0.003 -19"><span class='ocrx_word' id='word_1_769' title='bbox 380 5152 381 5155; x_wconf 9' lang='grc' dir='ltr'><strong>η</strong></span> <span class='ocrx_word' id='word_1_770' title='bbox 474 5166 723 5219; x_wconf 84' lang='lat' dir='ltr'><strong>libertate</strong></span> <span class='ocrx_word' id='word_1_771' title='bbox 750 5164 927 5231; x_wconf 89' lang='lat' dir='ltr'><strong>potiri.</strong></span> <span class='ocrx_word' id='word_1_772' title='bbox 962 5165 1142 5231; x_wconf 83' lang='lat' dir='ltr'><strong>Itaque</strong></span> <span class='ocrx_word' id='word_1_773' title='bbox 1172 5166 1455 5219; x_wconf 82' lang='lat' dir='ltr'><strong>indiscrete</strong></span> <span class='ocrx_word' id='word_1_774' title='bbox 1481 5170 1720 5233; x_wconf 83' lang='lat' dir='ltr'><strong>oppressi</strong></span> <span class='ocrx_word' id='word_1_775' title='bbox 1754 5185 1943 5237; x_wconf 85' lang='lat' dir='ltr'><strong>pravas</strong></span> <span class='ocrx_word' id='word_1_776' title='bbox 1975 5182 2028 5223; x_wconf 89' lang='lat' dir='ltr'><strong>et</strong></span> 
     </span>
    </p>
   </div>
   <div class='ocr_carea' id='block_1_98' title="bbox 473 5254 2023 5326">
    <p class='ocr_par' dir='ltr' id='par_1_98' title="bbox 473 5254 2023 5326">
     <span class='ocr_line' id='line_1_98' title="bbox 473 5254 2023 5326; baseline 0.001 -19"><span class='ocrx_word' id='word_1_777' title='bbox 473 5256 748 5321; x_wconf 79' lang='lat' dir='ltr'><strong>spinarum</strong></span> <span class='ocrx_word' id='word_1_778' title='bbox 778 5268 923 5304; x_wconf 83' lang='lat' dir='ltr'><strong>more</strong></span> <span class='ocrx_word' id='word_1_779' title='bbox 950 5254 1227 5320; x_wconf 74' lang='lat' dir='ltr'><strong>perplexas</strong></span> <span class='ocrx_word' id='word_1_780' title='bbox 1255 5256 1392 5305; x_wconf 82' lang='lat' dir='ltr'><strong>intra</strong></span> <span class='ocrx_word' id='word_1_781' title='bbox 1424 5254 1543 5323; x_wconf 83' lang='lat' dir='ltr'><strong>[al.,</strong></span> <span class='ocrx_word' id='word_1_782' title='bbox 1570 5255 1730 5325; x_wconf 75' lang='lat' dir='ltr'><strong>infra]</strong></span> <span class='ocrx_word' id='word_1_783' title='bbox 1782 5272 1837 5309; x_wconf 86' lang='lat' dir='ltr'><strong>se</strong></span> <span class='ocrx_word' id='word_1_784' title='bbox 1881 5258 2023 5326; x_wconf 79' lang='lat' dir='ltr'><strong>cogi-</strong></span> 
     </span>
    </p>
   </div>
   <div class='ocr_carea' id='block_1_99' title="bbox 479 5344 2027 5414">
    <p class='ocr_par' dir='ltr' id='par_1_99' title="bbox 479 5344 2027 5414">
     <span class='ocr_line' id='line_1_99' title="bbox 479 5344 2027 5414; baseline 0.004 -20"><span class='ocrx_word' id='word_1_785' title='bbox 479 5346 704 5395; x_wconf 75' lang='lat' dir='ltr'><strong>tationes</strong></span> <span class='ocrx_word' id='word_1_786' title='bbox 738 5351 1050 5408; x_wconf 84' lang='lat' dir='ltr'><strong>congerunt,</strong></span> <span class='ocrx_word' id='word_1_787' title='bbox 1082 5344 1281 5406; x_wconf 76' lang='lat' dir='ltr'><strong>fovent,</strong></span> <span class='ocrx_word' id='word_1_788' title='bbox 1333 5346 1609 5409; x_wconf 84' lang='lat' dir='ltr'><strong>nutriunt,</strong></span> <span class='ocrx_word' id='word_1_789' title='bbox 1658 5356 1907 5414; x_wconf 87' lang='lat' dir='ltr'><strong>tantaque</strong></span> <span class='ocrx_word' id='word_1_790' title='bbox 1937 5362 2027 5400; x_wconf 82' lang='lat' dir='ltr'><strong>cas</strong></span> 
     </span>
    </p>
   </div>
   <div class='ocr_carea' id='block_1_100' title="bbox 477 5430 2025 5505">
    <p class='ocr_par' dir='ltr' id='par_1_100' title="bbox 477 5430 2025 5505">
     <span class='ocr_line' id='line_1_100' title="bbox 477 5430 2025 5505; baseline 0.003 -21"><span class='ocrx_word' id='word_1_791' title='bbox 477 5434 527 5484; x_wconf 89' lang='lat' dir='ltr'><strong>in</strong></span> <span class='ocrx_word' id='word_1_792' title='bbox 558 5432 840 5483; x_wconf 81' lang='lat' dir='ltr'><strong>nutriendo</strong></span> <span class='ocrx_word' id='word_1_793' title='bbox 868 5430 1169 5484; x_wconf 77' lang='lat' dir='ltr'><strong>suli&#39;uleinnl</strong></span> <span class='ocrx_word' id='word_1_794' title='bbox 1197 5433 1329 5505; x_wconf 82' lang='lat' dir='ltr'><strong>-[ul.,</strong></span> <span class='ocrx_word' id='word_1_795' title='bbox 1382 5434 1696 5505; x_wconf 79' lang='lat' dir='ltr'><strong>sufficiunt],</strong></span> <span class='ocrx_word' id='word_1_796' title='bbox 1747 5445 1802 5489; x_wconf 90' lang='lat' dir='ltr'><strong>ut</strong></span> <span class='ocrx_word' id='word_1_797' title='bbox 1848 5438 2025 5489; x_wconf 83' lang='lat' dir='ltr'><strong>ornnia</strong></span> 
     </span>
    </p>
   </div>
   <div class='ocr_carea' id='block_1_101' title="bbox 479 5523 2025 5589">
    <p class='ocr_par' dir='ltr' id='par_1_101' title="bbox 479 5523 2025 5589">
     <span class='ocr_line' id='line_1_101' title="bbox 479 5523 2025 5589; baseline 0.005 -20"><span class='ocrx_word' id='word_1_798' title='bbox 479 5540 593 5585; x_wconf 70' lang='lat' dir='ltr'><strong>qna-</strong></span> <span class='ocrx_word' id='word_1_799' title='bbox 623 5523 829 5572; x_wconf 77' lang='lat' dir='ltr'><strong>illaruni</strong></span> <span class='ocrx_word' id='word_1_800' title='bbox 860 5524 1173 5575; x_wconf 76' lang='lat' dir='ltr'><strong>correctioni</strong></span> <span class='ocrx_word' id='word_1_801' title='bbox 1207 5534 1424 5589; x_wconf 83' lang='lat' dir='ltr'><strong>posscnl</strong></span> <span class='ocrx_word' id='word_1_802' title='bbox 1454 5525 1820 5577; x_wconf 76' lang='lat' dir='ltr'><strong>:nlniiuicnlari</strong></span> <span class='ocrx_word' id='word_1_803' title='bbox 1862 5527 2025 5577; x_wconf 88' lang='lat' dir='ltr'><strong>obsti-</strong></span> 
     </span>
    </p>
   </div>
   <div class='ocr_carea' id='block_1_102' title="bbox 479 5606 2021 5676">
    <p class='ocr_par' dir='ltr' id='par_1_102' title="bbox 479 5606 2021 5676">
     <span class='ocr_line' id='line_1_102' title="bbox 479 5606 2021 5676; baseline 0.001 -18"><span class='ocrx_word' id='word_1_804' title='bbox 479 5615 601 5658; x_wconf 76' lang='lat' dir='ltr'><strong>nata</strong></span> <span class='ocrx_word' id='word_1_805' title='bbox 628 5615 797 5658; x_wconf 84' lang='lat' dir='ltr'><strong>mente</strong></span> <span class='ocrx_word' id='word_1_806' title='bbox 827 5606 1233 5673; x_wconf 70' lang='lat' dir='ltr'><strong>subterfugiaut.</strong></span> <span class='ocrx_word' id='word_1_807' title='bbox 1272 5608 1419 5659; x_wconf 81' lang='lat' dir='ltr'><strong>L‘nde</strong></span> <span class='ocrx_word' id='word_1_808' title='bbox 1468 5610 1523 5659; x_wconf 83' lang='lat' dir='ltr'><strong>lit</strong></span> <span class='ocrx_word' id='word_1_809' title='bbox 1551 5650 1562 5669; x_wconf 90' lang='lat'><strong>,</strong></span> <span class='ocrx_word' id='word_1_810' title='bbox 1617 5618 1672 5660; x_wconf 89' lang='lat' dir='ltr'><strong>ut</strong></span> <span class='ocrx_word' id='word_1_811' title='bbox 1723 5611 1843 5676; x_wconf 83' lang='lat' dir='ltr'><strong>quia</strong></span> <span class='ocrx_word' id='word_1_812' title='bbox 1895 5609 2021 5660; x_wconf 73' lang='lat' dir='ltr'><strong>nihil</strong></span> 
     </span>
    </p>
   </div>
   <div class='ocr_carea' id='block_1_103' title="bbox 2124 4453 3677 4523">
    <p class='ocr_par' dir='ltr' id='par_1_103' title="bbox 2124 4453 3677 4523">
     <span class='ocr_line' id='line_1_103' title="bbox 2124 4453 3677 4523; baseline 0.003 -16"><span class='ocrx_word' id='word_1_813' title='bbox 2124 4470 2219 4523; x_wconf 90' lang='lat' dir='ltr'><strong>per</strong></span> <span class='ocrx_word' id='word_1_814' title='bbox 2242 4453 2333 4506; x_wconf 91' lang='lat' dir='ltr'><strong>Dei</strong></span> <span class='ocrx_word' id='word_1_815' title='bbox 2365 4454 2589 4522; x_wconf 76' lang='lat' dir='ltr'><strong>gratiam</strong></span> <span class='ocrx_word' id='word_1_816' title='bbox 2624 4468 2829 4516; x_wconf 88' lang='lat' dir='ltr'><strong>omnes,</strong></span> <span class='ocrx_word' id='word_1_817' title='bbox 2860 4464 3115 4522; x_wconf 88' lang='lat' dir='ltr'><strong>quantum</strong></span> <span class='ocrx_word' id='word_1_818' title='bbox 3142 4462 3313 4507; x_wconf 87' lang='lat' dir='ltr'><strong>vestra</strong></span> <span class='ocrx_word' id='word_1_819' title='bbox 3357 4456 3535 4517; x_wconf 78' lang='lat' dir='ltr'><strong>refert,</strong></span> <span class='ocrx_word' id='word_1_820' title='bbox 3568 4456 3677 4511; x_wconf 86' lang='lat' dir='ltr'><strong>Deo</strong></span> 
     </span>
    </p>
   </div>
   <div class='ocr_carea' id='block_1_104' title="bbox 2129 4541 3677 4615">
    <p class='ocr_par' dir='ltr' id='par_1_104' title="bbox 2129 4541 3677 4615">
     <span class='ocr_line' id='line_1_104' title="bbox 2129 4541 3677 4615; baseline 0.003 -20"><span class='ocrx_word' id='word_1_821' title='bbox 2129 4543 2249 4614; x_wconf 84' lang='lat' dir='ltr'><strong>[al.,</strong></span> <span class='ocrx_word' id='word_1_822' title='bbox 2291 4558 2418 4595; x_wconf 87' lang='lat' dir='ltr'><strong>cura</strong></span> <span class='ocrx_word' id='word_1_823' title='bbox 2446 4541 2576 4611; x_wconf 88' lang='lat' dir='ltr'><strong>Deo]</strong></span> <span class='ocrx_word' id='word_1_824' title='bbox 2608 4544 2914 4610; x_wconf 86' lang='lat' dir='ltr'><strong>acquiretis.</strong></span> <span class='ocrx_word' id='word_1_825' title='bbox 2964 4542 3056 4595; x_wconf 83' lang='lat' dir='ltr'><strong>llis</strong></span> <span class='ocrx_word' id='word_1_826' title='bbox 3098 4545 3263 4597; x_wconf 88' lang='lat' dir='ltr'><strong>abbas</strong></span> <span class='ocrx_word' id='word_1_827' title='bbox 3292 4545 3486 4599; x_wconf 90' lang='lat' dir='ltr'><strong>auditis</strong></span> <span class='ocrx_word' id='word_1_828' title='bbox 3531 4546 3677 4615; x_wconf 90' lang='lat' dir='ltr'><strong>inge-</strong></span> 
     </span>
    </p>
   </div>
   <div class='ocr_carea' id='block_1_105' title="bbox 2126 4632 3674 4699">
    <p class='ocr_par' dir='ltr' id='par_1_105' title="bbox 2126 4632 3674 4699">
     <span class='ocr_line' id='line_1_105' title="bbox 2126 4632 3674 4699; baseline 0.004 -16"><span class='ocrx_word' id='word_1_829' title='bbox 2126 4633 2260 4683; x_wconf 90' lang='lat' dir='ltr'><strong>muit</strong></span> <span class='ocrx_word' id='word_1_830' title='bbox 2320 4632 2500 4685; x_wconf 88' lang='lat' dir='ltr'><strong>dicens</strong></span> <span class='ocrx_word' id='word_1_831' title='bbox 2538 4649 2551 4684; x_wconf 89' lang='lat'><strong>:</strong></span> <span class='ocrx_word' id='word_1_832' title='bbox 2598 4632 2734 4685; x_wconf 85' lang='lat' dir='ltr'><strong>Vere</strong></span> <span class='ocrx_word' id='word_1_833' title='bbox 2764 4634 3062 4686; x_wconf 87' lang='lat' dir='ltr'><strong>erravimus</strong></span> <span class='ocrx_word' id='word_1_834' title='bbox 3102 4648 3129 4685; x_wconf 90' lang='lat' dir='ltr'><strong>a</strong></span> <span class='ocrx_word' id='word_1_835' title='bbox 3180 4633 3440 4699; x_wconf 87' lang='lat' dir='ltr'><strong>veritate,</strong></span> <span class='ocrx_word' id='word_1_836' title='bbox 3488 4644 3539 4688; x_wconf 89' lang='lat' dir='ltr'><strong>et</strong></span> <span class='ocrx_word' id='word_1_837' title='bbox 3587 4635 3674 4691; x_wconf 79' lang='lat' dir='ltr'><strong>lux</strong></span> 
     </span>
    </p>
   </div>
   <div class='ocr_carea' id='block_1_106' title="bbox 2126 4717 3673 4795">
    <p class='ocr_par' dir='ltr' id='par_1_106' title="bbox 2126 4717 3673 4795">
     <span class='ocr_line' id='line_1_106' title="bbox 2126 4717 3673 4795; baseline 0.002 -25"><span class='ocrx_word' id='word_1_838' title='bbox 2126 4718 2461 4771; x_wconf 85' lang='lat' dir='ltr'><strong>discretionis</strong></span> <span class='ocrx_word' id='word_1_839' title='bbox 2508 4732 2611 4769; x_wconf 92' lang='lat' dir='ltr'><strong>non</strong></span> <span class='ocrx_word' id='word_1_840' title='bbox 2659 4717 2792 4795; x_wconf 79' lang='lat' dir='ltr'><strong>luxit</strong></span> <span class='ocrx_word' id='word_1_841' title='bbox 2845 4718 3017 4771; x_wconf 87' lang='lat' dir='ltr'><strong>nobis.</strong></span> <span class='ocrx_word' id='word_1_842' title='bbox 3050 4718 3113 4769; x_wconf 86' lang='lat' dir='ltr'><strong>Et</strong></span> <span class='ocrx_word' id='word_1_843' title='bbox 3155 4718 3351 4772; x_wconf 90' lang='lat' dir='ltr'><strong>cadens</strong></span> <span class='ocrx_word' id='word_1_844' title='bbox 3382 4720 3433 4772; x_wconf 91' lang='lat' dir='ltr'><strong>in</strong></span> <span class='ocrx_word' id='word_1_845' title='bbox 3478 4730 3673 4774; x_wconf 87' lang='lat' dir='ltr'><strong>terram</strong></span> 
     </span>
    </p>
   </div>
   <div class='ocr_carea' id='block_1_107' title="bbox 2124 4808 3675 4876">
    <p class='ocr_par' dir='ltr' id='par_1_107' title="bbox 2124 4808 3675 4876">
     <span class='ocr_line' id='line_1_107' title="bbox 2124 4808 3675 4876; baseline 0.002 -16"><span class='ocrx_word' id='word_1_846' title='bbox 2124 4818 2247 4861; x_wconf 85' lang='lat' dir='ltr'><strong>ante</strong></span> <span class='ocrx_word' id='word_1_847' title='bbox 2277 4808 2437 4875; x_wconf 88' lang='lat' dir='ltr'><strong>pedes</strong></span> <span class='ocrx_word' id='word_1_848' title='bbox 2461 4808 2575 4876; x_wconf 88' lang='lat' dir='ltr'><strong>ejus</strong></span> <span class='ocrx_word' id='word_1_849' title='bbox 2602 4823 2659 4861; x_wconf 90' lang='lat' dir='ltr'><strong>se</strong></span> <span class='ocrx_word' id='word_1_850' title='bbox 2687 4822 2957 4876; x_wconf 86' lang='lat' dir='ltr'><strong>peccasse,</strong></span> <span class='ocrx_word' id='word_1_851' title='bbox 2984 4823 3040 4861; x_wconf 90' lang='lat' dir='ltr'><strong>se</strong></span> <span class='ocrx_word' id='word_1_852' title='bbox 3069 4824 3215 4861; x_wconf 90' lang='lat' dir='ltr'><strong>reum</strong></span> <span class='ocrx_word' id='word_1_853' title='bbox 3242 4824 3362 4862; x_wconf 90' lang='lat' dir='ltr'><strong>esse</strong></span> <span class='ocrx_word' id='word_1_854' title='bbox 3402 4810 3675 4865; x_wconf 89' lang='lat' dir='ltr'><strong>confessus</strong></span> 
     </span>
    </p>
   </div>
   <div class='ocr_carea' id='block_1_108' title="bbox 2125 4898 3671 4964">
    <p class='ocr_par' dir='ltr' id='par_1_108' title="bbox 2125 4898 3671 4964">
     <span class='ocr_line' id='line_1_108' title="bbox 2125 4898 3671 4964; baseline 0 -13"><span class='ocrx_word' id='word_1_855' title='bbox 2125 4908 2225 4959; x_wconf 86' lang='lat' dir='ltr'><strong>est,</strong></span> <span class='ocrx_word' id='word_1_856' title='bbox 2255 4899 2566 4963; x_wconf 84' lang='lat' dir='ltr'><strong>veniamque</strong></span> <span class='ocrx_word' id='word_1_857' title='bbox 2589 4898 2653 4951; x_wconf 88' lang='lat' dir='ltr'><strong>de</strong></span> <span class='ocrx_word' id='word_1_858' title='bbox 2674 4898 2958 4964; x_wconf 67' lang='lat' dir='ltr'><strong>prmtel&#39;itis</strong></span> <span class='ocrx_word' id='word_1_859' title='bbox 2984 4898 3155 4964; x_wconf 83' lang='lat' dir='ltr'><strong>petiit,</strong></span> <span class='ocrx_word' id='word_1_860' title='bbox 3177 4907 3227 4949; x_wconf 89' lang='lat' dir='ltr'><strong>et</strong></span> <span class='ocrx_word' id='word_1_861' title='bbox 3250 4900 3671 4953; x_wconf 87' lang='lat' dir='ltr'><strong>emendationem</strong></span> 
     </span>
    </p>
   </div>
   <div class='ocr_carea' id='block_1_109' title="bbox 2126 4985 3715 5054">
    <p class='ocr_par' dir='ltr' id='par_1_109' title="bbox 2126 4985 3715 5054">
     <span class='ocr_line' id='line_1_109' title="bbox 2126 4985 3715 5054; baseline 0.003 -16"><span class='ocrx_word' id='word_1_862' title='bbox 2126 4988 2189 5038; x_wconf 87' lang='lat' dir='ltr'><strong>de</strong></span> <span class='ocrx_word' id='word_1_863' title='bbox 2211 4986 2402 5038; x_wconf 82' lang='lat' dir='ltr'><strong>futuris</strong></span> <span class='ocrx_word' id='word_1_864' title='bbox 2431 4985 2755 5051; x_wconf 88' lang='lat' dir='ltr'><strong>repromisit.</strong></span> <span class='ocrx_word' id='word_1_865' title='bbox 2783 4985 2903 5039; x_wconf 63' lang='lat' dir='ltr'><strong>lltec</strong></span> <span class='ocrx_word' id='word_1_866' title='bbox 2926 4986 3121 5039; x_wconf 88' lang='lat' dir='ltr'><strong>idcirco</strong></span> <span class='ocrx_word' id='word_1_867' title='bbox 3146 4987 3393 5051; x_wconf 80' lang='lat' dir='ltr'><strong>diximus,</strong></span> <span class='ocrx_word' id='word_1_868' title='bbox 3418 4998 3675 5054; x_wconf 87' lang='lat' dir='ltr'><strong>quatenus</strong></span> <span class='ocrx_word' id='word_1_869' title='bbox 3712 5028 3715 5029; x_wconf 48' lang='grc' dir='ltr'><em>ν</em></span> 
     </span>
    </p>
   </div>
   <div class='ocr_carea' id='block_1_110' title="bbox 2126 5072 3672 5141">
    <p class='ocr_par' dir='ltr' id='par_1_110' title="bbox 2126 5072 3672 5141">
     <span class='ocr_line' id='line_1_110' title="bbox 2126 5072 3672 5141; baseline 0.003 -17"><span class='ocrx_word' id='word_1_870' title='bbox 2126 5088 2217 5141; x_wconf 89' lang='lat' dir='ltr'><strong>per</strong></span> <span class='ocrx_word' id='word_1_871' title='bbox 2238 5075 2349 5125; x_wconf 69' lang='lat' dir='ltr'><strong>lucc</strong></span> <span class='ocrx_word' id='word_1_872' title='bbox 2375 5088 2533 5139; x_wconf 87' lang='lat' dir='ltr'><strong>quam</strong></span> <span class='ocrx_word' id='word_1_873' title='bbox 2559 5073 2655 5138; x_wconf 63' lang='lat' dir='ltr'><strong>pia‘.</strong></span> <span class='ocrx_word' id='word_1_874' title='bbox 2680 5072 3016 5127; x_wconf 84' lang='lat' dir='ltr'><strong>discretiOnis</strong></span> <span class='ocrx_word' id='word_1_875' title='bbox 3040 5082 3092 5126; x_wconf 92' lang='lat' dir='ltr'><strong>et</strong></span> <span class='ocrx_word' id='word_1_876' title='bbox 3121 5073 3362 5127; x_wconf 72' lang='lat' dir='ltr'><strong>discreta:</strong></span> <span class='ocrx_word' id='word_1_877' title='bbox 3384 5075 3596 5141; x_wconf 85' lang='lat' dir='ltr'><strong>pictatis</strong></span> <span class='ocrx_word' id='word_1_878' title='bbox 3622 5077 3672 5129; x_wconf 91' lang='lat' dir='ltr'><strong>in</strong></span> 
     </span>
    </p>
   </div>
   <div class='ocr_carea' id='block_1_111' title="bbox 2125 5163 2901 5229">
    <p class='ocr_par' dir='ltr' id='par_1_111' title="bbox 2125 5163 2901 5229">
     <span class='ocr_line' id='line_1_111' title="bbox 2125 5163 2901 5229; baseline -0.003 -15"><span class='ocrx_word' id='word_1_879' title='bbox 2125 5178 2311 5215; x_wconf 88' lang='lat' dir='ltr'><strong>omnes</strong></span> <span class='ocrx_word' id='word_1_880' title='bbox 2341 5163 2499 5213; x_wconf 83' lang='lat' dir='ltr'><strong>fuerit</strong></span> <span class='ocrx_word' id='word_1_881' title='bbox 2532 5176 2901 5229; x_wconf 80' lang='lat' dir='ltr'><strong>agnoscamus.</strong></span> 
     </span>
    </p>
   </div>
   <div class='ocr_carea' id='block_1_112' title="bbox 2194 5251 3670 5315">
    <p class='ocr_par' dir='ltr' id='par_1_112' title="bbox 2194 5251 3670 5315">
     <span class='ocr_line' id='line_1_112' title="bbox 2194 5251 3670 5315; baseline 0.003 -12"><span class='ocrx_word' id='word_1_882' title='bbox 2194 5253 2280 5304; x_wconf 74' lang='grc'><strong>52.</strong></span> <span class='ocrx_word' id='word_1_883' title='bbox 2312 5252 2526 5302; x_wconf 85' lang='lat' dir='ltr'><strong>Talibus</strong></span> <span class='ocrx_word' id='word_1_884' title='bbox 2562 5251 2750 5303; x_wconf 88' lang='lat' dir='ltr'><strong>studiis</strong></span> <span class='ocrx_word' id='word_1_885' title='bbox 2780 5252 3105 5315; x_wconf 86' lang='lat' dir='ltr'><strong>intendebat,</strong></span> <span class='ocrx_word' id='word_1_886' title='bbox 3150 5254 3199 5304; x_wconf 92' lang='lat' dir='ltr'><strong>in</strong></span> <span class='ocrx_word' id='word_1_887' title='bbox 3234 5253 3350 5305; x_wconf 90' lang='lat' dir='ltr'><strong>istis</strong></span> <span class='ocrx_word' id='word_1_888' title='bbox 3395 5252 3505 5307; x_wconf 89' lang='lat' dir='ltr'><strong>Deo</strong></span> <span class='ocrx_word' id='word_1_889' title='bbox 3555 5270 3670 5307; x_wconf 87' lang='lat' dir='ltr'><strong>ser-</strong></span> 
     </span>
    </p>
   </div>
   <div class='ocr_carea' id='block_1_113' title="bbox 2126 5338 3671 5407">
    <p class='ocr_par' dir='ltr' id='par_1_113' title="bbox 2126 5338 3671 5407">
     <span class='ocr_line' id='line_1_113' title="bbox 2126 5338 3671 5407; baseline 0.004 -18"><span class='ocrx_word' id='word_1_890' title='bbox 2126 5341 2320 5399; x_wconf 85' lang='lat' dir='ltr'><strong>viebat,</strong></span> <span class='ocrx_word' id='word_1_891' title='bbox 2354 5354 2446 5404; x_wconf 85' lang='lat' dir='ltr'><strong>per</strong></span> <span class='ocrx_word' id='word_1_892' title='bbox 2470 5340 2582 5390; x_wconf 70' lang='lat' dir='ltr'><strong>lucc</strong></span> <span class='ocrx_word' id='word_1_893' title='bbox 2607 5338 2760 5390; x_wconf 87' lang='lat' dir='ltr'><strong>bonis</strong></span> <span class='ocrx_word' id='word_1_894' title='bbox 2782 5341 3028 5393; x_wconf 88' lang='lat' dir='ltr'><strong>omnibus</strong></span> <span class='ocrx_word' id='word_1_895' title='bbox 3053 5341 3201 5393; x_wconf 84' lang='lat' dir='ltr'><strong>valde</strong></span> <span class='ocrx_word' id='word_1_896' title='bbox 3233 5342 3494 5407; x_wconf 84' lang='lat' dir='ltr'><strong>placebat.</strong></span> <span class='ocrx_word' id='word_1_897' title='bbox 3524 5341 3671 5397; x_wconf 89' lang='lat' dir='ltr'><strong>Unde</strong></span> 
     </span>
    </p>
   </div>
   <div class='ocr_carea' id='block_1_114' title="bbox 2127 5416 3668 5491">
    <p class='ocr_par' dir='ltr' id='par_1_114' title="bbox 2127 5416 3668 5491">
     <span class='ocr_line' id='line_1_114' title="bbox 2127 5416 3668 5491; baseline 0.002 -12"><span class='ocrx_word' id='word_1_898' title='bbox 2127 5431 2259 5479; x_wconf 83' lang='lat' dir='ltr'><strong>bona</strong></span> <span class='ocrx_word' id='word_1_899' title='bbox 2294 5428 2431 5479; x_wconf 80' lang='lat' dir='ltr'><strong>fama</strong></span> <span class='ocrx_word' id='word_1_900' title='bbox 2459 5426 2573 5491; x_wconf 84' lang='lat' dir='ltr'><strong>ejus</strong></span> <span class='ocrx_word' id='word_1_901' title='bbox 2598 5443 2698 5479; x_wconf 84' lang='lat' dir='ltr'><strong>non</strong></span> <span class='ocrx_word' id='word_1_902' title='bbox 2727 5430 2881 5480; x_wconf 83' lang='lat' dir='ltr'><strong>modo</strong></span> <span class='ocrx_word' id='word_1_903' title='bbox 2911 5416 3291 5481; x_wconf 78' lang='lat' dir='ltr'><strong>Northmannia</strong></span> <span class='ocrx_word' id='word_1_904' title='bbox 3326 5440 3437 5487; x_wconf 18' lang='lat' dir='ltr'><strong>tota,</strong></span> <span class='ocrx_word' id='word_1_905' title='bbox 3457 5442 3537 5484; x_wconf 84' lang='lat' dir='ltr'><strong>est</strong></span> <span class='ocrx_word' id='word_1_906' title='bbox 3561 5447 3668 5483; x_wconf 84' lang='lat' dir='ltr'><strong>res-</strong></span> 
     </span>
    </p>
   </div>
   <div class='ocr_carea' id='block_1_115' title="bbox 2126 5500 3663 5585">
    <p class='ocr_par' dir='ltr' id='par_1_115' title="bbox 2126 5518 3663 5585">
     <span class='ocr_line' id='line_1_115' title="bbox 2126 5518 3663 5585; baseline -0.003 -15"><span class='ocrx_word' id='word_1_907' title='bbox 2126 5534 2297 5585; x_wconf 82' lang='lat' dir='ltr'><strong>persn,</strong></span> <span class='ocrx_word' id='word_1_908' title='bbox 2349 5532 2529 5568; x_wconf 85' lang='lat' dir='ltr'><strong>verum</strong></span> <span class='ocrx_word' id='word_1_909' title='bbox 2565 5518 2717 5569; x_wconf 80' lang='lat' dir='ltr'><strong>ctiam</strong></span> <span class='ocrx_word' id='word_1_910' title='bbox 2771 5518 2993 5571; x_wconf 84' lang='lat' dir='ltr'><strong>Francia</strong></span> <span class='ocrx_word' id='word_1_911' title='bbox 3044 5528 3197 5581; x_wconf 82' lang='lat' dir='ltr'><strong>tota,</strong></span> <span class='ocrx_word' id='word_1_912' title='bbox 3254 5518 3497 5571; x_wconf 81' lang='lat' dir='ltr'><strong>Fiantlria</strong></span> <span class='ocrx_word' id='word_1_913' title='bbox 3538 5529 3663 5580; x_wconf 79' lang='lat' dir='ltr'><strong>tota,</strong></span> 
     </span>
    </p>
   </div>
   <div class='ocr_carea' id='block_1_116' title="bbox 2127 5606 3661 5676">
    <p class='ocr_par' dir='ltr' id='par_1_116' title="bbox 2127 5606 3661 5676">
     <span class='ocr_line' id='line_1_116' title="bbox 2127 5606 3661 5676; baseline -0.001 -19"><span class='ocrx_word' id='word_1_914' title='bbox 2127 5608 2487 5675; x_wconf 67' lang='lat' dir='ltr'><strong>conligltacque</strong></span> <span class='ocrx_word' id='word_1_915' title='bbox 2540 5606 2618 5658; x_wconf 88' lang='lat' dir='ltr'><strong>bis</strong></span> <span class='ocrx_word' id='word_1_916' title='bbox 2670 5615 2821 5659; x_wconf 82' lang='lat' dir='ltr'><strong>terra:</strong></span> <span class='ocrx_word' id='word_1_917' title='bbox 2865 5622 3049 5661; x_wconf 88' lang='lat' dir='ltr'><strong>omnes</strong></span> <span class='ocrx_word' id='word_1_918' title='bbox 3099 5608 3214 5676; x_wconf 79' lang='lat' dir='ltr'><strong>[ul.,</strong></span> <span class='ocrx_word' id='word_1_919' title='bbox 3262 5619 3397 5662; x_wconf 88' lang='lat' dir='ltr'><strong>terra</strong></span> <span class='ocrx_word' id='word_1_920' title='bbox 3446 5606 3661 5673; x_wconf 77' lang='lat' dir='ltr'><strong>ornnisj;</strong></span> 
     </span>
    </p>
   </div>
  </div>
