4174 6186
296 315 362 369 69
1268 307 1414 364 vm
1447 305 1768 387 Aucroar.
1797 305 1848 361 ε,

1915 305 2141 363 )MERO.
2183 339 2249 348 -—
2300 307 2428 362 LIB.
2464 309 2506 364 Ι.
3418 313 3490 371 τι)

292 423 421 494 quin
451 435 504 496 et
529 440 678 478 mare
709 427 920 480 transiit
969 426 1316 496 Angliamque
1368 429 1607 495 replevit.
1664 427 1831 480 Exciti
1865 446 1907 496 Α
1935 435 2090 478 tenus
2119 427 2186 479 ibi
2217 437 2268 479 et
2294 429 2504 493 publice
2543 429 2594 480 in
2629 427 2864 496 capitulo
2902 428 3176 496 fratribus,
3207 439 3261 486 et
3295 447 3475 488 secum

289 522 418 565 sunt
434 530 642 582 quaque
664 518 894 584 gentium
916 516 1062 568 multi
1088 518 1310 580 nobiles,
1333 520 1615 586 prudentes
1639 518 1840 578 clerici,

293 601 496 651 strenui
524 601 722 654 milites
743 611 900 669 atque
923 602 988 654 ad
1009 617 1128 655 eum
1149 602 1468 667 conﬂuxere,
1493 619 1654 672 seque
1675 613 1728 658 et
1749 620 1840 657 sua

276 683 343 738 _in
374 685 542 750 ipsum
571 689 953 740 monasterium
975 690 1190 742 servitio
1220 691 1306 743 Dei
1334 690 1613 745 tradidere.
1638 689 1844 745 Crescit

291 772 595 826 ccenobium
626 773 748 826 illud
778 775 918 827 intus
947 783 1000 828 et
1022 785 1191 843 extra,
1240 778 1382 830 intus
1431 779 1480 831 in
1511 786 1691 834 sancta
1723 779 1842 833 reli-

292 861 469 927 gione,
496 873 650 913 extra
684 863 734 915 iu
767 864 1075 918 multimoda
1103 867 1453 934 possessione.

361 987 447 1040 5'3.
474 987 605 1041 Cum
633 1005 760 1042 vero
789 992 953 1045 abbas
978 993 1278 1058 ilerluinus,
1299 994 1446 1063 cujus
1471 1011 1628 1065 supra
1655 997 1840 1051 memi-

299 1075 618 1143 nimus,jam
653 1080 953 1148 decrepitus
996 1086 1301 1138 monasterii
1347 1089 1523 1141 causis
1567 1088 1839 1144 intendere

298 1172 347 1216 et
373 1179 526 1230 opem
559 1163 700 1218 ferre
723 1181 826 1219 non
854 1168 1076 1232 valeret,
1131 1171 1384 1240 quidquid
1432 1174 1514 1244 agi
1563 1179 1841 1240 oportebat

297 1250 386 1302 sub
429 1251 688 1317 Anselmi,
742 1261 925 1322 utpote
973 1256 1205 1324 prioris,
1256 1259 1601 1328 dispositione
1658 1264 1835 1315 fiebat.

298 1337 638 1405 Exigentibus
681 1340 840 1409 igitur
874 1344 1253 1414 multiplicibus
1299 1351 1492 1413 causis,
1536 1365 1655 1404 eum
1698 1353 1838 1406 foras

293 1429 674 1482 monasterium
714 1431 791 1484 ire
821 1446 963 1500 saepe
1003 1449 1221 1490 necesse
1245 1436 1364 1490 fuit.
1393 1437 1487 1493 Cui
1539 1440 1661 1492 dum
1705 1456 1838 1494 non-

291 1530 563 1585 nunquam
590 1519 712 1586 equi
737 1528 790 1574 et
817 1520 921 1574 alia
965 1537 1082 1589 quae
1129 1534 1253 1578 sunt
1293 1527 1610 1594 equitaturis
1653 1545 1836 1583 neces-

290 1604 434 1658 saria
469 1607 737 1672 deessent,
767 1611 1020 1678 praecepit
1062 1611 1224 1666 abbas
1263 1614 1310 1666 ei
1353 1615 1531 1668 omnla
1561 1630 1679 1684 qua:
1705 1632 1836 1685 opus

295 1700 449 1744 erant
472 1694 671 1762 parari,
702 1704 755 1748 et
782 1697 852 1749 illi
884 1698 981 1751 soli
1012 1699 1152 1753 sicut
1178 1703 1392 1770 propria
1425 1704 1736 1758 ministrari.
1769 1708 1836 1760 At

288 1777 376 1834 ille
399 1781 466 1834 ad
494 1797 685 1836 nomen
710 1787 1049 1854 proprietatis
1091 1790 1371 1856 inhorruit,
1404 1800 1454 1846 et
1483 1808 1728 1848 reversus
1772 1798 1837 1850 de

287 1866 480 1922 itinere
508 1884 732 1939 quaeque
756 1873 855 1927 sibi
885 1876 1184 1942 specialiter
1213 1880 1422 1934 fuerant
1446 1894 1758 1951 praeparata,
1782 1885 1832 1939 in

287 1953 422 2006 viam
456 1956 615 2010 ituris
648 1961 1001 2016 communiter
1027 1966 1220 2032 exponi
1243 1964 1441 2032 jussit,
1490 1983 1596 2022 nec-
1621 1980 1836 2038 propter

287 2051 590 2110 secuturam
644 2060 799 2112 quam
848 2047 1024 2102 forsan
1078 2061 1194 2103 erat
1234 2066 1487 2118 passurus
1521 2056 1830 2121 penuriam,

284 2143 514 2198 unquam
545 2147 609 2185 se.
639 2134 1094 2204 retraxerit,‘quin
1120 2153 1185 2192 ex
1213 2154 1306 2192 sua
1335 2141 1485 2207 copia
1523 2150 1832 2199 cceterorum

287 2217 554 2298 suppleret
578 2218 829 2288 inopiam.
876 2221 982 2278 Nec
1011 2225 1307 2279 mirandum
1345 2241 1466 2280 cum
1492 2211 1603 2294 ij
1637 2231 1835 2285 mundo

287 2303 524 2360 illuserat
571 2306 691 2377 [al.,
742 2309 1006 2381 illuxerat]
1053 2327 1172 2368 eum
1236 2327 1294 2367 se
1349 2314 1607 2370 fratribus
1666 2319 1828 2371 talem

291 2394 608 2459 exhibuisse,
659 2411 782 2450 cum
808 2397 944 2451 sicut
984 2400 1207 2468 ipsemet
1247 2401 1452 2456 referre
1485 2403 1672 2458 solitus
1717 2413 1834 2458 erat

293 2483 450 2536 etiam
478 2486 687 2553 quando
712 2486 978 2541 adhuein
1028 2489 1265 2543 saeculari
1318 2490 1423 2543 vita
1476 2490 1720 2561 degebat,
1768 2508 1832 2547 eo

289 2571 425 2625 circa
477 2571 630 2630 alios.
659 2587 842 2628 amore
893 2575 1172 2642 fervebat,
1223 2586 1280 2630 ut
1323 2592 1691 2647 quemcunque
1748 2581 1832 2633 sui

283 2659 488 2713 Ordinis
518 2661 690 2714 minus
718 2676 775 2714 se
801 2661 1080 2716 habentem
1112 2665 1334 2729 videret,
1362 2665 1475 2733 ejus
1510 2666 1740 2734 inopiam
1768 2669 1833 2723 de

287 2747 610 2802 abundantia
636 2763 730 2801 sua
753 2748 926 2804 libens
953 2764 1049 2818 pro
1079 2765 1231 2819 posse
1260 2752 1544 2820 suppleret.
1569 2750 1684 2806 Jam
1707 2762 1833 2807 tunc

286 2829 438 2888 cnim'
459 2837 599 2889 ratio
631 2835 773 2889 illum
810 2837 1030 2891 docebat
1056 2853 1243 2893 omnes
1274 2841 1484 2894 divitias
1513 2843 1689 2896 mundi
1737 2858 1832 2911 pro

285 2926 552 2978 communi
605 2927 878 2980 hominum
910 2929 1139 2982 utilitate
1166 2931 1231 2984 ab
1263 2947 1364 2985 uno
1393 2933 1626 2986 omnium
1661 2933 1832 2989 'Patre

292 3025 499 3070 creatas
525 3026 577 3070 et
602 3019 893 3072 secundum
939 3022 1232 3075 naturalem
1276 3023 1441 3094 legem
1482 3025 1612 3079 nihil
1652 3043 1829 3082 rerum
1859 3047 1902 3107 ρ

282 3105 451 3172 magis
475 3107 544 3158 ad
568 3108 710 3160 hunc
730 3123 890 3177 quam
919 3110 984 3161 ad
1008 3109 1166 3164 istum
1191 3112 1471 3178 pertinere.
1504 3113 1674 3170 Taceo
1694 3119 1833 3184 quod

283 3194 351 3247 illi
381 3195 707 3262 sirpe-plura
735 3197 850 3250 auri
883 3206 938 3251 et
985 3200 1187 3267 argenti
1221 3203 1452 3269 pondera
1499 3219 1528 3256 a
1569 3207 1833 3262 nonnullis

283 3294 398 3337 sunt
427 3284 647 3352 oblata,
681 3296 1043 3354 quatenus‘ea
1072 3290 1125 3343 in
1171 3306 1295 3345 suos
1338 3307 1658 3363 suorumque
1704 3313 1831 3351 usus

284 3376 605 3443 susciperet,
641 3386 900 3440 servaret,
931 3378 1314 3448 dispenderet:
1367 3395 1485 3451 qua:
1538 3385 1649 3454 ipse
1691 3388 1832 3441 nulla

287 3465 590 3528 patiebatur
638 3465 841 3519 ratione
884 3468 1189 3536 suscipere,
1239 3471 1338 3525 nisi
1381 3472 1519 3527 forte
1567 3479 1832 3530 communi

281 3549 504 3606 fratrum
551 3552 771 3606 utilitati
815 3554 1090 3624 profutura
1136 3558 1309 3612 abbati
1350 3571 1821 3628 prmsentarentur.

277 3637 380 3692 Sed
408 3656 534 3694 cum
563 3642 608 3694 is
634 3643 724 3710 qui
749 3657 841 3697 sua
868 3643 1147 3709 offerebat,
1174 3659 1390 3702 econtra
1419 3649 1619 3704 diceret
1645 3666 1701 3704 se
1721 3653 1837 3704 nul-

275 3728 383 3781 lam
413 3739 541 3785 tunc
559 3731 886 3786 voluntatem
914 3723 1108 3789 habere
1146 3747 1203 3789 ut
1245 3739 1419 3791 abbati
1451 3740 1532 3792 vel
1563 3742 1832 3794 monachis

277 3816 481 3884 aliquid
530 3819 707 3885 daret,
742 3820 843 3873 nisi
882 3821 930 3875 ei
979 3823 1114 3887 soli,
1147 3824 1407 3879 referebat
1450 3825 1535 3878 ille
1565 3842 1621 3880 se
1650 3828 1830 3881 talium

275 3919 412 3971 opus
443 3919 549 3958 non
580 3906 809 3973 habere,
835 3922 933 3962 nec
970 3909 1124 3965 aliter
1152 3927 1181 3966 a
1209 3927 1476 3981 quoquam
1504 3914 1639 3970 velle
1679 3916 1836 3983 quid-

275 4005 440 4059 quam
472 3994 738 4062 accipere.

338 4105 430 4157 54.
475 4105 608 4158 illud
634 4115 808 4161 autem
838 4109 1068 4163 breviter
1100 4111 1216 4166 dico
1240 4112 1379 4180 quod
1416 4111 1552 4165 inter
1581 4111 1824 4179 hujusce-

277 4194 411 4248 modi
445 4194 626 4249 studia
643 4194 724 4249 die
739 4197 1125 4264 quadam,dum
1155 4199 1218 4252 ad
1246 4201 1438 4254 lectum
1468 4215 1617 4254 suum
1637 4202 1686 4253 in
1714 4203 1836 4254 dor-

283 4281 495 4335 mito'io
515 4279 819 4345 diverteret,
847 4285 1096 4337 annulum
1122 4301 1340 4340 aureum
1361 4287 1412 4339 in
1441 4300 1504 4340 eo
1535 4288 1833 4355 insperatus

286 4368 500 4437 invenit,
550 4376 609 4425 et
656 4373 936 4437 admodum
981 4374 1203 4427 miratus
1241 4383 1344 4428 est.
1400 4347 1669 4444 Reputans
1706 4392 1831 4444 ergo
1862 4347 1910 4404 θ

245 4459 258 4482 ⁸
282 4461 414 4529 apud
439 4477 523 4524 se,
553 4475 624 4516 ne
650 4461 786 4517 forte
814 4464 1002 4532 aliquis
1031 4480 1236 4532 eorum,
1277 4467 1368 4535 qui
1406 4484 1492 4522 res
1525 4471 1830 4522 monasterii

273 4550 657 4620 procurabant,
707 4556 891 4622 quovis
945 4567 1136 4611 eventu
1185 4559 1427 4612 eumdem
1477 4559 1726 4612 annulum
1759 4559 1828 4612 ibi

269 4643 572 4711 reliquerit,
605 4641 797 4697 levavit
825 4659 944 4698 eum
988 4653 1043 4698 et
1077 4646 1296 4715 singulis
1334 4649 1584 4701 ostendit.
1630 4648 1827 4699 Miran-

272 4742 356 4784 tur
386 4733 484 4798 illi,
521 4739 580 4785 et
615 4745 676 4784 se
702 4733 778 4785 rei
805 4733 1046 4788 conscios
1087 4737 1304 4790 omnino
1335 4744 1548 4803 negant.
1594 4737 1831 4789 Ostendi-

271 4827 358 4869 tur
393 4818 514 4871 aliis
556 4826 722 4885 atque
758 4819 893 4884 aliis,
929 4822 1022 4875 sed
1058 4822 1329 4892 hucusque
1368 4825 1541 4878 nullus
1585 4825 1709 4888 fuit,
1740 4825 1828 4892 qui

267 4901 644 4976 recognoverit
672 4908 812 4962 unde
833 4910 912 4963 vel
941 4927 970 4962 a
996 4926 1100 4978 quo
1123 4912 1244 4967 illuc
1265 4913 1468 4968 delatus
1493 4915 1579 4968 sit.
1613 4915 1674 4966 Et
1708 4923 1831 4968 tunc

263 4993 486 5061 quidem
529 4994 758 5048 annulus
799 4997 849 5049 in
886 5012 1018 5065 opus
1059 5001 1307 5054 Ecclesia:
1348 5016 1610 5070 expensus
1647 5013 1747 5064 est,
1778 5013 1830 5057 et

263 5099 352 5138 res
387 5086 458 5137 ita
494 5087 775 5140 remansit.
808 5086 1150 5143 Postmodum
1196 5105 1324 5145 vero
1357 5105 1478 5145 eum
1509 5092 1607 5161 ipsi
1635 5093 1828 5146 Ansel-

263 5187 386 5226 ntus
419 5173 486 5225 ad
522 5173 893 5240 pontificatum
947 5187 1189 5244 sumptus
1219 5189 1320 5242 est,
1368 5180 1583 5233 fuerunt
1613 5181 1702 5248 qui
1730 5181 1830 5234 hoc

263 5263 440 5329 ipsum
471 5278 575 5330 per
596 5264 843 5316 annulum
869 5265 1013 5338 illum
1037 5266 1143 5333 jam
1176 5278 1298 5323 tunc
1326 5269 1550 5338 quodam
1575 5272 1830 5339 praesagio

261 5349 653 5418 praesignatum
700 5350 860 5405 fuisse
888 5343 1205 5409 assererem.
1253 5357 1356 5411 Nos
1385 5369 1557 5413 autem
1590 5375 1705 5428 qua
1739 5375 1829 5429 ge-

257 5445 342 5489 sta
386 5443 543 5498 sunt,
579 5437 806 5504 simplici
834 5449 1037 5494 tantum
1067 5445 1203 5512 εηΙο
1231 5446 1538 5512 digerimus.

329 5546 421 5600 35.
462 5545 802 5602 lnvilabatur
827 5562 1081 5618 praeterea
1114 5571 1139 5608 a
1172 5557 1396 5611 diversis
1425 5561 1669 5625 abbatiis,
1697 5576 1828 5627 qua—

1945 516 2186 581 priratiin
2230 515 2370 584 loqui
2410 516 2724 581 volentibus,
2768 519 2926 572 verba
2981 520 3103 573 vita:
3137 521 3489 576 ministraret.

1941 601 2181 670 Namque
2233 603 2468 656 solemne
2511 605 2787 658 exstiterat
2838 607 3103 672 omnibus,
3146 617 3202 660 ut
3233 608 3524 677 quidquid.

1941 696 2006 746 ab
2027 711 2119 748 ore
2140 696 2278 748 illius
2304 697 2438 747 foret
2463 697 2720 760 auditum,
2748 697 2824 749 sic
2850 697 3139 750 haberetur
3163 700 3310 765 quasi
3337 701 3491 766 plane

1941 786 2172 836 divinum
2203 800 2536 854 responsum.
2565 786 2713 840 Unde
2739 788 3036 853 requirendi
3068 788 3271 841 consilii
3297 790 3486 855 gratia,

1942 887 2005 927 ex
2043 875 2275 928 diversis
2303 875 2366 926 ad
2396 891 2517 946 eum
2549 875 2678 946 locis
2719 874 3087 929 festinabatur.
3120 876 3245 942 Quae
3282 891 3366 929 res
3410 877 3490 928 in—

1940 962 2078 1014 vidia
2131 963 2277 1030 gravi
2325 942 2607 1018 dia-bolum'
2641 942 2937 1020 vulneravit
2985 964 3487 1035 [al.,vulncrabat].

1940 1049 2226 1104 Nonnullos
2254 1067 2381 1120 ergo
2409 1067 2543 1119 quos
2567 1052 2634 1105 ab
2656 1068 2715 1105 ea
2749 1053 3040 1106 intentione
3073 1060 3271 1106 secreta
3306 1054 3493 1108 fraude

1939 1156 2042 1192 non
2075 1151 2296 1208 poterat,
2321 1142 2597 1196 manifesta
2633 1141 2991 1211 increpatione
3018 1153 3260 1196 avertere
3283 1145 3486 1197 machi-

1940 1229 2180 1280 nabatur.
2213 1228 2445 1297 Exempli
2471 1245 2652 1293 causa,
2677 1231 2826 1288 miles
2855 1233 3068 1300 quidam
3099 1241 3232 1294 crat,
3256 1231 3489 1284 Cadnlits

1939 1316 2170 1368 nomine.
2202 1317 2295 1370 llic
2323 1319 2548 1386 quadam
2577 1321 2688 1372 vice
2717 1321 2908 1390 vigiliis
2942 1329 2996 1373 et
3024 1321 3351 1373 orationibus
3383 1321 3490 1374 Deo

1940 1402 2170 1458 intentus
2196 1409 2394 1459 audivit
2421 1408 2686 1461 diabolum
2711 1401 2811 1461 sub
2835 1423 2963 1462 voce
2989 1410 3205 1462 scutarii
3229 1409 3310 1462 sui
3337 1419 3487 1463 extra

1936 1494 2209 1546 t‘CrlcsiztItt
2239 1497 2288 1548 in
2319 1513 2419 1564 qua
2451 1509 2565 1551 erat
2594 1498 2988 1560 vociferantem,
3017 1508 3070 1550 et
3105 1499 3313 1552 turbato
3343 1515 3492 1553 mur-

1937 1595 2085 1633 mure
2112 1597 2275 1648 cquos
2296 1593 2346 1636 et
2369 1585 2544 1637 omnia
2574 1600 2666 1638 sua
2693 1584 2862 1638 fracto
2890 1586 3114 1653 hospitio
3139 1602 3166 1638 a
3195 1587 3488 1641 latronibus

1931 1666 2036 1734 jam
2066 1679 2186 1722 tunc
2209 1670 2411 1738 direpta
2440 1687 2576 1733 esse,
2608 1683 2764 1741 atque
2793 1675 3015 1727 abducta
3046 1685 3484 1742 conquerentem,

1869 1755 1908 1810 Β
1940 1771 2036 1808 nec
2066 1756 2264 1822 aliquid
2297 1775 2479 1812 eorum
2519 1760 2746 1814 ulterius
2778 1762 3214 1829 retuperandum,
3249 1762 3300 1814 ni
3330 1760 3380 1815 ri
3406 1760 3487 1816 ius

1935 1855 2256 1898 accurreret.
2294 1849 2370 1900 Ad
2391 1866 2508 1918 quae
2536 1866 2654 1902 cmn
2684 1850 2771 1902 ille
2798 1865 3129 1919 nequaquam
3158 1862 3484 1918 moveretur,

1937 1938 2104 2004 majus
2146 1937 2389 1991 videlicet
2428 1938 2678 1992 damnum
2725 1939 2984 2008 deputans
3011 1942 3237 1995 orationi
3271 1944 3484 2006 cedere,

1935 2037 2091 2091 quam
2121 2040 2211 2078 sua
2241 2026 2490 2093 perdere;
2522 2027 2703 2082 dolens
2724 2028 2963 2082 diabolus
2987 2044 3043 2083 se
3070 2030 3398 2097 despectum,
3429 2033 3481 2083 in

1933 2114 2162 2178 spei-ient
2198 2114 2304 2166 ursi
2334 2103 2638 2170 deniutatus
2675 2127 2778 2182 est,
2813 2127 2868 2172 et
2902 2118 3138 2172 eeelcsiaa
3165 2132 3259 2187 per
3289 2129 3485 2174 tectum

1935 2199 2184 2266 dilapsus,
2228 2209 2349 2254 ante
2398 2203 2566 2269 ipsum
2613 2219 2846 2272 prmceps
2893 2209 3116 2270 corruit,
3165 2217 3219 2260 ut
3264 2209 3488 2262 horrore

1933 2285 2116 2337 saltem
2155 2297 2208 2339 et
2242 2288 2450 2355 fragore
2486 2291 2565 2343 sui
2601 2306 2759 2345 casus
2784 2294 2953 2346 virum
2999 2310 3027 2348 a
3060 2306 3235 2363 coepto
3266 2312 3483 2364 protur-

1937 2373 2088 2427 baret
2120 2375 2237 2444 [al.,
2270 2378 2647 2448 perturbaret].
2697 2379 2800 2433 Sed
2847 2382 2997 2436 miles
3033 2384 3324 2444 immobilis
3361 2403 3482 2456 pcr-

1933 2472 2127 2526 manet,
2168 2474 2219 2515 et
2250 2474 2542 2529 monstrum
2575 2483 2790 2522 securus
2820 2470 3021 2525 irridet.
3054 2472 3178 2528 Post
3211 2492 3328 2543 quae
3367 2487 3478 2530 sta-

1935 2555 2042 2599 tum
2088 2549 2206 2601 vita:
2253 2565 2361 2602 suae
2406 2554 2674 2621 proposito
2722 2559 2972 2612 sanctiori
3023 2558 3245 2614 fundare
3275 2563 3486 2619 deside-

1934 2651 2060 2690 rans
2089 2639 2391 2692 Anselmum
2421 2641 2570 2706 adiit,
2605 2645 2882 2699 consilium
2927 2647 3042 2714 ejus
3070 2664 3228 2716 super
3255 2651 3356 2705 hoc
3383 2654 3480 2706 ad-

1937 2726 2144 2780 discere
2189 2729 2426 2796 cupiens.
2467 2732 2660 2784 Verum
2693 2734 2816 2786 dum
2848 2736 2912 2786 ad
2947 2735 3115 2802 ipsum
3149 2737 3346 2793 vadens
3386 2740 3490 2794 iter

1934 2814 2280 2880 acceleraret,
2315 2831 2440 2871 ecce
2472 2819 2734 2888 malignus
2769 2822 2936 2876 hostis
2977 2824 3262 2878 humanam
3302 2842 3498 2882 vocem

1933 2912 1997 2952 ex
2029 2901 2251 2954 adverso
2296 2904 2481 2967 edens,
2521 2906 2572 2958 in
2605 2907 2719 2959 bzec
2757 2909 2914 2961 verba
2962 2911 3202 2978 prorupit
3227 2929 3239 2964 :
3267 2912 3483 2980 Cadule,

1932 2988 2147 3051 Cadule,
2189 3006 2293 3056 quo
2323 2993 2532 3046 tendis?
2566 2993 2726 3062 Igitur
2750 3010 2870 3050 cum
2905 2997 2991 3049 ille
3032 2999 3096 3052 ad
3125 3015 3308 3054 vocem
3349 3002 3487 3059 hanc

1933 3078 2264 3142 subsisteret,
2293 3080 2431 3133 scire
2463 3082 2641 3135 volens
2667 3082 2754 3151 qui
2804 3094 2943 3138 esset
2971 3087 3060 3158 qui
3107 3088 3228 3141 talia
3263 3090 3486 3158 diceret,

1934 3168 2180 3234 repetivit
2221 3168 2447 3236 da-mon,
2479 3180 2534 3225 et
2560 3171 2672 3224 ait:
2698 3171 2812 3238 Quo
2857 3157 3051 3237 tendis,
3078 3175 3305 3230 Cadule?
3349 3157 3486 3244 Quid

1935 3265 1985 3305 te
2016 3265 2288 3324 tantopere
2315 3259 2548 3323 priorem
2595 3257 2739 3312 illum
2778 3261 3106 3329 bypocritam
3135 3267 3274 3332 cogit
3302 3267 3486 3321 adire?

1931 3342 2121 3412 Opinio
2171 3347 2427 3417 siquidem
2474 3346 2589 3416 ejus
2633 3349 2850 3402 omnino
2884 3349 2986 3403 alia
3014 3361 3098 3405 est
3134 3368 3160 3403 a
3194 3369 3482 3408 conversa-

1936 3435 2076 3487 tione
2104 3436 2218 3488 vita:
2245 3435 2402 3489 illius.
2429 3435 2759 3505 Quapropter
2785 3440 3004 3501 suaieo,
3039 3442 3283 3494 consulto
3313 3452 3369 3494 ut
3398 3459 3490 3496 ce-

1933 3523 2092 3576 lerius
2124 3527 2328 3592 redeas,
2358 3541 2425 3579 ne
2450 3527 2696 3581 seductus
2723 3528 2791 3581 ab
2815 3542 2878 3581 eo
2905 3529 3146 3593 stultitia,
3175 3546 3278 3598 qua
3307 3532 3487 3597 modo,

1935 3613 2179 3677 traheris,
2210 3613 2404 3682 illaque
2442 3615 2566 3668 eris.
2609 3614 2916 3683 llypocris's
2975 3631 3200 3685 namque
3252 3633 3345 3671 sua
3373 3618 3487 3687 jam

1935 3699 2124 3752 multos
2160 3701 2386 3766 decepit,
2423 3710 2475 3754 et
2503 3715 2595 3769 spe
2619 3717 2755 3755 vana
2792 3703 3052 3756 delibutas
3080 3706 3189 3757 suis
3217 3718 3410 3759 vacuos
3433 3701 3490 3761 tt
3529 3767 3531 3769 _

1934 3785 2194 3839 immunes
2221 3785 2412 3838 etii-cit.
2440 3787 2563 3840 llaec
2592 3787 2678 3842 ille
2702 3789 2938 3847 audiens.
2967 3798 3018 3842 et
3049 3791 3338 3846 dte;r.ouem
3365 3808 3487 3848 esse

1933 3875 2021 3942 qui
2055 3875 2358 3942 loquebatur
2404 3891 2809 3946 recognoscens,
2837 3878 2988 3946 signo
3017 3894 3073 3932 se
3107 3881 3283 3932 crucis
3309 3881 3488 3933 muni-

1933 3966 2026 4025 vit,
2055 3974 2107 4017 et
2133 3974 2310 4032 spreto
2343 3966 2513 4028 hoste,
2561 3981 2665 4032 quo
2693 3974 3043 4034 proposuerat
3084 3968 3183 4032 ire,
3230 3969 3485 4036 perrexit.

1934 4052 2066 4115 Quid
2090 4053 2270 4120 plura?
2298 4054 2488 4106 Audito
2511 4052 2783 4118 Anselmo,
2815 4056 3079 4124 abnegato
3102 4056 3276 4125 seipse
3300 4066 3354 4111 et
3382 4072 3485 4112 ste-

1933 4143 2050 4196 cnlo
2077 4144 2334 4209 religiosae
2359 4144 2479 4196 vita:
2506 4158 2564 4196 se
2590 4145 2825 4208 tradidit,
2857 4154 2910 4198 et
2938 4148 3076 4212 apud
3106 4145 3488 4218 Majus-Moua-

1934 4233 2152 4285 sterium
2203 4232 2496 4286 monachus
2539 4231 2712 4286 factus
2743 4241 2844 4287 est.
2895 4233 3046 4287 llunc
3089 4237 3286 4288 etenim
3330 4251 3363 4289 u
3395 4250 3484 4289 un

1934 4317 2213 4371 Anselmus
2256 4317 2497 4380 habebat,
2543 4327 2602 4371 ut
2647 4335 2917 4387 nunquam
2954 4322 3176 4388 alicujus
3220 4325 3488 4379 commodi

1933 4423 2089 4460 causa
2152 4407 2399 4461 suaderet
2446 4409 2600 4461 alicui
2662 4409 2853 4462 smculo
2915 4411 3222 4464 renuntiare
3270 4413 3485 4474 volenti,

1930 4505 2190 4565 quatenus
2215 4498 2265 4549 in
2293 4513 2388 4552 suo
2415 4497 2736 4551 monasterio
2764 4499 2939 4566 potius
2967 4513 3128 4565 quam
3155 4500 3204 4552 in
3232 4501 3406 4555 alieno
3435 4502 3487 4556 il

1931 4585 2148 4638 faceret.
2173 4585 2319 4650 Quod
2349 4585 2596 4638 nimirum
2624 4601 2687 4639 eo
2716 4586 2931 4649 intuitu,
2961 4601 3022 4640 ea
3047 4588 3485 4643 consideration:

1932 4673 2183 4735 faciebat,
2211 4689 2274 4726 ne
2301 4673 2437 4726 nllus
2467 4675 2799 4742 postmodum
2832 4673 2949 4728 loco
2979 4689 3134 4743 quem
3177 4689 3240 4727 ex
3269 4676 3486 4744 propria

1930 4764 2304 4818 deliberatione
2342 4780 2442 4816 non
2475 4766 2788 4826 intraverat,
2821 4765 2996 4834 aliqua
3046 4774 3103 4818 ut
3141 4766 3200 4818 fit
3248 4766 3490 4833 pulsatus

1936 4854 2176 4906 molestia
2219 4854 2543 4915 detraheret,
2575 4862 2629 4908 et
2663 4853 2896 4908 scandali
2936 4855 3020 4908 sui
3054 4870 3122 4908 ae
3145 4855 3490 4922 impatientia:

1931 4958 2168 4993 murmur
2193 4943 2522 5010 persuasioni
2561 4942 2700 4996 illius
2730 4943 3032 5011 imputaret,
3066 4943 3242 5010 itaque
3279 4957 3338 4997 se
3374 4943 3490 4997 alis

1931 5041 1983 5085 ct
2012 5033 2142 5085 alios
2167 5033 2267 5086 sibi
2308 5033 2371 5085 ad
2403 5033 2566 5086 multa
2595 5033 2795 5086 divisus
2815 5047 3003 5100 graves
3035 5031 3284 5113 ediceret.

2542 5162 2763 5217 CAPUT
2806 5163 2867 5216 ν.

1933 5316 2140 5368 Abbatis
2176 5315 2321 5366 electi
2355 5315 2638 5382 benignitas
2679 5329 2798 5380 erga
2839 5315 3057 5382 hospites
3087 5325 3133 5366 et
3163 5316 3486 5370 domesticos.

2002 5385 2107 5435 Iter
2141 5387 2197 5452 in?
2217 5381 2482 5452 Angliam.
2511 5381 2831 5452 Calloquiuut
2865 5399 2978 5435 cum
3010 5381 3075 5435 Β.
3101 5383 3393 5450 Lanfrauco
3425 5386 3489 5438 de

2001 5454 2137 5504 Cultu
2174 5451 2226 5503 S.
2247 5451 2484 5519 Elpltegi,

1945 5593 1950 5601 -
1997 5564 2082 5616 56.
2127 5561 2410 5624 Defuncto,
2457 5576 2594 5627 saepe
2653 5563 2897 5635 superius
2947 5564 3250 5627 nominato,
3299 5561 3491 5636 abbate
