4174 6190
3732 26 3869 61 ηπ,
3906 26 4119 121 Ἦ

604 166 663 219 τι
1466 208 1483 225 ,
1651 153 1709 205 s.
1749 144 2049 207 assunt
2080 148 2163 205 ca

2263 148 2429 205 van.
2463 148 2773 205 ARCHIEP.
3486 202 3497 215 κ
3750 164 3817 219 τί

590 278 845 335 Ιιονιιιιιιο
877 276 1010 347 (at),
1055 291 1158 328 uno
1200 274 1437 328 omnium
1471 270 1591 343 [αι.
1627 266 1870 339 omnino]
1918 266 2141 321 fratrum
2172 266 2219 321 Α
2248 265 2361 317 tlerl
2409 264 2593 319 nollet.
2639 264 2772 319 Ilinc
2810 271 3130 335 procedebat
3159 274 3299 340 quod
3334 275 3472 329 inter
3501 276 3820 346 placitantes

590 370 934 426 Bcccensium
966 378 1224 421 consensu
1257 364 1307 414 in
1336 361 1579 415 abbatem
1609 358 1840 429 cligitur.
1865 355 2012 423 Quod
2043 354 2153 420 ipse

592 458 738 512 omni
781 456 958 511 studio
1000 448 1365 517 subterfugere
1403 448 1661 519 gestiens,
1690 444 1882 499 multas
1903 451 1957 495 et
1978 440 2154 493 diver—

593 562 682 602 sas
721 548 954 599 rationes
993 556 1058 593 ne
1106 539 1157 592 id
1202 538 1355 591 fieret
1384 536 1723 590 obtendebat.
1770 531 1873 585 Sed
1920 529 2022 583 illis
2055 542 2154 581 nec

593 636 830 689 auditum
875 629 1090 698 quidem
1138 626 1439 680 rationibus
1482 622 1596 689 ejus
1643 620 1907 690 patienter
1944 631 2157 673 accom-

594 726 809 779 modare
841 717 1164 781 volentibus,
1195 717 1440 769 auxiatus
1468 721 1549 765 est
1588 712 1638 764 in
1668 726 1732 764 eo
1762 709 1984 778 Spiritus
2011 709 2151 775 ejus,

593 813 788 880 etquid
820 819 1002 879 ageret
1040 808 1338 879 ignorabat.
1392 803 1747 880 Transierunt
1789 801 1840 855 iu
1882 798 2000 853 istis
2039 798 2153 850 dies

591 899 826 968 quidam.
864 894 1062 949 Verum
1096 895 1180 947 ubi
1208 891 1489 945 Anschmts
1517 890 1645 942 vidit
1681 902 1739 943 se
1769 885 2152 940 monachorum

591 988 897 1041 unanimem
944 980 1300 1038 Constantiam
1352 996 1455 1033 non
1504 994 1660 1048 posse
1703 975 1884 1031 verbis
1923 982 2151 1051 mutare,

591 1079 821 1139 tentavit
847 1077 890 1131 si
925 1074 1191 1144 quomodo
1227 1086 1348 1126 eam
1375 1069 1574 1124 valeret
1602 1067 1682 1121 vel
1711 1067 1959 1149 precibus
2003 1065 2155 1119 incli-

590 1182 743 1220 nare.
778 1166 866 1218 Eis
892 1164 1069 1229 itaque
1094 1162 1271 1230 priore
1293 1160 1391 1213 sub
1419 1173 1525 1212 uno
1554 1156 1880 1218 constitutis,
1911 1168 1974 1206 ac
1999 1153 2046 1207 ei
2074 1165 2151 1216 ut,

589 1256 803 1321 uttliSSiS
827 1250 1212 1318 objectioaibus
1238 1248 1428 1310 solitis,
1463 1246 1627 1299 abbas
1653 1244 1767 1299 ﬁeri
1792 1242 2156 1310 acquiesceret

592 1344 977 1405 insistentibus,
1000 1343 1084 1394 ille
1104 1339 1237 1395 ﬂens
1258 1347 1312 1392 et
1333 1335 1665 1391 miserandos
1684 1332 1949 1404 singultus
1967 1334 2152 1395 edens,

591 1433 944 1502 prosternitur
996 1432 1048 1485 in
1084 1430 1271 1485 faciem
1326 1443 1508 1484 coram
1558 1427 1831 1490 omnibus,
1889 1438 2054 1477 orans
2100 1431 2155 1477 et

589 1526 863 1578 obtestans
899 1538 991 1577 eos
1018 1536 1113 1592 per
1150 1535 1340 1599 nomen
1387 1518 1476 1572 Dei
1524 1515 1926 1595 omnipotentis,
1971 1527 2067 1583 per
2107 1511 2153 1566 si

2257 354 2519 414 residens.
2552 368 2673 407 cum
2704 356 2998 410 adversarii
3041 360 3157 426 ejus
3186 377 3280 428 per
3307 379 3399 417 sua
3441 366 3664 421 consilia
3707 373 3819 425 dis-

2253 444 2530 513 quirerent
2556 458 2663 511 quo
2691 446 2922 513 ingenio,
2954 464 3125 517 quave
3155 451 3466 517 calliditate,
3499 472 3608 512 sua:
3641 474 3817 515 causa!

2254 533 2647 595 adminiculari,
2696 545 2748 589 et
2796 535 2936 591 illius
2980 539 3221 593 valerent
3269 542 3636 600 fraudulenter
3683 549 3819 603 insi-

2254 624 2417 687 diari;
2461 624 2573 697 ipse
2602 624 2725 677 talia
2759 624 3061 680 nullatenus
3086 632 3305 693 curans,
3329 632 3406 684 eis
3430 634 3517 700 qui
3547 636 3645 689 sibi
3674 637 3820 691 vole-

2253 711 2382 766 bant
2418 712 2694 767 intendere
2726 725 2818 768 aut
2843 714 3239 784 de’Evangelio.
3275 728 3366 772 aut
3404 721 3468 773 de
3496 723 3669 791 aliqua
3711 725 3814 778 alia

2256 802 2431 857 divina
2462 804 2759 872 Scriptura,
2795 814 2885 857 aut
2916 817 3063 860 certe
3099 808 3297 877 aliquid
3334 810 3398 863 de
3438 810 3815 871 informatione

2255 907 2463 946 morum
2509 893 2771 947 bonorum
2808 893 3122 949 disserebat.
3162 896 3313 966 Saepe
3356 898 3516 951 etiam
3549 913 3668 953 cum
3719 901 3817 953 hu-

2247 982 2399 1050 jusce
2427 983 2701 1037 auditores
2729 985 2972 1047 deerant.
3002 986 3239 1040 suaviter
3266 988 3316 1041 in
3349 988 3429 1041 sui
3460 990 3636 1042 cordis
3662 990 3813 1059 puri-

2255 1081 2365 1126 tate
2410 1070 2727 1139 quiescens.
2777 1086 3004 1140 corpore
3047 1074 3367 1129 dormiebat.
3424 1074 3815 1147 Eveniehatque

2255 1174 2636 1228 nonnunquam
2662 1169 2734 1214 tut
2763 1160 2978 1215 fraudes
3015 1154 3195 1216 subtili
3238 1164 3633 1219 machinatione
3670 1166 3819 1220 com-‘-

2254 1252 2457 1320 positze,
2505 1266 2627 1305 mox
2673 1251 2762 1305 ubi
2808 1260 2931 1305 sunt
2984 1252 3036 1306 in
3080 1252 3401 1307 audientiam
3436 1253 3573 1307 illius
3606 1255 3816 1324 delatat,

2256 1356 2360 1394 non
2407 1340 2559 1409 quasi
2612 1356 2643 1393 a
2691 1340 2990 1395 dormiente
3018 1380 3033 1405 ,
3074 1343 3165 1411 qui
3207 1353 3335 1395 tunc
3367 1352 3506 1408 erat,
3546 1336 3820 1413 setl,sit:ut

2256 1445 2283 1482 a
2314 1431 2695 1499 perspicaciter
2723 1424 2969 1500 vigilante
3007 1442 3059 1485 et
3103 1433 3411 1488 intendente
3449 1434 3561 1487 sint
3594 1426 3818 1490 ‘detect:e

2257 1529 2416 1591 atque
2446 1522 2708 1577 dissecue.
2748 1522 2996 1575 Charitas
3040 1523 3183 1576 enim
3220 1538 3337 1590 quae
3379 1539 3482 1577 non
3515 1523 3816 1591 aetnufatttr,

589 1628 696 1680 qua
725 1614 775 1665 iu
804 1614 884 1666 eis
909 1620 1061 1663 erant
1091 1594 1303 1678 pictatis
1337 1605 1458 1677 [al.,
1484 1590 1888 1673 misericordia']
1920 1602 2149 1663 viscera,
2183 1583 2224 1640 Β
2257 1626 2375 1680 qua:
2409 1625 2512 1664 ηοη
2542 1611 2653 1680 agit
2688 1624 2999 1679 perperam,
3031 1626 3149 1680 qua:
3185 1583 3290 1664 non
3329 1614 3518 1681 quzerit
3560 1629 3678 1683 qua:
3719 1583 3819 1669 sua

590 1712 858 1775 quatenus
906 1708 1147 1769 respectu
1196 1695 1579 1765 misericordiae
1628 1687 2018 1763 [al.,pietatis]
2065 1688 2157 1742 Dei

590 1808 753 1861 super
798 1806 927 1851 emo,
975 1788 1276 1850 intendant,
1304 1794 1357 1839 et
1392 1784 1461 1838 ab
1491 1780 1702 1851 incepto
1748 1780 2067 1862 desisteutcs
2099 1792 2158 1831 se

590 1897 619 1934 a
649 1890 795 1934 tanto
829 1892 992 1933 onere
1039 1862 1305 1946 quietum"
1328 1887 1549 1927 manere
1591 1872 1925 1941 permittant.
1977 1869 2045 1922 At
2083 1867 2157 1921 illi

590 1986 777 2024 omnes
823 1978 1042 2022 econtra
1082 1968 1134 2020 in
1177 1954 1378 2019 terram
1430 1963 1708 2031 prostrati,
1756 1968 1914 2012 orant
1950 1967 2007 2010 ttt
2046 1958 2159 2024 ipse

588 2061 765 2127 potius
794 2059 893 2111 loci
927 2056 1066 2110 illius
1092 2064 1353 2110 eteorum
1406 2051 1742 2110 misereatur,
1776 2063 1842 2100 ne
1867 2045 2157 2116 postposita

592 2150 826 2203 Utilitate
862 2144 1130 2199 couuuuni
1165 2159 1222 2197 se
1250 2142 1421 2195 solum
1450 2156 1559 2209 pne
1584 2141 1792 2191 cmteris
1814 2136 2159 2205 singulariter

593 2254 774 2290 antare
811 2237 1182 2305 convincatur.
1214 2232 1347 2285 Acta
1387 2239 1512 2282 sunt
1546 2230 1611 2282 de
1640 2228 1723 2281 his
1758 2228 2008 2294 utrinque
2047 2226 2161 2294 pitt-

594 2309 727 2381 rima
761 2327 811 2378 in
839 2325 978 2378 hunc
1006 2322 1249 2386 modum;
1281 2320 1373 2374 sed
1398 2319 1509 2386 jam
1543 2334 1683 2371 mtuc
1710 2318 1787 2369 eis
1817 2317 1975 2368 istum
2003 2314 2159 2381 prud—

594 2430 711 2468 tnus
738 2412 945 2466 dicendi
983 2411 1216 2465 modum.
1251 2409 1390 2462 Vicit
1416 2408 1629 2460 tandem
1659 2406 1887 2473 diligens
1934 2400 2053 2472 [al.,
2082 2400 2162 2452 di-

590 2498 769 2570 cendi]
807 2499 1178 2565 importunitas
1212 2505 1267 2549 et
1292 2496 1596 2562 importuna
1623 2492 1894 2560 diligentia
1933 2488 2160 2541 fratrum

586 2586 771 2659 jngum
802 2587 1010 2641 Domini
1044 2587 1143 2639 sub
1190 2584 1306 2652 ejus
1343 2583 1598 2652 regimine
1648 2581 1785 2635 ferre
1832 2578 2160 2640 volentium;

594 2679 723 2730 vicit
766 2692 975 2746 quoque
1024 2684 1079 2727 et
1126 2674 1293 2727 multo
1351 2671 1585 2726 maxime
1630 2670 1759 2722 vicit
1809 2676 2159 2736 praeceptum,

596 2765 756 2830 quod,
789 2774 843 2814 ut
874 2778 1031 2831 supra
1060 2762 1361 2821 retulimus,
1386 2761 1435 2813 ei
1468 2759 1643 2812 fuerat
1669 2759 1734 2808 ab
1760 2756 2163 2821 archiepiscopo

598 2851 840 2904 Mani-ilio
870 2866 963 2918 per
989 2849 1345 2903 obedientiam
1376 2845 1694 2913 iujunctum,
1730 2844 1993 2907 videlicet,
2031 2853 2089 2895 ut
2118 2840 2161 2894 si

2256 1708 2379 1752 sunt
2418 1698 2468 1768 (Ι
2494 1699 2613 1751 Cor.
2648 1714 2766 1759 xm,
2794 1699 2873 1767 4),
2912 1700 2964 1753 in
2993 1714 3058 1753 eo
3082 1700 3316 1769 vigebat,
3360 1716 3454 1770 per
3490 1717 3648 1771 quam
3698 1720 3818 1771 qua:

2254 1788 2481 1841 videnda
2514 1798 2671 1844 erant
2698 1790 2921 1842 veritate
2952 1799 3283 1843 monstrante
3308 1791 3576 1860 extemplo
3615 1795 3823 1863 perspi-
3890 1830 3897 1833 ι

2257 1879 2447 1934 ciebat.

2325 1967 2412 2020 58.
2454 1967 2623 2032 Quam
2651 1967 2775 2034 vigil
2804 1978 2979 2021 autem
3014 1977 3174 2037 atque
3201 1968 3457 2023 sollicitus
3488 1969 3653 2025 fuerit
3676 1971 3815 2025 circa

2257 2056 2523 2125 hospitum
2555 2058 2974 2123 susceptionem,
3001 2073 3292 2128 eorumque
3319 2060 3370 2112 in
3402 2062 3544 2113 onmi
3573 2060 3820 2115 humani-

2259 2146 2382 2199 tatis
2434 2144 2917 2217 [al.Jmmilitatis]
2964 2147 3065 2199 oﬂii
3086 2147 3138 2201 io
3183 2150 3601 2215 relevationem,
3648 2165 3707 2203 ex
3748 2164 3813 2203 eo

2257 2236 2517 2302 probatur
2554 2235 2695 2302 quod
2740 2235 2883 2287 illum
2919 2234 3005 2302 pio
3046 2236 3224 2287 studio
3255 2236 3303 2287 in
3335 2237 3434 2289 hoc
3462 2246 3514 2303 ct
3544 2253 3605 2292 se
3645 2248 3695 2289 et
3720 2252 3813 2290 sua

2261 2326 2504 2377 novimus
2534 2326 2886 2392 expendisse;
2935 2340 2991 2377 se
3038 2323 3089 2375 in
3119 2322 3261 2376 omni
3310 2324 3593 2383 hilaritate.
3622 2338 3715 2379 sua
3764 2325 3817 2377 in

2259 2410 2403 2463 onmi
2452 2410 2716 2478 largitate.
2755 2411 2903 2475 Quod
2947 2411 2989 2462 si
3035 2411 3318 2477 aliquando
3365 2412 3432 2463 ad
3480 2410 3818 2465 refectionem

2260 2514 2543 2567 corporum
2589 2500 2762 2553 virtus
2789 2498 3009 2551 omnino
3040 2514 3136 2563 pro
3170 2507 3295 2551 voto
3321 2513 3417 2551 suo
3449 2513 3549 2552 non
3596 2497 3827 2552 suffit-leo

2262 2586 2373 2648 bat,
2406 2586 2506 2638 hoc
2536 2585 2675 2652 quod
2708 2587 2891 2639 deerat
2940 2586 3055 2649 ejus
3090 2587 3227 2638 bona
3278 2586 3520 2639 voluntas
3566 2594 3619 2639 et
3645 2586 3823 2639 vultus

2264 2675 2514 2728 alacritas
2543 2674 2680 2741 apud
2709 2673 2947 2740 hospites
2969 2674 3198 2743 gratiose
3223 2674 3516 2741 supplebat.
3558 2674 3821 2728 Prmlerea

2264 2776 2645 2830 nonnunquam
2673 2764 2825 2815 cibus
2857 2762 3080 2815 fratrum
3112 2778 3209 2815 suo
3244 2764 3395 2831 jussu
3442 2766 3505 2816 de
3541 2762 3829 2827 refeetrrfo

2264 2854 2519 2919 sublatus.
2559 2863 2607 2905 et
2642 2852 2940 2919 hospitibus
2971 2862 3054 2903 est
3102 2852 3290 2904 allatus
3332 2861 3491 2916 atque
3533 2857 3830 2918 aplustre,

597 2939 764 3006 major
790 2940 1027 3011 praelatio
1053 2953 1212 3006 quam
1250 2936 1391 2990 illius
1418 2936 1688 3005 prioratus
1724 2933 2025 2996 exstiterat,
2059 2933 2159 3000 ipsi
2190 2903 2234 2964 Ο
2267 2942 2448 3009 Neque
2482 2941 2623 2993 enim
2675 2949 2799 2992 tunc
2842 2940 2892 2989 in
2940 2949 3185 3005 promptu
3230 2940 3369 2991 aliud
3414 2903 3716 3006 Pr31,'l]ll()l'
3748 2942 3833 2993 es

596 3030 883 3098 aliquando
928 3029 1317 3097 injungeretur,
1366 3025 1671 3079 nullatenus
1720 3040 1837 3077 eam
1890 3022 2162 3089 suscipere

597 3127 891 3174 recusaret.
932 3116 1083 3178 Nam,
1123 3117 1261 3170 sicut
1303 3116 1416 3183 ipse
1461 3114 1775 3174 testabatur,
1805 3125 2078 3179 nunquam
2104 3124 2165 3164 se

507 3212 510 3216 λ
597 3208 842 3260 abbatem
880 3206 991 3260 fieri
1025 3206 1403 3270 consensisset,
1446 3204 1547 3257 nisi
1576 3218 1697 3257 eum
1737 3202 1837 3256 hoc
1862 3200 2002 3270 quod
2030 3200 2164 3253 dicio

598 3314 716 3351 mus
744 3297 1024 3365 imperium
1055 3297 1120 3349 ad
1150 3297 1249 3350 hoc
1278 3296 1710 3350 constrinxisset.
1741 3292 1855 3355 Tali
1898 3307 2027 3360 ergo
2050 3290 2164 3343 vio-

600 3386 757 3439 lentia
786 3395 867 3439 est
891 3386 1058 3439 abbas
1082 3384 1325 3452 effectus,
1350 3400 1415 3438 ac
1441 3384 1589 3438 Bccei
1614 3383 1793 3436 debito
1817 3397 1937 3436 cum
1963 3382 2165 3434 honore

598 3483 839 3527 sacratus
888 3474 1020 3541 (22).
1068 3474 1287 3539 Qualem
1330 3488 1458 3527 vero
1496 3488 1553 3526 se
1584 3473 1836 3537 deinceps
1874 3470 1923 3522 in
1956 3472 2165 3522 cuuet‘s

598 3576 903 3618 Sanctarum
929 3566 1201 3618 exercitiis
1221 3565 1476 3618 virtutmu
1500 3562 1823 3621 exhibuerit,
1847 3559 1965 3612 inde
1990 3556 2165 3620 colligi

598 3662 775 3719 potest
811 3655 953 3719 quod
995 3668 1265 3720 numquam
1302 3652 1369 3703 de
1412 3652 1675 3703 retroa'cta
1720 3647 2021 3701 sanctitatis
2058 3661 2167 3698 sine

602 3741 1008 3792 conversatione
1061 3755 1222 3794 causa
1278 3739 1506 3793 abbatia:
1557 3740 1755 3809 aliquid
1802 3742 2028 3805 minuit,
2074 3740 2167 3793 sed

600 3843 811 3897 semper
838 3828 902 3881 de
926 3828 1119 3881 virtute
1158 3827 1208 3881 in
1238 3828 1516 3894 virtutem,
1568 3839 1626 3883 ut
1651 3830 1815 3882 Deum
1864 3832 2083 3881 deorum
2118 3829 2167 3880 in

603 3915 731 3966 Sion
766 3924 1060 3967 mereretur
1083 3914 1285 3977 videre,
1316 3916 1679 3970 conscendere
1708 3917 1929 3969 studuit.

671 4003 758 4055 57.
802 4003 1067 4072 Delegatis
1117 4003 1295 4070 itaque
1345 4006 1655 4060 monasterii
1703 4006 1881 4059 causis
1924 4020 2065 4059 cum:
2111 4020 2174 4058 ac

602 4092 951 4144 sollicitudini
998 4090 1255 4157 fratrum,
1289 4093 1355 4146 de
1386 4108 1609 4161 quorum
1640 4095 1746 4147 vita
1777 4104 1829 4146 et
1858 4096 2172 4148 strenuitatc

604 4194 786 4236 certus
825 4191 959 4245 erat,
1004 4182 1115 4250 ipse
1151 4182 1239 4235 Dei
1289 4184 1746 4253 contemplationi,
1785 4187 2168 4239 monachorum

604 4272 915 4332 eruditioni,
954 4271 1325 4337 admonitioni,
1364 4274 1686 4328 correctioni
1720 4276 1921 4344 jugiter
1961 4277 2172 4329 insiste-

607 4359 715 4411 bat.
749 4360 971 4423 Quando
1002 4369 1179 4413 autem
1207 4361 1407 4428 aliquid
1441 4364 1615 4431 magni
1657 4362 1707 4415 in
1738 4365 1964 4432 negotiis
1987 4364 2171 4418 Eccle-

605 4450 697 4501 siae
739 4460 855 4501 erat
886 4452 1147 4518 agendum
1188 4454 1330 4519 quod
1370 4453 1421 4505 in
1453 4451 1567 4518 i-jus
1609 4454 1847 4505 absentia
1900 4470 2001 4507 nou
2030 4457 2171 4509 testi-

608 4545 856 4595 mabatur
892 4555 1143 4612 oportere
1170 4547 1402 4608 deliniri,
1437 4556 1561 4599 tunc
1600 4562 1694 4613 pro
1731 4556 1967 4615 tempore
2002 4557 2056 4601 ct
2086 4564 2172 4601 ra-

607 4615 764 4684 tione,
788 4636 1056 4702 negotimn
1092 4637 1235 4703 quod
1277 4636 1607 4697 imminebat,
1640 4636 1907 4689 mediante
1940 4636 2167 4703 justitia,

608 4720 937 4785 disponebat.
962 4722 1331 4775 Abominabile
1359 4725 1550 4791 quippe
1575 4724 1864 4791 judicabat,
1892 4725 1934 4777 si
1960 4727 2173 4793 quidvis

610 4808 739 4859 lucri
774 4822 1151 4876 assequerctur
1178 4828 1241 4863 ex
1273 4828 1336 4865 eo
1364 4814 1503 4879 quod
1534 4815 1669 4866 alius
1702 4826 1884 4867 contra
1932 4819 2175 4868 moderat-

611 4898 755 4948 mina
781 4900 915 4964 juris
943 4900 1130 4965 quavis
1158 4902 1359 4952 astutia
1386 4903 1609 4967 perdere
1638 4913 1835 4971 posset.
1889 4904 2038 4957 Unde
2084 4923 2173 4959 ue-

612 4987 902 5037 ndncHtln
947 4988 1154 5053 phuﬁﬁs
1203 4991 1505 5057 palhduuur
1548 5008 1577 5043 a
1620 4994 1730 5045 mus
1764 4994 1936 5061 HUQNJ
1987 4995 2173 5047 haude

610 5078 1008 5138 cireumveniri,
1055 5081 1345 5131 observans
1396 5094 1460 5133 ne
1503 5081 1585 5131 cui
1636 5081 1833 5135 faceret
1882 5085 2025 5150 quod
2075 5084 2171 5135 sibi

2201 4224 2250 4282 D

2268 3040 2389 3099 apte
2422 3037 2602 3095 posset
2628 3027 2839 3096 apponi.
2873 3026 3057 3079 Victus
3088 3036 3263 3079 autem
3305 3027 3685 3079 monarhornm
3730 3025 3823 3085 ita,

2264 3117 2376 3171 Deo
2404 3116 2713 3185 providente
2732 3155 2745 3179 ,
2775 3116 3201 3182 dispensabatur,
3238 3122 3295 3166 ut
3326 3114 3453 3167 nihil
3496 3130 3680 3168 eorum
3707 3129 3826 3183 qua:

2266 3209 2554 3262 necessitas
2584 3207 2864 3276 expetebat
2900 3206 3003 3261 illis
3025 3205 3253 3267 deesset,
3297 3206 3420 3260 licet
3448 3210 3739 3275 s:rp's~?m-
3772 3205 3827 3260 ia

2265 3300 2366 3353 hoc
2401 3308 2603 3361 essent,
2633 3307 2689 3351 ut
2720 3297 2997 3351 timeretur
3024 3314 3090 3351 ne
3126 3284 3176 3349 in
3205 3298 3497 3351 crastinum
3534 3298 3610 3351 eis
3637 3312 3670 3353 c
3692 3306 3833 3351 'nctt

2267 3388 2530 3440 deessent.
2562 3386 2757 3453 Sicque
2788 3401 3161 3453 nonnunquam
3195 3385 3337 3437 inter
3364 3385 3562 3451 aliauid
3593 3396 3645 3438 et
3675 3385 3829 3447 quasi

2267 3475 2397 3528 nihil
2428 3475 2753 3535 ferebantur.
2782 3485 2839 3527 ut
2866 3474 3062 3542 aliquid
3099 3474 3177 3527 eis
3214 3489 3316 3526 non
3354 3473 3729 3543 superflueret;
3776 3482 3836 3527 et

2268 3566 2407 3629 quod
2448 3574 2562 3614 erat
2597 3563 2747 3631 quasi
2791 3563 2923 3615 nihil
2962 3577 3053 3615 eos
3092 3577 3428 3631 nequaquam
3468 3578 3561 3630 per
3600 3562 3833 3629 inpiam

2269 3653 2535 3721 fatigaret.

2286 3726 2291 3731 ’
2337 3740 2425 3793 59.
2450 3738 2598 3802 Quod
2626 3737 2835 3805 penitus
2864 3737 2966 3790 illis
2991 3737 3326 3807 contingebat
3352 3736 3642 3790 secundum
3668 3737 3775 3789 ver!
3799 3750 3834 3790 ι

2271 3827 2348 3878 sui
2376 3825 2561 3892 patris,
2592 3824 2678 3893 qui
2709 3839 2770 3876 ea
2796 3825 3138 3891 pra-dicebat,
3170 3824 3292 3875 dum
3319 3824 3542 3875 ministri
3581 3821 3836 3876 liccletie

2272 3916 2409 3983 apud
2458 3929 2577 3965 eum
2633 3912 2996 3981 querebantur
3047 3913 3112 3965 de
3155 3910 3438 3965 formidine
3502 3912 3834 3963 imminrntis

2272 4005 2644 4058 necessitatis:
2674 4002 2979 4071 frequenter
3008 4016 3239 4069 namque
3273 4016 3302 4053 ιι
3331 4000 3640 4061 celleiariis,
3677 4015 3704 4050 a
3736 4013 3834 4052 ca-

2275 4095 2539 4155 merariis,
2591 4108 2618 4143 a
2666 4092 2970 4145 secretariis
3018 4090 3192 4143 aditus
3239 4100 3339 4150 est,
3377 4099 3431 4142 et
3459 4090 3584 4157 quid
3627 4102 3689 4139 co
3728 4086 3836 4140 uitii

2272 4190 2457 4237 contra
2491 4180 2766 4249 penuriam
2793 4194 2912 4246 qua:
2937 4178 3189 4245 cujusque
3222 4178 3579 4231 obedientiam
3612 4189 3840 4242 pessuli.

2274 4270 2432 4324 dabat
2478 4270 2630 4323 daret
2674 4268 2978 4335 inquisitos.
3032 4265 3236 4331 Quibus
3282 4281 3401 4319 cum
3454 4265 3834 4332 responderet;

2273 4360 2495 4428 Sperate
2545 4360 2596 4409 in
2625 4356 2867 4418 Domino,
2907 4365 2959 4409 et
2990 4371 3145 4423 spero
3195 4355 3325 4421 quia
3374 4353 3487 4421 ipse
3536 4350 3839 4403 necessaria

2271 4450 2422 4503 vobis
2443 4461 2666 4515 qmeque
2701 4443 3048 4506 ministmbit;
3097 4428 3337 4494 mirabili
3356 4440 3511 4491 modo
3539 4453 3641 4489 non
3667 4449 3830 4488 svcus

2272 4540 2551 4591 eveniebat
2578 4539 2626 4589 in
2654 4552 2733 4590 re.
2756 4551 2910 4602 quam
2940 4534 3053 4601 ipse
3084 4533 3293 4585 dicebat
3320 4545 3375 4582 se
3405 4530 3601 4581 habere
3633 4526 3683 4578 in
3712 4538 3838 4591 Spe.

2278 4631 2495 4684 Videres
2539 4631 2681 4681 enim
2724 4638 2838 4695 pesi
2884 4626 2993 4678 haec
3038 4622 3195 4676 verlra
3241 4621 3419 4674 statim
3472 4618 3581 4686 ipsa
3632 4616 3717 4667 die
3748 4616 3840 4665 vel

2278 4730 2424 4771 certe
2460 4717 2702 4784 sequenti
2750 4730 2927 4774 mane,
2968 4712 3079 4764 sive
3122 4710 3260 4777 quod
3310 4708 3416 4760 f.-.lli
3469 4721 3570 4758 non
3601 4709 3839 4771 poterat,

2277 4810 2588 4878 priusquam
2619 4804 2839 4872 penuria
2880 4803 3058 4869 aliquo
3089 4800 3249 4850 ttllum
3281 4796 3554 4863 amigcret,
3585 4801 3638 4842 ut
3670 4804 3840 4843 naves

2273 4900 2337 4950 de
2360 4898 2542 4962 Anglia
2568 4904 2816 4947 oneratas
2842 4892 2983 4944 omni
3014 4889 3162 4956 copia
3192 4888 3243 4941 in
3272 4902 3422 4939 usqu
3450 4885 3659 4936 illorum
3678 4878 3839 4944 juxta

2277 4987 2485 5053 appelli,
2520 4995 2605 5035 aut
2640 4984 2924 5051 quemlibet
2963 4982 3024 5031 de
3054 4979 3304 5029 divitibus
3334 4986 3486 5027 terrm
3518 4968 3836 5022 fraterni.a-

2278 5087 2381 5128 trm
2423 5076 2671 5127 licclcsize
2709 5080 3030 5139 qua-rmitetu
3078 5084 3197 5119 cum
3246 5078 3435 5130 magna
3478 5060 3698 5127 pecunia
3740 5057 3841 5109 ad-

1892 5181 2299 5266 llENSCllENEI
2339 5210 2564 5264 suae.

616 5319 1124 5451 Au(:‘llltillefnnctus
1153 5333 1231 5377 est
1388 5324 1673 5380 llerluinus
1718 5342 1862 5379 anno
1912 5326 2067 5389 107s,
2103 5326 2171 5376 ~20

684 5456 794 5523 (Η)
836 5462 1083 5513 Sacranis
1127 5472 1207 5517 est
1241 5464 1523 5516 Ansclmas
1562 5467 1611 5515 in
1650 5466 1783 5515 festo
1828 5463 1883 5515 ς.
1925 5462 2062 5514 Petri
2108 5462 2172 5511 ad

2280 5328 2589 5377 r:ulie.lram
2622 5338 2760 5375 anno
2785 5320 2932 5373 l079.
2968 5320 3033 5371 ab
3051 5310 3357 5370 Ebroiccnsi
3385 5310 3633 5377 episcopo
3663 5305 3844 5360 Gisle-

2284 5395 2452 5443 'ol‘rlﬂ.
