4174 6212
296 258 362 308 73
1283 249 1435 301 VITA
1468 242 1788 300 AUCTURE
1829 228 2175 295 EADMERO.
2314 240 2436 292 LIB.
2482 241 2521 293 ι.
3441 245 3510 323 7t

298 378 547 428 venture;
583 376 672 418 aut
700 360 925 429 aliquem
956 360 1253 425 relinquere
1282 358 1534 412 mundum
1567 357 1851 413 volentem,
1887 361 1927 413 Α
1963 354 2129 417 magis
2174 351 2339 427 nobis
2380 367 2497 404 esse
2543 339 2905 420 gaudendum,
2961 354 3003 404 si
3051 352 3183 404 alFos
3230 353 3519 423 diligimus1

296 472 356 507 se
375 466 427 506 et
448 470 541 505 sua
569 456 619 505 in
646 451 1021 503 monasterium
1043 446 1260 508 olli-ire;
1286 455 1376 496 aut
1397 445 1625 511 denique
1648 440 1859 493 aliunde

299 542 494 609 aliquid
526 538 820 609 apportari,
847 541 985 591 unde
1014 552 1108 604 per
1133 536 1388 602 plurimos
1412 532 1525 585 dies
1554 528 1856 584 necessaria

298 648 521 702 qua-que
550 638 797 697 poterant
829 626 1139 680 ministrari.

368 723 456 774 ω.
512 719 756 773 Habebat
802 728 1059 786 przeterea
1099 717 1284 785 ipsum
1330 713 1634 768 emnohimn
1682 710 1861 777 plures

299 790 671 878 possessiones
706 806 758 859 itt
789 804 1001 874 Anglia,
1030 818 1166 870 quas
1210 808 1304 872 pro‘
1335 799 1600 854 communi
1633 797 1858 850 fratrum

302 898 535 967 utilitate
584 886 804 949 necesse
831 904 941 947 erat
979 908 1072 962 per
1099 892 1305 945 abbatis
1342 888 1679 959 praesentiam
1723 903 1857 938 non-

299 1001 574 1052 nunquatu
599 984 823 1037 visitari.
852 982 969 1050 Ipso
995 983 1170 1048 itaque
1192 996 1302 1033 sua:
1325 979 1675 1033 ordinationis
1697 992 1854 1034 anno,
1896 1014 1905 1019 .

299 1074 585 1127 Anselmus
625 1074 677 1126 in
720 1070 960 1139 Angliam
998 1071 1264 1134 profectus
1291 1079 1393 1123 est.
1437 1069 1516 1121 Ad
1545 1066 1707 1135 quod,
1740 1064 1863 1116 licet

301 1162 436 1227 haec,
468 1178 630 1230 quam
660 1162 789 1224 dixi,
827 1160 958 1214 satis
990 1159 1142 1212 firma
1191 1174 1351 1213 causa
1397 1157 1702 1218 cxstiteret;
1758 1154 1859 1207 alia

304 1260 480 1303 tamen
512 1259 629 1303 erat
668 1265 770 1302 non
810 1230 1070 1302 infirmior
1101 1248 1223 1312 ista,
1253 1246 1502 1299 videlicet
1530 1251 1588 1297 ut
1617 1256 1864 1295 reveren—

300 1341 426 1397 dum
456 1338 837 1401 Lanfraneum,
877 1338 1032 1405 cujus
1066 1352 1227 1404 supra
1265 1335 1627 1397 meminimus,
1660 1333 1864 1385 videret

290 1436 353 1480 ‘ct
379 1442 505 1482 eum
530 1442 595 1480 eo
619 1429 685 1481 de
722 1427 805 1480 his
829 1441 947 1494 qua:
973 1426 1133 1480 corde
1178 1426 1395 1493 gerebat
1422 1422 1673 1476 familiari
1700 1421 1862 1474 aifatu

301 1516 506 1584 agi-ret.
553 1515 667 1584 Ipse
702 1515 967 1583 siquidem
994 1513 1309 1568 venerabilis
1337 1514 1418 1565 vir
1436 1512 1548 1581 jam
1579 1512 1642 1565 de
1671 1513 1863 1565 abbate

299 1605 622 1657 Cadentensi
663 1602 836 1657 factus
882 1602 1057 1657 fuerat
1089 1602 1201 1671 (25)
1245 1601 1680 1669 archiepiscopus
1725 1601 1861 1653 Can-

1962 457 2119 507 qnant
2164 437 2207 493 si
2246 440 2514 507 diligimur
2551 442 2615 494 ab
2656 442 2794 495 aliis.
2834 442 2985 507 Quod
3024 442 3147 508 quia
3187 458 3289 494 non
3331 458 3519 500 attines

1963 529 2201 590 faciunt,
2248 529 2399 581 multi
2447 532 2619 596 potius
2659 533 2722 582 ab
2758 532 2875 584 aliis
2922 532 3090 583 amari
3135 547 3294 598 quant
3337 537 3520 590 amare

1962 616 2095 669 alios
2123 617 2360 683 cupiunt.
2386 636 2403 667 ι
2447 616 2565 670 11ωο
2590 626 2641 670 ct
2669 619 2967 685 bujusmodi
3002 620 3164 673 multa
3184 620 3389 673 locutus
3412 633 3517 684 est,

1961 717 2011 759 ct
2037 717 2251 772 acet-pta
2285 706 2615 761 fraternitate
2645 711 3044 773 monachorum,
3073 710 3244 765 factus
3271 721 3352 766 cst
3378 692 3532 768 inter,

1962 814 2055 853 eos
2090 815 2226 852 unus
2255 816 2319 854 ex
2357 802 2453 854 eis.
2510 800 2712 871 Deger.s
2744 819 2839 870 per
2868 803 2981 856 dies
3015 804 3219 873 aliquot
3261 805 3401 859 inter
3424 821 3519 860 eos

1960 900 2017 943 et
2048 889 2307 956 quotidie,
2356 899 2446 942 aut
2494 892 2545 944 in
2587 892 2839 960 capitulo,
2883 904 2973 945 aut
3016 894 3066 945 in
3109 894 3343 948 claustro
3381 896 3517 949 mira

1961 977 2203 1044 quaedam
2230 987 2282 1030 et
2309 977 2411 1032 illis
2437 979 2611 1031 adhuc
2643 979 2965 1045 temporibus
2995 980 3206 1034 insolita
3233 982 3301 1035 de
3327 982 3433 1035 vita
3461 968 3535 1036 et‘

1963 1064 2203 1117 moribus
2245 1065 2626 1117 monachorum
2675 1078 2855 1117 coram
2885 1066 2962 1118 eis
2989 1068 3287 1125 rationabili
3334 1071 3518 1125 facun-

1961 1152 2048 1206 dia
2076 1153 2365 1207 disserens.
2404 1153 2667 1206 Privatim
2704 1167 2918 1221 quoque
2956 1155 3075 1209 aliis
3115 1155 3263 1210 horis
3306 1159 3515 1226 agebat,

1961 1258 2082 1296 cum
2122 1243 2205 1295 his
2238 1242 2326 1310 qui
2363 1242 2725 1311 profundioris
2772 1243 2972 1311 ingenii
3014 1251 3189 1310 erant,
3228 1244 3519 1312 profundas

1960 1332 2040 1386 cis
2068 1332 2133 1385 de
2163 1331 2357 1384 divinis
2384 1347 2484 1385 nec
2513 1347 2615 1385 non
2654 1332 3002 1386 Stecularihns
3025 1332 3177 1386 libris
3202 1337 3521 1402 quiestioucs

1962 1434 2280 1487 proponens,
2332 1421 2737 1488 propositasque
2787 1434 3079 1490 exponens.
3118 1421 3246 1488 Quo
3284 1433 3523 1493 tempore

1962 1516 2016 1560 et
2044 1521 2143 1576 ego
2174 1508 2237 1560 ad
2275 1509 2576 1561 sanctitatis
2604 1508 2717 1575 ejus
2747 1511 2987 1564 notitiam
3022 1511 3298 1578 pervenire
3327 1514 3519 1578 merui.

1964 1612 2026 1650 ac
2056 1614 2151 1666 pro
2179 1598 2393 1652 modulo
2420 1599 2699 1667 parvitatis
2730 1615 2860 1653 mete
2891 1601 3044 1654 beata
3076 1602 3217 1655 illius
3244 1603 3521 1659 familiari-

302 1692 879 1751 tuariensis,ouiuibus
894 1691 1044 1745 valde
1070 1689 1397 1745 honorabilis
1419 1699 1474 1743 et
1495 1688 1705 1743 sublimi
1736 1705 1856 1757 pro.
1896 1691 1936 1748 Β
1967 1694 2074 1737 tate
2111 1694 2293 1753 utpote
2336 1686 2666 1750 adolescens,
2702 1687 2791 1754 qui
2842 1696 2966 1742 tunc
3005 1702 3172 1756 eram,
3200 1706 3304 1745 non
3333 1706 3520 1762 parum

300 1780 470 1832 bitate
497 1781 836 1848 conspicuus.
1074 1836 1081 1847 η

313 1880 318 1883 ·
370 1867 460 1920 ιι.
498 1867 631 1921 Cum
682 1869 842 1937 igitur
867 1866 1149 1922 Ausehuus
1193 1868 1420 1922 transito
1466 1867 1601 1920 mari
1631 1866 1865 1920 Cantua-

303 1955 439 2008 tiani
474 1957 693 2019 v‘eniret,
742 1970 838 2023 pro
881 1970 976 2008 sua
1019 1955 1318 2008 reverentia
1366 1962 1420 2006 et
1456 1954 1707 2006 omnibus
1741 1964 1864 2003 nota

298 2045 609 2108 sanctitate,
625 2044 915 2096 honorifice
934 2060 963 2094 a
985 2052 1244 2096 conventu
1262 2042 1510 2111 Ecclesite
1533 2041 1641 2111 (2})
1666 2040 1863 2095 Chrisd

302 2135 355 2184 in
390 2133 506 2200 ipsa
533 2132 748 2184 civitate
778 2132 898 2184 sita:
932 2141 1212 2199 susceptus
1240 2140 1342 2191 est.
1372 2131 1495 2185 .Pro
1530 2148 1634 2200 quo
1665 2133 1863 2185 honore

304 2223 491 2274 rolens
524 2223 763 2290 ingratus
791 2220 1045 2283 existere,
1084 2222 1419 2289 postmodum
1449 2222 1547 2290 ipsi
1576 2223 1864 2275 tnunacho~

303 2326 421 2364 rum
455 2311 741 2365 conventui
777 2325 807 2363 a
838 2311 1130 2379 gratiarum
1178 2313 1388 2365 actione
1432 2311 1709 2375 inchoatis,
1743 2327 1864 2379 pto-

302 2400 527 2451 eedentc
561 2398 612 2451 in
641 2399 743 2452 hoc
773 2399 1054 2452 verborum
1091 2399 1230 2453 serie
1255 2399 1321 2450 de
1352 2398 1617 2451 cbaritate
1658 2398 1864 2452 locutus

303 2500 403 2549 est,
442 2486 826 2539 rationabiliter
845 2488 1128 2540 ostendens
1148 2502 1268 2540 eum
1291 2487 1377 2554 qui
1401 2486 1718 2540 eharitatem
1737 2502 1863 2555 erga

304 2582 532 2631 alterum
580 2576 674 2648 [ιιι.
721 2580 867 2631 omit.
898 2592 949 2631 e.
980 2576 1058 2648 a.j
1100 2579 1278 2642 habet,
1329 2576 1501 2645 majus
1541 2577 1740 2644 aliquid
1775 2581 1866 2630 ha-

302 2672 452 2733 bere,
484 2684 643 2737 quam
676 2667 819 2743 illum
861 2668 926 2723 ad
972 2684 1130 2739 quem
1173 2669 1410 2722 charitas
1455 2668 1861 2737 ipsahabetur:

306 2777 326 2810 ι
351 2759 466 2829 ipse
493 2760 804 2835 enitn'inter
832 2760 956 2825 alia,
987 2760 1180 2828 inquit,
1202 2759 1294 2826 qui
1335 2759 1650 2815 ebaritatem
1680 2760 1860 2826 habet,

303 2850 405 2904 hoc
454 2851 594 2903 unde
634 2850 775 2903 Deus
802 2851 851 2903 ei
889 2851 987 2906 scit
1029 2849 1229 2917 gratias
1282 2849 1474 2913 habet;
1511 2848 1597 2902 ille
1644 2864 1770 2903 vero
1800 2851 1867 2903 ad

302 2956 465 3009 quem
509 2942 874 2993 tantummodo
917 2940 1164 3001 habetur,
1205 2940 1443 2993 minime.
1494 2939 1637 3005 Quas
1666 2943 1865 2995 etenim

302 3032 509 3102 gratias
549 3031 676 3083 mihi
706 3030 874 3095 debet
899 3031 1057 3107 Deus,
1086 3030 1135 3082 si
1168 3039 1218 3080 tit
1253 3045 1336 3082 me
1368 3031 1449 3083 vel
1484 3032 1704 3099 quilibet
1731 3032 1867 3085 alius

304 3117 512 3187 diligit?
538 3116 691 3181 Quod
712 3117 758 3171 si
790 3115 958 3183 majus
982 3126 1062 3170 est
1088 3116 1291 3185 habere.
1312 3118 1414 3172 hoc
1440 3120 1579 3172 unde
1602 3119 1740 3172 Deus
1766 3118 1867 3172 scit

305 3206 757 3275 homini'grates,
798 3221 959 3273 quam
1008 3206 1109 3259 hoc
1155 3207 1296 3259 unde
1345 3208 1547 3272 nullas;
1596 3223 1718 3261 eum
1768 3223 1865 3275 pro

306 3298 490 3363 habita
541 3296 803 3352 cbaritate
847 3296 1045 3364 gluttias
1098 3296 1253 3361 sciat,
1306 3310 1403 3364 pro
1458 3307 1703 3366 suscepta
1758 3313 1863 3352 non

304 3389 479 3452 adeo;
519 3388 789 3459 colligitur
812 3403 934 3442 eum
960 3389 1049 3457 qui
1078 3388 1395 3443 charitatem
1430 3404 1557 3457 erga
1584 3392 1743 3444 alium
1772 3392 1867 3444 ha-

305 3481 414 3543 bet,
446 3477 621 3544 majus
645 3479 768 3547 quid
796 3477 992 3553 habere
1013 3494 1171 3547 quam
1201 3485 1371 3553 ipsum
1399 3481 1491 3548 qui
1521 3480 1862 3547 impenditur.

304 3567 592 3635 Amplius:
628 3566 677 3619 ls
702 3567 785 3620 cui
817 3567 1029 3622 dilectio
1060 3569 1281 3624 alterius
1310 3572 1497 3633 servit,
1533 3571 1697 3624 solius
1722 3585 1866 3623 com-

307 3660 452 3711 modi
487 3674 685 3712 munus
714 3654 1073 3735 perfunctorie
1102 3661 1351 3731 suscipit;
1384 3663 1529 3715 verbi
1556 3663 1746 3732 gratia,
1775 3663 1871 3715 ho-

238 3778 243 3783 ~
308 3762 501 3802 norem
542 3764 724 3813 unum,
765 3748 1082 3803 beneficium
1129 3766 1314 3815 untnu,
1358 3752 1640 3819 prandium
1682 3767 1866 3825 unum,

309 3838 391 3893 vel
422 3837 706 3906 quodlibet
745 3836 902 3891 oﬂicii
943 3854 1110 3907 genus
1151 3841 1202 3892 in
1248 3841 1390 3893 hunc
1434 3840 1675 3895 modum.
1722 3838 1872 3899 Alius

309 3942 439 3982 vero
470 3928 792 3981 eharitatem
822 3942 939 3996 quae
968 3930 1230 3982 commodi
1256 3944 1449 3982 munus
1476 3928 1736 3989 exhibuit,
1771 3927 1869 3981 sibi

308 4018 556 4072 retinuit.
588 4018 739 4083 Quod
767 4018 817 4070 in
842 4017 990 4071 vobis
1014 4027 1066 4070 et
1090 4018 1142 4069 in
1172 4034 1275 4081 me,
1302 4018 1626 4070 sanctissimi
1653 4017 1866 4081 fratres,

309 4108 441 4162 libet
476 4109 535 4161 in
564 4107 813 4176 praesenti
843 4106 1202 4159 considerare.
1234 4106 1371 4159 Ecce
1402 4121 1563 4159 unum
1593 4104 1871 4165 charitatis

306 4196 544 4254 ofﬁcium
567 4195 699 4249 mihi
727 4194 1071 4262 impendistis.
1097 4193 1458 4261 lmpendistis,
1488 4194 1722 4263 inquam,
1743 4195 1869 4247 mihi

307 4284 595 4339 charitatis
620 4283 849 4337 alliciunt
872 4299 1053 4349 unum,
1080 4294 1133 4339 et
1160 4302 1190 4337 a
1217 4299 1300 4336 me
1316 4284 1427 4352 jam
1453 4285 1621 4353 ipsum
1638 4283 1869 4336 ollieium

312 4377 558 4441 transiit;
587 4375 823 4430 charitas
848 4390 971 4429 vero
998 4376 1130 4443 ipsa.
1158 4390 1275 4443 qua:
1297 4374 1405 4429 Deo
1426 4384 1508 4429 est
1530 4380 1699 4443 grata,
1722 4375 1872 4429 vobis

310 4471 594 4525 remansit.
627 4469 811 4523 Nonne
838 4471 1026 4524 melius
1048 4469 1301 4537 judicatis
1326 4470 1521 4523 bonum
1552 4484 1873 4538 permanens

308 4560 451 4615 bono
486 4558 839 4612 transeunte?
864 4557 1064 4611 Adlnec
1093 4559 1135 4611 si
1164 4575 1229 4611 ex
1264 4559 1379 4628 ipso
1404 4558 1579 4613 oflieio
1607 4560 1748 4612 circa
1778 4574 1872 4612 vos

307 4652 535 4719 aliquid
564 4649 846 4704 eharitatis
878 4650 931 4703 in
966 4665 1050 4703 me
1075 4651 1262 4714 crevit,
1293 4660 1346 4704 et
1388 4652 1487 4704 hoc
1519 4651 1691 4720 ipsum
1722 4652 1873 4703 vobis

308 4743 375 4792 ad
420 4724 705 4793 cumulum
753 4738 1115 4809 retributionis
1159 4740 1295 4803 erit,
1344 4740 1433 4807 qui
1484 4738 1687 4793 fecistis
1732 4742 1869 4792 unde

311 4832 439 4883 mihi
489 4840 701 4882 tantum
732 4829 923 4881 bonum
967 4830 1228 4897 provenit.
1280 4829 1472 4884 Si’non
1510 4833 1658 4884 vobis
1694 4840 1866 4882 tamen

311 4919 430 4993 [αι.
461 4919 697 4989 tantum]
722 4920 948 4973 Charitas
971 4930 1147 4973 vestra
1172 4922 1444 4983 remansit,
1476 4937 1503 4973 a
1533 4936 1615 4974 me
1642 4921 1869 4974 cilicium

309 5016 451 5081 quod
472 5012 800 5066 exhibuistis
822 5013 1029 5079 penitus
1056 5011 1286 5064 transiit.
1314 5011 1437 5063 Hice
1464 5012 1626 5080 igitur
1650 5014 1691 5064 si
1726 5023 1870 5065 recta

308 5103 749 5160 mttsideratioue
790 5103 1146 5167 attendimus,
1201 5102 1441 5170 profecto
1490 5104 1871 5171 perSpieiemus

1964 1773 2146 1840 potiri.

2030 1881 2119 1934 42.
2160 1880 2304 1935 Inter
2340 1860 2688 1938 reverendqu
2729 1894 2905 1939 autem
2933 1887 3233 1955 pontiﬁcem
3263 1888 3519 1942 Lanfratzo

1963 1984 2106 2032 eum,
2131 1979 2181 2022 et
2210 1971 2350 2023 hunc
2378 1971 2623 2026 abbatem
2647 1972 2958 2027 Anselmum
2986 1976 3111 2046 quid
3136 1976 3186 2027 in
3210 1975 3313 2029 illis
3332 1977 3520 2031 diebus

1964 2065 2139 2109 actum
2173 2056 2443 2110 dictumve
2478 2058 2566 2123 sit,
2598 2059 2816 2127 planum
2851 2069 2935 2113 est
2974 2061 3271 2129 intelligere
3316 2062 3399 2116 his
3426 2064 3519 2130 qui

1939 2145 2121 2197 'vitaut
2149 2154 2202 2198 et
2227 2162 2405 2200 mores
2431 2157 2693 2201 noverunt
2728 2158 3097 2217 utrorumque.
3128 2149 3229 2215 Qui
3258 2165 3387 2205 vero
3412 2168 3519 2206 nan

1961 2245 2242 2299 noverunt,
2274 2253 2337 2290 ex
2367 2252 2430 2291 eo
2460 2238 2757 2308 intelligant
2780 2238 2945 2307 quod,
2978 2237 3029 2292 in
3056 2248 3308 2308 quantum
3336 2252 3522 2295 nostra

1962 2330 2016 2376 et
2044 2323 2329 2376 multorum
2356 2324 2459 2377 fert
2487 2326 2688 2394 opinio,
2719 2341 2823 2379 non
2851 2334 2968 2380 erat
2996 2326 3086 2380 illo
3117 2336 3356 2396 tempore
3381 2328 3522 2382 ullus

1964 2400 2054 2480 qui
2085 2422 2177 2465 aut
2203 2412 2508 2490 Lanfrauco
2538 2415 2590 2466 in
2620 2416 2940 2469 auctoritate
2970 2414 3051 2468 vel
3084 2415 3360 2484 multiplici
3396 2416 3520 2487 [αι.

1969 2498 2187 2569 triplici]
2238 2514 2415 2553 rerum
2466 2502 2713 2564 scientia,
2758 2512 2848 2555 aut
2875 2502 3126 2557 Anseliuo
3159 2514 3435 2571 pratstaret
3464 2505 3521 2559 in

1966 2588 2253 2642 sanctitate
2281 2588 2360 2640 vel
2388 2588 2479 2642 Dei
2508 2588 2793 2657 Sapientia.
2829 2590 2954 2642 Erat
2981 2600 3235 2659 przeterea
3266 2592 3523 2653 Laul‘ran-

1967 2690 2063 2729 cus
2093 2677 2265 2731 adhuc
2292 2678 2444 2745 quasi
2483 2678 2630 2731 rudis
2659 2678 2877 2748 Anglus,
2910 2680 3238 2749 necdumquc
3272 2682 3525 2736 sederant

1966 2767 2147 2818 animo
2187 2765 2304 2833 ejus
2351 2766 2591 2834 quaedam
2639 2767 3017 2833 institutiones,
3073 2786 3209 2840 quas
3248 2781 3524 2840 repererat

1969 2853 2021 2907 in
2048 2853 2258 2922 Anglia.
2319 2853 2656 2934 Quapropter
2704 2870 2823 2909 eum
2852 2856 3034 2925 plures
3077 2860 3143 2913 de
3186 2858 3292 2912 illis
3330 2874 3551 2929 magna

1968 2943 2137 2996 fretus
2167 2942 2394 3003 ratione,
2428 2953 2535 2997 tum
2558 2944 2813 3012 quasdam
2836 2945 2929 3016 [αι.
2959 2949 3099 3001 omit.
3129 2959 3167 3002 t.
3190 2948 3271 3018 q.j
3297 2950 3523 3002 mutavit

1967 3030 2080 3083 sola
2133 3033 2466 3084 auctoritatis
2535 3048 2643 3086 sua:
2701 3035 3102 3092 deliberatione.
3168 3038 3351 3107 Itaque
3393 3040 3523 3093 dum

1967 3117 2177 3169 illarum
2202 3119 2480 3170 tnutationi
2507 3120 2821 3185 intenderet,
2852 3132 2904 3175 et
2927 3125 3235 3178 Auselmum
3267 3126 3526 3198 [al.,‘An-

1966 3208 2185 3279 selinus]
2214 3209 2518 3262 unanimem
2547 3211 2749 3265 scilicet
2774 3212 3002 3266 amicum
3031 3223 3081 3268 et
3102 3212 3323 3270 fratrem
3344 3234 3527 3278 secum

1965 3298 2211 3362 haberet,
2255 3298 2483 3368 quadam
2525 3305 2611 3356 die
2651 3301 2971 3356 familiarius
3008 3318 3127 3356 cum
3172 3320 3236 3357 eo
3280 3306 3527 3376 loquens,
3569 3363 3578 3368 _

1966 3388 2099 3441 dixit
2125 3388 2172 3441 ei
2201 3406 2212 3440 :
2243 3409 2259 3439 ε
2284 3389 2437 3457 Angli
2470 3392 2576 3452 isti,
2608 3391 3527 3459 intetwluosdegiutns,instituerunt

1952 3474 2067 3528 tibi
2095 3477 2355 3543 quosdam
2388 3474 2523 3551 quos
2552 3477 2787 3531 colerent
2815 3486 3049 3532 sanctos.
3078 3478 3153 3533 De
3180 3480 3373 3546 quibus
3400 3498 3523 3540 cum

1966 3564 2249 3635 aliquando
2275 3567 2361 3634 qui
2394 3565 2613 3630 fuerint,
2644 3567 2932 3621 secundum
2964 3570 3103 3637 quod
3141 3570 3352 3637 ipsiinet
3382 3574 3524 3628 refe-

1970 3666 2112 3720 runt,
2151 3667 2329 3710 mente
2368 3657 2614 3719 revolvo;
2657 3659 2721 3712 de
2763 3658 3063 3713 sanctitatis
3101 3676 3285 3714 eormn
3335 3667 3525 3720 merito

1936 3741 1951 3746 ’
1969 3749 2208 3800 anintum
2236 3764 2264 3801 a
2293 3748 2565 3802 dubietate
2590 3748 2804 3802 ﬂectere
2836 3764 3062 3820 nequeo.

2040 3835 2128 3889 45.
2177 3856 2194 3886 ‹
2218 3835 2433 3891 Et'eccc
2464 3853 2598 3893 unus
2619 3837 2825 3891 illorum
2856 3847 2935 3893 est
2957 3839 3007 3892 in
3038 3849 3241 3903 sancta,
3270 3842 3353 3893 cui
3380 3858 3522 3897 nunc

1974 3925 2093 3996 [ιιι.⁹
2123 3940 2266 3997 nee].
2297 3928 2401 3981 Deo
2426 3939 2664 3995 auctore,
2706 3931 3050 3999 praesidemus
3078 3930 3203 3985 sede
3224 3933 3524 4000 quiescens.

1973 4017 2189 4084 Elfegus
2217 4018 2325 4085 (25)
2355 4020 2589 4082 nomine,
2620 4019 2703 4072 vir
2728 4021 2897 4073 bonus
2922 4021 3154 4088 quidem,
3186 4030 3240 4076 ct
3266 4036 3363 4075 suo
3392 4030 3526 4075 tan.-

1972 4112 2100 4174 pol‘e
2159 4104 2345 4172 gradui
2403 4106 2895 4173 archiepiscopatus
2950 4109 3242 4175 prmsitleus
3307 4110 3523 4163 ibidem.

1976 4196 2124 4250 llunc
2156 4212 2259 4251 non
2292 4184 2448 4250 modo
2480 4196 2619 4247 inter
2654 4205 2890 4259 sanctos,
2920 4211 3103 4249 verum
3133 4207 3187 4251 et
3216 4198 3354 4251 inter
3379 4216 3409 4251 n
3431 4214 3523 4252 ar-

1978 4298 2119 4357 tyrcs
2154 4294 2467 4349 numerant;
2502 4284 2623 4337 licet
2652 4298 2773 4339 eum
2806 4302 2908 4339 non
2944 4298 3039 4354 pro
3069 4286 3401 4342 confessione
3428 4304 3527 4342 ne-

1976 4378 2132 4431 minis
2176 4376 2394 4437 Christi,
2444 4375 2538 4430 sed
2583 4376 2708 4443 quia
2755 4390 2812 4429 se
2840 4376 3061 4443 pecunia
3108 4377 3373 4432 redimere
3418 4394 3525 4435 non

1974 4469 2160 4533 voluit,
2210 4468 2447 4521 occisum
2498 4480 2601 4519 non
2654 4474 2866 4535 negent.
2918 4464 3049 4519 Nam
3090 4480 3212 4520 cum
3254 4467 3419 4531 illum,
3466 4477 3527 4523 ut

1973 4560 2150 4612 verbis
2193 4567 2313 4611 utar
2355 4558 2677 4625 Anglorum,
2725 4556 2900 4609 mutuli
2951 4556 3064 4625 ejus
3106 4566 3161 4611 ct
3203 4556 3399 4611 inimici
3430 4552 3531 4614 Dei
3585 4602 3589 4609 .

1974 4648 2162 4717 pagani
2200 4649 2494 4717 cepissent;
2538 4658 2590 4700 et
2628 4655 2804 4700 tamen
2844 4661 2939 4714 pro
2974 4648 3269 4699 reverentia
3305 4647 3444 4700 illius
3471 4650 3523 4702 ei

1973 4748 2287 4808 potestatem
2325 4754 2383 4791 se
2426 4738 2716 4790 redimendi
2766 4738 3170 4801 concessissent,
3210 4739 3524 4793 inunensam

1976 4847 2069 4900 pro
2104 4831 2204 4883 hoc
2237 4829 2301 4883 ab
2336 4845 2399 4884 eo
2427 4830 2703 4899 pecuniam
2746 4829 3140 4895 expetiverunt.
3189 4828 3357 4892 Quam
3396 4832 3522 4899 quia

1977 4920 2121 4973 nullo
2149 4929 2305 4989 pacto
2334 4930 2538 4987 poterat
2560 4922 2774 4995 habere,
2798 4919 2896 4972 nisi
2925 4918 3165 4973 homines
3190 4934 3314 4973 suos
3340 4933 3406 4974 eo
3436 4937 3526 4975 um

1977 5013 2194 5079 pecunia
2234 5011 2483 5078 spoliaret
2509 5019 2561 5061 et
2592 5009 2871 5062 nonnullos
2900 5008 3119 5062 forsitan
3160 5010 3341 5063 invisa:
3372 5026 3522 5063 men-

1973 5102 2175 5156 dicitati
2204 5100 2535 5168 SlllljtigiirCl;
2572 5099 2729 5167 elegit
2758 5101 2918 5151 vitam
2947 5099 3185 5167 perdere.
3221 5115 3377 5167 quam
3408 5116 3523 5154 eam

1589 5215 1993 5271 HENSCIIENH
2028 5215 2247 5269 ΝΟΤᾸΞ.

406 5332 497 5382 i3)
539 5329 699 5381 Auno
730 5327 878 5378 1010.

380 5332 497 5399 (Ξὸ)
539 5332 699 5381 Auno
730 5332 878 5378 1010.

379 5401 494 5470 ‘24)
537 5398 639 5470 Est
684 5396 915 5470 ecclesia
956 5394 1279 5470 cathedralis
1306 5434 1319 5454 ,
1388 5393 1519 5470 ahS:
1578 5394 1872 5470 Augustino

311 5462 489 5537 primo.
514 5468 719 5537 episeo,
740 5481 781 5537 o_
801 5466 1038 5515 dedicata
1068 5465 1118 5537 in
1151 5467 1400 5515 honorem
1431 5462 1725 5537 SJthtlttt'ts
1746 5463 1867 5514 .lesu

308 5534 537 5601 Christi,
572 5535 661 5587 cui
704 5534 977 5597 adjunctus
1014 5534 1108 5581 luit
1147 5542 1437 5584 ronveutns
1466 5534 1863 5585 monachorum.

596 5626 867 5684 Pariter.
906 5620 1153 5681 CLVIII.

114 5986 395 6111 LK“.

210 6032 211 6035 η
282 6038 347 6065 ιὰ

146 6088 153 6091 η
338 6074 379 6091 "'a

1973 5331 2045 5381 De.
2074 5330 2187 5395 ejus
2218 5328 2325 5379 auti
2349 5336 2531 5392 putate
2566 5335 2617 5377 et
2655 5324 3079 5392 posscssiouibus
3122 5322 3295 5390 agitur
3329 5328 3472 5374 tomo
3502 5323 3518 5376 1

1976 5396 2246 5448 Monasliei
2281 5396 2551 5463 Anglii-ani
2586 5412 2704 5459 pag.
2746 5396 2885 5463 l8et
2908 5406 3055 5458 seqq.

2046 5465 2155 5533 (ἓὸ)
2192 5458 2397 5515 Colitur
2438 5466 2494 5513 ὃ.
2553 5458 2814 5531 Elpliegns
2875 5462 2934 5512 l9
2987 5459 3198 5524 Aprilis,
3252 5458 3319 5511 ad
3360 5474 3520 5527 quem

1979 5535 2116 5588 diem
2145 5535 2389 5586 nonnulla
2416 5536 2478 5587 de
2508 5535 2645 5587 celtu
2681 5538 3061 5599 propemtnlnr.

3101 5622 3137 5679 3
