4174 6250
695 338 761 395 79
1748 334 1801 388 S.
1846 334 2142 389 ANSliLMl
2183 324 2528 391 CANTUAR.
2571 333 2888 401 ARCHIEP.
3858 345 3947 400 so.

692 452 929 520 cjusdem
972 450 1169 519 judicis
1213 448 1476 503 sententia
1520 442 1699 517 damni
1743 447 1975 511 subibit,
2026 456 2081 497 ut
2125 460 2260 514 qzto-
2289 453 2334 507 Α
2363 447 2598 514 graviter
2628 448 2892 510 invidens,
2924 450 2977 502 in
3020 458 3222 502 tantam
3254 447 3400 501 illum
3449 452 3764 505 tentatiouis
3798 472 3925 522 pro-

692 548 838 600 niam
870 544 985 614 ipse
1013 544 1067 596 in
1105 542 1209 615 vita
1243 540 1492 608 praesenti
1524 537 1786 591 voluntati
1825 538 2049 599 nullius;
2085 534 2261 591 nullus

693 651 908 707 quoque
934 637 988 690 in
1018 634 1195 691 futura
1224 632 1387 695 velit,
1407 640 1511 685 aut
1541 631 1731 693 debeat
1758 643 1984 682 concors
2023 642 2142 681 esse
2168 624 2262 680 vo-

692 727 885 781 luntati
918 723 1076 777 illius.
1112 721 1314 775 Eadem
1344 722 1543 791 quippe
1574 733 1826 773 mensura
1847 756 1861 779 ,
1893 731 1997 783 qna
2033 716 2263 787 quisque

691 816 813 871 aliis
844 830 1062 869 mensus
1104 813 1300 874 fuerit.
1352 812 1664 867 remetietnr
1706 809 1753 863 ei
1804 807 1957 875 (Luc.
1991 823 2069 870 ιιι,
2100 808 2212 877 58).
2236 827 2254 858 ι

694 906 861 975 llujus
888 904 1054 974 igitur
1087 903 1310 958 rationis
1336 900 1622 957 Ansehnus
1659 892 2097 953 consideratione
2137 896 2263 951 sub-

690 996 867 1060 nixus,
899 994 1028 1048 nulli
1062 993 1259 1063 gravis,
1296 990 1424 1045 nulli
1458 990 1669 1044 volebat
1694 1003 1957 1059 onerosus
1989 989 2223 1043 existere
2243 1028 2257 1052 ,

692 1085 856 1139 etiam
883 1084 927 1137 si
957 1099 985 1137 a
1005 1082 1329 1136 monachica:
1358 1080 1709 1135 institutionis
1733 1079 2048 1132 austeritate
2070 1080 2168 1131 hac
2194 1078 2259 1131 de

691 1190 851 1229 causa
883 1174 1102 1228 deberet
1146 1172 1540 1241 aliquantulum
1587 1179 1912 1238 temperare.
1945 1170 2011 1223 Et
2041 1169 2257 1238 quidem

616 1270 621 1273 ‘
691 1273 751 1316 ut
777 1278 900 1316 eum
929 1250 1272 1317 discretionis
1306 1262 1439 1317 ordo
1484 1246 1747 1331 docebai,
1777 1275 2159 1328 nonnunquam
2192 1257 2259 1311 ab

690 1353 804 1421 ipsa
828 1353 1118 1407 severitate
1140 1338 1261 1406 :lliis
1287 1353 1660 1408 cundescendo
1688 1350 2044 1420 temperabat.
2075 1350 2130 1402 lu
2154 1364 2258 1417 quo

691 1445 818 1516 quid
851 1445 905 1500 bi
954 1446 1163 1499 sensuri
1228 1446 1335 1500 sint
1389 1446 1480 1512 qui
1520 1427 1641 1512 post
1688 1448 1786 1495 nos
1833 1443 1935 1494 ista
1987 1439 2261 1493 fortasssis

690 1534 881 1587 lecturi
911 1532 993 1586 vel
1020 1532 1252 1586 audituri
1284 1540 1439 1596 sunt,
1489 1532 1745 1599 pra‘scire
1792 1546 1898 1583 non
1952 1544 2256 1598 possumus.

688 1619 797 1675 Nos
825 1630 1001 1674 tamen
1046 1623 1137 1689 qui
1193 1621 1316 1675 vita:
1343 1620 1486 1674 illius
1521 1634 1735 1673 menum
1777 1619 1918 1673 scire
1945 1617 2259 1682 meruimus,

666 1711 864 1780 magis
889 1711 942 1763 in
981 1726 1046 1765 eo
1086 1710 1415 1765 laudandum
1445 1709 1777 1763 :estimamus
1801 1747 1815 1770 ,
1850 1706 1993 1777 quod
2021 1722 2059 1777 a‘
2084 1706 2263 1775 rigere

2363 540 2551 594 cellam
2588 540 2876 604 demersit,
2909 534 2986 607 tit,
3019 539 3445 595 succedendibns
3465 542 3565 595 sibi
3588 545 3747 597 variis
3776 549 3927 615 cogi-

2365 628 2625 680 talionum
2655 628 2994 693 tunmltibus,
3021 630 3110 681 vix
3139 630 3332 703 mentis
3358 644 3469 682 su:e
3491 645 3710 700 compos
3730 636 3933 688 existeo

2364 727 2466 770 ret.
2516 716 2872 769 'l"ransierunt
2924 717 2976 770 in
3031 718 3135 771 hoe
3170 704 3559 795 ’quidam‘dies
3590 760 3605 784 ,
3652 729 3704 771 et
3750 723 3928 795 seipsa

2362 820 2576 875 semper
2620 806 2787 859 liebat
2824 806 3115 861 immanior
3146 810 3370 861 tentatio
3403 792 3614 862 eadem.
3657 792 3954 864 Turbatus

2360 914 2493 968 ergo
2520 907 2575 952 et
2606 910 2783 952 mente
2812 898 3071 970 confusus
3095 899 3409 954 Anselmutn
3453 901 3614 965 adiit,
3652 903 3935 973 animiun

2361 993 2664 1047 suilluctus
2690 992 2764 1045 illi
2792 991 3059 1065 exposuit.
3088 992 3157 1046 At
3193 993 3305 1062 ipse
3345 1008 3467 1047 cum
3514 990 3935 1063 singula’intel—

2359 1084 2614 1149 lexisset,
2646 1085 2748 1138 hoc
2789 1065 2965 1140 solum
3008 1085 3098 1152 pio
3145 1082 3373 1148 all’ectu,
3411 1102 3428 1134 ι
3455 1085 3935 1145 seilicctcpnsnlat

2360 1174 2456 1227 tibi
2494 1173 2665 1226 Deus!
2700 1193 2718 1224 ι
2748 1174 2796 1226 ei
2841 1174 3145 1242 respondit,
3172 1173 3421 1242 illicoque
3450 1173 3669 1227 fratrem
3696 1188 3724 1225 a
3752 1189 3811 1228 se
3842 1176 3934 1228 di-

2359 1263 2527 1317 misit.
2567 1254 2833 1331 Evestigio
2878 1272 3059 1316 autem
3117 1272 3265 1316 tanta
3316 1264 3678 1333 tranquillitas
3729 1268 3935 1320 mentis

2362 1351 2507 1405 illum
2535 1349 2718 1406 secuta
2747 1343 2969 1418 est,ut,
2993 1353 3133 1406 sicut
3177 1351 3405 1422 ipsemet
3446 1351 3577 1406 mihi
3623 1352 3932 1419 referebat,

2362 1439 2500 1493 ultra
2530 1455 2692 1507 quam
2733 1440 2880 1519 dictu
2922 1440 3184 1494 credibile
3218 1440 3321 1506 sit,
3363 1440 3543 1495 subito
3588 1440 3728 1494 alius
3774 1442 3936 1495 ﬁeret

2361 1528 2430 1580 ab
2458 1543 2522 1580 eo
2546 1528 2637 1595 qui
2661 1527 2783 1580 fuit.
2817 1528 3001 1597 Itaque
3020 1529 3197 1582 omnis
3220 1528 3306 1581 illa
3332 1529 3552 1582 tcutatio
3573 1538 3783 1597 penitus
3807 1544 3937 1583 eva-

2363 1616 2505 1677 nuit,
2545 1632 2645 1670 nec
2674 1618 2967 1684 quidquam
2994 1616 3294 1683 hujusmodi
3325 1619 3373 1671 in
3402 1634 3459 1671 se
3481 1618 3933 1683 ulteriussensit.

2435 1704 2521 1758 55.
2556 1704 2780 1758 Fiebant
2804 1716 3061 1774 praeterea
3084 1708 3152 1759 ab
3174 1708 3430 1760 Ansclmo
3453 1709 3681 1774 plurima
3706 1709 3757 1760 in
3785 1710 3934 1791 hth
3980 1706 3995 1711 “

692 1775 1075 1874 sui'propositi
1119 1804 1411 1872 aliquan'l;
1456 1819 1556 1873 pro
1600 1802 1810 1856 ratione
1864 1775 2254 1863 descendebat,
2294 1775 2335 1829 Β
2364 1795 2608 1858 modum,
2640 1811 2759 1864 quae
2792 1810 2889 1849 nos
2926 1796 3180 1849 brevitati
3229 1800 3607 1852 studentesex
3657 1775 3931 1851 industria

692 1908 854 1961 quam
907 1893 951 1948 si
1006 1892 1261 1947 continue
1302 1894 1357 1946 in
1406 1892 1522 1961 ipso
1554 1892 1759 1960 rigidus
1805 1891 2097 1945 indiscrete
2141 1906 2261 1959 per-

694 1982 929 2036 sisteret.
960 1981 1189 2035 Ratione
1217 1982 1483 2050 siquidem
1511 1981 1597 2048 agi
1624 1981 1839 2037 virtutis
1866 1989 1971 2045 est,
1992 1980 2107 2032 vitii
2134 1994 2260 2033 vero

694 2081 904 2126 contra.
1576 2120 1581 2125 ,

760 2160 851 2215 δί.
893 2160 1210 2215 Interchaec
1260 2160 1478 2234 quidam
1536 2158 1766 2212 clericus
1816 2164 1977 2210 aetate
2019 2154 2257 2223 juvenis,

695 2252 832 2305 Boso
877 2251 1127 2314 nomine,
1167 2249 1396 2304 Deccnnt
1446 2248 1625 2313 venit,
1668 2248 1880 2301 abbatis
1933 2246 2258 2315 colloquium

694 2353 973 2411 cxpe:cns.
1010 2338 1134 2393 Erat
1160 2340 1303 2392 enim
1347 2326 1643 2393 idem‘acer
1672 2338 1887 2406 ingenio
1911 2377 1926 2397 ,
1956 2349 2008 2389 et
2040 2337 2261 2404 quibus-

692 2430 817 2483 dam
841 2429 1109 2497 perplexis
1132 2428 1521 2496 quatsliOnihus
1547 2426 1843 2480 involverat
1871 2426 2137 2489 animum,
2165 2438 2263 2478 nec

695 2518 934 2587 reperire
954 2532 1277 2585 quemquam
1314 2524 1527 2584 poterat
1563 2517 1653 2584 qui
1690 2530 1782 2568 cas
1823 2514 1926 2567 sibi
1979 2513 2046 2566 ad
2078 2523 2258 2565 votum

692 2605 980 2660 evolveret.
1014 2605 1265 2674 Loquens
1296 2604 1456 2672 igitur
1494 2618 1616 2657 cum
1661 2602 1940 2665 Auselmo,
1986 2616 2050 2654 ac
2094 2600 2262 2653 nodos

694 2695 743 2749 ei
767 2695 849 2749 sui
879 2696 1063 2749 cordis
1092 2695 1438 2762 dcpromens,
1468 2693 1651 2746 omnia
1682 2686 1803 2759 qua:
1829 2689 2171 2743 desiderabat
2194 2689 2261 2742 ab

693 2765 759 2841 eo
785 2785 901 2839 sine
928 2786 1177 2853 scrupulo
1200 2783 1533 2853 deceptiouis
1561 2782 1685 2853 [ul.,
1710 2778 2137 2851 disceptationis]
2165 2795 2257 2833 ac-

695 2875 856 2945 cepit.
903 2875 1127 2929 Miratus
1166 2890 1295 2944 ergo
1330 2874 1600 2928 hominem
1646 2882 1766 2935 est,
1804 2884 1856 2925 et
1905 2871 2071 2924 nimio
2114 2870 2259 2923 illius

695 2980 879 3020 amore
906 2966 1206 3020 devinctus.
1252 2965 1454 3019 Dehine
1476 2978 1606 3033 ergo
1631 2978 1752 3016 cum
1793 2960 1909 3028 ejus
1934 2958 2258 3012 allocutione

692 3049 896 3107 familia
909 3048 1007 3106 rite
1037 3053 1324 3120 potiretur,
1349 3051 1559 3107 illectus
1582 3051 1648 3105 ad
1677 3058 2043 3117 contemptum
2075 3047 2253 3101 surculi

692 3157 914 3196 emenso
960 3142 1108 3196 brevi
1141 3143 1313 3209 spatio
1339 3181 1357 3205 ,
1394 3136 1558 3195 (Bt-cei
1610 3136 2111 3194 monachusfactus
2153 3144 2254 3189 est.

693 3228 859 3298 Cujus
888 3229 1229 3284 conversioni
1273 3228 1434 3282 simul
1480 3236 1535 3281 et
1573 3224 1969 3281 eonversationi
2010 3222 2255 3286 diabolus

730 3332 1313 3365 *ψει-...ΑΨ

2329 1904 2333 1911 ε
2360 1886 2719 1955 pneterimus.
2744 1886 2973 1941 Silentio
2998 1900 3212 1956 quoque
3238 1888 3512 1957 przcterire
3539 1887 3739 1957 placuit
3769 1889 3938 1941 innu-

2362 1989 2539 2039 meros
2587 1974 2831 2029 homines
2876 1984 2985 2028 tam
3027 1991 3124 2044 per
3172 1976 3444 2030 lavaturas
3487 1992 3740 2030 manuum
3787 1976 3937 2044 ejus,

2360 2079 2521 2131 quam
2555 2079 2648 2132 per
2683 2064 2937 2132 reliquias
2966 2064 3210 2118 ciborum
3238 2065 3357 2133 ejus
3378 2065 3444 2119 de
3471 2074 3593 2117 ante
3621 2066 3763 2118 illum
3787 2065 3935 2119 clam

2360 2165 2426 2204 eo
2469 2152 2796 2215 subtractus,
2822 2168 2851 2204 a
2877 2152 3510 2227 diversis,_l.mguorihus,
3553 2153 3645 2209 sed
3693 2156 3940 2209 maxime

2360 2240 2602 2295 febribus
2639 2250 2894 2305 ettratos,
2927 2243 3273 2317 dispensante
3302 2244 3413 2315 Deo
3453 2260 3549 2298 sua
3590 2247 3728 2300 dona
3766 2245 3932 2312 juxta

2362 2331 2611 2385 meritum
2655 2330 2776 2385 ﬁdei
2808 2330 3252 2400 uniuscujusque.
3296 2332 3429 2388 Nam
3474 2336 3521 2387 si
3562 2344 3754 2390 cuncta
3804 2351 3936 2404 qua:

2364 2419 2485 2475 inde
2511 2434 2541 2472 a
2573 2420 2935 2475 veraeissimis
2962 2422 3092 2476 viris
3120 2423 3425 2492 accepimus
3470 2424 3775 2481 describere
3817 2427 3937 2480 vel—

2362 2508 2552 2573 lentus,
2581 2500 2916 2577 'loqnacitati
2968 2511 3150 2577 potius
3211 2526 3373 2575 quam
3421 2526 3599 2565 rerum
3652 2523 3931 2582 gestarum

2362 2599 2591 2668 simplici
2626 2598 2924 2653 narrationi
2954 2613 3053 2652 nos
3078 2613 3298 2667 operam
3328 2598 3461 2654 dare
3496 2601 3576 2670 (ut
3602 2603 3744 2670 reor)
3780 2601 3937 2669 judi-

2362 2689 2475 2741 (‘ari
2518 2702 2819 2756 possemus.
2866 2686 3204 2756 QuaprOpter
3252 2703 3317 2742 ne
3370 2689 3533 2744 nimis
3577 2688 3791 2759 longum
3844 2692 3937 2745 fa-

2360 2776 2568 2829 ciamus
2591 2776 2959 2845 hujuscemodi
2991 2777 3326 2830 immorando
3346 2819 3359 2841 ,
3392 2778 3510 2832 istis
3537 2780 3772 2845 omissis,
3811 2790 3938 2834 tcu-

2358 2865 2549 2918 damus
2573 2865 2638 2917 ad
2685 2865 2809 2919 alia.
2841 2863 3036 2918 Verum
3070 2881 3138 2919 ne
3165 2867 3363 2921 inculta
3390 2869 3567 2922 oratio
3608 2872 3811 2937 prolixa
3844 2874 3937 2926 sui
3997 2859 4002 2864 ’

2360 2956 2763 3009 continuatione
2803 2956 3043 3025 legentes
3082 2972 3177 3011 seu
3218 2958 3499 3013 audientes
3536 2959 3753 3016 fastidio
3795 2978 3939 3032 gra—

2361 3052 2469 3106 vet,
2515 3042 2602 3096 hic
2642 3045 2874 3111 primum
2917 3056 3094 3112 empto
3128 3048 3277 3114 operi
3322 3048 3607 3102 terminum
3634 3066 3935 3117 ponamus,

2363 3141 2629 3199 quatenus
2656 3132 2761 3184 illis
2801 3148 2919 3200 qum
2951 3134 3122 3202 magis
3166 3135 3449 3189 delectant.
3478 3140 3737 3203 recreati,
3779 3140 3938 3197 aliud

2362 3220 2641 3272 exordium
2658 3223 2934 3287 sequentia
2953 3238 3111 3277 nosse
3129 3214 3364 3277 vole'ntes
3383 3228 3614 3293 expediti
3633 3230 3937 3297 reperiant.

1320 3331 3933 3359 NW

1804 3423 2159 3509 LIBER
2228 3419 2872 3509 SECUNDUS.

1542 3594 1760 3650 GESTA
1800 3593 1867 3646 IN
1909 3587 2537 3646 ARCHIEPISCOPATU
2573 3587 3098 3643 CANTUARIENSI.

2093 3705 2199 3715 ——.

1186 3810 1413 3866 CAPUT
1448 3806 1736 3866 PRISIUM.

697 3920 1176 3987 Arcltiepiscopatus
1204 3928 1517 3987 assumptus.
1565 3917 1721 3980 Quies
1755 3916 2040 3969 monastim
2076 3914 2263 3968 dilata.

1088 3988 1277 4057 Aliqua
1306 4004 1422 4039 cum
1448 4002 1563 4055 rege
1583 3987 1855 4039 dissensio.

772 4079 823 4132 Ι.
846 4076 1109 4132 Defuncto
1139 4086 1435 4130 memorato
1465 4090 1590 4145 rege
1626 4076 1921 4144 Anglorum
1950 4074 2259 4138 Wilhelnm,

700 4154 1018 4237 Wilhelmus
1041 4167 1178 4221 filius
1204 4165 1319 4233 ejus
1345 4182 1563 4235 regnum
1590 4168 1841 4220 obtinuit.
1901 4166 2021 4229 llic,
2052 4166 2260 4218 sublato

700 4256 765 4311 de
785 4256 887 4310 hac
912 4255 1018 4309 vita
1044 4255 1332 4310 venerabili
1362 4256 1521 4310 Patre
1550 4255 1874 4318 Lanfrauco,
1914 4255 2171 4307 ecclesias
2200 4267 2262 4305 ac

697 4344 1025 4397 monasteria
1060 4344 1221 4397 totius
1243 4342 1444 4410 Anglia:
1471 4344 1619 4411 gravi
1643 4344 1863 4395 nimimn
1915 4341 2261 4409 Oppressione

702 4430 908 4483 alllixit.
931 4429 1093 4499 Cujus
1120 4432 1479 4500 oppressiouis
1508 4446 1647 4483 anno
1665 4440 1856 4498 quarto
1880 4429 2161 4482 Ausclmus
2188 4430 2261 4481 iu-

700 4518 922 4581 vitatus,
952 4518 1059 4572 iuno
1104 4520 1346 4573 districta
1391 4519 1819 4587 interpellatione
1870 4518 2143 4585 adjnratus
2192 4520 2260 4571 ab

666 4627 670 4630 ν
700 4606 921 4677 ﬂugone
946 4607 1217 4662 Cestreusi
1250 4609 1474 4670 comite,
1501 4606 1791 4674 multisque
1827 4606 1947 4660 aliis
1967 4607 2256 4679 Anglorum

699 4696 849 4765 regni
885 4696 1234 4765 principibus,
1260 4696 1349 4764 qui
1394 4710 1514 4749 emn
1544 4696 1840 4749 animarum
1878 4712 2096 4750 suarum
2142 4714 2257 4750 tne-

700 4779 876 4839 dicunt
900 4794 952 4837 et
975 4786 1291 4838 advocatum
1326 4785 1615 4853 elegerant,
1659 4793 1711 4838 et
1738 4784 1955 4853 insuper
2008 4785 2258 4839 Ecclesia:

703 4873 815 4925 Sua:
844 4885 1001 4938 prece
1042 4882 1201 4938 atque
1253 4883 1518 4940 praecepto
1568 4888 1668 4941 pro
1720 4875 1987 4927 counuuni
2034 4875 2257 4929 utilitate

702 4969 942 5023 coactus,
974 4960 1214 5025 Angliam
1239 4962 1504 5027 ingressus
1530 4973 1630 5014 est.
1666 4961 1841 5015 Pridie
1872 4964 2031 5028 igitur
2053 4963 2253 5017 Nativi-
2281 4990 2284 4991 ν

2201 3702 2539 3713 ...——.—.-—._..

2366 3818 2574 3871 gnuque
2600 3803 2770 3871 ipsum
2796 3819 2915 3858 cum
2948 3806 3151 3858 honore
3178 3807 3496 3876 suscipiunt.
3552 3809 3661 3863 Rex
3695 3811 3811 3881 ipse
3832 3820 3936 3869 50'

2364 3891 2665 3958 lio,cxsilit,
2687 3904 2743 3945 et
2764 3894 2828 3947 ad
2851 3895 3045 3947 ostium
3069 3897 3257 3950 domus
3286 3898 3398 3952 viro
3415 3900 3649 3966 gaudens
3666 3898 3937 3971 occurrit,

2364 3995 2423 4033 ac
2448 3980 2499 4033 in
2524 3982 2711 4061 oscula~
2732 3996 2892 4039 ruens
2914 3998 3007 4052 per
3028 3985 3299 4056 dexteram
3326 4004 3445 4041 eum
3473 3990 3539 4043 ad
3568 3992 3743 4045 sedem
3764 4007 3933 4048 suam

2360 4071 2623 4138 perducit.
2651 4071 2963 4138 Cousident,
2994 4082 3046 4126 et
3067 4074 3186 4127 laeta
3230 4068 3442 4135 interim
3500 4081 3737 4146 qnzezlam
3782 4083 3940 4140 inter

2362 4157 2597 4231 sqverba
2631 4160 2969 4226 permiscent.
2999 4161 3195 4216 Deinde
3214 4163 3496 4219 Ansclmus
3517 4170 3776 4225 secretius
3798 4187 3931 4227 cum

2363 4259 2486 4310 rege
2507 4237 2722 4297 acturus
2742 4250 2969 4299 caeteros
3004 4249 3256 4303 secedere
3280 4262 3480 4306 monet.
3511 4254 3738 4310 Omissis
3759 4257 3937 4326 igitur

2362 4336 2669 4387 monasterii
2701 4337 2781 4388 sui
2814 4338 3011 4400 causis,
3038 4354 3133 4406 pro
3154 4339 3346 4406 quibus
3374 4344 3607 4398 maxime
3655 4347 3780 4400 illnc
3832 4365 3937 4405 ve-

2362 4422 2502 4474 nisse
2526 4425 2833 4490 putabatur,
2868 4440 3042 4493 regem
3071 4427 3137 4481 de
3166 4428 3248 4482 his
3270 4444 3387 4497 qua:
3414 4429 3553 4485 fama
3583 4433 3649 4486 de
3674 4449 3739 4488 eo
3782 4435 3937 4493 fcre-

2360 4512 2751 4566 batAnsclmns
2782 4530 3003 4584 arguere
3026 4518 3208 4586 cmpit,
3256 4533 3356 4572 nec
3393 4521 3682 4590 quidquam
3729 4539 3933 4583 eorum

2359 4620 2477 4673 qua:
2503 4605 2573 4657 illi
2599 4607 2819 4659 dicenda
2842 4622 2960 4661 esse
2984 4599 3211 4673 sciebat,
3257 4610 3471 4664 silentio
3495 4614 3709 4681 pressit.
3773 4614 3937 4673 Peno

2358 4693 2554 4745 ctcnint
2586 4693 2748 4747 totius
2795 4696 2939 4759 regni
2990 4696 3232 4749 homines
3276 4712 3463 4751 omnes
3511 4699 3632 4751 talia
3677 4701 3937 4767 quotidie

2359 4795 2498 4834 nunc
2529 4780 2662 4834 clam
2698 4798 2839 4836 nunc
2864 4784 3037 4850 palam
3070 4785 3135 4837 de
3176 4800 3240 4838 eo
3288 4786 3549 4849 dicebant,
3602 4788 3779 4855 qualia
3833 4805 3939 4845 rc-

2357 4871 2492 4940 giam
2518 4872 2825 4940 dignitatem
2859 4888 3199 4942 nequaquam
3226 4875 3500 4930 decebant.
3556 4877 3730 4930 Finito
3753 4878 3931 4939 collo-

2356 4962 2480 5028 quin
2506 4962 2655 5015 divisi
2685 4965 2753 5016 ab
2779 4964 3005 5016 invicem
3033 4974 3179 5026 sunt,
3204 4973 3257 5017 et
3281 4966 3346 5018 de
3371 4965 3619 5019 Ecclesia:
3660 4981 3780 5024 sua:
3819 4984 3929 5025 nc-

703 5048 829 5101 t‘atis
856 5048 1023 5099 beata:
1052 5047 1141 5098 Dei
1165 5046 1438 5112 genitricis
1487 5055 1541 5099 et
1588 5059 1858 5116 perpetua:
1882 5049 2104 5118 virginis
2150 5050 2256 5101 Ma-
2285 5042 2332 5097 ἰ)
2361 5050 2516 5115 gotiis
2541 5064 2601 5102 ea
2630 5050 2743 5103 vice
2773 5050 2838 5101 ab
2860 5050 3109 5103 AttSclmO
3134 5052 3262 5105 nihil
3288 5063 3463 5104 actum
3491 5060 3592 5105 est.

704 5141 801 5194 ria:
830 5137 1176 5193 Cantuariam
1200 5137 1362 5190 venit.
1412 5137 1507 5191 libi
1539 5143 1834 5205 cumquasi
1883 5155 1946 5192 ex
1998 5142 2257 5209 prmsagio

702 5231 1001 5282 futurorum
1044 5226 1193 5279 multi
1224 5237 1276 5279 et
1306 5227 1551 5280 monachi
1596 5239 1652 5280 et
1697 5228 1815 5282 laici
1867 5230 2261 5284 conclamarent

705 5317 849 5370 illum
874 5317 1328 5385 archiepiscopum
1354 5316 1484 5379 fore,
1516 5332 1724 5370 summo
1772 5334 1925 5372 mane
1950 5336 1977 5371 a
2006 5320 2120 5373 loco
2149 5321 2257 5373 dis-

705 5404 891 5466 cessit,
930 5418 1029 5457 nec
1067 5403 1173 5456 ullo
1195 5412 1353 5472 pacto
1391 5405 1730 5471 acquiescere
1759 5408 2075 5472 petentibus,
2109 5408 2255 5461 utiL-i

708 5492 895 5544 festum
921 5491 1232 5557 Celebrarct,
1265 5493 1451 5547 voluit.
1484 5494 1722 5546 \‘cnicuti
1755 5504 1931 5545 autent
1972 5497 2019 5548 ei
2050 5496 2113 5547 ad
2158 5513 2253 5548 cu-

709 5578 841 5631 riam
872 5580 1027 5645 regis,
1062 5581 1345 5647 optimates
1373 5580 1568 5647 quique
1592 5581 1800 5632 alacres
1816 5592 2122 5644 occurrunt,
2142 5584 2252 5635 tita-

2424 5135 2476 5188 2.
2510 5136 2705 5189 Deinde
2732 5136 2971 5189 Cestram
3002 5140 3067 5191 ad
3090 5142 3337 5192 comitem
3364 5140 3511 5202 abiit,
3555 5156 3618 5193 ac
3650 5140 3697 5193 in
3738 5143 3923 5210 parti-

2354 5228 2453 5280 hus
2483 5228 2582 5280 illis
2602 5229 2794 5294 degere
2820 5244 2912 5295 per
2932 5212 3111 5297 plures
3158 5231 3270 5283 dies
3300 5245 3363 5282 ex
3396 5234 3714 5285 necessitate
3758 5222 3927 5288 com-

2356 5316 2537 5383 pulsus
2563 5328 2662 5370 est.
2695 5318 2900 5371 lnlerea
2947 5335 3037 5371 rex
3093 5320 3407 5373 Wilhelmus
3450 5322 3598 5389 gravi
3654 5322 3925 5390 languere

2355 5407 2709 5473 corripiluret
2748 5424 2882 5475 pene
2911 5411 2975 5460 ad
2998 5417 3237 5461 extrema
3268 5403 3592 5476 perducitur.
3642 5411 3926 5471 Suadetttr

2359 5500 2405 5551 ci
2433 5502 2569 5553 inter
2596 5501 2695 5551 alia
2720 5517 2746 5551 a
2772 5501 3097 5567 principibus
3126 5509 3179 5551 nt
3209 5501 3273 5552 de
3297 5512 3466 5556 matre
3522 5503 3683 5555 totius
3734 5509 3923 5575 regni,

2360 5585 2592 5639 Ecclesia
2630 5587 2870 5639 vidi-licet
2931 5587 3295 5641 (Ianluaricnsi
3327 5627 3341 5651 ,
3412 5589 3603 5654 cogitet
3648 5587 3741 5657 ιιει.
3775 5632 3793 5655 ,
3824 5609 3924 5648 cu-
