4174 6188
266 240 336 292 8|

1251 240 1398 324 leA
1435 240 1750 295 AUCTORE
1788 238 2124 292 EADMERO.
2155 272 2216 278 —--
2251 240 2367 294 LIB.
2411 243 2466 292 ll.

3373 251 3438 303 δὲ

270 351 508 419 εἰιιτ.ι];
539 359 592 404 ct
621 365 736 402 eam
790 365 819 401 a
853 349 1072 415 pristina
1125 343 1374 406 tidnitate
1409 359 1456 401 et
1498 351 1814 409 ezzlamitste,
1851 357 1886 410 Α
1922 349 2186 400 uariarunt
2211 351 2256 401 ei
2283 367 2375 416 pro
2399 351 2611 416 agendis
2643 352 2754 419 [ul.,
2787 354 3438 424 peragendis]munificen-

267 451 374 503 per
403 438 788 489 insultationem
818 437 1078 502 pontibt-is
1132 437 1343 488 relevet.
1395 438 1690 502 Λιιιμιίοτιι-ἱι
1737 438 1820 490 ille

267 525 523 585 consilio,
547 533 602 576 et
633 523 935 575 .-\nsehutun
965 524 1014 574 in
1041 524 1139 575 hoc
1165 537 1296 588 Opus
1322 523 1433 574 fore
1457 524 1818 589 dignissimum

265 611 610 678 pronuntiat.
634 610 969 663 Aeclamatur
1000 607 1068 661 ab
1093 611 1370 674 universis,
1401 621 1452 664 et
1479 613 1671 664 dictum
1702 611 1818 680 [u!.,

264 697 538 765 edictum]
578 699 715 763 regis
739 698 914 751 laudat
939 699 1112 750 clerus
1131 707 1180 750 et
1214 700 1432 764 populus
1476 699 1669 760 omnis,
1727 713 1822 750 nec

267 798 493 840 resonat
522 787 590 840 ibi
622 788 723 840 ulla
754 788 1106 841 contradictio
1125 788 1687 853 cujuslibethominis.
1715 789 1821 839 Au-

266 873 356 927 dit
383 875 500 927 ha‘c
541 876 650 938 ille,
695 887 748 929 et
777 877 888 930 fere
930 892 1094 944 usque
1139 877 1203 928 ad
1249 879 1693 930 exanimationem
1740 878 1818 930 sui

265 965 620 1028 contradicit,
649 965 938 1018 reluctatur
966 976 1018 1019 et
1041 965 1252 1018 obsistit
1284 961 1646 1035 [al.,obstal].
1681 965 1819 1017 Pue-

266 1054 422 1106 valet
450 1062 622 1106 tamen
653 1055 901 1108 Ecclesize
932 1055 1020 1108 Dei
1075 1063 1382 1107 conventus.
1432 1053 1652 1122 Rapitur
1694 1069 1818 1120 ergo

272 1148 338 1192 et
367 1139 631 1192 violenter
675 1141 727 1192 itt
760 1142 982 1194 vicinam
1029 1141 1304 1194 ecclesiam
1332 1157 1451 1194 cum
1505 1141 1730 1208 hymnis.
1766 1149 1820 1193 et

265 1224 525 1278 laudibus
551 1234 786 1294 portatur
831 1228 998 1294 magis
1039 1243 1195 1294 quam
1243 1227 1470 1279 ducitur.
1517 1227 1645 1278 Acta
1698 1235 1818 1279 sunt

263 1311 392 1366 hate
423 1329 564 1368 anno
595 1313 876 1374 Dominica:
920 1315 1302 1368 [neat-nationis
1350 1315 1536 1368 milies.
1592 1330 1817 1382 nonage-

262 1402 417 1455 simo
447 1403 622 1465 tertio,
648 1402 789 1470 prid.
814 1403 947 1456 Non.
981 1404 1174 1467 Martii,
1200 1405 1365 1472 prima
1399 1404 1660 1457 Datninica
1688 1403 1818 1469 Qua-

259 1490 426 1554 drag.
909 1549 912 1552 _
1233 1513 1241 1530 ι
1315 1500 1319 1504 ’

341 1577 403 1630 3.
432 1577 486 1630 ln
514 1578 854 1645 sttbsequcnti
876 1588 1051 1632 autem
1082 1579 1217 1632 festo
1256 1580 1471 1633 Paschre
1494 1580 1814 1632 Wintoniatn

1922 436 2003 485 lia:
2040 452 2144 486 sum
2173 438 2356 503 gratiis
2388 428 2515 511 dare
2544 439 2729 502 noluit,
2760 448 2813 492 ct
2845 441 2927 494 ita
2951 443 3189 508 principe
3235 447 3442 497 turbato

1917 537 1944 571 a
1977 524 2115 574 curia
2141 524 2398 574 disersdt.
2865 520 2875 541 ¹

1986 608 2039 658 εἰ.
2078 610 2301 660 Veniens
2329 622 2501 660 autem
2542 610 2591 660 in
2625 611 2798 662 villam
2832 627 3002 675 suam,
3031 628 3146 680 qure
3171 606 3332 679 [Terga
3357 629 3444 664 vo.

1918 704 2087 758 caiur,
2119 699 2374 748 dedicari:
2407 699 2472 748 ibi
2506 699 2782 756 ι’ςί-Ιιιδίεμιι
2831 702 2893 751 ad
2927 703 3237 768 parm-hiant.
3279 705 3441 769 perti-

1919 791 2150 841 nentem,
2181 798 2336 848 quam
2369 787 2579 850 quidem
2611 796 2920 838 antecessor
2972 787 3083 852 ejus
3118 788 3442 842 Lanfrancus

1918 879 2304 930 construxerat,
2335 875 2423 924 sed
2445 858 2588 926 obitu
2635 874 2931 940 praeventus
2970 876 3211 930 dedicare
3262 879 3443 944 nequi-

1919 965 2085 1007 verat.
2133 954 2207 1006 Ad
2231 974 2384 1024 quant
2412 961 2790 1015 dedicationem
2822 963 3034 1028 quidam
3057 964 3279 1016 clericus
3309 967 3443 1018 inter

1918 1042 2046 1094 alios
2069 1042 2131 1092 de
2156 1041 2422 1094 Lundonia
2453 1047 2687 1109 veniens,
2718 1063 2881 1115 seque
2905 1050 3072 1110 inter,
3093 1049 3312 1102 clericos
3344 1051 3440 1102 viri

1916 1129 2062 1195 quasi
2092 1128 2155 1180 ad
2185 1130 2705 1196 eotmninistrandunt
2733 1135 2968 1200 mittens,
3016 1136 3440 1190 chrismatorium
3525 1162 3529 1168 -

1918 1215 2179 1284 pentiﬁcis
2207 1217 2338 1268 clam
2365 1218 2644 1284 subripuit,
2677 1229 2730 1272 et
2769 1221 2820 1273 in
2851 1224 3056 1276 turbam
3118 1241 3319 1277 mersus
3365 1227 3442 1278 fn-

1915 1319 2032 1371 gam
2063 1303 2302 1369 arripuit.
2333 1303 2460 1356 Dtun
2488 1307 2644 1380 igitur
2669 1305 2783 1365 iter,
2813 1309 2948 1376 quod
2997 1311 3312 1364 Lundoniam
3349 1315 3446 1366 dn-

1916 1395 2005 1454 cit,
2035 1395 2303 1462 ingressus
2355 1410 2472 1463 cum
2517 1394 2656 1449 furto
2707 1396 3159 1459 fuisset,et°ellexit
3210 1417 3441 1466 gressum

1917 1483 2464 1553 ttott-atttttutatts[nl.,
2513 1501 2752 1552 gressum
2797 1486 3189 1554 aulutuans....}
3243 1489 3328 1538 sed
3380 1492 3443 1539 ad

1917 1573 2085 1624 locum
2113 1588 2266 1639 quem
2299 1573 2414 1642 [al.,
2457 1573 2581 1642 quo]
2615 1573 2846 1641 fugiebat
2877 1574 3142 1627 festinare.
3197 1574 3298 1626 Sed
3327 1591 3442 1627 cum

260 1665 560 1720 Amclmus
587 1668 816 1740 adt-cuit,
843 1669 972 1721 etin
999 1669 1250 1729 suburbio
1301 1671 1530 1724 civitatis
1579 1672 1813 1739 ιιοςρξιη-
1849 1645 1888 1694 Β
1918 1660 2123 1714 rediens
2182 1664 2423 1714 adttnatze
2472 1663 2639 1729 plebis
2687 1663 3074 1716 multitudinem
3122 1665 3397 1732 reperisset
3426 1706 3442 1729 ,

261 1763 360 1807 tus
386 1763 488 1808 est.
524 1755 631 1810 L'na
665 1757 826 1825 igitur
848 1766 1003 1811 nocte
1026 1758 1074 1810 in
1099 1759 1501 1813 tectasnburbii
1531 1776 1621 1827 per
1669 1763 1816 1813 ineu-

259 1843 410 1894 riaat
447 1841 584 1902 ignis
603 1843 871 1896 dilabitur.
905 1844 1019 1909 Quo
1065 1854 1358 1910 crescente,
1413 1847 1631 1900 aediﬁcia
1675 1861 1817 1914 qutu-

258 1919 604 1998 que'passim
634 1935 1097 1990 consumebantur.
1155 1934 1215 1986 Et
1242 1936 1348 2004 jam
1376 1937 1509 2004 ignis
1539 1937 1675 1986 idem
1723 1935 1818 1986 lto-

257 2018 492 2082 spititnn
525 2018 754 2072 Anselmi
781 2030 1188 2085 consumpturus
1209 2061 1222 2078 ,
1263 2024 1466 2072 duabus
1499 2029 1697 2071 tantum
1725 2021 1816 2073 do-

258 2109 450 2160 mibus
479 2106 824 2172 interpositis,
849 2106 1051 2158 aderat.
1085 2106 1404 2170 Quibusdam
1437 2109 1596 2176 igitur
1613 2123 1673 2160 ea
1701 2124 1816 2176 qua:

259 2197 319 2248 ia
348 2195 510 2248 domo
539 2201 694 2246 erant
715 2195 1135 2262 asportantibus,
1186 2196 1456 2249 interdixit
1483 2197 1692 2250 domina
1716 2199 1811 2251 do-

260 2295 416 2345 mus,
439 2279 707 2334 aﬂirmans
735 2294 792 2334 se
818 2281 963 2332 nullo
999 2281 1156 2333 modo
1198 2281 1296 2334 sibi
1346 2282 1430 2334 vel
1465 2283 1573 2336 suis
1615 2283 1812 2350 aliquid

260 2369 456 2420 damni
485 2368 688 2429 timere,
718 2383 837 2435 quae
869 2375 1069 2418 tantum
1094 2367 1376 2441 hospitem,
1425 2367 1526 2421 hoc
1551 2377 1652 2430 est,
1697 2372 1811 2422 Att-

259 2458 497 2508 sehuum
547 2440 1000 2522 archiepiscopum
1038 2440 1327 2508 meruisset
1369 2470 1547 2514 secum
1593 2456 1809 2508 habere.

256 2543 378 2595 l‘ro
407 2542 597 2610 quibus
625 2542 802 2594 verbis
827 2540 1110 2593 Balduinus
1157 2541 1236 2592 vir
1275 2549 1523 2593 strenuus
1551 2549 1604 2592 et
1634 2556 1812 2592 mona-

258 2629 406 2680 chus
436 2626 641 2696 mulieri
669 2641 996 2693 compassus,
1027 2627 1192 2679 suasit
1232 2626 1480 2680 Anselmo
1528 2635 1583 2679 ut
1621 2628 1812 2694 hospiti

229 2731 383 2796 ,εαξη
408 2717 730 2767 subveniret.
751 2717 817 2767 At
838 2711 921 2767 ille
947 2732 960 2766 :
989 2733 1006 2765 ι
1031 2715 1200 2783 Egoin
1226 2729 1325 2781 qua
1349 2714 1808 2781 re?—Egredcre,

261 2805 468 2871 inquit,
495 2814 549 2856 et
586 2805 789 2869 signum
816 2803 992 2856 erucis
1016 2803 1120 2871 igni
1144 2808 1346 2870 oppone
1369 2841 1383 2863 ,
1435 2794 1634 2855 arcebit
1663 2802 1808 2855 illum

211 2895 220 2900 ⁷
258 2896 409 2947 forte
433 2894 589 2946 Deus.
612 2912 628 2941 ι
650 2893 936 2972 Respondit
957 2909 969 2944 :
1001 2911 1018 2941 ι
1043 2892 1142 2944 Pro
1166 2891 1282 2944 me?
1307 2890 1541 2964 Nihilest
1564 2893 1702 2958 quod
1729 2891 1810 2943 di-
1833 2924 1879 2984 Ο

255 2987 364 3037 cis.
392 3003 410 3034 ι
438 2983 884 3049 Egressustatnen
907 2975 1116 3032 domum
1133 2981 1232 3037 est.
1257 2980 1445 3033 timore
1463 2980 1686 3033 incendii
1707 2979 1805 3031 du-

254 3079 410 3130 ctus,
452 3077 507 3120 et
526 3069 650 3120 visis
671 3067 1060 3120 ﬂammantibus
1083 3066 1268 3134 globis,
1291 3081 1326 3117 τι
1355 3066 1640 3145 venerabili
1664 3065 1809 3118 Gun-

255 3157 470 3224 dulpho
497 3157 742 3223 episcopo
769 3166 823 3208 et
849 3155 914 3206 ab
942 3155 1125 3208 eodem
1156 3155 1408 3208 Daldnino
1432 3163 1612 3208 contra
1639 3155 1809 3222 ignem

258 3247 480 3312 signum
509 3237 701 3306 crucis,
750 3252 923 3295 erecta
971 3243 1022 3294 in
1068 3242 1229 3294 alttuu
1261 3242 1468 3305 dextra,
1514 3242 1670 3294 edere
1723 3256 1810 3293 co-

257 3343 421 3386 actus
446 3339 552 3384 cst;
574 3329 809 3383 Mirabile
839 3330 1001 3380 dictu.
1027 3328 1137 3380 Non
1163 3329 1307 3395 prius
1329 3323 1539 3380 manum
1562 3328 1810 3381 extende-

258 3430 372 3482 rat,
405 3435 566 3487 quam
595 3419 646 3470 iu
669 3432 726 3470 se
761 3418 1055 3470 incendium
1081 3418 1392 3483 retorqueri,
1420 3416 1656 3469 ﬂammas
1682 3415 1808 3469 deli?

255 3525 391 3563 cere
412 3521 683 3569 cerneres,
737 3507 806 3559 ita
860 3515 915 3559 ttt
961 3508 1171 3558 domum
1219 3507 1375 3558 etiam
1423 3522 1578 3574 quam
1621 3520 1807 3558 vorare

257 3605 566 3663 ca‘perant,
590 3588 893 3648 semiustum
916 3587 1287 3660 relinquerent.

335 3686 388 3736 4.
426 3684 594 3752 Igitur
621 3683 918 3744 Ansel.nus,
940 3693 1162 3750 promer
1188 3681 1379 3748 multas
1423 3683 1653 3735 rationes
1692 3691 1809 3748 Quae

185 3797 190 3808 τ
260 3774 688 3834 interveneraat,
723 3772 954 3823 nondum
1009 3779 1354 3830 consenserat
1396 3771 1642 3822 electioni
1692 3785 1808 3835 qua:

256 3863 329 3912 de
357 3857 420 3913 Sc
462 3859 598 3911 facta
622 3860 791 3911 fuerat
817 3868 876 3910 ut.
905 3858 1133 3925 pontifex
1167 3857 1343 3919 [iet-et;
1396 3859 1486 3909 sed
1515 3865 1688 3908 tamen
1711 3853 1830 3908 de?

259 3949 474 3998 tinente
501 3946 644 3996 illmu
675 3961 794 4013 rege
822 3945 1124 3997 morabatur
1147 3945 1196 3996 iu
1227 3945 1430 4010 Anglia,
1457 3952 1806 3997 conversaute

257 4052 384 4089 cunt
415 4049 483 4086 eo
509 4048 573 4085 ex
593 4033 744 4100 jussu
769 4033 908 4099 regis
952 4031 1170 4100 prarfato
1209 4031 1524 4099 Gundulpho
1571 4031 1801 4084 Bullensi

253 4125 541 4193 episeOpo,
571 4131 624 4175 et
646 4123 692 4175 ci
716 4137 830 4190 quae
857 4135 987 4188 opus
1010 4131 1163 4173 erant
1214 4120 1562 4173 ministrante.
1602 4120 1806 4173 Abla‘tis

1923 1749 2379 1802 anintadvertitsc
2401 1751 2632 1824 cupitum
2687 1751 2786 1802 iter
2839 1760 3186 1818 permutasse,
3233 1761 3288 1805 et
3341 1768 3441 1819 qua

1915 1847 2130 1890 venerat
2156 1841 2292 1891 viam
2321 1841 2505 1904 repetit
2527 1838 2648 1914 [al.v,
2678 1838 2917 1908 reperit].
2959 1839 3291 1907 Aliquantum
3324 1857 3443 1908 pro-

1915 1936 2168 1990 cesserat,
2202 1939 2253 1978 ct
2280 1927 2468 1980 iterum
2495 1929 2660 1979 visum
2692 1937 2772 1981 est
2798 1928 2896 1980 sibi
2948 1943 3010 1980 eo
3062 1929 3280 1980 tendere
3317 1946 3436 1996 quo

1917 2016 2163 2083 fugiebat.
2196 2016 2411 2068 Factum
2435 2025 2516 2068 cst
2543 2017 2639 2069 hoc
2666 2001 3014 2083 frequentius,
3056 2027 3108 2066 et
3157 2033 3292 2067 nunc
3340 2017 3437 2068 hac

1913 2117 2052 2153 nunc
2081 2101 2196 2155 illae
2221 2103 2461 2154 nesciens
2485 2116 2590 2169 quo
2628 2101 2728 2155 iret
2751 2115 3002 2152 erroneus
3031 2099 3313 2153 fet-ebatnr.
3341 2100 3438 2151 Po-

1910 2190 2063 2258 pulus
2084 2200 2259 2244 autem
2290 2190 2377 2257 qui
2420 2203 2539 2243 cum
2577 2190 2654 2241 sic
2691 2203 2750 2240 se
2795 2188 3072 2239 habentem
3124 2187 3438 2250 intuebatur,

1910 2279 2158 2344 quidnam
2195 2279 2407 2330 habetet
2438 2277 2746 2328 mirabatur.
2778 2275 2946 2327 Atnbi
2978 2274 3200 2328 ministri
3228 2276 3437 2341 pontili-

1911 2365 1989 2418 eis
2007 2381 2099 2418 vas
2127 2367 2431 2419 chrismatis
2451 2363 2712 2432 perditum
2752 2377 2872 2415 esse
2901 2371 3280 2428 cognoverunt,
3310 2378 3436 2413 eon-

1911 2451 2012 2505 l'usi
2049 2452 2839 2511 ettumultuantesdiscurrunt,
2877 2448 3013 2515 quod
3047 2449 3439 2512 pcrditutn'erat

1911 2542 2034 2595 hinc
2058 2543 2176 2595 inde
2207 2550 2463 2609 quzerunt,
2491 2541 2792 2606 ignorantes
2819 2553 2845 2588 a
2878 2551 2982 2605 quo
3008 2536 3085 2588 vel
3117 2537 3202 2589 ubi
3232 2536 3436 2602 idqn:e-
3505 2579 3508 2583 .

1912 2643 2028 2682 rere
2049 2639 2192 2682 certo
2212 2629 2450 2683 debeant.
2479 2627 2676 2678 llumor
2701 2625 2876 2684 damni
2909 2625 3072 2704 fertur
3095 2626 3143 2675 in
3167 2623 3434 2691 populant,

1907 2727 1964 2770 et
2003 2719 2182 2786 upinio
2225 2717 2506 2770 multorum
2561 2715 2703 2768 cadit
2742 2715 2794 2767 in
2841 2709 3118 2767 erroneutu
3168 2713 3438 2786 clericum,

1907 2805 2144 2872 Capitur,
2176 2815 2229 2858 ct
2257 2807 2352 2857 sub
2383 2819 2545 2872 eappa
2570 2803 2707 2854 illius
2733 2817 2825 2854 vas
2853 2802 3126 2868 abreptum
3156 2800 3438 2852 invenitur.

1909 2893 2155 2952 Refertur
2179 2894 2400 2947 antistiti
2428 2891 2563 2959 quod
2591 2878 2764 2944 aetum
2794 2901 2926 2942 erat.
2979 2892 3045 2941 At
3072 2890 3179 2955 ipse
3205 2889 3438 2940 modesto

1909 2984 2099 3049 vultu,
2158 2992 2435 3048 menteque
2481 2980 2757 3049 tranquilla
2807 2980 2982 3031 statim
3023 2978 3178 3044 jussit
3232 2977 3436 3051 culpam

1911 3072 2131 3140 ignosci,
2156 3079 2208 3123 et
2238 3070 2483 3122 clericum
2524 3069 2587 3120 ad
2616 3083 2707 3120 sua
2763 3067 2985 3119 liberum
3031 3065 3239 3116 dimitti.
3280 3064 3439 3115 Tum:

1909 3161 1997 3214 ille
2019 3161 2118 3213 iter
2142 3161 2277 3227 quod
2318 3159 2457 3210 furto
2486 3165 2732 3224 gravatus
2761 3155 3059 3206 nullatenus
3100 3162 3276 3204 tenere
3303 3151 3438 3203 scie-

1907 3245 2018 3308 bat,
2059 3247 2192 3299 liber
2219 3244 2357 3298 illico
2378 3253 2431 3298 et
2456 3243 2585 3295 nihil
2609 3243 2858 3294 ltmsitans
2910 3241 3179 3307 ingressus
3225 3237 3435 3304 agebat.

1975 3333 2025 3386 6.
2062 3334 2185 3386 Post
2209 3333 2338 3395 lucc,
2375 3330 2558 3398 paucis
2593 3329 2776 3380 diebus
2825 3327 3168 3393 interpositis,
3225 3325 3439 3375 manda-

1910 3433 1995 3476 tur
2017 3422 2082 3475 ad
2117 3421 2315 3474 curiam
2344 3420 2420 3472 ire
2446 3417 2742 3476 Anselmus,
2775 3431 2948 3482 regem
2999 3429 3142 3466 mare
3175 3415 3438 3476 transitu-

1908 3525 2024 3564 rum
2049 3525 2141 3561 sua
2188 3507 2556 3561 benedictione
2604 3513 2998 3572 prosecuturus.
3046 3501 3143 3566 Qui
3185 3501 3436 3553 transitus

1861 3661 1864 3664 _
1908 3599 2031 3650 dum
2063 3605 2218 3650 vento
2239 3595 2483 3649 obstante
2504 3590 2761 3656 differtur,
2785 3589 3062 3642 Anselmus
3081 3581 3432 3655 Opportunum
3481 3599 3486 3604 ·

1908 3699 1964 3738 se
1995 3693 2200 3751 tempus
2226 3670 2435 3734 nactum
2469 3678 2793 3741 existimans,
2819 3690 2994 3745 regem
3046 3689 3141 3741 pro
3185 3673 3432 3726 ecclesia-

1910 3759 2024 3826 rum
2052 3787 2168 3838 qua:
2195 3773 2258 3824 de
2283 3772 2366 3823 die
2401 3770 2452 3822 in
2481 3769 2619 3820 diem
2645 3764 3048 3820 destruebantur
3094 3763 3432 3823 relevatione,
3461 3826 3464 3828 τ

1910 3876 2006 3924 pro
2028 3839 2339 3911 Christianae
2385 3855 2514 3922 legis
2543 3868 2659 3919 qua:
2701 3853 2753 3904 in
2795 3851 2973 3904 multis
3013 3849 3309 3919 violabatpr
3353 3863 3437 3901 re-

1908 3948 2205 4009 novatione,
2222 3960 2323 4012 pro
2349 3944 2672 3998 diversorum
2694 3953 2919 4004 morum,
2942 3938 3028 4004 qui
3054 3938 3103 4012 in
3128 3934 3245 4005 [al.,
3265 3936 3436 4005 omit.]

1904 4033 2046 4084 omni
2098 4032 2284 4084 ordine
2333 4029 2600 4082 hominum
2652 4025 2883 4093 quotidie
2935 4007 3090 4076 nimis
3131 4037 3437 4089 corrumpe-

1903 4122 2114 4181 bantur,
2145 4119 2470 4172 correctione
2497 4116 2654 4184 cmpit
2705 4112 3057 4182 interpellare,
3097 4127 3212 4180 qua:
3259 4112 3437 4164 omnia

257 4221 449 4265 autem
480 4211 545 4263 de
570 4210 742 4262 medio
785 4208 1078 4261 rationibus
1115 4207 1233 4268 illis,
1286 4206 1492 4260 tandem
1528 4216 1646 4276 post
1692 4208 1806 4260 lon-
1836 4209 1883 4266 D
1911 4221 2244 4275 cummagna
2295 4201 2647 4270 indignatione
2689 4199 2996 4278 suscipiens,
3041 4211 3136 4249 nec.
3181 4210 3240 4249 se
3278 4211 3446 4248 causa»

257 4319 388 4370 gum
425 4299 676 4366 temporis
700 4297 946 4364 Spatium.
974 4295 1270 4348 obedientia
1318 4295 1468 4346 simul
1515 4311 1576 4347 ac
1622 4310 1807 4348 neces-

253 4392 432 4450 nitate,
455 4386 767 4440 constrictus
796 4384 1081 4444 consensit,
1124 4392 1178 4436 et
1223 4382 1360 4450 prid.
1408 4381 1540 4434 Non.
1597 4381 1805 4434 Decem.

175 4473 186 4485 ’
255 4480 451 4535 debito
481 4491 601 4527 cum
625 4475 822 4526 honore
866 4474 932 4524 ab
979 4473 1226 4523 omnibus
1275 4471 1536 4539 episcopis
1585 4472 1803 4539 Anglia,

253 4563 578 4624 (ἰαιιιιιειιὶιιι
634 4567 970 4613 consecratus
1018 4566 1116 4610 est.
1162 4558 1213 4610 ln
1260 4572 1360 4624 qua
1409 4560 1807 4612 consecratione

251 4650 572 4718 cvmguliea
598 4649 680 4700 illa
711 4643 966 4701 sententia
997 4661 1154 4713 super
1180 4662 1296 4699 euut
1329 4658 1532 4714 reperta
1558 4659 1632 4700 est
1661 4666 1673 4700 :
1709 4648 1808 4700 Vo-

250 4742 395 4794 cati:
429 4736 615 4788 mullos
643 4752 661 4787 :
690 4735 750 4787 Et
772 4736 905 4786 misi!
928 4751 1121 4786 serram
1149 4727 1296 4787 suum
1327 4736 1451 4786 liora
1477 4753 1627 4787 (cena!
1643 4737 1806 4788 dicere

251 4825 500 4879 inritatis
526 4833 577 4875 ιιι
607 4825 847 4885 venirent,
877 4823 994 4888 quia
1016 4822 1128 4888 jam
1153 4832 1336 4889 parum
1369 4832 1485 4873 sunt
1508 4825 1698 4873 omnia.
1741 4822 1804 4873 Ει

249 4920 526 4980 coeperunt
554 4910 700 4962 simul
723 4924 892 4960 onmcs
924 4925 1166 4960 excusare
1208 4909 1415 4972 (:‘dalth.
1449 4925 1577 4970 xx”,
1601 4913 1673 4976 5).
1709 4911 1805 4963 De-

251 5001 389 5055 hinc
417 5012 540 5050 cum
571 5012 626 5049 se
649 4995 811 5073 regali
837 4981 996 5046 curae
1024 4996 1072 5046 in
1097 4994 1383 5047 Natit’itztte
1444 4997 1647 5048 Domini
1678 4996 1800 5050 Jcsu

249 5091 664 5158 praesentasset,
688 5093 740 5137 et
768 5082 1055 5136 honoriﬁce
1081 5097 1109 5132 a
1135 5096 1256 5149 rege
1282 5094 1575 5150 suscrpitts,
1607 5085 1802 5150 primos

203 5171 212 5200 ¹
251 5181 374 5228 [res
403 5170 523 5224 dies
553 5167 848 5221 festia‘itatis
871 5169 1010 5222 circa
1028 5182 1206 5236 regem
1253 5168 1401 5220 laetus
1452 5168 1566 5238 [al.,
1592 5169 1800 5239 ductus]

248 5259 644 5327 transegisset;
694 5271 806 5327 post
835 5303 847 5326 ,
903 5264 1148 5316 instinctu
1193 5263 1382 5314 diaboli
1431 5264 1802 5331 hominumque

245 5352 532 5408 malarum
565 5360 790 5403 mutatus
816 5361 894 5405 est
918 5349 1135 5422 animus
1155 5352 1293 5419 regis
1331 5359 1510 5403 contra
1554 5366 1692 5413 cum,
1739 5368 1802 5405 eo

247 5440 489 5512 gnaglip
521 5454 550 5489 ί*
575 5439 808 5511 spoliatis
841 5441 1141 5493 limitiniivts
1166 5443 1272 5491 suis
1313 5440 1450 5490 mille
1505 5442 1662 5492 libras
1712 5442 1798 5494 de-

1912 4294 2048 4353 illins
2078 4293 2357 4360 quidquam
2382 4291 2446 4342 de
2471 4288 2712 4342 omnibus
2737 4295 2974 4339 acturum
3011 4285 3120 4360 fore
3143 4292 3447 4352 protestans

1909 4381 2171 4433 hominem
2203 4365 2493 4439 discedere,
2538 4391 2635 4430 nec
2664 4391 2720 4442 se
2749 4373 3204 4428 transfretaturum
3245 4372 3438 4425 diutius

1909 4469 1978 4521 ibi
2014 4475 2321 4532 exspectare
2349 4465 2516 4539 iratus
2542 4464 2808 4531 prmcepit.
3025 4455 3033 4466 ’

1975 4556 2025 4608 7.
2049 4555 2403 4608 Considerans
2443 4553 2723 4607 Anselmus
2761 4560 2878 4619 post
2931 4551 3040 4618 lure
3079 4548 3203 4615 quid
3245 4546 3436 4613 quietis

1905 4645 2217 4714 perdiderit,
2245 4643 2372 4710 quid
2393 4641 2591 4694 laboris
2621 4637 3173 4714 invenerit,,anxiatus
3195 4641 3276 4687 est
3320 4634 3432 4700 spi-

1906 4711 2108 4795 ritu,ct
2150 4729 2451 4783 vehementi
2514 4728 2690 4781 dolore
2730 4711 2962 4794 attrjt'us.
3013 4723 3245 4775 Ducebat
3293 4722 3434 4774 enim

1904 4829 2027 4873 ante
2057 4819 2239 4872 oculos
2265 4834 2372 4872 sua:
2402 4817 2586 4870 mentis
2617 4814 2825 4883 qualem
2859 4815 2909 4866 in
2933 4814 3176 4882 prioratu'
3199 4819 3250 4864 et
3272 4810 3434 4866 abba-

1905 4919 1974 4962 tta
2006 4907 2210 4975 positus
2236 4907 2394 4958 vitam
2413 4917 2568 4976 agere
2579 4903 2802 4964 solebat,
2818 4917 2974 4970 quam
2990 4901 3188 4955 scilicet
3205 4899 3434 4968 jucunde

1904 4995 1955 5047 in
1993 4994 2081 5047 Dei
2109 5002 2162 5045 et
2188 4993 2411 5060 proximi
2438 4991 2698 5043 c‘haritate
2740 4990 3044 5056 quiescebat
3091 5003 3154 5041 ac
3202 4987 3430 5040 delecta-

1903 5085 2078 5144 batur,
2103 5098 2256 5150 quam
2288 5082 2470 5134 devote
2498 5079 2659 5131 verba
2689 5079 2812 5130 vita:
2835 5077 3054 5144 loquens
3082 5075 3148 5128 ab
3189 5074 3432 5128 omnibus

1904 5173 2234 5233 audiebatur,
2258 5185 2411 5238 quam
2432 5168 2672 5220 devotius
2699 5167 2765 5219 ad
2800 5182 2926 5228 sum,
2957 5175 3014 5217 ut
3041 5165 3302 5232 sperabat,
3333 5177 3429 5216 cu-

1902 5261 2096 5313 mulum
2149 5255 2525 5319 retributionis,
2576 5269 2693 5322 qua:
2737 5253 2961 5316 dicebat,
3012 5266 3169 5319 opere
3215 5263 3432 5302 exerce-

1902 5357 2089 5408 bantur
2121 5371 2132 5404 :
2161 5360 2210 5405 et
2230 5367 2369 5404 nunc
2398 5365 2427 5403 e
2457 5363 2710 5402 converso
2736 5364 2853 5400 eum
2884 5349 2934 5401 in
2960 5347 3144 5400 melius
3174 5360 3270 5413 per
3320 5346 3434 5411 epi-

1902 5453 2168 5511 scopatum
2203 5442 2457 5508 proficere
2488 5440 2748 5522 debuerit,
2779 5452 2900 5492 ecce
2928 5439 3008 5491 die
3059 5451 3120 5489 ac
3168 5444 3322 5488 nocte
3381 5435 3432 5487 ir.
