4174 6208
691 288 700 370 ς
766 285 833 340 sa
1300 300 1304 308 ι
1755 352 1760 357 η
1903 291 2192 370 assuta
2233 288 2582 341 (;.α.λίἰ;.ιιι.
2625 253 2934 339 maius-at.
3879 273 3950 343 at

761 403 1102 455 est-eularibns
1135 404 1376 460 laborans
1407 405 1614 457 videbat
1661 424 1719 467 se
1765 406 1885 476 ιρι..
1916 409 1984 477 si]
2035 427 2132 460 nec
2189 408 2294 458 Deo
2327 412 2368 464 λ
2399 419 2495 467 ret,
2539 407 2779 459 homines
2817 407 2896 458 sui
2937 423 3000 457 ex
3047 407 3361 458 advectionc
3403 405 3703 458 vir-tualhuu
3752 405 3951 472 oppilo

763 505 862 544 trec
901 492 1140 558 proximo
1168 490 1453 544 secundum
1487 492 1815 567 Deurnjuxta
1868 496 2147 562 pristinum
2190 512 2301 548 nro-

763 592 875 630 rcm
901 573 1173 633 intendere
1220 593 1391 645 posse,
1424 596 1523 653 nec
1548 582 1681 635 adeo
1727 581 1844 653 {ul.,
1875 600 1902 634 ιι
1937 583 2068 652 Deo]
2110 601 2298 651 quem-

756 680 916 732 qtiatu
949 681 1009 718 ex
1041 679 1132 719 ore
1154 683 1249 718 suo
1280 651 1498 720 verbum
1524 668 1644 722 vita:
1673 651 1814 736 quod
1867 651 2300 743 factoinrplerct,

758 754 824 805 ad
850 769 977 818 sum,
1009 763 1066 806 ut
1107 756 1406 823 reputabat,
1439 757 1814 810 detrimentum
1869 761 2149 822 mercedis,
2205 778 2302 812 atr-

756 841 870 895 dire
899 840 1048 894 velle.
1081 842 1428 896 Accesserant
1450 844 1636 897 istisin
1665 854 2008 910 augmentum
2041 845 2163 898 mali
2199 848 2302 911 sui,
2344 866 2346 869 ·

753 929 995 982 crudeies
1025 927 1148 998 [ul.,
1181 929 1408 1000 ercbrm]
1435 945 1652 984 suorum
1701 933 2306 1010 horninumioppressio-

751 1029 848 1068 nes
867 1016 1102 1083 quotidie
1129 1017 1343 1069 auribus
1367 1019 1481 1086 ejus
1505 1019 1832 1084 iusouantcs,
1855 1030 1910 1075 et
1937 1023 2096 1075 mina:
2143 1022 2302 1075 mali-

751 1103 1422 1170 gnantiumdetcriora.in
1471 1115 1744 1174 posterum
1793 1109 2153 1176 pollicentium
2202 1111 2304 1163 cir-

746 1204 1084 1258 cumquaque
1112 1192 1428 1248 detonautes
1454 1211 1467 1246 :
1495 1194 1767 1249 sciebatur
1782 1196 1902 1268 [al.,
1918 1198 2145 1268 sciebat]
2162 1199 2304 1252 enim

749 1277 950 1344 regiam
981 1291 1214 1334 rrrentem
1239 1291 1424 1336 contra
1455 1298 1578 1336 eum
1621 1289 1670 1336 in
1703 1291 1934 1339 tnrcrcm
1978 1287 2302 1340 concitatam

746 1380 896 1428 esse;
934 1378 985 1421 et
1012 1367 1079 1422 ob
1105 1371 1204 1423 hoc
1229 1372 1454 1439 quisque
1477 1374 1646 1427 malus
1679 1375 1894 1428 beatqu
1926 1390 1984 1428 se
2029 1375 2145 1446 fore
2188 1389 2307 1428 cre-

749 1454 930 1520 debat,
962 1459 1176 1527 siquod
1225 1461 1370 1514 illum
1419 1472 1764 1530 exasperaret
1811 1463 1916 1516 ullo
1962 1445 2176 1531 ingenio
2227 1464 2304 1516 fa-

751 1561 874 1605 cere
907 1561 1103 1619 posset.
1136 1549 1312 1604 Multis
1363 1551 1542 1618 itaque
1595 1567 1658 1605 ac
1703 1553 1930 1605 diversis
1989 1551 2302 1620 injuriarum

751 1622 997 1699 pr'ocdlis
1019 1634 1367 1704 fatigabatur,
1401 1648 1452 1691 et
1504 1639 1647 1692 nulla
1705 1641 1903 1694 terreni
1951 1641 2171 1694 honoris
2221 1642 2302 1695 vel

747 1723 1016 1776 commodi
1061 1725 1327 1780 suavitate
1352 1768 1366 1792 ,
1401 1727 1540 1780 unde
1587 1727 2008 1781 consolationem
2055 1728 2299 1793 haberet,
2336 1711 2378 1762 Β

680 1836 684 1839 ·
747 1809 1044 1866 fovebatur.

816 1904 870 1958 8.
915 1905 1131 1969 Verum,
1155 1906 1299 1959 salva
1327 1906 1379 1958 in
1424 1908 1673 1960 omnibus
1702 1918 1754 1960 et
1791 1908 1857 1960 ad
1914 1922 2100 1962 omnes
2150 1909 2303 1961 inno-

744 1991 920 2044 centia
951 2005 1059 2044 sua:
1089 1978 1572 2062 conscientireful"
1605 1995 1881 2047 conscicnt
1906 2009 1951 2046 ac
1995 2010 2106 2048 suae
2156 1995 2304 2062 puri-

742 2076 898 2147 tate],
939 2079 1207 2132 modicum
1235 2081 1542 2149 respirabat
1592 2081 1661 2136 ab
1723 2081 1830 2145 his,
1877 2089 1932 2133 et
1977 2095 2304 2149 magnopere

744 2168 1149 2236 consolabatur,
1209 2171 1254 2224 si
1288 2172 1504 2238 quando
1550 2188 1608 2226 se
1638 2174 2022 2226 monachorum
2067 2170 2303 2224 claustro

743 2255 965 2321 inferre,
999 2268 1053 2312 et
1078 2274 1196 2328 qua:
1233 2260 1499 2314 institutio
1549 2263 1670 2316 vitze
1724 2263 1960 2330 ipsorunr
1991 2262 2298 2330 expetebat,

739 2361 926 2400 coram
952 2347 1031 2402 eis
1055 2347 1204 2402 eﬁari
1247 2332 1482 2405 valebat;
1542 2351 1691 2416 Quod
1752 2354 1865 2421 ipse
1909 2355 2139 2421 quadam
2184 2355 2301 2408 vice

740 2436 973 2504 capitulo
999 2453 1179 2490 eorum
1204 2441 1519 2506 pratsidcus,
1545 2450 1599 2494 et
1635 2457 1700 2494 cx
1724 2456 1872 2495 more
1907 2443 1974 2495 de
1997 2441 2298 2510 lrujusmodi

739 2521 959 2576 liberius
981 2539 1145 2593 agens
1171 2564 1186 2588 ,
1242 2525 1452 2580 dicendi
1477 2528 1584 2581 line
1627 2526 1912 2596 completo,
1950 2529 2182 2596 jucunda
2217 2530 2301 2583 hi-

737 2610 1446 2691 latfitatealludcns,jocosa
1491 2617 1894 2684 comparatione
1927 2617 2176 2681 innotuit,
2221 2618 2301 2670 di.

738 2716 869 2754 cens
899 2721 911 2753 :
950 2706 1133 2757 «Sicut
1160 2704 1320 2767 bubo,
1351 2706 1476 2759 dum
1505 2707 1556 2761 in
1587 2721 1817 2759 caverna
1849 2721 1970 2758 cum
1995 2705 2154 2774 pullis
2188 2708 2300 2761 suis

737 2799 840 2851 est,
870 2790 1097 2854 lzetatnr,
1119 2801 1174 2846 et
1197 2808 1294 2847 suo
1323 2794 1422 2848 sibi
1452 2795 1608 2848 modo
1653 2795 1789 2848 bene
1839 2803 1951 2858 est;
2009 2796 2131 2848 dum
2171 2808 2299 2848 vero

735 2878 879 2933 inter
903 2895 1095 2935 corvos
1120 2893 1211 2935 aut
1235 2883 1539 2937 corniculas
1562 2899 1656 2938 seu
1680 2883 1814 2936 alias
1833 2883 1966 2936 aves
1981 2882 2092 2947 det,
2117 2884 2296 2936 incur—

2402 511 2494 561 gza
2533 503 2774 555 urentur;
2805 503 2856 547 et
2880 494 3092 560 insuper
3113 509 3139 545 a
3165 493 3458 559 ptmpnsitis
3503 491 3618 560 [ul.,
3651 490 3950 561 appositis],

2405 596 2460 634 ut
2490 599 2630 650 sa3pe
2657 584 3020 650 contingebat,
3069 583 3247 634 multis
3292 597 3356 634 ex
3401 583 3576 634 causis
3627 581 3953 648 oppressi-si

2403 690 2558 741 quem
2583 671 2994 740 interpellarent,
3028 660 3632 738 nunquam-przeseuten‘r
3677 668 3952 732 haberent;

2407 762 2573 827 magis
2597 773 2659 812 ac
2688 761 2856 826 magis
2899 759 3137 823 Oppressi
3175 758 3226 810 in
3261 755 3669 810 destructionem
3717 752 3960 806 funditus

2408 849 2564 900 irent.
2597 846 2750 900 Nullo
2781 855 2955 898 tanren
2983 847 3098 899 loco
3130 846 3208 897 vel
3235 857 3471 912 tempore
3497 844 3612 896 sine
3637 843 3745 894 suis
3775 855 3962 892 mona-

2405 940 2519 992 chis
2546 948 2598 991 ct
2624 937 2834 991 clericis
2852 943 2988 988 erat.
3023 937 3114 988 llis
3143 937 3403 989 duntaxat
3444 931 3700 999 exceptis,
3754 931 3841 998 qui
3891 928 3963 982 ad

2405 1041 2525 1078 eum
2555 1040 2620 1078 ex
2652 1023 2875 1078 diversis
2906 1023 3035 1077 locis
3062 1021 3386 1076 conﬂuentes
3417 1034 3537 1072 raro
3562 1020 3798 1070 deerant.
3828 1014 3962 1067 Orn-

2407 1128 2502 1166 nes
2525 1112 2721 1166 etenim
2751 1110 2821 1163 ad
2849 1125 2906 1164 se
2928 1110 3207 1163 venientes
3225 1106 3365 1159 dulci
3405 1102 3679 1158 alacritate
3705 1101 3966 1173 suscipio.

2404 1201 2516 1262 bat,
2554 1209 2608 1252 et
2630 1197 2821 1266 cuique
2850 1211 2948 1262 pro
2989 1196 3070 1249 sui
3119 1193 3314 1264 negotii
3366 1191 3620 1260 qualitate
3677 1187 3968 1242 efﬁcaciter

2406 1287 2779 1355 respondebat.
2815 1283 3039 1337 Videres
3077 1283 3336 1350 siquidem
3389 1280 3519 1333 istos
3565 1276 3963 1341 Scripturarunr

2404 1375 2685 1430 sententiis
2731 1389 2795 1427 ac
2849 1371 3232 1439 quzestionibus
3283 1368 3546 1422 involutos
3595 1379 3714 1418 mox
3757 1363 3967 1416 ratione

2404 1465 2674 1534 proposita
2704 1464 2770 1516 ab
2790 1477 2856 1516 eo
2887 1462 3080 1521 evolvi,
3121 1462 3252 1514 istos
3279 1461 3329 1514 in
3359 1453 3562 1512 morum
3608 1455 3730 1525 [al.,
3784 1454 3965 1512 utine-

2407 1553 2549 1624 rum]
2573 1553 2898 1612 discretione
2945 1560 3192 1604 nutantes
3235 1565 3339 1603 non
3399 1547 3612 1616 segnius
3661 1545 3963 1626 informari,

2408 1644 2523 1696 illos
2547 1643 2902 1697 necessarium
2943 1654 3119 1712 rerum
3151 1637 3769 1696 tenuitate'laborautes,
3822 1633 3968 1685 datis

2403 1732 2597 1800 quibus
2631 1745 2766 1798 opus
2788 1729 3071 1790 habebant,
3105 1727 3171 1779 ab
3213 1726 3386 1792 inopia
3424 1721 3667 1775 relevari.
3718 1719 3827 1774 Nec
3859 1719 3963 1772 ista

2404 1821 2624 1890 largitas
2667 1817 2998 1872 solummodo
3061 1814 3442 1868 monachorum
3501 1826 3593 1864 seu
3639 1807 3960 1863 clericorum

2401 1908 2678 1978 penuriam
2703 1904 3036 1966 sublevabat,
3075 1904 3168 1956 sed
3221 1910 3276 1954 et
3318 1901 3370 1953 in
3407 1912 3644 1968 quosque
3668 1898 3850 1950 'laieos
3897 1911 3963 1947 ea

2404 1996 2702 2064 indigentes
2743 2008 2805 2046 ea
2831 1991 2931 2046 sibi
2977 1989 3242 2044 subveniri
3276 1995 3512 2057 petentes
3544 2000 3636 2055 pro
3690 1999 3864 2054 posse,
3911 1994 3966 2037 et

2405 2095 2780 2150 nonnunquam
2805 2080 2941 2132 ultra
2972 2093 3124 2146 posse
3149 2078 3221 2146 pii
3256 2076 3427 2129 Patris
3448 2075 3793 2129 redundabat.

2472 2171 2560 2228 ro.
2592 2169 2814 2236 Quoties
2840 2176 3018 2221 autem
3047 2166 3414 2235 opportunitas
3431 2177 3558 2224 sese
3587 2162 3883 2230 praebebat,
3909 2161 3963 2215 in

2402 2263 2741 2315 remotiorem
2773 2273 3003 2313 camera:
3047 2271 3157 2310 suae
3181 2255 3353 2308 locum
3395 2253 3664 2321 secedere,
3713 2251 3966 2319 solusque

2394 2351 2712 2405 .cmlestibus
2735 2348 2928 2402 studiis
2952 2354 3304 2400 consueverat
3329 2343 3607 2397 inhaerere.
3647 2341 3792 2396 Unde
3837 2342 3959 2394 ﬁdei

2399 2439 2715 2493 Christiana:
2747 2436 2861 2493 zelo
2907 2444 3204 2489 commotus
3249 2432 3520 2502 egregium
3566 2440 3621 2484 et
3675 2445 3770 2499 pro
3816 2431 3960 2484 illius

2402 2528 2656 2593 temporis
2679 2534 2816 2580 statu
2841 2523 3290 2592 pernecessarium
3317 2536 3450 2590 opus
3492 2520 3563 2572 De
3584 2519 3956 2573 lncunmtimw

2413 2605 2563 2667 Vérbi
2589 2612 2905 2683 composuit.
2934 2611 3084 2677 Quod
3105 2605 3239 2680 opus
3260 2599 3532 2678 epistulari
3558 2619 3600 2661 st
3610 2607 3696 2676 ylo
3717 2607 3964 2660 conscri-

2399 2717 2590 2776 ptum,
2641 2703 2931 2758 venerabili
2993 2700 3208 2756 Urbano
3252 2689 3451 2756 sanctae
3501 2700 3654 2754 Rom.
3706 2696 3961 2780 Ecclesia:

2397 2808 2608 2848 surumo
2630 2783 2866 2862 pontiﬁci
2893 2791 3113 2853 dicavit.
3138 2790 3445 2844 destinavit.
3510 2789 3661 2855 Quod
3695 2790 3781 2844 ille
3834 2804 3958 2859 gra-

2399 2883 2534 2936 tiose
2562 2880 2885 2949 suscipiens,
2915 2893 2978 2932 ac
3011 2877 3305 2949 invincibili
3331 2878 3570 2942 veritatis
3597 2878 3802 2931 ratione
3828 2880 3958 2933 sutr-

733 2979 889 3022 satur
915 2986 980 3046 ac
1005 2972 1313 3037 dilaniatnr,
1363 2975 1579 3028 omnino
1607 2991 1820 3042 quoque
1867 2974 1969 3031 sibi
2003 2973 2143 3029 male
2183 2981 2289 3038 est;
2320 3010 2366 3071 Ο
2399 2972 2586 3025 nixum
2620 2967 2946 3036 intelligens,
2994 2967 3044 3019 in
3072 2975 3216 3020 tanta
3263 2966 3584 3020 auctoritate
3640 2967 3852 3030 habuit,
3898 2976 3960 3020 ut

733 3059 806 3110 ita
843 3068 898 3112 et
921 3061 1070 3114 mihi.
1093 3061 1317 3127 Quando
1343 3064 1487 3117 enim
1510 3063 1785 3116 vobiscum
1815 3078 1954 3125 sum,
1983 3065 2118 3127 bene
2161 3063 2292 3114 mihi

731 3160 836 3210 cst,
879 3160 932 3202 ct
971 3161 1121 3218 grata
1175 3168 1240 3205 ac
1285 3154 1575 3220 singularis
1624 3145 1937 3205 vitzeimear
1979 3151 2292 3205 consolatio.

735 3238 960 3300 Quando
986 3252 1134 3301 vero,
1166 3249 1402 3292 remotus
1424 3233 1457 3293 a‘
1475 3241 1648 3303 vobis,
1681 3240 1824 3292 inter
1853 3238 2139 3293 szeculares
2167 3254 2295 3294 con—

735 3341 944 3393 versor,
969 3327 1092 3380 hinc
1128 3327 1252 3382 inde
1279 3329 1570 3396 variarum
1595 3343 1682 3382 me
1711 3344 1998 3381 causarum
2045 3329 2292 3382 incursus

733 3416 1056 3482 dilacerant,
1084 3427 1279 3486 etquae
1306 3433 1408 3470 non
1460 3433 1582 3470 ante
1610 3418 1886 3471 saecularia
1941 3419 2152 3486 negotia
2203 3434 2292 3471 re.

732 3514 880 3557 xaut.
909 3505 1043 3558 Male
1071 3507 1233 3576 igitur
1257 3507 1385 3560 mihi
1413 3517 1494 3561 est
1519 3507 1732 3576 quando
1757 3507 1833 3560 sic
1875 3523 2014 3571 sum,
2070 3521 2134 3561 ac
2186 3515 2293 3559 tre-

731 3610 886 3648 mens
914 3596 1235 3663 pertirneseo
1266 3612 1330 3649 ne
1354 3611 1528 3649 meum
1558 3595 1858 3661 lurjusmodi
1900 3611 2021 3649 esse
2047 3603 2291 3662 procreet

735 3684 973 3737 immane
1003 3685 1338 3752 dispendium
1363 3684 1554 3736 anima:
1577 3698 1726 3737 mete.
1751 3703 1769 3733 ι
1803 3685 1882 3736 Ad
1905 3684 2045 3751 quod
2071 3684 2305 3735 verbum-

738 3769 867 3822 licct
897 3771 1158 3833 alludeus,
1192 3781 1245 3823 ut
1276 3771 1404 3833 dixi,
1438 3770 1599 3838 cmpit
1625 3771 1959 3824 amarissime
1983 3770 2114 3824 ﬂens
2164 3772 2292 3823 sub-

737 3857 952 3921 inferre,
974 3869 1026 3912 et
1055 3860 1128 3912 ait
1161 3878 1173 3911 :
1206 3880 1222 3910 ι
1246 3859 1369 3924 Sed,
1393 3875 1594 3927 qumso,
1610 3861 1922 3913 miseremini
1940 3861 2059 3924 mei,
2081 3861 2290 3912 misere-

735 3947 864 4001 mini
891 3950 1008 4012 mei,
1031 3948 1210 4002 saltem
1236 3966 1322 4001 vos
1345 3949 1498 4002 amici
1524 3951 1642 4014 mei,
1689 3951 1808 4018 quia
1833 3966 2016 4001 manus
2076 3949 2288 4001 Domini

735 4038 898 4104 tetigit
924 4054 1002 4090 me
1028 4038 1148 4108 (Job
1177 4055 1287 4102 xix,
1321 4037 1430 4106 2t).
1458 4057 1475 4089 ›
1517 4036 1651 4102 Quia
1703 4053 1831 4106 ergo
1855 4039 1906 4090 in
1933 4037 2020 4089 tali
2057 4028 2285 4091 convcr-

733 4125 941 4182 latione
985 4143 1303 4197 magnopere
1349 4129 1682 4194 re.-pirabat,
1741 4142 1802 4179 ea
1856 4125 1956 4179 sibi
2009 4127 2285 4181 deﬁciente

734 4217 970 4285 graviter
1015 4220 1334 4285 suspirabat.
1401 4217 1563 4270 Deum
1603 4226 1768 4270 testor
1819 4232 1904 4270 me
1945 4217 2283 4285 smpe‘illum

2396 3059 2729 3128 postmodum
2755 3065 2940 3109 contra
2967 3053 3179 3109 Grmcos
3205 3056 3260 3108 in
3308 3055 3535 3108 concilio
3563 3055 3778 3109 Barensi
3805 3095 3820 3117 ,
3859 3070 3958 3108 cu-

2389 3147 2479 3216 jus
2502 3162 2598 3199 suo
2634 3145 2750 3197 loco
2775 3144 2974 3195 mentio
3003 3143 3116 3205 ﬁet,
3152 3143 3576 3213 disputansindc
3626 3143 3788 3196 robur
3836 3157 3954 3197 sum

2396 3233 2771 3304 disputationis
2799 3241 3116 3297 assumeret,
3161 3242 3215 3286 et
3238 3248 3396 3300 quam
3439 3231 3757 3286 damnabilis
3790 3231 3958 3285 fuerit

2394 3338 2544 3377 error
2572 3336 2756 3374 eorum
2787 3321 2836 3371 iu
2860 3319 2979 3382 hoc,
3012 3321 3154 3388 quod
3180 3319 3440 3388 Spiritum
3485 3329 3724 3373 sanctum
3753 3333 3784 3372 a
3815 3319 3958 3375 Filio

2391 3411 2678 3477 procedere
2701 3412 2981 3480 negabant,
3009 3418 3291 3464 astrueret.

2464 3499 2546 3551 ll.
2581 3497 2688 3551 Sed
2721 3514 2816 3552 nos
2847 3500 2944 3552 ista
2970 3499 3444 3566 prtelermittentes
3491 3504 3545 3550 et
3584 3507 3772 3564 captaa
3825 3495 3955 3566 [al..

2390 3585 2572 3657 certat]
2600 3587 2894 3640 narrationi
2920 3602 3134 3654 operam
3163 3587 3378 3648 dantes,
3401 3586 3641 3640 dicamus
3668 3585 3808 3653 quod
3833 3585 3954 3653 ipse

2389 3676 2672 3730 Anselmus
2697 3677 2762 3730 ad
2792 3676 3131 3731 refectionem
3163 3677 3402 3744 corporis
3441 3679 3649 3740 sedens,
3694 3675 3852 3729 modo
3879 3676 3955 3729 de

2389 3778 2540 3817 saera
2567 3778 2683 3830 qua:
2710 3777 2889 3816 coram
2921 3781 2985 3818 eo
3007 3765 3288 3833 legebatur
3317 3765 3561 3839 lectione,
3613 3765 3836 3818 materia
3867 3765 3978 3820 53w

2390 3852 2584 3919 queruli
2614 3860 2842 3919 sumpta,
2871 3863 3248 3907 convcseeutes
3288 3854 3606 3919 ardiﬁcabat,
3664 3854 3821 3906 modo
3877 3868 3954 3909 cx

2388 3957 2483 3996 sua
2527 3951 2681 4008 parte
2707 3958 2856 3998 sacra
2885 3945 3043 3997 verba
3077 3944 3382 3998 edisset-ens
3414 3944 3528 3996 loco
3557 3957 3724 3996 sacrae
3754 3942 3955 3996 lectio-

2386 4030 2471 4084 nis
2500 4032 2841 4100 prtesentiurn
2873 4041 3079 4085 mentes
3115 4031 3429 4095 instruebat,
3463 4031 3621 4085 modo
3646 4033 3710 4083 dc
3759 4029 3949 4097 aliqua

2387 4136 2444 4175 re
2471 4122 2582 4175 utili
2608 4123 2687 4176 vel
2717 4123 3014 4176 necessaria
3071 4121 3744 4189 requisitusrequirentem
3798 4120 3954 4189 parin

2388 4218 2467 4263 ter
2496 4209 2612 4280 [ul.,
2639 4211 2866 4280 partem]
2897 4222 2950 4264 et
2977 4211 3317 4264 coaudientcs
3366 4201 3499 4264 mira
3531 4211 3790 4264 suavitate
3815 4214 3934 4262 reﬂ-

735 4306 836 4358 sub
859 4306 1098 4358 veritatis
1133 4306 1432 4358 testimonio
1460 4305 1670 4357 audisse
1698 4312 2106 4372 protestantem,
2144 4305 2283 4372 quod
2321 4311 2362 4364 Ι)
2389 4299 2581 4351 ciebat.
2608 4299 2772 4365 llttjus
2816 4301 2890 4352 rei
2922 4300 3300 4368 cognoscenda:
3344 4301 3537 4367 gratia,
3579 4301 3719 4368 quod
3767 4299 3949 4357 levius

737 4393 985 4447 lLbeutius
1019 4395 1169 4446 vellet
1194 4395 1243 4445 iu
1269 4385 1676 4462 congregatione
1702 4394 2081 4446 monachorum
2132 4392 2282 4460 pueri

738 4482 856 4535 loco
885 4483 1022 4534 inter
1046 4498 1239 4548 pueros
1266 4484 1363 4535 sub
1389 4483 1532 4550 virga
1567 4484 1806 4550 magistri
1868 4489 2080 4549 pavere,
2121 4497 2282 4550 quam

737 4585 832 4636 per
859 4569 1171 4636 pastoralem
1195 4583 1375 4619 curam
1400 4569 1491 4620 toti
1521 4566 2058 4633 Britannia‘pralatus
2085 4569 2134 4620 in
2158 4583 2284 4622 corr-

734 4667 894 4710 ventu
927 4657 1234 4725 populorum
1262 4657 1528 4709 cathedrae
1551 4656 1842 4723 pontiﬁcali
1865 4656 2169 4724 przesidere.

805 4745 856 4796 9.
882 4745 1040 4798 Forte
1063 4746 1198 4798 dicet
1229 4745 1421 4812 aliquis
1459 4759 1473 4798 :
1509 4747 1562 4797 Si
1603 4754 1707 4798 tam
1739 4745 1936 4798 bonum
1965 4748 2280 4816 tatnjucun-

750 4833 863 4884 lum
899 4844 1013 4883 erat
1043 4835 1113 4884 illi
1147 4835 1387 4888 habitare
1408 4851 1526 4888 cum
1553 4837 1848 4900 monachis,
1874 4853 1969 4891 cur
2011 4853 2110 4891 non
2151 4855 2279 4893 con-

742 4921 888 4972 tinue
914 4920 1183 4973 habitabat
1203 4922 1501 4976 Cantuaria:
1521 4940 1640 4977 cum
1666 4927 1809 4978 suis?
1827 4927 1902 4979 Ad
1925 4928 2063 4995 quod
2077 4943 2175 4995 ego
2193 4946 2203 4979 :
2223 4929 2276 4981 Si

745 5012 843 5064 hoc
868 5010 1035 5061 solum
1064 5011 1159 5062 sibi
1186 5013 1431 5078 possibile
1455 5023 1612 5071 esset,
1641 5029 1829 5081 rnaguo
1869 5032 1925 5068 se
1948 5017 2276 5069 consolatuut

741 5109 1028 5166 reputaret.
1049 5099 1151 5150 Sed
1173 5109 1221 5150 et
1249 5101 1345 5152 hoe
1363 5101 1548 5167 partiur
1566 5103 1789 5154 remotio
1813 5103 2274 5158 villarnmsuarum

738 5191 930 5256 partim
965 5203 1088 5241 usus
1118 5198 1171 5240 et
1215 5189 1475 5241 institutio
1507 5200 1894 5244 antecessornrn
1925 5207 2136 5245 suorum
2179 5194 2270 5263 [:rl.

738 5279 881 5329 antit.
907 5292 954 5342 p.
988 5293 1040 5328 u.
1070 5291 1116 5328 c.
1147 5277 1179 5329 i.
1207 5295 1255 5328 a.
1282 5276 1374 5347 5.],
1398 5279 1586 5346 partim
1612 5281 1962 5332 numerositas
1985 5281 2272 5340 hominum,

739 5365 851 5417 sine
869 5365 1056 5432 quibus
1069 5383 1188 5419 eum
1203 5381 1319 5418 esse
1332 5367 1644 5432 pontiﬁcalis
1662 5368 1828 5421 honor
1842 5386 1940 5421 non
1960 5371 2161 5422 sinebat
2175 5411 2186 5431 ,
2205 5370 2274 5422 illi

741 5452 1024 5512 adimebat,
1052 5470 1274 5520 curnth
1297 5472 1389 5520 per
1414 5455 1560 5507 villas
1587 5471 1711 5508 suas
1735 5457 1809 5509 irc
1831 5473 1890 5507 ac
1918 5459 2042 5508 inihi
2084 5457 2274 5522 degere

743 5539 1099 5606 corrtpellebat.
1129 5540 1384 5594 l‘:'.c!cre.r
1412 5545 1451 5596 si
1474 5545 1810 5598 (Iantuat'iam
1833 5546 2038 5598 assidue
2080 5546 2273 5597 iui-olc-

2387 4391 2614 4441 occurrit
2643 4389 2868 4456 exempli
2919 4405 3078 4443 causa
3123 4404 3282 4442 unum
3335 4389 3630 4455 subjiciam,
3677 4407 3777 4443 non
3830 4407 3947 4458 quo

2387 4477 2493 4529 ulla
2526 4479 2778 4533 doctrina:
2807 4478 2919 4545 ejus
2941 4480 3172 4534 eﬁicacia
3203 4495 3296 4548 per
3317 4480 3416 4533 h'oc
3464 4479 3792 4549 designetur,
3841 4483 3945 4537 sed
3977 4467 3986 4476 ’

2384 4571 2441 4614 ιιι
2467 4563 2517 4616 ἱιι
2546 4566 2736 4632 quibus
2767 4567 2941 4634 lingua
2972 4567 3086 4633 ejus
3116 4568 3254 4620 inter
3281 4566 3522 4620 carnales
3567 4567 3751 4636 epulas
3801 4567 3936 4638 [al.,

2384 4651 2657 4722 epistolas]
2701 4654 2898 4708 versari
2925 4655 3076 4706 solita
3108 4653 3284 4718 fuerit,
3325 4654 3588 4723 paulisper
3631 4655 3939 4710 intimetur.

2453 4740 2536 4792 19..
2563 4740 2716 4794 Venit
2743 4744 2807 4793 ad
2829 4757 2950 4794 eum
2975 4743 3201 4809 quadam
3236 4744 3348 4795 vice
3379 4743 3593 4810 quidam
3644 4757 3710 4796 es
3761 4759 3943 4798 szecu—
4005 4769 4008 4771 λ

2383 4827 2476 4879 lari
2515 4829 2620 4880 vita
2667 4829 2960 4881 monachus
3013 4828 3206 4892 factus,
3259 4832 3538 4884 consilium
3590 4831 3656 4884 dc
3689 4832 3796 4885 vita
3829 4849 3941 4890 sua

2379 4918 2637 4986 ﬂagitans.
2672 4919 2765 4972 llic
2790 4935 2908 4971 eum
2940 4920 3072 4972 alias
3105 4917 3420 4976 familiarius
3445 4925 3492 4976 ci
3541 4925 3751 4978 locutus
3798 4923 3944 4982 fuis-

2379 5017 2477 5069 sct,
2511 5008 2646 5062 inter
2675 5006 3038 5074 prandendum
3093 5014 3484 5078 Oppor'tuuitate
3530 5014 3726 5080 politus
3768 5014 3937 5082 dixit,

2378 5087 2497 5161 quia
2529 5114 2646 5150 eum
2675 5114 2731 5150 se
2763 5097 2811 5149 in
2846 5097 3086 5151 sreculari
3122 5101 3222 5152 vita
3257 5110 3480 5166 teneret,
3520 5103 3777 5157 intellexit
3818 5121 3938 5165 non

2380 5199 2578 5240 rectum
2605 5187 2763 5241 fuisse
2783 5189 2884 5241 iter
2907 5203 3058 5240 suum
3081 5192 3327 5259 pergendi
3357 5192 3419 5245 ad
3441 5193 3621 5246 vitam.
3652 5215 3668 5243 ι
3693 5197 3934 5259 ριιεηιακ

2378 5276 2544 5336 brenr,
2581 5277 2768 5343 inquit,
2789 5277 2974 5330 relicto
2997 5280 3343 5341 s:eculo,vcni
3373 5281 3436 5332 ad
3463 5283 3701 5334 ordinem
3738 5297 3936 5340 mona-

2377 5362 2618 5421 chorum,
2650 5379 2869 5431 sperans
2893 5379 2974 5415 rue
3005 5366 3071 5417 ibi
3105 5381 3256 5432 posse
3282 5369 3777 5433 penitusiutcudcrc
3801 5373 3938 5431 vita

2378 5453 2591 5516 percurri
2619 5462 2671 5504 et
2719 5455 2842 5506 Deo.
2888 5454 3020 5508 Ecce
3066 5464 3237 5507 autem
3290 5473 3352 5510 ex
3409 5471 3667 5526 pt‘zccrplo
3714 5463 3934 5522 abbatis

2379 5546 2478 5595 mei
2509 5546 2845 5599 sxcularibus
2873 5549 3094 5615 negotiis
3126 5548 3364 5618 intendo,
3396 5560 3446 5605 ct
3477 5551 3598 5604 dum
3626 5566 3710 5604 res
3731 5548 3926 5608 [Scele-

4051 6085 4056 6088 _
4071 6075 4078 6082 δ

3987 6089 4002 6100 ο

4051 6075 4078 6088 ,.

3987 6089 4002 6100 ο

3772 6073 4110 6192 ᾧ.

3801 6151 3836 6160 _

3801 6151 3836 6160 ‘
