4174 6240
271 323 336 376 s3
1018 293 1024 298 ’
1229 318 1379 373 ἮΤᾹ
1426 318 1742 374 .ttzcran
1780 320 1852 372 es

1906 321 2116 376 |.llliRO.
2152 352 2217 363 --
2253 324 2375 382 ΜΒ.
2419 325 2476 380 ll.
3390 325 3456 382 86

275 432 364 482 iiztt
384 435 574 480 contra
617 428 896 482 sa‘culares
943 429 1222 484 deft-tidem
1269 432 1510 500 tuerique
1555 433 1819 492 desidero,
1854 449 1895 505 Α
1923 435 2169 499 querela',
2201 436 2409 500 placita,
2455 446 2594 492 tates.
2633 435 2902 489 Cttslo.liat
2937 449 3062 504 ergo
3097 437 3304 503 sapiens
3341 453 3455 490 mo-

277 521 489 588 placito,
521 519 693 597 litigo,
721 533 816 571 nec
847 520 971 572 mihi
1012 520 1190 572 forsan
1225 537 1427 590 magna:
1472 537 1614 574 curm
1663 530 1746 573 est
1775 523 1818 573 si

191 649 196 653 .
277 609 362 661 alii
392 612 843 677 pcrduntititneo
895 609 1062 661 lucro.
1115 609 1448 677 Quapropter
1503 610 1615 663 fere
1661 623 1820 677 cogor

276 697 582 765 desperare,
612 697 734 748 dum
761 711 822 750 ea
871 712 987 764 quze
1023 697 1208 765 reliqui
1239 715 1357 751 eum
1386 707 1460 752 tot
1484 697 1716 767 peccatis
1744 700 1820 749 vi-

277 786 400 838 deor
421 785 822 838 administrare.
851 803 867 834 t
901 785 975 836 Ad
1002 785 1400 840 lnecAuselmus
1422 787 1624 840 talisuh
1642 800 1821 839 exem-

276 872 360 941 plo
387 872 663 940 respondit
688 889 701 923 :
731 890 750 922 ι
773 871 900 926 Tota
924 873 1026 925 vita
1053 872 1318 927 hontiuum
1342 875 1633 944 comparari
1651 882 1823 943 potest

278 958 582 1011 nmlendino
606 972 764 1026 super
787 958 1107 1026 pl'tDCipileltl
1137 959 1351 1012 ﬂuvium
1402 962 1710 1016 consxituto.
1742 961 1822 1014 Sit

278 1049 434 1118 igitur
459 1048 513 1101 in
547 1049 647 1102 hoc
669 1049 969 1103 molendino
997 1049 1060 1101 ad
1093 1064 1306 1102 manum
1332 1051 1564 1106 hominis
1615 1052 1821 1107 malens

277 1136 432 1198 mola,
457 1148 567 1203 qua
597 1137 685 1204 qui
723 1135 923 1188 molunt
946 1136 1034 1189 alii
1057 1137 1135 1190 sic
1174 1151 1324 1189 suam
1378 1136 1605 1190 farinam
1656 1139 1822 1220 ncgli-
1858 1209 1860 1212 ν

276 1231 537 1288 gunt,'ut
591 1233 696 1276 tota
742 1226 794 1277 in
837 1223 1053 1276 ﬂuvium
1109 1223 1316 1278 labatur
1357 1238 1420 1280 ac
1459 1223 1673 1286 deﬂuat,
1731 1224 1819 1277 alii

277 1317 424 1375 parte
446 1316 660 1362 retenta
686 1321 890 1379 partem
919 1311 971 1364 in
1003 1297 1237 1380 princeps
1271 1311 1346 1365 ire
1383 1312 1586 1376 sinant,
1619 1312 1707 1364 alii
1743 1322 1822 1365 to-

278 1405 382 1450 tam
420 1398 678 1465 colligant
706 1399 938 1467 atquein
970 1415 1064 1454 sua
1087 1401 1322 1454 custodia
1341 1401 1588 1453 condant.
1627 1400 1821 1453 Ilorum

277 1486 485 1540 scilicet
505 1488 598 1554 qui
627 1488 756 1540 nihil
785 1488 884 1540 sibi
917 1489 982 1542 de
1003 1488 1175 1541 farina
1217 1489 1469 1553 servavit,
1499 1490 1625 1556 quid
1655 1488 1704 1541 in
1733 1503 1822 1541 ve-

278 1588 427 1641 spere
463 1575 712 1629 comedat
735 1590 839 1630 non
869 1572 1099 1630 habebit:
1128 1575 1226 1642 Qui
1253 1591 1438 1643 parum
1461 1577 1699 1637 retinuit,
1730 1592 1823 1644 pro

276 1663 524 1729 portione
550 1679 644 1717 sua
685 1680 872 1733 parum
913 1665 1162 1718 inveniet.
1203 1664 1316 1746 ,ριιί
1371 1674 1534 1718 totam
1569 1665 1779 1734 collegit
1805 1705 1818 1724 ,

278 1752 418 1820 large
441 1769 502 1807 se
531 1768 748 1821 pascere
782 1755 993 1821 poterit.

347 1843 429 1895 15.
497 1841 731 1909 «Ἰιτιιιυθ
776 1843 1072 1897 molendino
1101 1847 1441 1907 assimiletur,
1469 1853 1523 1897 nt
1551 1846 1679 1908 dixi,
1711 1845 1816 1896 vita

277 1930 583 1994 hominum;
618 1929 766 1982 molae
795 1941 944 1984 actus
970 1947 1172 1986 eorum.
1201 1933 1332 1986 Nam
1361 1933 1496 1986 sicut
1518 1933 1676 1996 mola,
1697 1933 1818 1984 duzn

277 2019 473 2086 aliquid
517 2017 684 2080 molit,
717 2019 768 2071 in
817 2019 1038 2075 circuitu
1082 2020 1316 2084 ducitur,
1357 2030 1415 2082 et,
1459 2020 1817 2088 circumducta

279 2107 434 2159 simili
467 2123 628 2161 cursu
675 2124 816 2177 saepe
858 2109 1158 2174 reducitur;
1206 2111 1281 2164 sic
1324 2119 1376 2164 et
1423 2118 1571 2162 actui
1603 2109 1817 2161 humani

277 2195 573 2262 quibusque
619 2195 941 2262 temporibus
1008 2195 1060 2248 in
1109 2211 1167 2249 se
1231 2185 1608 2248 revertuntut’.’
1664 2193 1818 2247 Yet-1i

279 2283 449 2348 gratia
489 2299 503 2334 :
535 2282 708 2335 Arant
733 2283 990 2345 homines,
1017 2284 1301 2348 seminam,
1339 2291 1564 2346 metunt,
1592 2282 1815 2342 molunt,

279 2371 588 2438 paniticant,
617 2371 919 2424 comedunt.
945 2370 1018 2423 En
1041 2371 1318 2424 circuitum
1345 2386 1496 2424 snnnt
1522 2371 1658 2424 mola
1699 2385 1816 2437 per-

277 2458 402 2525 egit.
475 2457 696 2512 Ultrane
774 2459 1040 2527 quiescit?
1109 2457 1472 2528 Nequaquam.
1543 2459 1818 2526 Repetitur

277 2549 414 2600 enim
440 2549 692 2617 idipsum.
728 2550 945 2612 Aratur,
975 2551 1286 2614 seminatur,
1314 2549 1546 2611 metitur,
1581 2550 1814 2614 ntulitur,

281 2637 336 2687 tit
366 2637 520 2702 panis
539 2646 593 2689 et
615 2637 924 2690 come-ditur.
948 2637 1066 2690 llaec
1095 2636 1224 2689 ﬂuat
1247 2638 1388 2690 omni
1413 2652 1574 2700 anno,
1594 2647 1648 2690 et
1673 2651 1819 2690 more

280 2726 430 2777 IllOiic
461 2734 743 2779 recurrunt
776 2726 829 2779 in
878 2724 1125 2793 idipsnm.
1166 2724 1358 2779 Videas
1385 2741 1513 2794 ergo
1551 2726 1818 2778 hominem

280 2822 468 2863 cuncta
491 2825 655 2878 opera
696 2826 791 2864 sua
841 2827 935 2880 pro
961 2821 1170 2865 terreno
1213 2815 1488 2867 commodo
1515 2812 1815 2878 facientem,

281 2899 408 2951 nihil
455 2901 509 2950 in
546 2899 627 2953 eis
666 2900 766 2953 nisi
817 2899 1181 2954 transitorium
1233 2901 1356 2969 quid
1405 2901 1814 2955 desiderantem.

237 3049 240 3051 Α
283 2984 672 3050 lte.siqnidem
716 2985 1010 3054 molitquta
1037 2996 1320 3054 operatur;
1366 2987 1458 3041 sed
1496 2997 1603 3040 tota
1648 2986 1815 3040 farina

281 3086 395 3132 sua,
429 3072 522 3138 qui
560 3071 763 3123 fructus
797 3080 880 3125 est
900 3065 1093 3139 Operis,
1122 3071 1297 3136 ﬂuvio,
1328 3075 1380 3126 id
1395 3083 1476 3127 est
1500 3090 1530 3128 a
1559 3074 1698 3127 ﬂuxu
1722 3090 1819 3127 sm-
1846 3045 1888 3101 C

281 3160 476 3213 cularis
509 3160 755 3214 desiderii
808 3162 1009 3230 rapitur
1041 3177 1104 3215 ac
1146 3161 1523 3231 praecipitatur.
1577 3161 1674 3216 llic
1701 3177 1821 3215 cum

282 3249 334 3300 in
378 3249 483 3300 line
513 3247 633 3300 vita:
674 3263 783 3302 sua:
822 3249 1191 3321 _molendinum
1236 3265 1501 3320 egressus,
1556 3259 1718 3318 atque
1767 3251 1820 3303 in

282 3338 495 3390 domum
517 3353 667 3390 suam
693 3352 1188 3406 reversus,operutn
1209 3355 1424 3392 suorum
1451 3339 1653 3392 fructus
1676 3355 1822 3391 man-

283 3427 478 3478 ducare
510 3425 762 3488 voluerit,
794 3426 924 3478 nihil
955 3426 1204 3488 inveniet,
1237 3429 1302 3480 eo
1332 3427 1470 3495 quod
1495 3423 1682 3479 ﬂuvius
1712 3434 1820 3479 tor-

283 3527 402 3565 reus
435 3521 604 3565 totmn
634 3514 928 3566 absorbuit.
961 3513 1228 3581 Jejunabit
1254 3529 1402 3582 ergo,
1433 3529 1511 3568 vae
1550 3515 1741 3568 misero
1771 3515 1823 3568 in

277 3604 674 3659 calet-num.’l§st
693 3604 826 3658 alius
849 3608 935 3673 qui
966 3620 1113 3658 suam
1135 3620 1236 3658 non
1259 3592 1579 3658 omnimodis
1602 3605 1823 3658 farinam

281 3696 475 3762 perdit,
500 3691 748 3759 quoniam
777 3707 914 3744 nunc
940 3691 1166 3759 aliquam
1190 3707 1286 3758 pro
1311 3693 1416 3746 Deo
1435 3692 1824 3762 eelemosynam

282 3779 424 3842 facit,
455 3793 598 3833 nunc
632 3777 696 3829 ad
724 3777 999 3831 ecclesiam
1029 3793 1125 3846 pro
1147 3777 1236 3831 Dei
1259 3779 1476 3833 servitio
1498 3781 1655 3847 vadit,
1687 3796 1827 3834 nunc

285 3868 549 3939 infirmum
578 3866 780 3932 visitet,
811 3880 950 3919 nunc
995 3876 1260 3920 mortuum
1307 3869 1514 3937 sepelit,
1545 3877 1598 3921 et
1625 3869 1742 3923 aliis
1772 3870 1826 3921 itt

245 3946 258 3950 “
283 3956 421 4010 hunc
451 3957 665 4011 modum
699 3959 849 4011 bouis
871 3955 1115 4010 intendit.
1147 3957 1339 4009 Verum
1367 3972 1485 4009 eum
1518 3957 1562 4009 is
1586 3957 1698 4023 ipse
1732 3973 1824 4008 vo-

285 4044 575 4112 luptatibus
589 4047 763 4098 carnis
781 4044 1022 4108 inservit,
1043 4060 1136 4112 pro
1158 4045 1299 4096 illata
1325 4045 1516 4112 injuria
1540 4059 1634 4110 per
1648 4045 1824 4096 odiuut

285 4134 452 4196 s:evit,
493 4135 741 4188 humanis
769 4136 1011 4189 laudibus
1038 4135 1297 4204 pascitur.
1323 4134 1538 4201 crapula
1567 4143 1619 4188 et
1654 4134 1829 4188 ebrie-

286 4228 392 4274 tate
412 4221 643 4288 sopitur,
667 4221 961 4290 hormnque
1003 4220 1263 4276 similibus
1291 4231 1594 4286 enervatur,
1642 4236 1709 4275 ne
1746 4221 1825 4272 fa-

288 4309 414 4363 rina:
441 4324 566 4378 pars
603 4311 828 4362 maxima
857 4320 1055 4378 pereat,
1099 4322 1434 4378 nequaquam
1468 4317 1658 4361 cautus
1697 4307 1825 4361 invi-
1863 4333 1905 4385 Β

287 4395 430 4464 gilat.
468 4395 607 4462 Quid
636 4395 700 4449 de
731 4397 834 4449 isto
859 4399 960 4449 erit
987 4397 1040 4450 in
1083 4396 1281 4461 futuro,
1334 4395 1431 4450 uisi
1461 4395 1582 4462 quia
1615 4395 1832 4462 recipiet

287 4494 442 4554 pruttt
467 4485 673 4554 gessit?

354 4573 442 4625 Ν.
477 4591 498 4622 ι
526 4571 643 4624 Jam
666 4573 875 4625 tertium
897 4589 1063 4641 genus
1083 4574 1133 4626 in
1156 4574 1339 4628 ordine
1354 4571 1736 4627 monachorum
1749 4577 1833 4622 at-

289 4663 460 4718 tende.
507 4661 604 4714 Est
634 4662 793 4728 igitur
822 4664 1094 4717 uouachus
1124 4665 1223 4716 sub
1260 4664 1467 4720 abbatis
1500 4665 1578 4716 sui
1610 4661 1834 4731 imperio

291 4750 511 4818 positus,
543 4749 899 4802 obedientiam
933 4752 981 4802 in
1012 4751 1258 4804 omnibus
1279 4767 1394 4817 quze.
1422 4752 1521 4804 sibi
1541 4750 1832 4804 secundum

289 4835 452 4889 Deum
471 4834 818 4904 iniunguntur
850 4837 1134 4904 professus,
1168 4854 1262 4890 sua
1300 4849 1556 4906 quantum
1586 4839 1637 4890 in
1661 4854 1718 4892 se
1753 4850 1834 4892 cst

290 4925 561 4979 voluntate
610 4940 876 4993 nunquam
929 4926 1156 4978 claustra
1189 4927 1491 4980 monasterii
1522 4941 1617 4994 pro
1645 4927 1834 4993 qumvis

289 5013 532 5067 saeculari
578 5014 791 5082 negotio
831 5015 1006 5082 egredi
1031 5014 1228 5067 volens.
1261 5015 1391 5066 llttie
1417 5015 1550 5066 forte
1593 5013 1834 5080 [η’ωείμί-

291 5110 377 5155 tur
403 5111 464 5154 ut
501 5109 655 5154 extra
698 5102 983 5154 claustrtun
1040 5109 1105 5153 ad
1156 5101 1553 5154 eustodicudan
1603 5100 1831 5165 aliquant

293 5189 546 5244 Ecclesia:
579 5177 752 5242 villam
777 5199 885 5242 eat.
917 5189 1142 5242 Excusat
1166 5205 1245 5252 se,
1276 5199 1326 5241 et
1354 5206 1419 5242 ne
1452 5191 1541 5239 liat
1565 5189 1830 5239 obsecrat.

289 5276 503 5334 Perstat
534 5279 697 5331 abbas
723 5279 772 5330 itt
821 5280 1083 5332 sententia
1121 5293 1237 5342 sua,
1268 5289 1320 5330 et
1343 5293 1434 5344 per
1474 5277 1832 5330 obedientiam

288 5364 435 5436 jubet
494 5367 674 5434 peragi
713 5367 988 5432 imperata.
1038 5368 1149 5420 Non
1202 5368 1399 5419 audens
1456 5367 1541 5418 ille
1590 5358 1836 5418 reetISare

293 5453 412 5526 μὴ,
439 5451 750 5522 excusare].
775 5469 944 5520 paret.
980 5457 1030 5507 lia
1051 5472 1110 5508 re
1142 5458 1280 5507 venit
1311 5457 1374 5506 ad
1405 5455 1617 5515 molam,
1655 5468 1834 5506 ncces-

291 5541 436 5604 uario
488 5539 635 5596 illum
697 5540 890 5594 molere
933 5553 1157 5607 oportet.
1201 5541 1477 5607 1ιμιινεμιιιῐ
1535 5541 1654 5594 hinc
1710 5540 1832 5602 inde

1920 523 2118 575 nathus
2148 523 2368 575 farinam
2397 541 2570 588 suam,
2602 542 2823 593 eamque
2853 527 2902 578 in
2930 541 3020 578 vas
3047 542 3197 578 suum
3231 525 3456 594 diligen-

1921 619 2000 662 ter
2050 611 2286 686 recipiat,
2334 625 2399 662 ne
2451 612 2502 662 in
2557 612 2770 666 ﬂuvium
2822 613 3036 666 deﬂuat.
3081 613 3216 678 Quo,
3265 613 3456 680 inquis,

1917 701 2109 766 paeto?
2132 699 2270 752 Nihil
2312 715 2408 768 per
2431 700 2638 754 inanem
2659 704 2964 769 iactantiam
2997 713 3135 770 agat,
3161 704 3290 755 nihil
3320 704 3457 768 quod

1921 785 2058 838 Deus
2086 787 2329 854 prohibet
2376 785 2658 852 cujuslibet
2710 786 2840 838 lucri
2897 791 3062 856 gratia
3096 790 3272 841 faciat.
3319 789 3460 842 Ohe.

1921 874 2129 926 dientize
2160 890 2276 942 qua:
2309 877 2410 929 sibi
2457 875 2692 942 injuneta
2725 884 2801 928 est
2845 876 2915 927 ita
2945 878 3171 946 studeat,
3207 887 3261 929 ut
3290 885 3343 929 et
3375 892 3458 930 res

1921 962 2168 1016 Ecclesiae
2194 973 2375 1017 contra
2407 980 2591 1018 ontnes
2637 964 2865 1017 viriliter
2883 962 3131 1032 justeque
3174 973 3376 1032 tueatur
3405 975 3458 1019 et

1920 1061 2181 1121 protegat,
2210 1062 2263 1104 et
2285 1053 2349 1105 de
2391 1053 2562 1105 alieno
2593 1069 2684 1121 per
2713 1054 3019 1122 iniustitiam
3049 1053 3148 1106 sub
3170 1053 3456 1105 dominium

1922 1140 2171 1195 Ecelesim
2215 1141 2342 1195 nihil
2398 1141 2633 1208 redigere
2680 1149 2896 1209 satagat.
2955 1139 3013 1194 Si
3061 1140 3112 1192 in
3159 1137 3458 1204 hujusutodi

1921 1237 2268 1282 conversatur
2303 1236 2356 1281 ct
2385 1228 2534 1290 vivit,
2560 1228 2801 1294 quamvis
2837 1228 3115 1296 aliquando
3143 1243 3237 1295 pro
3266 1227 3458 1280 talibus

1922 1317 2112 1370 missas
2157 1316 2361 1384 perdat,
2408 1315 3077 1382 nonnunquamloquatur,
3116 1331 3235 1368 cum
3264 1314 3457 1367 fratres

1921 1407 1973 1458 in
2012 1405 2244 1458 claustro
2285 1412 2478 1468 tacent,
2515 1411 2566 1457 et
2596 1402 2838 1470 quredam
2867 1401 3057 1454 similia
3074 1401 3266 1454 horum
3297 1402 3456 1456 faciat

1921 1490 2000 1542 vel
2039 1490 2292 1551 dimittat,
2341 1503 2460 1556 qua:
2504 1488 2599 1556 ipsi
2646 1502 2743 1542 nec
2791 1486 3112 1539 faciuntnec
3158 1485 3455 1547 dimittunt;

1921 1579 2234 1632 obedientia:
2249 1579 2443 1640 virtus,
2467 1592 2626 1646 quam
2654 1585 2888 1639 exercet,
2924 1576 3034 1628 haec
3059 1583 3249 1628 cuncta
3275 1589 3456 1627 consu-

1923 1669 2046 1732 mit;
2103 1677 2155 1721 et
2198 1683 2291 1721 vas
2331 1682 2482 1720 suum
2529 1667 2789 1734 integrum
2837 1679 3072 1726 servans,
3122 1663 3346 1735 farinam
3397 1665 3460 1716 de

1857 1755 2012 1808 llsna
2045 1755 2179 1808 ntola
2220 1755 2491 1816 ﬂuentem,
2521 1767 2637 1820 qum
2682 1753 2825 1806 illum
2876 1752 3198 1805 {eternaliter
3253 1761 3457 1820 pascat,

1918 1851 2089 1894 totam.
2117 1855 2179 1894 ac
2209 1856 2393 1910 puram
2424 1840 2622 1908 colligit
2663 1845 2820 1907 autne
2859 1839 3116 1891 recondit.
3151 1838 3264 1892 Non
3311 1838 3451 1892 enim

1918 1929 2206 1982 secundum
2260 1942 2473 1980 carnem
2526 1926 2617 1980 sed
2661 1925 2946 1978 secundum
2989 1923 3340 1978 obedientiam
3381 1927 3459 1988 in-
3520 1975 3526 1984 ,

1915 2016 2086 2075 cedit;
2113 2030 2174 2070 ac
2199 2029 2291 2082 per
2313 2016 2428 2079 hoc,
2455 2024 2506 2067 ut
2530 2013 2808 2080 Apostolus
2832 2013 2924 2076 ait,
2958 2011 3083 2064 nihil
3107 2011 3458 2064 damnationis

1918 2103 1991 2154 illi
2021 2103 2121 2155 erit
2143 2103 2309 2170 (Rom.
2335 2117 2449 2161 vnt,
2487 2103 2559 2170 l).
2599 2120 2618 2152 ι
2785 2090 2787 2092 ’
2973 2100 2976 2101 ⁷

1989 2188 2085 2245 15..
2107 2207 2124 2237 ι
2154 2189 2215 2240 Et
2241 2190 2364 2256 quid
2389 2190 2452 2242 de
2476 2189 2563 2240 illo
2587 2187 2919 2242 sentiendum
2949 2195 3049 2250 est,
3075 2187 3266 2255 inquit,
3292 2188 3379 2255 qui
3403 2203 3469 2256 se

1917 2265 2058 2327 ultro
2087 2274 2152 2327 ad
2184 2275 2578 2343 dispositionem
2630 2275 2871 2326 villartnu
2911 2273 3063 2328 offert
3093 2292 3106 2326 :
3138 2285 3294 2342 atque
3323 2284 3379 2327 ut
3407 2275 3460 2328 id

1915 2362 2056 2428 quod
2075 2361 2220 2428 cupit
2240 2362 2303 2412 ad
2323 2359 2567 2413 effectum
2591 2360 2886 2428 perveniat,
2912 2360 3045 2413 clam
3066 2361 3164 2413 sibi
3191 2360 3461 2427 adjutores

1917 2449 2038 2519 [ul.,
2071 2448 2361 2518 auditores}
2396 2449 2639 2509 advocat,
2666 2455 2882 2500 munera
2918 2447 3215 2515 pollicetur,
3241 2450 3461 2521 gratiam

1915 2537 2169 2604 spondet?
2187 2555 2206 2586 ι
2231 2533 2437 2588 Refert:
2457 2554 2475 2586 ι
2500 2535 2636 2588 Nihil
2666 2536 2762 2589 hoc
2783 2537 2847 2588 ad
2875 2536 3200 2602 propositum
3217 2539 3459 2591 monachi

1915 2625 2162 2691 pertinet.
2185 2643 2203 2674 ι
2227 2623 2315 2676 Ait
2340 2641 2352 2676 :
2383 2642 2402 2675 ι
2419 2623 2918 2689 Quare?Nonnehic
2941 2623 3300 2679 talislicethoc
3322 2627 3460 2693 quod

1919 2713 2028 2766 dixi
2052 2713 2248 2781 cupiat,
2275 2722 2449 2766 tamen
2508 2712 2624 2766 sine
2651 2710 2862 2765 licentia
2915 2712 2997 2765 sui
3053 2713 3252 2780 praelati
3284 2715 3355 2765 nil
3385 2713 3464 2765 fa-

1917 2816 2039 2855 cere
2067 2801 2264 2854 tentat?
2302 2819 2319 2850 ο
2352 2799 2643 2869 Respondit
2673 2813 2686 2850 :
2730 2816 2748 2848 ι
2773 2797 3007 2851 Licentia
3033 2799 3224 2852 multos
3249 2800 3460 2866 decipit.
3497 2824 3502 2827 -

1919 2886 2233 2940 Oberlicntia
2287 2887 2427 2939 enim
2477 2895 2531 2938 et
2576 2884 2932 2938 inobedientia
2982 2886 3250 2961 contraria
3320 2896 3464 2940 stmt.

1918 2973 2114 3026 llarnm
2148 2976 2319 3028 media
2353 2975 2566 3028 licentia
2595 2982 2694 3027 est.
2728 2975 2777 3026 Is
2803 2975 2961 3042 igitur
2980 2989 3138 3041 quem
3161 2976 3462 3028 obedientia

1922 3077 2024 3115 non
2071 3061 2391 3128 constringit
2437 3062 2669 3114 claustra
2729 3063 3035 3115 monasterii
3087 3063 3286 3129 egredi.
3352 3063 3462 3114 vult

1924 3157 2100 3201 tamen
2131 3151 2299 3213 exire,
2322 3151 2642 3217 ~regulzeque
2690 3151 3076 3203 districtionont
3117 3151 3338 3204 licenter
3367 3151 3462 3201 dc-

1922 3235 2140 3298 clinare,
2168 3236 2414 3303 quamvis
2457 3235 2589 3300 polit
2627 3235 2741 3287 sine
2777 3235 2990 3287 licentia
3041 3236 3092 3288 id
3128 3251 3464 3302 praesumere,

1921 3332 1972 3376 et
2002 3324 2408 3376 ideirco'actunt
2452 3339 2606 3377 suum
2665 3324 2875 3376 licentia
2919 3340 3020 3392 qua
3073 3324 3257 3376 nititur
3303 3327 3470 3390 possit

1922 3411 2232 3472 defendere,
2266 3419 2541 3478 peccatum
2575 3420 2748 3464 tamen
2796 3413 2953 3464 halet
2979 3426 3042 3464 ex
3080 3411 3258 3463 illicita
3287 3411 3469 3463 volun-

1924 3507 2052 3553 tate.
2080 3500 2188 3552 Nec
2214 3499 2356 3552 enim
2384 3508 2663 3567 postquam
2689 3508 2930 3551 mortuus
2954 3498 3147 3551 muudo
3178 3499 3465 3550 claustrum

1922 3589 2108 3650 subiit,
2139 3577 2218 3640 ad'
2238 3587 2418 3639 mundi
2450 3587 2657 3655 negotia
2686 3585 2773 3639 vel
2804 3586 3072 3639 voluntate
3095 3585 3359 3656 ullatenus
3385 3602 3466 3640 tic-

1926 3676 2038 3729 dire
2058 3659 2428 3739 debuit.-Quia
2470 3683 2645 3725 tamen
2680 3673 2850 3741 ipsunt
2891 3673 3026 3725 velle
3071 3659 3223 3726 situm
3256 3674 3466 3728 nonnisi

1927 3762 2218 3831 permissus
2251 3761 2389 3814 facto
2423 3760 2643 3829 implere
2686 3760 2873 3824 voluit,
2895 3760 3192 3813 obedientia
3218 3774 3374 3826 quam
3413 3760 3465 3810 in

1929 3851 2029 3904 hoe
2065 3849 2393 3917 amplexatus
2421 3837 2524 3910 est,
2575 3848 2747 3915 ipsum
2796 3848 2991 3899 factum
3041 3846 3346 3903 excusabit;
3378 3847 3469 3897 sed

1927 3939 2060 3992 velle
2085 3938 2227 4006 quod
2255 3919 2440 3990 contra
2469 3934 2827 3988 obedientiam
2853 3933 3055 3994 habuit,
3083 3932 3466 4002 periculosum,

1928 4027 2026 4079 nisi
2052 4026 2376 4094 pmnituerit,
2413 4023 2483 4076 illi
2509 4024 2633 4077 crit.
2659 4021 2807 4086 Quod
2839 4021 3072 4074 nonnulli
3100 4022 3273 4073 minus
3300 4030 3474 4074 atten-

1929 4117 2135 4176 dentes,
2166 4114 2403 4176 licentia,
2444 4127 2604 4180 quam
2646 4125 2741 4178 pro
2775 4109 3036 4178 implenda
3083 4109 3348 4163 voluntate
3373 4124 3470 4166 sua

1927 4214 2201 4276 expetunt,
2229 4218 2365 4270 saepe
2387 4202 2666 4254 falluntur.
2691 4218 2710 4251 ι
2790 4266 2793 4270 _

2002 4296 2084 4347 16.
2132 4294 2361 4357 ll:ec,.ut
2405 4291 2536 4355 dixi,
2582 4304 2688 4343 non
2729 4302 2824 4357 pro
2853 4286 3180 4342 ostendenda
3219 4284 3474 4338 doctrina:
3527 4300 3547 4322 '-

1934 4400 2044 4436 sua:
2089 4383 2346 4450 qualitate
2390 4379 2662 4449 proposui,
2715 4377 2808 4434 sed
2851 4376 3042 4443 quibus
3104 4368 3241 4425 inter
3291 4371 3474 4438 epulas

1932 4469 2180 4537 occupari
2209 4469 2395 4521 solitus
2419 4475 2559 4528 erat,
2589 4465 2687 4517 levi
2733 4462 2978 4530 exemplo
3002 4459 3313 4514 monstravi.
3343 4458 3475 4510 Nam
3518 4490 3529 4498 -

1932 4561 1981 4612 si
2009 4561 2076 4613 de
2102 4557 2423 4617 humilitate,
2457 4555 2521 4607 de
2563 4553 2835 4621 patientia,
2877 4552 2943 4604 de
2972 4548 3394 4612 mansuetudine,
3425 4558 3479 4600 et

1935 4651 2001 4703 de
2027 4650 2127 4701 hac
2149 4661 2306 4714 quam
2338 4659 2477 4697 nunc
2525 4642 2794 4710 paululum
2839 4641 2984 4707 tetigi
3012 4638 3328 4700 obcdieutia,
3380 4651 3479 4688 nec

1937 4754 2041 4790 non
2069 4737 2134 4789 de
2163 4735 2283 4788 aliis
2309 4731 2603 4785 innumeris
2623 4744 2685 4782 ac
2710 4728 2985 4796 profundis
3006 4725 3302 4786 sententiis,
3334 4737 3478 4786 emn,

1936 4835 1992 4876 nt
2019 4823 2239 4892 singulis
2275 4821 2383 4874 fere
2413 4820 2597 4872 diebus
2625 4817 2987 4878 audiebamus,
3016 4816 3363 4869 disserentem
3403 4813 3482 4882 in;

1936 4915 2360 4973 mli-educerent,
2399 4907 2537 4960 aliud
2565 4922 2696 4973 opus
2722 4906 3042 4969 audendum,
3073 4916 3125 4958 ct
3149 4902 3286 4970 quod
3319 4915 3474 4953 manu

1925 5004 2194 5056 ‘hallcmus
2231 5005 2372 5050 esset
2420 4995 2897 5047 intermittendum.
2945 4989 3163 5056 Quando
3205 5001 3352 5053 ergo,
3404 4986 3480 5040 ait

1936 5093 2152 5160 aliquis,
2204 5085 2592 5138 tnanducab'at?
2626 5079 2972 5133 Illanducabat
3017 5078 3170 5144 plane
3221 5076 3359 5133 inter
3404 5074 3481 5128 lo-

1935 5180 2225 5250 quendum,
2278 5186 2435 5239 parce
2483 5169 2718 5236 quidem,
2749 5175 2802 5217 et
2837 5173 2895 5219 ut
2931 5165 3204 5218 mirareris
3240 5164 3376 5217 unde
3405 5164 3480 5214 vi-

1936 5279 2105 5323 veret.
2133 5268 2511 5319 Verumtamen
2537 5255 2820 5322 fatebatur,
2847 5263 2904 5309 ct
2929 5269 3114 5316 verum
3145 5269 3261 5307 esse
3289 5267 3482 5319 cogno-

1937 5361 2128 5417 vimus,
2153 5355 2273 5421 quia
2301 5353 2424 5403 tillill
2451 5346 2608 5397 alicui
2637 5342 2806 5412 longae
2822 5344 3162 5414 disputationi
3190 5345 3480 5408 occupatus

1934 5457 2082 5506 erat,
2163 5441 2329 5508 magis
2412 5434 2571 5505 Solito
2661 5433 2956 5488 nescientcr
3030 5431 3247 5490 edebat,
3329 5429 3483 5480 nobis

1938 5537 2024 5605 qui
2079 5530 2479 5604 pt'opinqttiorcs
2531 5520 2868 5588 SCtiCbiltttus,
2933 5521 3171 5578 clanculo
3217 5515 3484 5587 panetttci
