4174 6224
324 262 398 315 89

1319 250 1476 305 VITA
1514 245 1837 304 AUCTOer
1876 243 2220 299 EADMERO.
2252 271 2321 282 εσ-
2347 241 2468 293 LIB.
2507 238 2571 292 Π.

3493 210 3561 290 eo

329 377 557 429 mentiti
600 383 725 429 sunt
751 373 823 433 ei,
854 352 1172 439 et._iu.'ldelcs
1215 366 1363 419 facti.
1408 338 1904 419 Animznlvertentes
1936 361 1975 415 Α
2004 346 2279 426 peccatum
2308 360 2599 422 appeteret.
2622 348 2776 404 Aliud
2805 364 3017 420 quoque
3044 364 3146 407 non
3174 349 3350 404 minus
3374 349 3555 439 forsan

328 466 546 531 quippe
600 473 959 523 mansuetum,
1005 459 1143 521 leue,
1174 456 1503 531 simplexque
1556 467 1651 506 cor
1688 452 1823 519 ejus,
1857 450 1906 503 in

326 555 590 622 pluribus
607 552 783 606 causis
805 548 1137 603 fraudulenta
1163 532 1471 608 calliditate,
1496 544 1908 612 compositisque

329 642 691 694 sermonibus
730 654 851 697 eum
903 636 1175 689 multoties
1217 636 1643 694 circumvenere,
1695 642 1749 683 et
1788 645 1907 699 qure

330 730 489 782 illius
536 729 680 795 juris
718 740 840 779 esse
867 724 1133 778 debebant
1184 723 1565 781 diminucntes.
1598 735 1660 773 ac
1712 720 1907 772 exinde

329 835 437 873 sua
507 834 615 872 non
661 817 787 884 jure
834 824 1108 893 augentes,
1178 829 1280 882 qua
1310 812 1357 865 ci
1417 810 1627 864 fuerant
1683 810 1901 879 alligati,

330 908 507 961 ﬁdem
537 907 838 976 perdidere.
864 905 977 971 Qua
1008 905 1073 958 de
1096 920 1151 967 re
1183 919 1301 957 cum
1326 919 1354 956 a
1378 902 1649 964 Balduiuo,
1682 899 1904 969 aliisque

332 997 598 1051 fidelibus
643 997 754 1049 suis
781 996 959 1048 nimia:
987 994 1348 1062 simplicitatis
1395 990 1720 1059 minorisque
1771 1006 1901 1061 pru-

332 1086 546 1141 dentia:
576 1084 913 1139 familiariter
944 1086 1443 1152 reprehenderetur,
1472 1082 1698 1151 simplici
1729 1081 1899 1135 admi-

332 1175 560 1229 rationc
581 1171 960 1242 respondebat,
985 1173 1167 1225 dicens
1194 1190 1206 1223 :
1241 1191 1258 1221 ι
1288 1172 1423 1237 Quid
1450 1180 1532 1224 est
1553 1171 1689 1225 hoc?
1717 1170 1899 1222 Nonne

332 1262 641 1318 Christiani
666 1264 828 1317 sunt?
848 1263 913 1317 Et
936 1262 1307 1324 siCbristiani,
1331 1278 1453 1315 num
1477 1261 1595 1333 [al.,
1626 1276 1727 1315 non
1753 1275 1899 1315 men.

334 1351 458 1422 tiri]
494 1352 726 1419 alicujus
768 1352 1034 1407 commodi
1088 1366 1248 1405 causa
1297 1351 1492 1405 vellent
1518 1360 1703 1405 contra
1743 1351 1897 1406 ﬁdem

333 1457 497 1495 suam
556 1443 792 1497 scienter
847 1442 1097 1495 mentiri?
1134 1441 1273 1494 Nihil
1330 1450 1430 1495 est.
1488 1440 1661 1495 Tanto
1712 1457 1899 1511 nempe

332 1533 526 1587 studio
557 1532 687 1586 mibi
724 1531 1002 1601 loquentes
1052 1546 1146 1584 sua
1189 1532 1347 1586 verba
1379 1541 1724 1600 componunt,
1759 1540 1810 1586 et
1836 1547 1898 1586 ea

334 1620 445 1672 fide
471 1637 570 1674 sua
621 1621 931 1688 interposita
980 1636 1102 1675 vera
1132 1635 1251 1674 esse
1277 1610 1481 1688 jurant,
1519 1629 1575 1672 ut
1615 1621 1898 1675 increduli-

335 1708 435 1760 tati
470 1717 691 1776 putetur
713 1723 868 1777 posse
903 1708 1097 1761 ascribi
1141 1708 1278 1761 nolle
1304 1708 1524 1762 credere
1545 1724 1638 1762 eos
1669 1710 1778 1777 ipsa
1809 1725 1898 1761 vc-

336 1797 525 1850 ritatis
545 1796 867 1850 firmitudine
897 1797 1010 1849 niti.
1041 1816 1059 1848 ι
1097 1792 1319 1850 Dicebat
1344 1797 1458 1850 hzec
1486 1796 1593 1860 ille,
1626 1797 1899 1850 aestimans

339 1883 494 1950 ipsos
526 1884 630 1936 sibi
668 1865 808 1937 nolle
834 1885 973 1952 Quod
995 1884 1195 1939 sciebat
1223 1900 1281 1939 se
1302 1885 1501 1939 nemini
1533 1886 1709 1941 facere
1740 1886 1895 1939 velle.

336 1973 589 2041 Cumque
616 1975 1037 2043 responderetur
1081 1976 1163 2029 sui
1217 1976 1381 2029 moris
1434 1976 1551 2031 illos
1597 1992 1703 2030 non
1761 1992 1896 2042 esse,

337 2064 531 2117 aiebat
560 2083 575 2116 :
608 2084 627 2115 σ
650 2067 865 2130 Fateor,
885 2066 1024 2119 malo
1041 2067 1209 2133 decipi
1237 2068 1371 2120 bona
1398 2067 1464 2120 de
1486 2067 1588 2121 illis
1612 2068 1897 2130 credendo,

340 2154 565 2209 etiamsi
602 2169 701 2228 me
745 2156 1017 2231 nesciente
1071 2155 1380 2231 malisunt,
1438 2170 1596 2224 quam
1654 2157 1898 2224 decipere

339 2226 633 2313 meipsum,
662 2226 927 2298 credendo
954 2244 1090 2297 mala
1117 2244 1180 2296 de
1203 2226 1328 2313 ipsis
1349 2258 1482 2312 quos
1510 2246 1742 2298 nondum
1774 2261 1897 2300 vere

336 2335 565 2404 probavi
603 2335 745 2403 quod
776 2335 897 2388 boni
929 2349 1032 2388 non
1064 2335 1190 2387 sint.
1226 2352 1244 2384 ι

389 2424 454 2476 2t
469 2462 484 2473 .
505 2423 627 2477 llmc
643 2434 816 2476 tamen
833 2423 883 2475 in
899 2422 1161 2495 principio
1178 2422 1517 2490 pontiﬁcatus
1531 2424 1608 2478 sui
1628 2423 1771 2478 dicta
1794 2437 1897 2477 me-

341 2513 623 2566 minerim.
651 2512 989 2566 Pustmodnm
1016 2513 1157 2564 enim
1175 2512 1253 2565 rei
1276 2514 1473 2567 veritas
1500 2514 1615 2567 viro
1642 2514 1893 2577 innotuit,

339 2610 397 2655 et
426 2615 551 2669 qua:
578 2602 677 2655 sibi
706 2617 733 2654 a
764 2603 874 2655 suis
912 2615 1039 2655 vere
1081 2601 1223 2654 dicta
1273 2600 1506 2666 fuerant,
1563 2602 1725 2654 nimis
1772 2616 1896 2655 vera

339 2689 516 2748 fuisse
564 2691 834 2760 cognovit.
875 2690 1129 2755 Quamvis
1159 2691 1319 2761 igitur
1365 2692 1572 2745 solitam
1603 2692 1759 2745 {idem
1792 2708 1894 2745 non

339 2796 407 2835 ex
440 2792 554 2835 toto
603 2783 780 2835 verbis
838 2796 1025 2835 eorum
1072 2782 1323 2850 deinceps
1357 2783 1663 2849 przebucrit,
1712 2792 1894 2836 tamen

340 2873 454 2927 suis
477 2873 638 2928 rebus
666 2874 721 2926 in
753 2881 1018 2941 posterum
1043 2887 1145 2925 non
1168 2887 1355 2941 parum
1378 2872 1567 2951 obfuit,
1596 2875 1733 2941 quod
1767 2874 1895 2942 ipsis

2008 444 2282 512 aliquibus
2312 441 2505 493 mirum
2543 439 2718 493 dicere
2771 439 2999 502 solebat,
3032 439 3275 493 videlicet
3325 435 3477 493 malle
3502 452 3561 491 se

2013 545 2207 599 purum
2233 546 2260 583 a
2303 537 2540 597 peccato,
2572 536 2627 579 et
2655 528 2985 581 innocentem
3012 528 3309 594 gehennam
3339 528 3558 590 habere,

2010 636 2168 689 quam
2199 619 2402 688 peccati
2457 617 2615 670 sorde
2658 618 2913 685 pollutum
2962 618 3221 672 cmlorum
3263 633 3425 686 regna
3484 628 3558 671 te-

2006 722 2149 761 nere.
2178 708 2324 772 Quod
2350 706 2549 759 dictum
2575 720 2695 758 eum
2721 705 2985 773 aliquibus
3014 715 3161 761 extra
3195 720 3318 759 eum
3349 708 3557 761 videre-

2009 810 2134 860 tur,
2194 798 2393 851 reddita
2446 797 2655 850 ratione
2712 796 3074 865 temperabat,
3151 798 3335 851 dicens
3372 814 3386 849 :
3425 798 3557 851 Cum

2004 896 2212 942 constet
2250 889 2391 940 solos
2421 888 2588 941 malos
2618 888 2669 939 in
2704 886 2914 940 inferno
2946 889 3177 956 torqueri
3209 898 3263 941 et
3285 887 3428 941 solos
3464 887 3585 961 bo-\

2003 991 2101 1030 nos
2131 976 2181 1028 iu
2212 975 2412 1029 cmlesti
2446 991 2606 1043 regno
2641 976 2824 1038 foveri,
2876 984 3022 1043 patet
3062 992 3159 1029 nec
3194 977 3363 1032 bonos
3394 978 3445 1030 in
3479 978 3554 1031 in-

2002 1065 2175 1128 ferno,
2202 1064 2245 1116 si
2281 1062 2405 1117 illuc
2459 1065 2740 1127 intrarent,
2767 1080 2920 1132 posse
2949 1065 3115 1118 teneri
3167 1066 3342 1120 debita
3398 1082 3550 1136 pmua

2004 1157 2298 1219 malorum;
2335 1170 2432 1207 nec
2468 1154 2641 1208 malos‘
2686 1155 2737 1207 in
2787 1156 2923 1208 ccelo
2947 1157 2989 1210 si
3042 1158 3179 1212 forte
3203 1160 3554 1214 ascenderem

2002 1244 2118 1316 [al.,
2170 1243 2478 1314 accedent],
2532 1245 2636 1298 frui
2695 1244 2877 1297 valere‘
2946 1245 3195 1301 felicitate
3266 1252 3547 1304 bonorum.

2000 1334 2147 1390 l‘lmc.
2196 1342 2414 1404 propter
2488 1340 2680 1401 magno
2750 1333 2928 1387 studio
2995 1349 3204 1402 semper
3284 1339 3553 1392 nitebatur

1998 1434 2335 1494 peccatorum
2406 1425 2654 1493 contagia
2716 1424 2993 1489 devitarc;
3046 1434 3101 1478 et
3149 1426 3402 1495 quidquid
3475 1432 3552 1483 eis

1998 1512 2228 1582 aliquant
2272 1513 2527 1569 nascendi
2579 1513 2925 1567 occasionem
2966 1522 3177 1582 poterat
3225 1516 3552 1579 ministrare,

1998 1604 2064 1655 ab
2118 1602 2410 1655 intentione
2461 1617 2555 1655 sua
2596 1602 2781 1679 ‘omni‘
2813 1602 3174 1659 sollicitudine
3218 1606 3549 1672 propulsare.

1998 1691 2104 1745 Nec
2133 1692 2183 1744 in
2215 1692 2298 1744 his
2330 1699 2736 1745 momentanens
2761 1700 2898 1745 erat.
2923 1692 2978 1745 In
3008 1693 3090 1745 his
3123 1695 3350 1762 denique
3372 1706 3554 1748 versa-

1998 1780 2160 1832 batur
2209 1778 2524 1844 quotidiana
2587 1778 2854 1831 institutio
2909 1793 3116 1832 morum
3164 1780 3299 1848 ejus,
3352 1782 3404 1835 in
3470 1784 3552 1837 his

1999 1869 2175 1921 stabat
2198 1867 2409 1919 asSidua
2433 1866 2772 1920 conversatio
2807 1866 2929 1920 vita:
2958 1865 3095 1933 ejus,
3123 1866 3173 1920 in
3210 1868 3294 1921 his
3338 1869 3552 1937 vigebat

2000 1955 2311 2009 indelicieus
2336 1955 2613 2008 exsecutio
2655 1955 2910 2023 propositi
2969 1956 3104 2022 ejus,
3164 1957 3213 2009 in
3277 1958 3394 2011 istis
3442 1960 3548 2014 Deo

1998 2044 2278 2104 serviebat,
2306 2057 2401 2109 pro
2447 2043 2530 2095 bis
2583 2043 2881 2111 quibusque
2930 2043 3088 2097 bouis
3127 2056 3378 2115 acceptus
3409 2057 3546 2111 erat,

1995 2145 2089 2197 per
2116 2131 2226 2184 lucc
2249 2130 2408 2182 vitam
2434 2140 2687 2185 retentam
2725 2132 2940 2198 adipisci
2965 2134 3261 2201 satagebat.
3302 2165 3309 2174 ε

2548 2226 2923 2294 lCAPUTlH.

1994 2355 2157 2423 [Egre
2183 2358 2387 2410 tandem
2415 2358 2687 2420 impetrata
2710 2356 2772 2409 ab
2796 2359 2930 2408 irato
2958 2374 3069 2423 rcqc
3090 2358 3317 2423 adeundi
3334 2358 3549 2413 ﬂantum

2423 2427 2689 2492 facilitate,
2724 2427 2955 2478 raletllcit
2979 2428 3105 2477 suis.

2063 2510 2153 2564 23.
2190 2511 2386 2580 Regem
2415 2522 2590 2565 autem
2623 2515 2685 2567 de
2724 2522 2872 2567 trans
2911 2529 3056 2567 mare
3107 2530 3407 2582 regressum
3446 2517 3581 2569 An-~

1999 2598 2198 2652 selmus
2227 2600 2376 2660 adiit,
2408 2614 2462 2652 et
2499 2611 2558 2652 ut
2580 2600 2689 2652 sibi
2712 2600 2931 2653 Bonnam
2963 2604 3028 2653 ad
3059 2616 3246 2669 papam
3272 2603 3544 2657 Urbanum

1997 2677 2093 2756 pro
2114 2688 2248 2744 stola
2279 2682 2357 2745 sui
2386 2694 2881 2760 archiepiscopatus
2900 2694 3057 2746 eundi
3083 2694 3344 2747 licentiam
3375 2697 3545 2757 daret,

1996 2780 2268 2835 humiliter
2296 2783 2468 2851 petiit.
2497 2782 2568 2836 At
2608 2783 2695 2835 ille
2724 2781 2787 2835 ad
2818 2798 3006 2835 nomen
3062 2782 3259 2836 Urbani
3305 2784 3550 2837 turbatus

1995 2871 2126 2923 dixit
2151 2887 2206 2923 se
2233 2871 2375 2924 illum
2404 2887 2498 2938 pro
2535 2886 2665 2938 papa
2697 2886 2799 2924 non
2828 2880 3031 2935 tenere,
3062 2885 3158 2924 nec
3190 2886 3297 2922 suae
3324 2864 3550 2923 consue-
3602 2868 3607 2877 “

340 2962 395 3016 in
440 2962 706 3030 principio
738 2970 841 3012 tam
876 2960 1122 3014 credulus
1171 2960 1287 3013 fuit.
1322 2954 1597 3028 Siquidem
1632 2960 1702 3013 illi
1748 2972 1894 3015 certo
1924 2980 1969 3038 ρ
2000 2959 2195 3012 tudinis
2222 2974 2360 3021 esse,
2389 2970 2446 3010 ut
2476 2959 2677 3025 absque
2709 2974 2801 3011 sua
2832 2959 3095 3012 electione
3151 2959 3309 3011 alicui
3367 2959 3549 3011 liceret

339 3051 578 3104 scientes
601 3064 721 3102 eum
747 3064 842 3115 pro
866 3049 1020 3101 malis
1048 3050 1146 3102 sibi
1174 3049 1333 3102 illatis
1360 3048 1425 3100 ad
1456 3050 1591 3101 mala
1625 3052 1891 3105 reddenda

341 3155 439 3195 eor
468 3155 574 3192 non
628 3140 842 3203 habere,
871 3154 901 3193 a
937 3139 1124 3192 timore
1172 3141 1411 3208 suspensi
1445 3140 1563 3211 [al.,
1591 3141 1892 3211 'snspendi]

340 3229 555 3295 sibique
586 3229 715 3296 ipsis
760 3226 1052 3281 deteriores
1077 3227 1275 3291 elfecti,
1312 3230 1361 3280 in
1393 3230 1541 3296 pejus
1592 3231 1890 3296 profecere.

324 3316 498 3383 Quod
526 3317 686 3370 Pater
733 3324 970 3369 tractans
999 3318 1136 3384 apud
1165 3331 1244 3379 se,
1274 3317 1441 3385 magis
1480 3318 1685 3369 illorum
1730 3333 1891 3385 quam

342 3406 599 3475 subsequi
635 3404 978 3472 przevidebat,
1010 3404 1315 3472 perditioni,
1344 3420 1505 3474 quam
1532 3421 1638 3459 suae
1664 3407 1892 3460 indoluit

343 3493 672 3546 transitoria:
706 3493 1022 3560 deccptioni.
1057 3494 1156 3545 Pro
1206 3506 1308 3561 qna
1340 3503 1515 3549 tamen
1558 3496 1889 3564 deceptione.

343 3592 401 3637 et
450 3582 575 3636 ﬁdei
632 3597 735 3635 non
768 3590 995 3635 servatae
1022 3585 1392 3650 corruptione,
1443 3598 1581 3653 smpe
1612 3585 1893 3639 Anselmus

345 3672 529 3725 dicere
550 3671 737 3724 solitus
766 3680 880 3724 erat
917 3686 1008 3725 eos
1037 3673 1357 3740 quandoque
1404 3682 1495 3725 aut
1542 3675 1593 3726 in
1633 3689 1690 3728 se
1726 3684 1817 3726 aut
1840 3677 1891 3728 in

345 3760 534 3815 liberis
557 3760 667 3814 suis
717 3762 779 3815 de
809 3762 965 3815 rebus
1007 3761 1277 3824 Ecclesiae,
1308 3763 1501 3831 quibus
1541 3750 1665 3817 tunc
1706 3765 1755 3816 in
1805 3780 1891 3817 su-

345 3843 514 3905 blime
538 3842 884 3919 raptabantur
912 3852 1356 3917 exhaercdandos;
1400 3862 1454 3907 et
1480 3854 1712 3922 antiqua:
1762 3870 1890 3921 pau-

346 3939 549 4005 pertati
583 3939 634 3992 in
660 3955 762 4008 qua
792 3942 900 3993 nati
929 3943 1138 3996 fuerant
1163 3952 1215 3995 et
1254 3944 1442 3997 nutriti
1493 3943 1885 4012 subjugandos;

346 4036 438 4080 aut
456 4038 609 4082 certe
632 4029 805 4096 aliqua
831 4031 977 4098 gravi
1002 4041 1055 4083 et
1082 4030 1463 4087 contumeliosa
1488 4032 1739 4097 vindicta,
1766 4041 1888 4085 ante

346 4125 574 4168 mortem
610 4116 691 4169 vel
718 4117 767 4169 in
805 4128 993 4180 morte,
1028 4122 1166 4185 quod
1217 4120 1451 4173 deterius
1478 4130 1641 4183 esset,
1666 4122 1889 4188 punien-

346 4201 460 4255 dos.
490 4202 641 4266 Quod
664 4203 858 4257 dictum
886 4206 999 4272 ejus
1028 4206 1079 4257 in
1105 4207 1419 4274 quibusdam
1445 4208 1553 4274 jam
1570 4208 1886 4275 completum

2000 3047 2050 3098 in
2095 3061 2257 3114 regno
2310 3060 2405 3098 suo
2437 3062 2626 3112 papam
2686 3046 2981 3099 nominare.
3031 3045 3166 3098 llinc
3227 3046 3384 3113 igitur
3429 3057 3547 3099 orta

1996 3133 2236 3198 quaedam
2261 3131 2524 3185 dissensio
2550 3133 2726 3199 gravis
2766 3142 2870 3195 est,
2902 3133 2994 3185 sed
3049 3134 3099 3184 in
3149 3132 3289 3184 aliud
3340 3141 3545 3199 tempus

1995 3222 2325 3274 discutienda
2353 3230 2433 3273 est
2460 3221 2643 3274 dilata.
2666 3220 2889 3275 Jubetur
2915 3237 3043 3288 ergo
3070 3229 3127 3272 ut
3159 3223 3316 3298 totius
3342 3224 3547 3289 AttglizL‘

1992 3310 2246 3376 rpiscolii,
2278 3311 2497 3362 abhatcs
2526 3317 2581 3362 et
2607 3311 2896 3378 principes,
2927 3313 2994 3363 ad
3021 3312 3406 3364 discussioncm
3435 3314 3544 3365 dis-

1992 3399 2110 3449 sidii
2151 3398 2304 3464 hujus
2330 3398 2471 3466 apud
2499 3407 2759 3461 castrum,
2799 3400 2938 3473 quod
2980 3400 3377 3467 liochingcham
3410 3401 3545 3453 diei-
3576 3464 3581 3468 ἢ

1994 3498 2108 3551 tur,
2141 3504 2244 3541 una
2287 3489 2549 3541 veniant:
2578 3488 2775 3542 factum
2814 3498 2917 3553 est,
2960 3499 3012 3542 et
3053 3490 3201 3543 tertia
3243 3491 3541 3558 septimana

1993 3578 2418 3647 Quadragesimte
2437 3578 2534 3647 [αι.
2561 3578 2701 3631 omit.
2722 3589 2760 3633 t.
2775 3595 2820 3632 s.
2836 3578 2915 3650 q.]
2930 3579 3079 3645 juxta
3097 3582 3327 3635 edictum
3344 3598 3542 3637 conve-

1993 3676 2203 3721 nerunt.
2221 3666 2387 3719 Causa
2401 3666 2452 3717 in
2467 3667 2697 3719 medium
2712 3668 2941 3729 ducitur,
2958 3678 3011 3721 et
3025 3668 3305 3722 Anselmus
3317 3670 3542 3721 diversis
3592 3688 3595 3693 ν

1992 3762 2223 3829 querelis
2261 3760 2384 3812 hinc
2417 3759 2537 3811 inde
2589 3760 2907 3812 concutitur.
2960 3761 3231 3827 Siquidem
3282 3763 3449 3824 multi,
3491 3771 3544 3817 ct

1992 3850 2219 3903 maxime
2262 3849 2491 3915 episcopi
2542 3848 2697 3913 regine
2742 3847 3000 3899 voluntati
3053 3846 3232 3901 favere
3285 3849 3538 3914 volentes,

1989 3948 2168 4003 spreto
2196 3937 2457 4003 :equitatis
2475 3935 2677 4001 judicio
2709 3934 2758 3987 id
2788 3936 3015 4001 probare
3042 3935 3367 3996 nitebantur,
3399 3940 3539 4003 quod

1986 4025 2267 4079 Anselmus
2293 4024 2437 4077 salva
2462 4025 2562 4077 lide
2604 4037 2762 4091 quam
2790 4024 2900 4093 regi
2946 4025 3191 4089 debebat,
3224 4025 3531 4078 nullatenus

1988 4123 2166 4180 posset
2195 4114 2244 4165 in
2278 4128 2438 4181 regno
2493 4113 2654 4179 ipsius
2714 4111 2983 4164 Urbanum
3030 4113 3171 4165 sedis
3225 4114 3531 4180 apostolicae

1988 4201 2263 4268 pra‘sulem
2295 4215 2387 4267 pro
2416 4215 2548 4269 papa
2577 4210 2775 4252 tenere.
2813 4200 3014 4264 Quibus
3065 4215 3183 4253 cmn
3233 4200 3379 4268 plura
3421 4217 3539 4268 qtue

346 4291 610 4356 videmus,
645 4302 697 4346 et
722 4308 785 4345 cx
824 4295 925 4347 hoc
950 4295 1077 4362 quid
1110 4295 1230 4348 aliis
1262 4297 1422 4349 etiam
1476 4298 1767 4351 timendum
1798 4298 1888 4362 sit,
1925 4307 1965 4359 ι)
1993 4294 2124 4345 ratio
2149 4284 2345 4345 tulerat
2368 4293 2571 4360 objecta
2621 4293 2865 4357 fuissent,
2913 4302 2967 4344 et
3011 4292 3291 4344 Anselmus
3342 4307 3434 4346 eos
3469 4307 3537 4345 ex

345 4380 732 4447 conjectamus.
786 4381 907 4434 Ideo
948 4392 1124 4436 autem
1170 4398 1263 4438 eos
1306 4385 1577 4455 corrigere
1613 4388 1885 4453 nequibat,

344 4473 601 4536 quoniam
647 4472 747 4538 ipsi
799 4488 944 4524 more
975 4474 1257 4526 densarum
1307 4476 1577 4541 spinarum
1624 4474 1886 4543 perplexi,

345 4560 549 4626 argutis
583 4559 861 4612 verborum
910 4560 1292 4614 assertionibus
1318 4576 1374 4615 se
1421 4562 1553 4615 tales
1600 4576 1703 4614 nou
1744 4578 1884 4626 esse,

345 4649 432 4716 qui
460 4649 764 4716 liujnsmodi
808 4650 1140 4703 correctione
1167 4666 1299 4718 opus
1346 4651 1626 4715 baberent,
1657 4650 1887 4704 afﬁrma-

347 4734 489 4788 bant.

409 4823 500 4877 22.
525 4824 595 4876 At
623 4822 706 4876 ille
731 4824 1056 4878 contentioni
1082 4825 1281 4878 servire
1298 4825 1557 4887 devitans,
1587 4826 1887 4881 dimittebat

346 4923 455 4972 eos,
495 4911 598 4963 sibi
646 4912 837 4965 timens
866 4928 931 4964 ne
961 4929 1261 4966 mensuram
1294 4914 1634 4970 discretionis
1660 4918 1884 4970 excede-

346 5008 447 5064 ret,
468 5001 512 5052 si
543 5000 596 5052 iu
630 5001 884 5053 rimandis
914 5003 1119 5054 actibus
1169 5003 1378 5056 illorum
1420 5004 1578 5058 nimis
1616 5004 1883 5058 studiosus

347 5076 618 5141 existeret.
647 5089 782 5151 Nihil
834 5092 970 5144 enim
1002 5092 1054 5143 in
1109 5093 1322 5155 mutulo,
1354 5104 1610 5161 quantum
1660 5108 1884 5159 peccare

345 5176 585 5231 timebat.
620 5178 951 5233 Conscientia
980 5194 1094 5232 mea
1146 5188 1277 5232 teste
1307 5196 1408 5233 non
1462 5182 1725 5243 mentior,
1757 5182 1881 5247 quia

346 5279 480 5334 saepe
512 5265 660 5319 illum
690 5269 787 5321 sub
819 5270 1057 5322 veritatis
1087 5269 1385 5337 testimonio
1410 5269 1745 5337 proﬁtentem
1781 5282 1879 5321 au-

344 5355 594 5421 divimus,
625 5359 869 5424 quoniam
900 5360 941 5411 si
989 5336 1121 5413 hinc
1163 5361 1363 5427 peccati
1420 5361 1717 5422 horrorem,
1756 5360 1881 5413 hinc

270 5460 271 5463 ‘
348 5446 534 5500 inferni
566 5447 794 5501 dolorem
825 5450 1173 5516 corporaliter
1203 5459 1467 5510 cerneret,
1498 5460 1549 5502 et
1577 5449 1879 5501 necessario

348 5539 429 5588 tt-ti
468 5552 650 5591 eorum
678 5538 909 5605 immersi
942 5541 1171 5601 deberet,
1208 5542 1351 5605 prius
1399 5541 1663 5593 infernum
1715 5554 1870 5605 quam

360 6070 427 6125 13¢;

1993 4382 2165 4435 verbis
2191 4382 2393 4435 Domini
2429 4399 2442 4435 :
2479 4382 2689 4435 Reddite
2736 4399 2849 4453 gnte
2878 4394 2992 4435 sunt
3042 4380 3264 4435 Cwsaris'
3316 4384 3533 4447 Cwsnri,

1989 4482 2033 4524 ct
2061 4489 2175 4540 qua'
2196 4482 2312 4525 sunt
2345 4472 2439 4524 Dei
2464 4472 2568 4524 Deo
2601 4471 2809 4541 (Matth.
2852 4488 2949 4535 xtl,
2982 4471 3090 4540 17),
3125 4467 3346 4540 aliisque
3405 4489 3537 4525 non-

1990 4558 2162 4618 nullis.
2190 4574 2306 4626 quae
2335 4561 2469 4611 ratio
2516 4558 2651 4610 nulla
2686 4559 2927 4613 refellere
2962 4568 3188 4627 poterat,
3218 4560 3427 4627 penitus
3459 4560 3538 4611 in-

1989 4650 2279 4712 frenasset;
2309 4649 2376 4701 illi
2407 4658 2620 4701 econtra
2653 4650 2778 4715 quid
2809 4650 3046 4701 dicerent
3101 4666 3204 4701 non
3256 4649 3531 4710 habentes,

1988 4752 2105 4790 eum
2139 4740 2187 4790 in
2218 4753 2394 4807 regem
2445 4738 2813 4805 blasphemare
2841 4753 2943 4790 uno
2974 4738 3193 4805 strepitu
3230 4738 3533 4790 conclama-

1985 4842 2129 4888 vere,
2161 4826 2584 4893 quandoquidem
2622 4840 2783 4878 ausus
2821 4826 3017 4878 eratin
3048 4841 3208 4892 regno
3258 4824 3389 4894 ejus,
3428 4828 3528 4881 nisi

1985 4929 2047 4966 eo
2077 4912 2412 4969 concedente,
2446 4912 2729 4977 quidquam
2757 4911 2837 4963 vel
2872 4910 2979 4963 Deo
3005 4912 3291 4963 ascribere.

2052 5000 2139 5052 ‘24.
2188 4999 2350 5067 igitur
2396 5000 2459 5052 ad
2502 5013 2659 5050 uuam
2704 5000 2858 5065 regite
2904 5000 3279 5067 indignationis
3324 5015 3525 5063 vocem,

1984 5088 2195 5155 quidam
2232 5103 2295 5140 ex
2333 5088 2614 5154 episcopis,
2649 5089 3047 5154 archiepiscopo
3081 5104 3176 5141 suo
3212 5098 3368 5155 atque
3418 5094 3524 5156 pri-

1984 5180 2106 5231 tuati
2140 5194 2347 5233 onmem
2398 5178 2775 5243 subjectionem
2835 5179 3126 5247 professum
3172 5182 3520 5257 obedientiam

1983 5288 2086 5325 uno
2118 5273 2309 5338 impetu
2341 5272 2625 5339 abuegant,
2658 5271 2813 5339 eique
2857 5272 3112 5323 unitatem
3160 5270 3405 5320 fraterna:
3431 5285 3521 5321 so-

1982 5364 2187 5417 cietatis
2216 5352 2324 5429 pari
2361 5370 2482 5413 voto
2512 5361 2799 5413 miserandi
2832 5363 3102 5428 abjurant;
3155 5358 3363 5423 quidam
3393 5374 3522 5410 vero

1984 5455 2030 5505 in
2064 5453 2138 5504 eis
2170 5461 2366 5504 tantum
2397 5451 2513 5520 [al.,
2544 5452 2762 5520 tamen],
2794 5468 2909 5517 qtae
2930 5465 2989 5502 cv
3015 5457 3161 5518 parte
3191 5446 3387 5499 Urbani
3420 5462 3516 5512 pa-

1982 5560 2056 5608 ]m"
2097 5542 2424 5609 pt'aw-ipet'et,
2471 5542 2539 5594 illi
2574 5556 2626 5595 se
2658 5542 2956 5593 (tltt‘tiiillt'OS
3001 5546 3208 5606 negant.
3268 5537 3507 5603 Episcopi
