4174 6240
3790 54 3797 57 ”
3850 54 4091 73 ,9m‘

3870 54 3881 69 9
4012 68 4013 73 η

3846 70 3873 79 ’⁷
3918 34 4075 119 μκή-νει

642 304 702 357 ει
1657 298 1712 351 S.
1755 298 2043 353 ANSELMI
2081 296 2419 353 CAN'I‘UAR.
2460 296 2758 352 AliClilEP.
3724 296 3793 354 92

641 415 818 480 itaque
847 427 1031 466 omnes
1056 412 1143 481 qui
1172 412 1462 472 adfuerant,
1497 409 1710 461 [infensi
1758 410 1869 462 solo
1922 417 2161 475 excepto,
2195 419 2235 471 Α
2264 409 2525 475 equitibus
2551 410 2751 475 aspexit
2782 394 2975 472 ridere,
3005 414 3056 461 et
3079 408 3228 474 quasi
3272 423 3367 474 pro
3424 416 3576 476 capta
3624 412 3794 467 bestia

646 512 736 554 aut
763 516 866 554 uno
895 511 985 553 aut
1007 501 1110 554 alio
1140 499 1293 552 modo
1321 498 1551 550 debitam
1599 497 1670 550 illi
1703 498 2078 572 subjectionem
2116 508 2170 551 et

644 590 1000 643 obedientiam
1028 592 1306 656 abnegant.
1332 589 1440 640 Rex
1467 589 1625 641 etiam
1676 589 1787 656 ipse
1829 596 2069 639 cunctam
2119 588 2169 639 ei

642 676 1014 728 conlidentiam
1042 684 1093 728 et
1117 675 1451 728 securitatem
1481 676 1531 728 in
1571 675 1682 728 suis
1706 675 1943 727 omnibus
1966 658 2169 737 adimit,

643 776 739 814 nec
765 777 821 814 se
875 760 1013 812 illum
1045 776 1139 828 pro
1189 747 1709 830 archiepiscopo’vel
1756 770 1902 827 patre
1949 761 2171 829 amplius

644 849 940 899 habiturum
963 846 1128 911 jnrat,
1161 851 1261 903 nisi
1291 850 1400 917 ipse
1422 850 1619 903 vicario
1649 849 1787 902 beati
1836 848 1975 903 Petri
2007 866 2063 904 se
2096 850 2173 902 ul-

640 938 806 988 terius
838 937 1170 991 obediturum
1198 940 1376 992 statim
1404 941 1641 1008 deneget.
1672 939 1802 992 Tres
1851 941 1961 993 dies
1989 941 2039 991 in
2074 941 2172 993 isto

640 1029 847 1093 negotio
893 1026 1219 1081 clamoribus
1257 1028 1308 1078 in
1366 1026 1672 1081 Anselmum
1725 1037 1781 1100 et
1838 1028 2171 1081 contumeliis

638 1115 838 1181 gravidi
884 1117 1096 1183 expensi
1125 1125 1266 1181 sunt,
1308 1124 1363 1169 et
1389 1116 1599 1170 tandem
1655 1119 1706 1170 in
1749 1117 1848 1170 hoc
1882 1131 2036 1185 quem
2065 1116 2170 1169 dixi

641 1206 744 1254 line
775 1204 1006 1257 conclusi
1033 1212 1172 1256 sunt.

705 1293 793 1345 25.
844 1292 988 1347 Tune
1025 1294 1328 1359 Anselmus,
1376 1294 1430 1347 in
1478 1310 1572 1349 suo
1608 1295 1878 1362 proposito
1905 1304 2168 1355 constans,

585 1427 589 1431 .
637 1395 733 1446 per
774 1383 1127 1457 internuntios
1172 1386 1489 1437 conductum
1536 1399 1562 1435 a
1615 1398 1737 1452 rege
1777 1383 2025 1449 postulat,
2069 1396 2170 1447 quo

642 1479 790 1523 tutus
840 1486 999 1539 regno
1041 1474 1281 1527 decedat.
1309 1474 1454 1537 Quod
1481 1473 1748 1540 principes
1800 1472 1980 1524 multis
2023 1474 2172 1525 dam-

642 1571 828 1608 nosum
857 1556 966 1611 fore
987 1560 1369 1635 dignoscentes,
1396 1574 1489 1627 pro
1513 1560 1832 1613 restituenda
1864 1574 1990 1626 pace
2020 1560 2170 1612 indu-

642 1646 751 1697 cias
779 1646 1024 1714 utrinque
1050 1649 1114 1700 ad
1144 1648 1505 1702 Pentecostem
1530 1663 1693 1716 usque
1728 1636 1840 1701 dari
1892 1658 2173 1715 precantur

2269 497 2462 550 lwtitire
2524 497 2669 550 frena
2721 498 2943 559 laxare;
2992 497 3191 550 solutus
3243 498 3293 548 in
3338 496 3617 567 lacrymas,
3671 502 3789 553 ait:

2275 603 2291 634 ι
2317 586 2555 638 liidetis?
2580 586 2644 638 Et
2678 586 2856 653 utique
2897 584 3089 638 infelici
3116 585 3236 638 huic
3265 584 3437 638 nullus
3476 587 3632 649 risus,
3663 588 3804 640 lati-

2270 672 2339 725 tia
2371 672 2507 725 nulla
2537 681 2636 727 est.
2668 674 2851 727 llostes
2880 674 2993 740 ejus
3022 656 3160 727 circa
3186 689 3301 727 eam
3334 682 3476 737 sunt,
3504 684 3559 729 et
3590 676 3703 744 ipsa
3730 678 3797 729 de

2269 763 2373 819 vita
2390 762 2610 814 sollicita
2630 760 2861 829 confugit
2879 764 2943 813 ad
2968 778 3061 815 nos
3086 763 3383 830 prmsidium
3408 762 3667 828 ﬂagitans.
3686 763 3798 817 Hoc

2269 853 2419 920 plane
2438 846 2584 905 estet
2605 852 2792 905 anima:
2807 852 3051 905 hominis.
3075 851 3204 904 Nam
3220 867 3340 904 cum
3357 852 3419 905 de
3432 866 3650 919 corpore
3662 832 3799 915 exit:

2269 956 2385 993 mox
2415 939 2610 992 inimici
2635 939 2735 1003 sui,
2766 940 2965 993 scilicet
2988 940 3200 1008 maligni
3223 940 3455 1007 spiritus,
3482 941 3571 1008 qui
3594 955 3708 993 eam
3742 941 3795 992 in

2268 1039 2485 1095 corpore
2534 1026 2806 1095 degentem
2857 1042 2951 1095 per
2996 1027 3264 1081 anfractus
3330 1028 3577 1080 vitiorum
3618 1027 3797 1079 mu|t2s

2269 1116 2437 1169 modis
2461 1118 2721 1184 persecuti
2753 1108 2901 1177 sunt,
2933 1115 3218 1169 crudeliter
3267 1117 3457 1169 adsunt
3483 1117 3648 1183 parati
3680 1130 3797 1169 eam

2271 1220 2455 1273 rapere
2483 1213 2535 1258 et
2564 1206 2615 1257 in
2643 1214 2863 1257 mortem
2906 1213 3155 1257 mternam
3192 1205 3538 1272 praecipitare.
3570 1205 3636 1255 At
3684 1204 3799 1272 ipsa

2269 1297 2426 1351 nimis
2451 1299 2605 1350 anxia
2636 1297 2739 1349 huc
2769 1296 2997 1364 illucque
3021 1296 3377 1362 circumspicit
3403 1335 3417 1360 ,
3446 1302 3499 1347 et
3521 1309 3623 1362 qua
3649 1305 3796 1347 tuea-

2272 1396 2357 1439 tnr
2410 1386 2733 1441 defensionis
2768 1396 2819 1438 et
2841 1385 3023 1437 auxilii
3080 1400 3293 1437 manum
3316 1384 3416 1436 sibi
3447 1384 3641 1451 porrigi
3670 1382 3800 1436 inef-

2271 1475 2411 1529 fabili
2443 1476 2703 1530 desiderio
2722 1472 3068 1541 concupiscit.
3122 1473 3391 1526 Dmmones
3433 1482 3608 1525 autem
3639 1487 3798 1525 econ-

2271 1569 2435 1621 trario
2479 1568 2666 1629 rident,
2697 1576 2750 1619 et
2802 1580 2990 1635 magno
3028 1564 3216 1634 gaudio
3262 1564 3512 1631 gaudent,
3552 1578 3608 1616 se
3661 1562 3800 1615 illam

2272 1655 2415 1706 nullo
2444 1653 2627 1705 fultam
2658 1653 2978 1705 adminiculo
3005 1652 3294 1704 inveniunt.
3331 1669 3349 1700 ι
3403 1649 3604 1713 Quibus
3647 1648 3803 1700 dictis

637 1741 693 1783 ει
726 1733 988 1796 οωίηυῑιῐὲ
1040 1747 1101 1786 ac
1143 1734 1219 1787 sic
1267 1748 1386 1787 eum
1424 1749 1707 1801 pne.regno
1756 1735 1970 1807 decedat
2007 1735 2169 1800 impe-
2201 1724 2244 1776 Β
2270 1742 2443 1793 laxato
2471 1740 2643 1804 freno,
2668 1742 2719 1792 in
2750 1741 3048 1800 iter‘rediit,
3098 1739 3320 1792 bestiam
3372 1739 3508 1789 ultra
3533 1735 3801 1805 .persequi

637 1824 813 1874 dinnt.
843 1821 1077 1890 Spondet
1097 1823 1257 1891 igitur
1288 1838 1378 1876 rex
1408 1835 1464 1876 se
1514 1825 1668 1877 rebus
1720 1822 1833 1889 ejus
1884 1838 2047 1890 usque
2074 1864 2080 1874 .
2106 1824 2171 1876 ad

638 1910 910 1976 praeﬁxum
942 1920 1144 1979 tempus
1172 1914 1497 1966 induciarum
1526 1914 1729 1982 plenam
1751 1927 1929 1980 pacem
1958 1924 2010 1967 et
2029 1923 2174 1966 tran-

636 1996 953 2062 quillitatem
983 2000 1328 2065 indulturnm,
1357 2010 1409 2071 et
1446 2011 1566 2053 tunc
1598 2002 1851 2055 voluntati
1903 2004 2040 2055 illius
2081 2018 2174 2071 pro

639 2102 733 2138 sua
790 2088 1039 2153 religione
1074 2089 1292 2142 multum
1340 2092 1392 2143 in
1446 2092 1653 2157 negotio
1705 2094 1843 2159 quod
1886 2102 2176 2147 emerserat

642 2176 1141 2229 condescensurum.
1166 2176 1361 2231 Verum
1375 2180 1591 2230 omnino
1618 2179 1667 2230 in
1696 2180 1960 2231 contraria
1994 2180 2176 2247 lapsus

644 2272 746 2328 est,
786 2273 838 2318 et
865 2266 1164 2331 Ansclmus,
1196 2268 1415 2321 Domino
1460 2268 1711 2321 Baldufno
1755 2279 1903 2321 extra
1955 2285 2174 2338 regnum

648 2352 883 2419 depulso,
915 2355 1317 2424 hominibusque
1375 2357 1482 2427 suis
1528 2359 1692 2424 captis
1744 2367 1797 2410 ct
1845 2359 2171 2426 exSpoliatis,

643 2441 901 2506 terrisque
930 2442 1146 2503 vastatis
1172 2443 1224 2494 in
1258 2444 1570 2497 immensum
1608 2444 1852 2499 amictus.

632 2598 633 2601 η
710 2524 795 2577 '26.
834 2528 1076 2580 Attamen
1108 2541 1226 2596 post
1276 2531 1406 2593 haec,
1439 2542 1491 2584 et
1520 2528 1788 2586 Urbanum
1841 2548 1933 2600 per
1974 2532 2175 2586 Walte-

642 2627 756 2665 rnm
784 2614 1130 2668 Albanensem
1158 2618 1486 2685 episcopum,
1534 2620 1621 2685 qui
1675 2618 1887 2687 pallium
1930 2619 2177 2673 Anselmo

645 2703 809 2756 Roma
844 2705 1182 2759 Cantuariam
1228 2708 1434 2773 detulit,
1485 2723 1581 2775 pro
1640 2724 1769 2778 papa
1827 2709 2075 2777 suscepit,
2108 2694 2180 2762 et

644 2793 936 2861 principum
962 2810 1177 2848 suorum
1203 2796 1423 2849 consilio
1444 2806 1613 2858 actus.
1640 2798 1691 2850 in
1715 2799 1997 2851 amicitiam
2029 2814 2177 2850 suam

643 2881 811 2933 virum
832 2885 1079 2950 suscepit.
1110 2882 1303 2937 Verum
1325 2886 1776 2954 postaliquantum
1807 2898 2015 2955 tempus
2037 2889 2176 2941 idem

644 2985 734 3021 rex
766 2986 794 3022 a
819 2970 979 3025 Gallis
1014 2974 1181 3026 victor
1204 2990 1493 3041 regressus,
1536 2987 1791 3030 renovata
1844 2978 1920 3028 ira
1963 2986 2178 3044 propter

647 3056 862 3121 milites,
915 3074 1066 3127 quos,
1125 3062 1262 3115 sicut
1319 3061 1452 3117 falso
1493 3080 1523 3115 a
1582 3065 1824 3132 malignis
1887 3066 2177 3125 dicebatur,

650 3142 785 3197 male
808 3145 1158 3200 inStructosin
1180 3151 1564 3216 expeditionem
1590 3152 1865 3204 Anselaius
1894 3153 2178 3214 direxerat,

649 3243 831 3286 coiitra
864 3237 1029 3302 ipsmn
1068 3241 1414 3292 conturbatus
1442 3250 1541 3293 est.
1566 3240 1713 3293 Tunc
1744 3242 2017 3294 Anselmus
2063 3257 2184 3294 con-

646 3323 887 3376 siderans
913 3327 1047 3392 apud
1067 3341 1124 3379 se
1149 3327 1291 3378 omni
1315 3336 1551 3394 tempore
1579 3329 1696 3380 talia
1727 3344 1821 3396 pro
1849 3329 2011 3381 nihilo
2029 3344 2181 3396 posse

646 3409 795 3468 oriri,
827 3419 879 3464 et
897 3426 951 3464 se
978 3413 1053 3465 eis
1078 3422 1388 3480 occupatum
1418 3428 1626 3483 semper
1652 3416 1720 3469 ab
1774 3415 1942 3469 ollicio
1969 3418 2177 3484 pontifi-

644 3498 746 3549 cali
802 3514 957 3567 posse
1011 3502 1273 3569 impediri,
1313 3487 1559 3557 tractavit
1609 3520 1785 3559 secum
1830 3507 1927 3559 sibi
1960 3507 2179 3560 Romam

580 3608 583 3627 ι
645 3588 892 3650 eundum,
918 3596 969 3641 et
994 3590 1271 3644 consilium
1299 3608 1327 3643 a
1379 3594 1503 3645 sede
1533 3594 1671 3645 beati
1723 3595 1862 3646 Petri
1914 3609 2073 3660 super
2103 3596 2183 3648 his

651 3675 951 3741 petendum.
985 3677 1115 3728 Cum
1153 3679 1311 3745 igitur
1361 3679 1410 3730 in
1448 3678 1783 3732 solemnitate
1825 3678 2181 3742 Pentecostes,

652 3764 717 3812 ad
746 3765 946 3816 curiam
978 3765 1114 3831 apud
1150 3764 1567 3819 Vindleshoriam
1593 3767 1842 3827 venisset,
1894 3780 1985 3832 per
2031 3765 2183 3818 fami-

654 3852 810 3905 liares
836 3869 956 3907 suos
986 3855 1092 3924 regi
1124 3857 1390 3907 mandavit
1431 3858 1529 3910 sibi
1572 3857 2021 3925 pernecessarium
2068 3871 2184 3910 esse

655 3943 873 3997 Romam
902 3946 1012 4011 ire;
1038 3949 1210 4001 ethoc
1236 3950 1277 4001 si
1309 3949 1353 4001 ei
1386 3948 1635 4017 placeret,
1670 3962 1725 4001 se
1777 3962 1874 4015 per
1914 3946 2182 4016 licentiam

652 4032 765 4097 ejus
792 4032 966 4087 facere
992 4034 1143 4089 velle.
1174 4038 1241 4089 At
1273 4036 1358 4090 ille
1385 4054 1396 4087 :
1423 4056 1439 4085 ι
1467 4035 1830 4102 Nequaquam,
1857 4036 2045 4101 inquit.
2078 4033 2181 4087 Nec

652 4122 793 4174 enim
810 4139 952 4185 eum,
968 4134 1059 4177 aut
1080 4124 1129 4177 in
1149 4126 1251 4189 bis,
1274 4142 1390 4193 qua:
1413 4128 1613 4195 agenda
1635 4136 1775 4187 sunt,
1799 4125 2029 4193 cujusvis
2053 4144 2183 4181 con-~

654 4211 758 4262 silii
798 4212 1044 4276 inscium,
1082 4224 1175 4267 aut
1223 4216 1378 4267 alicui
1432 4216 1574 4282 gravi
1634 4224 1848 4283 peccato
1899 4216 2182 4269 obnoxium

2270 1831 2407 1883 clara
2440 1846 2565 1883 voce
2594 1830 2810 1884 canibus
2836 1829 3175 1882 interdicens.
3224 1828 3371 1880 Tunc
3424 1826 3509 1878 illa
3565 1825 3631 1877 ab
3658 1825 3801 1877 omni

2270 1919 2480 1973 hesione
2508 1919 2756 1972 immunis
2785 1918 3056 1972 exsultans
3075 1925 3129 1968 et
3156 1916 3336 1968 hilaris
3383 1917 3600 1983 prtepcti
3644 1911 3803 1966 cu'rsn

2272 2023 2489 2075 campos
2516 2002 2780 2076 silvasque
2810 2006 3011 2059 revisit.
3042 2003 3148 2058 Nos
3178 2020 3304 2057 vero
3353 2005 3606 2073 depositis
3645 2004 3803 2071 juris,

2272 2080 2362 2150 sed
2384 2114 2486 2150 non
2514 2097 2718 2149 modice
2761 2096 2962 2149 alacres
2990 2093 3163 2148 effecti
3221 2094 3284 2147 de
3323 2101 3429 2145 tam
3484 2094 3568 2161 pia
3618 2092 3807 2144 libera-

2274 2186 2416 2238 tione
2444 2186 2620 2255 pavidi
2667 2184 2930 2248 animalis,
2979 2192 3154 2251 εωριο
3208 2182 3399 2235 itinere
3450 2183 3588 2233 viam
3643 2181 3809 2234 detri-

2270 2262 2463 2326 vimus.

2337 2363 2425 2417 28.
2465 2362 2575 2415 Alia
2609 2362 2725 2415 vice
2770 2361 3043 2428 conspexit
3094 2374 3311 2426 puerum
3341 2375 3461 2412 cum
3497 2346 3701 2411 avicula
3731 2358 3806 2423 .in

2271 2453 2356 2505 via
2384 2451 2668 2505 ludentem.
2695 2450 2821 2516 Quae
2841 2451 2954 2503 avis
2980 2449 3162 2517 pedem
3194 2446 3280 2499 lilo
3311 2448 3558 2500 innexum
3585 2447 3808 2509 habens,

2275 2556 2413 2608 smpe
2437 2555 2557 2593 cum
2590 2540 2763 2591 laxius
2790 2540 2865 2591 ire
2920 2540 3341 2606 permittebatur,
3381 2537 3501 2605 fuga
3538 2536 3637 2588 sibi
3678 2550 3809 2587 con-

2276 2630 2448 2685 sulere
2497 2627 2717 2695 cupiens
2762 2625 2970 2680 avolare
3030 2627 3312 2681 nitebatur.
3362 2626 3429 2679 At
3487 2639 3620 2692 puer
3667 2622 3811 2674 tilum

2277 2738 2435 2775 manu
2465 2727 2979 2782 tenens,retractam
3006 2733 3173 2786 usque
3227 2718 3291 2770 ad
3320 2719 3379 2770 s'e
3428 2714 3726 2783 dejiciebat,
3760 2721 3814 2763 et

2278 2812 2375 2866 bec
2404 2811 2590 2878 ingens
2616 2808 2864 2876 gaudium
2919 2807 2990 2858 illi
3020 2815 3163 2876 erat.
3212 2807 3431 2859 Factum
3479 2813 3560 2857 est
3598 2803 3648 2855 id
3705 2802 3812 2853 fre—

2278 2899 2544 2967 quenlitts.
2577 2896 2727 2960 Quod
2774 2892 2937 2947 Pater
2960 2893 3244 2960 aspiciens,
3303 2893 3496 2944 misere
3549 2889 3816 2943 condoluit

2278 2988 2384 3049 avi,
2431 2994 2483 3037 ut
2538 2992 2691 3051 rupto
2746 2981 2832 3034 lilo
2874 2979 3105 3033 libertati
3154 2978 3459 3033 redderetur
3503 2975 3723 3044 optavit.
3748 2974 3816 3026 Et

2277 3087 2399 3127 ecce
2430 3072 2572 3123 filum
2603 3070 2880 3136 rumpitur,
2902 3067 3014 3119 avis
3035 3066 3224 3128 avolat,
3253 3079 3382 3131 puer
3413 3063 3602 3129 plorat,
3632 3061 3811 3125 Pater,

2286 3158 2535 3214 exsultat.
2580 3158 2644 3208 Et
2673 3156 2873 3208 vocatis
2899 3155 3052 3207 nobis
3080 3172 3093 3206 :
3140 3172 3157 3204 ι
3187 3152 3594 3211 Considerastis,
3623 3150 3810 3216 inquit,

2274 3244 2681 3312 jocumpu'eri?»
2701 3241 3029 3295 Etconfessis
3052 3241 3430 3302 considerasse,
3461 3241 3561 3291 ait:
3595 3257 3611 3288 ‹
3643 3236 3814 3290 Simili

2280 3333 2701 3387 consideratione
2728 3330 2932 3397 jocatur
2955 3328 3193 3381 diabolus
3212 3342 3330 3380 cum
3364 3326 3540 3378 ntultis
3587 3326 3816 3379 homini-

2279 3421 2398 3483 bus,
2424 3435 2557 3487 quos
2583 3418 2692 3471 suis
2728 3416 2929 3501 laqueis
2958 3416 3190 3469 irrelitos
3218 3429 3312 3481 pro
3333 3428 3425 3466 sua
3458 3414 3727 3465 voluntate
3756 3413 3812 3464 iu

2280 3506 2487 3558 diversa
2516 3505 2639 3555 vitia
2674 3500 2950 3570 pertrahit.
2992 3502 3128 3554 Sunt
3148 3502 3288 3553 enim
3322 3501 3556 3567 quidam,
3584 3510 3637 3550 nt
3666 3500 3811 3553 verLi

2282 3594 2447 3661 gratia
2470 3591 2660 3651 dicam,
2690 3598 2780 3641 aut
2804 3591 3058 3652 avaritia,
3088 3598 3176 3642 aut
3220 3589 3457 3651 luxuriie,
3488 3598 3540 3640 et
3566 3590 3813 3642 similium

2283 3680 2506 3733 flammis
2530 3678 2801 3740 succensi;
2827 3687 2879 3731 et
2900 3692 2964 3731 ex
2997 3680 3129 3732 mala
3167 3678 3283 3748 [al.,
3336 3680 3548 3749 magna]
3593 3694 3815 3733 consue—

2286 3768 2463 3820 tudine
2492 3766 2591 3819 illis
2639 3766 2853 3830 addicti,
2891 3766 2974 3820 his
3024 3769 3244 3835 contigit
3290 3767 3568 3835 aliquando
3612 3779 3668 3820 ut
3718 3782 3812 3819 sua

2286 3857 2419 3924 facta
2451 3856 2807 3917 considerent,
2836 3854 3080 3921 defleant,
3107 3870 3269 3922 seque
3320 3855 3509 3907 amodo
3543 3868 3571 3905 a
3624 3854 3815 3906 talibus

2283 3952 2578 3998 cessaturos
2603 3944 2698 3996 sibi
2726 3944 3052 4021 promittant.
3086 3943 3149 3995 Et
3180 3957 3327 3995 more
3356 3942 3469 3995 avis
3509 3957 3567 3995 se
3616 3942 3811 3993 liberos

2258 4036 2458 4109 ’vnlare
2483 4043 2775 4087 autumant.
2809 4034 2911 4087 Sed
2949 4034 3071 4101 quia
3097 4049 3259 4100 pravo
3308 4050 3403 4087 usu
3457 4036 3645 4087 irretiti
3691 4033 3811 4104 [al.,

2284 4124 2565 4194 allectijab
2599 4126 2747 4177 hoste
2779 4133 3043 4187 tenentur,
3090 4123 3326 4176 volantes
3372 4124 3423 4175 in
3469 4123 3652 4176 eadem
3688 4123 3814 4175 vitia

2288 4214 2620 4279 dejiciuntur.
2654 4212 2842 4277 Fitque
2866 4212 2963 4263 hoc
2984 4212 3192 4279 smpius.
3221 4211 3324 4264 Nec
3346 4214 3662 4265 omnimodis
3688 4212 3817 4264 libe-

651 4311 772 4350 essc
802 4300 1014 4367 scimus,
1065 4303 1202 4356 unde
1246 4304 1325 4356 vel
1354 4319 1540 4371 papam
1570 4303 1865 4367 consulere,
1916 4303 1996 4355 vel
2046 4304 2183 4357 illius
2210 4302 2258 4359 Β
2287 4316 2493 4363 rantur,
2541 4302 2637 4354 nisi
2680 4316 2868 4367 magno
2911 4312 3103 4352 conatu
3160 4314 3253 4366 per
3298 4312 3590 4367 respectum
3634 4303 3813 4369 gratia:

654 4388 1033 4441 absolutionem
1050 4406 1266 4444 necesse
1288 4392 1355 4445 sit
1376 4393 1448 4444 illi
1471 4394 1772 4461 implorare.
1795 4412 1812 4443 ι
1836 4393 1898 4445 Et
1922 4409 2003 4446 res
2027 4393 2183 4462 igitur

657 4476 731 4528 ita
767 4484 889 4529 tunc
916 4478 1123 4544 quidem
1162 4482 1430 4531 remansit.

728 4565 809 4615 ’27.
846 4565 1151 4618 Discedente
1170 4575 1343 4619 autem
1371 4567 1620 4621 Anselmo
1646 4583 1674 4620 a
1697 4571 1864 4631 curia,
1910 4580 1964 4623 et
1997 4571 2060 4624 ad
2091 4571 2184 4623 vil-

657 4654 761 4706 lam
793 4669 938 4706 suam
972 4656 1182 4707 neruine
1233 4655 1456 4723 lleysezn
1503 4670 1836 4726 properante,
1883 4662 2029 4728 pueri
2055 4675 2184 4729 quos

660 4744 941 4803 nuzriebat,
979 4743 1207 4811 leporem
1243 4745 1341 4796 sibi
1370 4757 1732 4801 occursantem
1767 4746 1817 4801 in
1858 4750 1936 4801 via
1969 4750 2185 4801 canibus

656 4830 875 4882 insecuti
901 4842 1041 4891 sunt,
1083 4841 1135 4884 et
1164 4833 1476 4901 fugitantem
1508 4837 1641 4889 infra
1670 4838 1825 4904 pedes
1855 4839 1995 4906 equi,
2029 4854 2184 4905 quem

658 4922 815 4973 l‘ater
846 4920 954 4985 ipse
978 4922 1208 4983 sedebat,
1248 4925 1604 4979 snbsidentem
1631 4930 1896 4981 consecuti
1929 4938 2068 4981 sunt.
2099 4930 2186 4982 Ille

654 5006 829 5060 sciens
854 5005 1097 5058 miseram
1128 5008 1350 5062 bestiam
1402 5013 1501 5065 sibi
1531 5015 1629 5066 sub
1672 5030 1728 5067 se
1774 5015 1973 5083 refugio
2000 5031 2187 5069 consu-

658 5096 840 5159 lni~se,
878 5101 1099 5152 retentis
1122 5098 1337 5153 habenis
1354 5116 1549 5174 equum
1583 5105 1696 5156 loco
1722 5105 1853 5167 fixit,
1901 5121 1995 5159 nec
2043 5108 2187 5174 cupi-

656 5197 767 5239 tum
801 5188 982 5240 bestia:
1016 5189 1180 5241 Voluit
1204 5172 1503 5257 praesidium
1534 5197 1812 5262 denegare.
1843 5196 2005 5258 Quam
2033 5211 2187 5248 canes

655 5280 1067 5343 circumdantes,
1083 5288 1137 5332 et
1150 5282 1337 5350 linguis
1352 5284 1460 5335 suis
1476 5282 1570 5353 [αι.
1587 5286 1727 5335 omit.
1746 5284 1778 5335 Ι.
1799 5286 1867 5352 5.]
1887 5284 2021 5334 haud
2040 5293 2187 5350 grato

660 5368 915 5433 obsequio
942 5370 1065 5423 hinc
1103 5371 1225 5424 inde
1255 5374 1534 5437 lingcutes,
1576 5390 1669 5425 nec
1705 5374 1768 5427 de
1811 5376 1908 5426 sub
1934 5390 2068 5439 equo
2100 5388 2187 5441 pO-

666 5468 834 5509 tcrant
862 5458 1068 5525 ejicere,
1112 5479 1207 5517 nec
1237 5464 1285 5515 in
1316 5465 1490 5529 aliquo
1515 5463 1716 5516 hrdcre.
1750 5466 1896 5530 Quod
1930 5465 2184 5524 videntes,

661 5549 905 5605 admirati
961 5567 1157 5608 smnus.
1208 5553 1274 5606 At
1315 5550 1611 5615 .\Il5L‘l;l‘.tlS,
1684 5553 1766 5609 ubi
1824 5553 2073 5620 quosdam
2123 5569 2183 5605 rx

2286 4392 2375 4444 Dei
2410 4391 2546 4443 funis
2593 4389 2709 4458 [al.,
2770 4384 2934 4456 tilum]
2980 4403 3152 4456 prava:
3184 4389 3576 4441 consuetudinis
3613 4390 3812 4441 dirum-

2285 4490 2457 4547 patttt‘.
2497 4498 2514 4529 ι

2306 4562 2316 4572 ’
2354 4560 2813 4619 29.1lincitcrmn
2859 4564 3142 4617 Ansclmns
3171 4564 3371 4618 curiam
3420 4565 3656 4626 veniens,
3702 4564 3814 4633 jam

2285 4656 2498 4724 petitam
2530 4655 2791 4707 licentiam
2822 4654 3039 4707 Romam
3066 4656 3219 4709 eundi
3243 4672 3271 4707 a
3299 4672 3418 4723 rege
3470 4658 3675 4723 petivit,
3722 4656 3817 4709 sed

2285 4759 2400 4797 eam
2431 4758 2531 4795 non
2560 4743 2803 4795 obtinuit.
2840 4742 2960 4794 Post
2988 4759 3104 4809 qua:
3134 4744 3182 4795 in
3212 4759 3391 4796 nzense
3412 4744 3624 4796 Octobri
3676 4745 3811 4796 invi-

2290 4841 2428 4884 tatus
2463 4847 2490 4882 a
2545 4846 2664 4898 rege
2701 4830 3021 4881 Winloniam
3074 4831 3247 4892 vadit;
3291 4840 3344 4881 et
3390 4831 3526 4897 quod
3570 4830 3681 4896 jam
3737 4831 3819 4884 bis

2290 4927 2585 4986 rogaverat,
2620 4919 2872 4970 attentius
2911 4934 3003 4984 per
3052 4918 3404 4971 internuntios
3451 4919 3606 4971 tertio
3647 4927 3818 4987 rogat.

2288 5009 2553 5061 Turbatur
2582 5006 2691 5067 ille,
2738 5014 2793 5057 et
2843 5005 3059 5057 nimium
3114 5020 3172 5058 se
3229 5007 3405 5057 vexari
3452 5008 3517 5059 ab
3566 5021 3629 5061 eo
3661 5007 3819 5060 anxie

2287 5097 2543 5165 queritur.
2573 5094 2649 5145 Ad
2679 5095 2817 5161 quod
2846 5093 3157 5147 Anselmus:
3190 5113 3207 5143 ι
3230 5095 3290 5145 Et
3310 5094 3522 5159 quidem
3543 5094 3680 5161 quod
3709 5093 3817 5146 Ilo-

2289 5202 2424 5239 mam
2456 5186 2530 5237 ire
2551 5185 2770 5251 dispono
2798 5198 2954 5235 causa
2982 5191 3175 5235 sancta:
3198 5182 3629 5245 Christianitatis,
3659 5198 3819 5248 quam
3850 5194 3855 5197 ‘

2289 5277 2339 5327 in
2374 5279 2469 5326 hac
2502 5285 2638 5326 terra
2690 5287 2873 5340 regere
2897 5272 3127 5337 suscepi,
3156 5286 3419 5339 causaque
3471 5272 3656 5325 salutis
3700 5273 3816 5324 ani-

2290 5378 2385 5415 ma:
2414 5379 2564 5423 meie,
2592 5376 2747 5412 causa
2778 5361 2935 5411 etiam
2966 5359 3045 5411 sui
3088 5359 3299 5412 honoris
3346 5370 3398 5412 et
3429 5354 3688 5419 utilita'tis,
3736 5359 3815 5412 sic

2289 5456 2501 5506 credere
2538 5454 2679 5515 velit,
2719 5454 2766 5504 id
2806 5468 2921 5517 ago.
2967 5450 3020 5503 Si
3048 5466 3175 5518 ergo
3221 5451 3345 5502 mihi
3376 5450 3513 5502 bono
3538 5450 3712 5501 animo
3754 5449 3817 5501 li-

2290 5547 2515 5601 itt‘ttliattt
2539 5547 2738 5600 dederit
2767 5543 2943 5607 ctnnli,
2978 5542 3235 5611 gratiosus
3276 5542 3547 5607 accipiam.
3608 5540 3659 5593 Si
3688 5556 3812 5602 nou,
