4174 6212
363 341 370 348 ,
452 284 526 341 93
1433 287 1580 339 VlTA
1631 287 2000 344 ,ιυρτοιιιςι

2054 291 2311 345 ιωὶιύἱὶο.
2344 323 2384 331 -·
2446 294 2568 345 LIB.
2609 294 2667 347 ll.
3538 316 3606 371 9;

451 413 555 465 ego
584 398 764 464 utique
788 400 928 466 quod
951 399 1086 451 Deus
1109 397 1344 465 prmcipit
1371 399 1989 470 postpouereuondehco
2018 407 2061 463 Α
2095 418 2173 465 ro,
2225 415 2280 455 ιιι
2329 406 2454 469 quia
2511 406 2616 456 Deo
2674 405 2944 459 militaturi
3010 409 3059 460 in
3110 422 3410 478 conseptum
3460 422 3608 487 hujus

452 483 580 548 quia
624 484 880 548 scriptum
905 491 986 534 est
1019 499 1030 531 :
1063 481 1277 532 Obedirc
1300 481 1458 548 magis
1483 481 1584 535 Deo
1611 491 1802 550 Oportet
1843 500 1992 550 quant

452 572 749 622 hominibus
807 570 942 636 (Act.
972 586 1021 631 v,
1052 570 1162 633 9.13).
1215 571 1361 632 Quod
1394 570 1476 621 ille
1516 572 1758 633 audiens,
1786 573 1993 625 turbato

455 660 640 711 animo
661 659 810 725 jubet
837 668 894 711 ut
921 669 1011 710 aut
1037 672 1210 730 empto
1265 663 1504 726 desistat,
1564 671 1619 715 et
1671 661 1887 728 insuper
1935 675 1993 713 se

454 759 728 812 nunquam
758 744 970 797 beatum
995 747 1204 801 Petrum
1236 750 1316 802 vel
1367 751 1544 802 sedem
1576 749 1692 816 ejus
1739 764 1837 816 pro
1865 764 1994 815 quo—

452 832 586 885 libet
617 834 828 901 negotio
862 835 1244 902 appellaturum
1293 837 1638 904 jurejurando
1699 837 1988 904 promittat,

453 928 550 971 aut
576 920 700 971 siner
736 936 900 982 mora,
952 923 1097 975 omni
1157 940 1249 992 spe
1295 925 1560 977 remeandi
1613 924 1841 987 sublata,
1895 939 1991 976 suo

454 1021 622 1074 regno
641 1009 878 1062 decedat.
908 1009 974 1063 Et
995 1012 1222 1064 subdens
1247 1013 1322 1064 ait
1351 1030 1362 1040 ·
1400 1030 1417 1061 ι
1441 1012 1496 1064 Si
1516 1028 1638 1064 vero
1653 1013 1991 1066 territusistis

449 1107 634 1164 erepto
669 1098 926 1153 desistere
973 1110 1027 1153 et
1061 1116 1335 1154 remanere
1381 1116 1538 1168 quam
1593 1103 1669 1154 ire
1720 1102 1988 1168 delegerit,

452 1191 583 1235 ttuic
605 1170 724 1236 volo
744 1193 1003 1250 quatenus
1034 1195 1189 1253 prout
1227 1187 1352 1238 mihi
1379 1186 1637 1252 judicabit
1674 1188 1820 1239 curia
1874 1203 1987 1241 mea

450 1271 721 1335 emendet,
762 1273 1012 1340 quoniam
1062 1273 1189 1325 illud
1242 1275 1340 1327 sibi
1392 1273 1606 1328 concedi
1654 1289 1682 1327 a
1723 1290 1806 1327 me
1838 1277 1988 1329 tertio

449 1360 626 1426 petiit,
655 1361 706 1414 in
745 1374 851 1428 quo
879 1376 936 1415 se
985 1371 1442 1430 perseveraturum
1477 1374 1654 1418 certus
1681 1378 1787 1416 non
1809 1363 1920 1416 fuit.
1961 1383 1979 1415 ι

449 1445 747 1516 Respondit
779 1466 792 1501 :
825 1467 842 1499 ι
877 1450 1130 1502 Dominus
1159 1459 1260 1511 est,
1289 1452 1426 1517 quod
1451 1451 1560 1504 vult
1584 1451 1727 1504 dicit.
1758 1452 1864 1520 Ego
1909 1462 1988 1504 ta-

449 1551 576 1589 men
601 1537 773 1590 sciens
792 1537 856 1590 ad
880 1539 1004 1605 quid
1033 1549 1336 1606 assumptus
1385 1540 1502 1601 sim,
1552 1551 1605 1592 et
1645 1540 1767 1605 quid
1795 1541 1843 1592 in
1876 1541 1982 1592 An-

445 1625 554 1694 glia
578 1627 862 1695 gerendum
889 1627 1234 1694 susceperim,
1278 1643 1379 1680 non
1411 1629 1536 1681 mihi
1565 1643 1680 1681 esse
1709 1631 1981 1681 honestum

2092 491 2394 541 monasterii
2425 493 2762 556 convenistis,
2813 510 2919 560 pne
2943 497 3113 548 oculis
3154 513 3360 565 semper
3383 505 3608 562 habeatis

2091 576 2524 641 quemadmodum
2556 579 2810 632 militetis.
2840 581 2950 632 Non
2976 585 3116 635 enim
3161 600 3344 639 omnes
3366 604 3465 642 uno
3493 609 3606 646 mo-

2091 663 2155 713 do
2179 664 2418 716 militant.
2454 665 2600 730 Quod
2632 668 2788 718 etiam
2823 668 2872 719 iu
2899 679 3224 724 terrenarum
3265 675 3428 725 curiis
3461 680 3603 741 priu-
3657 665 3676 702 ⁵

2092 751 2260 818 ripum
2298 754 2475 806 videre
2503 757 2712 823 planum
2751 763 2848 808 est.
2897 758 2986 810 Est
3013 762 3203 811 etenim
3248 762 3489 829 princeps
3532 755 3638 816 die.

2092 838 2225 888 versi
2257 841 2455 891 ordinis
2504 842 2555 892 in
2605 858 2699 894 sua
2748 844 2892 895 curia
2933 845 3123 897 milites
3169 846 3388 900 habens.
3445 849 3608 900 Habet

2091 923 2205 992 [al.,
2235 924 2448 996 habent]
2474 944 2699 995 namque
2731 931 2818 996 qui
2847 947 2942 997 pro
2976 934 3131 983 terris
3163 947 3294 999 quas
3342 935 3407 986 de
3442 949 3498 986 se
3536 945 3604 985 te-

2091 1018 2236 1071 nent,
2259 1012 2474 1064 scrvitio
2499 1028 2594 1065 suo
2625 1016 2918 1084 invigilant,
2948 1019 3105 1071 habet
3129 1018 3244 1088 [al.,
3273 1019 3486 1090 habent]
3517 1022 3604 1087 qui

2088 1113 2181 1164 pro
2220 1098 2495 1164 stipendiis
2547 1101 2597 1152 iu
2642 1102 2955 1156 militaribus
2991 1107 3153 1159 armis
3192 1108 3291 1160 sibi
3327 1109 3606 1168 desudant,

2089 1187 2246 1238 habet
2273 1186 2393 1257 [al.,
2417 1185 2632 1256 habent]
2657 1191 2814 1241 etiam
2837 1193 2924 1258 qui
2951 1208 3044 1260 pro
3069 1198 3420 1262 recuperanda
3447 1199 3609 1250 Incre-

2088 1275 2331 1336 reditate,
2359 1289 2514 1341 quam
2545 1276 2595 1326 in
2627 1275 2775 1344 culpa
2813 1287 3089 1345 parentum
3115 1295 3329 1334 suorum
3359 1298 3413 1336 se
3439 1285 3609 1350 perdi-

2084 1360 2222 1412 disse
2252 1360 2540 1427 deplorant,
2571 1362 2760 1414 invicta
2786 1364 2977 1417 mentis
3001 1364 3194 1418 virtute
3223 1367 3470 1419 voluntati
3501 1385 3606 1420 sua:

2083 1464 2266 1514 parere
2286 1447 2544 1501 laborant.
2581 1448 2641 1501 lli
2672 1463 2796 1518 ergo
2822 1452 2909 1517 qui
2956 1466 3046 1518 pro
3120 1452 3238 1512 ‘rris
3277 1467 3407 1520 quas
3441 1455 3609 1522 possi—

2083 1538 2206 1586 dent
2246 1538 2504 1599 serviunt,
2554 1537 2662 1605 jam
2718 1539 2942 1591 radicati
2977 1550 3100 1592 sunt
3153 1549 3207 1593 et
3245 1541 3465 1601 furuiuti,
3515 1558 3610 1595 nec

2084 1624 2234 1676 evelli
2264 1623 2568 1685 formidant,
2615 1626 2735 1678 dum
2769 1641 2826 1677 se
2872 1629 2923 1677 iu
2976 1629 3168 1680 domini
3218 1631 3294 1681 sui
3341 1631 3608 1682 voluntate

443 1717 753 1781 pronuntio,
783 1716 1014 1782 cujusvis
1043 1718 1332 1770 transitorii
1362 1720 1622 1772 commodi
1663 1707 1822 1774 causa
1856 1719 1979 1771 illud

2080 1722 2414 1764 conservant.
2458 1714 2526 1772 At
2563 1713 2627 1776 hi,
2662 1721 2750 1778 qul
2799 1728 2894 1781 pro
2940 1716 3213 1781 stipendiis
3262 1719 3311 1769 in
3367 1719 3605 1770 militiam

440 1803 716 1870 omittere,
743 1807 882 1871 quod
919 1805 970 1857 in
994 1819 1092 1870 ope
1118 1804 1234 1875 [al.,
1266 1806 1447 1877 opere]
1493 1807 1866 1861 misericordia:
1894 1807 1980 1880 Dei

447 1905 614 1956 spero
642 1881 830 1946 futuris
871 1894 1194 1960 temporibus
1224 1893 1467 1947 Ecclesiae
1496 1894 1606 1961 ejus
1635 1895 1764 1948 utile
1790 1896 1917 1948 fore.
1959 1915 1976 1945 ι

441 1977 578 2030 Acta
608 1987 732 2032 sunt
761 1980 887 2033 hinc
913 1981 996 2034 his
1025 1981 1188 2034 multo
1217 1981 1386 2049 plura,
1417 1989 1534 2050 qua?
1564 1983 1811 2049 quoniam
1853 1983 1982 2034 alias

442 2068 775 2135 scripsimus,
804 2070 890 2122 hic
915 2070 1098 2136 paucis
1119 2071 1541 2139 perstringimus.
1572 2070 1713 2138 [tege
1749 2069 1906 2137 igitur
1927 2078 1979 2121 et

439 2157 735 2211 curialibus
761 2168 942 2212 contra
964 2160 1134 2213 virum
1174 2161 1225 2213 in
1257 2162 1387 2213 iram
1423 2159 1700 2228 permotis,
1757 2159 1864 2225 ipse
1911 2158 1974 2209 ad

441 2261 565 2300 eum
596 2246 798 2316 placido
827 2249 970 2302 vultu
999 2250 1308 2318 ingreditur,
1333 2259 1385 2302 et
1413 2251 1479 2302 ad
1509 2250 1743 2301 dextram
1771 2247 1882 2314 ejus
1913 2262 1975 2299 ex

427 2344 594 2390 more
620 2339 859 2392 assidens
887 2341 962 2392 ait
989 2356 1003 2392 :
1031 2358 1048 2390 ε
1070 2333 1195 2408 Ego,
1221 2340 1460 2402 Domine,
1477 2348 1533 2391 ut
1559 2339 1789 2407 disposui
1808 2339 1971 2400 vado;

441 2425 537 2478 sed
563 2428 733 2493 primo
759 2443 930 2482 meam
957 2429 1103 2482 vobis
1154 2414 1595 2488 benedictionem,
1629 2429 1672 2480 si
1702 2441 1815 2478 eam
1871 2441 1974 2478 non

438 2511 691 2579 alijicitis,
722 2517 877 2570 dabo.
903 2536 921 2568 ι
951 2517 1118 2581 Quam
1140 2532 1258 2569 cum
1289 2517 1374 2569 ille
1401 2532 1461 2581 se
1481 2517 1618 2569 nolle
1640 2516 1868 2584 ahjicerc
1895 2530 1976 2568 rc-
2026 2559 2034 2568 .

437 2604 744 2669 Sponderet,
801 2609 1262 2672 conquiescentem
1311 2618 1487 2672 regem
1545 2604 1610 2656 ad
1662 2604 1762 2656 hoc
1799 2602 1973 2656 levata

437 2688 659 2744 dextera
686 2692 973 2758 benedixit,
1017 2694 1202 2762 sicque
1256 2691 1436 2746 relicta
1465 2692 1608 2746 curia
1637 2691 1972 2745 Cantuariam

435 2781 604 2833 venit.
1181 2847 1183 2849 ι

508 2868 598 2921 30.
637 2869 860 2924 Postera
907 2873 990 2926 die
1013 2872 1270 2926 adunatos
1295 2872 1584 2926 monachos
1615 2872 1665 2924 in
1709 2872 1819 2940 ipsa
1845 2871 1969 2924 sede

434 2957 660 3011 Domino
685 2957 806 3012 Jcsu
828 2959 1041 3013 Christo
1069 2961 1383 3015 famulantes
1413 2962 1495 3014 bis
1521 2961 1691 3014 verbis
1715 2959 1966 3030 allocutus

430 3055 515 3098 est
544 3063 556 3097 :
604 3064 623 3096 ι
657 3046 872 3108 Fratres
897 3058 950 3100 et
978 3049 1067 3102 lilii
1094 3050 1195 3124 mei
1223 3050 1571 3113 dilectissimi,
1595 3050 1731 3103 sicut
1751 3048 1972 3101 audistis

430 3143 485 3188 et
509 3136 680 3198 scitis,
707 3151 804 3205 ego
847 3153 1008 3206 regno
1040 3139 1161 3192 huic
1204 3141 1445 3205 proxime
1493 3155 1609 3192 sum
1659 3139 1973 3192 decessurus

345 3245 352 3252 -
431 3221 552 3294 [al.,
603 3219 975 3296 discessurus].
1031 3226 1204 3281 Causa
1268 3229 1460 3296 quippe
1487 3244 1604 3295 qua:
1641 3229 1778 3280 inter
1806 3229 1973 3281 domi-

430 3324 822 3368 nnmuostrum
880 3331 1054 3383 regem
1102 3326 1156 3369 et
1199 3331 1284 3369 me
1309 3317 1517 3382 jamdiu
1567 3318 1630 3369 de
1656 3317 1970 3370 Christiana:

428 3401 700 3471 religionis
720 3405 1048 3458 correctione
1076 3414 1280 3457 versata
1308 3415 1407 3470 est,
1435 3394 1625 3459 adhoc
1645 3415 1727 3460 est
1754 3408 1963 3460 tandem
1991 3463 1994 3468 ,

1991 3485 2006 3494 “
2067 3485 2260 3547 nullos,
2289 3486 2376 3553 qui
2418 3486 2501 3537 die
2550 3495 2813 3552 noctuque
2835 3499 2942 3538 sua:
2974 3485 3228 3538 voluntati
3285 3487 3606 3540 inha‘rrntes

426 3494 703 3561 perducta,
737 3502 794 3545 ut
823 3503 914 3546 aut
955 3508 1017 3547 ea
1039 3509 1155 3561 qua;
1183 3503 1366 3547 contra
1419 3496 1580 3547 Deum
1624 3505 1676 3546 et
1723 3496 1968 3548 honesta-

428 3589 532 3634 tem
559 3595 726 3634 meam
759 3591 883 3633 sunt
912 3595 994 3634 me
1041 3591 1282 3649 oporteat
1307 3597 1484 3649 agerc,
1516 3592 1605 3634 aut
1651 3582 1773 3635 huic
1808 3573 1968 3650 regno

425 3669 542 3721 siue
570 3683 715 3721 mora
767 3670 1042 3723 decedere.
1085 3671 1148 3722 Et
1191 3685 1288 3739 ego
1331 3672 1541 3737 quidem
1597 3671 1767 3724 libens
1813 3674 1964 3735 vado,

423 3770 646 3824 sperans
678 3755 728 3808 in
771 3767 1070 3824 respectum
1109 3758 1466 3811 misericordis
1517 3760 1603 3811 Dei
1655 3761 1754 3812 iter
1792 3774 1966 3812 meum

423 3843 658 3898 libertati
697 3845 946 3902 Ecclesia:
977 3844 1170 3902 futuris
1213 3850 1537 3918 temporibus
1565 3849 1822 3904 nonnihili
1847 3865 1964 3919 pro.

423 3931 684 3987 futurum.
714 3933 886 4002 Super
923 3952 1015 3990 vos
1049 3947 1247 4000 tamen,
1279 3955 1410 4006 quos
1444 3942 1506 3992 ad
1531 3957 1767 4008 praesens
1806 3942 1966 3994 relin-

423 4037 552 4090 quo,
586 4039 688 4076 non
719 4026 923 4077 modica
953 4027 1145 4093 pietate
1194 4044 1429 4093 moveor,
1463 4041 1641 4098 utpote
1688 4049 1821 4100 quos
1868 4035 1967 4088 tri-

427 4112 730 4166 bulationes
759 4123 812 4167 ct
839 4117 1128 4184 angustias,
1161 4119 1532 4186 oppressioues
1584 4132 1637 4174 ct
1687 4132 1968 4176 COIlllltllC':

419 4199 519 4255 lias
554 4202 799 4256 acerbius
826 4205 980 4257 solito
1034 4220 1116 4258 me
1163 4209 1382 4261 absente
1439 4225 1689 4278 passuros
1737 4213 1962 4266 intueor.

2086 1816 2200 1852 sese
2243 1801 2535 1862 dederunt,.
2583 1793 2958 1867 nonnunquam
3015 1789 3222 1870 fatigati
3263 1804 3528 1856 laboribus
3577 1821 3605 1856 a

2086 1889 2290 1952 militia,
2316 1905 2472 1956 quam
2499 1890 2730 1957 aggressi
2755 1899 2905 1951 sunt,
2939 1893 3170 1958 segniter
3209 1895 3432 1954 cadunt;
3483 1894 3605 1944 dum

2084 1978 2217 2054 forte
2249 1977 2588 2045 magnitudini
2612 1979 2846 2030 exercitii
2871 1989 3028 2045 atque
3057 1979 3255 2038 laboris
3281 1979 3604 2049 magnitrﬂlo,

2081 2066 2214 2118 sicut
2264 2067 2359 2133 ipsi
2409 2065 2736 2128 existimant,
2785 2082 2889 2118 non
2949 2076 3188 2134 aequatur
3237 2069 3486 2135 impendii
3543 2085 3605 2121 ac
3671 2101 3674 2104 ι

2079 2156 2457 2207 retributionis.
2487 2156 2586 2220 Qui
2618 2171 2741 2209 vero
2767 2159 3144 2224 recuperanda:
3190 2173 3348 2210 causa
3380 2161 3602 2212 hmrcdi-

2079 2243 2200 2295 tatis
2264 2244 2525 2296 serviendi
2592 2245 2945 2307 conditionem
3007 2245 3302 2312 arripuere,
3365 2250 3605 2314 quamvis

2057 2348 2214 2385 nunc
2251 2333 2366 2386 istis
2417 2333 2496 2387 vel
2529 2333 2643 2404 [al.,
2683 2334 2848 2405 nunc]
2888 2335 2990 2390 illis
3043 2336 3278 2389 laborum
3325 2341 3605 2404 generiI-us

2074 2424 2453 2488 opprimantur,
2486 2440 2624 2478 nunc
2650 2425 2733 2477 his
2757 2425 2835 2476 vel
2865 2423 2978 2493 [al.,
3051 2426 3210 2496 nunc]
3264 2428 3364 2481 illis
3419 2441 3606 2483 contu-

2075 2509 2244 2564 meliis
2271 2509 2586 2576 adiciantur,
2621 2516 2986 2581 mqiianiiniter
3008 2517 3182 2568 omnia
3233 2519 3511 2582 sustinent,
3559 2523 3603 2574 si

2075 2598 2285 2652 ﬁrmum
2319 2602 2688 2666 recuperandae
2713 2602 3034 2656 hmreditatis
3061 2618 3168 2656 sua:
3190 2619 3421 2657 amorem
3441 2617 3604 2659 certa:

2072 2689 2180 2756 spei
2208 2688 2376 2756 gratia
2405 2699 2604 2743 tenent.

2137 2777 2224 2829 5t.
2273 2794 2289 2824 ι
2320 2774 2570 2830 Haectieri
2597 2777 2734 2830 inter
2753 2777 2995 2833 homines
3026 2780 3219 2848 liquet;
3253 2791 3304 2833 et
3335 2782 3454 2835 hinc
3483 2783 3608 2849 .juid

2070 2863 2120 2914 in
2166 2863 2312 2915 curia
2340 2864 2593 2932 principis
2634 2867 2868 2918 omnium
2912 2867 3022 2930 ﬁat,
3065 2871 3238 2937 reipsa
3281 2872 3609 2922 iiioustraute

2072 2954 2347 3006 advertere
2370 2953 2515 3006 libet.
2541 2953 2678 3006 Deus
2705 2955 2868 3018 enim,
2919 2958 3068 3024 cujus
3097 2967 3221 3011 sunt
3266 2959 3439 3010 omnia
3487 2975 3604 3025 qua:

2072 3050 2212 3102 sunt,
2245 3041 2296 3092 in
2327 3039 2410 3092 his
2442 3041 2607 3094 tribus
2636 3042 2916 3110 generibus
2943 3043 3244 3096 distinctam
3305 3045 3367 3095 ad
3399 3046 3477 3096 sui
3509 3045 3607 3096 oh-

2072 3128 2546 3196 sequium.curiam
2575 3117 2752 3180 habet.
2779 3129 2947 3183 liabet
2996 3132 3189 3198 quippe
3236 3131 3468 3198 angelos,
3511 3134 3601 3198 qui

2071 3227 2265 3270 mterna
2298 3215 2624 3270 beatitudine
2661 3217 2877 3270 stabiliti
2919 3220 3018 3271 sibi
3065 3220 3385 3272 ministrant.
3435 3219 3603 3273 “ulzcl

2069 3307 2226 3358 etiam
2258 3307 2501 3359 homines
2539 3306 2638 3358 sibi
2667 3321 2763 3374 pro
2819 3308 3046 3360 terrenis
3092 3308 3405 3369 commodis,
3453 3310 3606 3375 quasi

2067 3398 2260 3449 milites
2288 3397 2680 3464 stipendiarios,
2702 3399 3014 3460 servientes,
3051 3399 3204 3450 habet
3228 3414 3435 3464 quoque
3465 3413 3602 3450 nou-

2067 3575 2130 3626 ad
2161 3589 2378 3642 regnum
2403 3575 2678 3634 caelorum,
2701 3573 2840 3640 quod
2869 3573 2920 3626 in
2961 3573 3128 3642 patris
3152 3574 3233 3628 Sui
3281 3574 3406 3628 Atla:
3450 3574 3602 3640 culpa

2067 3664 2429 3732 perdiderunt,
2454 3662 2787 3717 haereditarin
2803 3661 2923 3729 jure
2956 3666 3233 3730 pervenire
3256 3665 3599 3718 contendunt.

2069 3757 2170 3810 Sed
2202 3758 2354 3811 nobis
2380 3759 2444 3812 ad
2476 3757 2751 3811 beatorum
2779 3757 3062 3825 spirituum
3091 3756 3401 3810 societatem
3436 3757 3607 3825 magis

2066 3861 2150 3904 est
2177 3849 2570 3917 suspirandnm,
2610 3863 2771 3916 quam
2824 3849 2888 3902 de
2934 3862 3118 3900 eorum
3161 3849 3458 3914 procinctu,
3503 3864 3607 3914 quo

2069 3941 2173 3992 Deo
2204 3938 2506 4006 perenniter
2527 3947 2721 3996 astant,
2751 3937 2802 3988 in
2825 3935 3490 4004 przesentidisputamlum.
3524 3937 3605 3988 Ad

2066 4029 2343 4084 solidarios
2402 4027 2493 4091 Dei
2562 4027 2758 4079 milites
2819 4026 2980 4078 verba
3035 4033 3321 4078 vertamus.
3367 4024 3604 4077 Videatis

2065 4118 2483 4187 quamplurimas
2510 4118 2561 4170 in
2593 4115 2835 4170 smcnlari
2866 4116 2974 4169 vita
3013 4115 3284 4184 degentes.
3341 4113 3500 4164 Deum
3549 4114 3603 4166 in

2065 4206 2147 4257 his
2168 4219 2283 4271 qua:
2313 4203 2584 4267 possident
2635 4203 2813 4270 specie
2853 4210 3003 4255 tenus
3045 4200 3340 4268 diligentes,
3394 4208 3453 4273 et
3491 4197 3608 4263 ejus

421 4286 575 4344 Licet
603 4291 742 4344 enim
791 4301 998 4346 constet
1022 4295 1137 4348 illas
1185 4312 1281 4350 nec
1307 4313 1390 4349 me
1437 4309 1694 4365 prtusenlc
1731 4317 1793 4355 cx
1853 4311 1964 4355 ιοιο
1997 4324 2039 4377 D
2065 4310 2160 4360 per
2175 4295 2413 4362 qna-dam
2441 4294 2576 4346 bona
2599 4308 2756 4361 Opera
2781 4295 2896 4358 qua:
2927 4290 3145 4353 faciunt,
3171 4288 3444 4342 famulatui
3471 4289 3638 4367 ἰηδί-η

425 4378 594 4434 fuisse
618 4389 880 4447 remotas,
916 4393 1092 4437 tamen
1119 4388 1329 4453 quando
1367 4391 1728 4456 emergebant,
1776 4400 1963 4445 contra

417 4482 508 4522 cas
539 4470 690 4524 vobis
710 4472 970 4538 quoddam
995 4462 1158 4541 quasi.
1205 4478 1567 4531 umbraculum
1621 4480 1796 4532 evstiti
1827 4499 1840 4533 :
1890 4489 1963 4545 ct,

417 4571 483 4609 ne
527 4557 582 4610 in
613 4558 928 4614 immensum
957 4576 1050 4616 vos
1097 4563 1318 4618 ferirent
1365 4575 1515 4619 scuto
1546 4565 1662 4637 [al.,
1710 4569 1962 4638 scutum],

417 4660 501 4700 me
529 4655 722 4700 vestra:
745 4651 1089 4716 protectionis
1119 4654 1344 4706 medium
1394 4655 1584 4720 objeci.
1634 4658 1698 4710 Et
1751 4659 1965 4725 quidem

418 4736 605 4803 majori
637 4753 764 4806 pace
803 4755 866 4793 ac
895 4743 1182 4796 sccaritate
1229 4760 1322 4798 vos
1366 4763 1490 4798 usos
1527 4748 1776 4802 existimo
1820 4761 1964 4817 post-

416 4839 577 4892 quam
603 4826 742 4879 inter
783 4843 874 4882 vos
920 4830 1059 4894 veni,
1107 4847 1261 4898 quam
1310 4848 1337 4884 a
1390 4822 1609 4888 decessu
1652 4838 1965 4904 venerandie

421 4917 690 4970 memoria:
711 4916 992 4972 Laul‘ranci
1023 4920 1192 4972 Patris
1220 4924 1385 4973 nostri
1442 4924 1520 4976 nsi
1562 4924 1769 4978 fueritis
1800 4941 1966 4993 usque

416 5007 480 5058 ad
503 5007 776 5062 introitum
810 5010 933 5062 mei.
960 5009 1108 5064 Unde
1131 5012 1289 5064 etiam
1321 5010 1508 5066 videor
1539 5016 1666 5068 mihi
1699 5017 1878 5069 videre
1899 5032 1963 5068 eo

416 5098 586 5167 magis
613 5100 757 5166 ipsos
780 5101 869 5168 qui
901 5115 994 5153 vos
1019 5102 1271 5171 infestare
1300 5104 1539 5156 solebant
1566 5106 1846 5157 adversum
1873 5120 1963 5156 vos

417 5200 499 5239 me
529 5188 755 5241 abeunte
789 5191 1084 5254 Sievituros,
1121 5207 1224 5258 quo
1254 5208 1282 5242 a
1324 5193 1598 5245 dominatu
1621 5209 1725 5258 quo
1752 5209 1842 5245 vos
1871 5209 1964 5260 op-

417 5276 716 5343 primebant
742 5279 924 5331 vident
949 5296 1006 5333 se
1034 5282 1083 5332 in
1115 5283 1392 5348 praesentia
1441 5283 1541 5333 uici
1571 5283 1825 5345 dejectos.
1859 5283 1964 5335 Sed

418 5380 510 5418 vos
535 5383 636 5419 non
659 5369 790 5422 estis
824 5371 978 5422 rudes
1000 5382 1090 5422 aut
1116 5374 1333 5424 hebetes
1365 5371 1414 5422 ι.»
1446 5373 1622 5423 schola
1650 5373 1875 5434 Domini,
1909 5383 1964 5424 ut

419 5457 643 5523 qualiter
673 5459 726 5509 in
765 5458 1084 5522 hujusmudi,
1124 5464 1164 5513 si
1206 5463 1520 5527 ingruerunt,
1582 5464 1818 5515 iit'lu'alis
1871 5481 1961 5514 \ns

421 5545 634 5611 habere,
665 5563 797 5616 opus
826 5549 1063 5601 habeatis
1096 5553 1292 5603 σιω-(νᾶ.
1331 5554 1517 5604 Paucis
1548 5562 1720 5605 tamen
1777 5569 1961 5620 suggr—

135 5939 196 6008 ῐιῖτξι
211 5951 232 6113 Ι
249 5965 254 5970 .

2064 4394 2284 4440 stantes.
2311 4383 2630 4452 Supervenit
2654 4385 2738 4437 his
2771 4381 2860 4435 Dei
2890 4380 3088 4449 judicio
3135 4380 3354 4431 tentatio
3405 4376 3608 4444 aliqua,

2065 4474 2288 4544 perdunt
2309 4487 2425 4525 sua.
2450 4471 2584 4536 Quid
2629 4471 2844 4524 dicam?
2879 4469 3076 4522 Mutata
3118 4467 3361 4536 protinus
3410 4476 3605 4526 incute,

2064 4562 2249 4615 volant
2273 4562 2337 4614 ab
2366 4575 2549 4614 amore
2577 4559 2689 4621 Dei,
2715 4561 2968 4612 deserunt
2989 4559 3125 4610 bona
3158 4571 3276 4626 quze
3319 4555 3606 4619 faciebant,

2067 4660 2420 4715 murmurant,
2443 4649 2714 4716 injustitia:
2741 4650 2899 4702 Deum
2930 4657 3204 4707 accusant,
3236 4644 3371 4709 Quid
3396 4643 3460 4695 de
3493 4643 3610 4696 istis

2066 4745 2344 4797 diccmlnm
2376 4741 2661 4794 :Solidarii
2688 4752 2830 4802 sunt,
2861 4749 2915 4792 et
2969 4739 3216 4808 impletur
3239 4738 3290 4788 in
3324 4735 3429 4786 illis
3463 4735 3609 4800 qund

2066 4835 2191 4888 dicit
2219 4831 2459 4885 Psalmus
2490 4849 2503 4883 :
2547 4829 2886 4891 Conﬁtebitur
2924 4829 3033 4891 tibi,
3079 4843 3192 4879 cum
3221 4825 3523 4891 bcncfeceris
3565 4824 3610 4873 ei

2067 4923 2236 4990 (l’srtl.
2270 4940 2456 4983 XLVIII.
2484 4923 2589 4977 19).
2617 4921 2725 4974 lloc
2767 4921 2831 4972 de
2861 4919 3205 4973 saecularibus
3236 4916 3453 4974 dictum.
3501 4911 3610 4964 Sed

2069 5029 2164 5067 nos
2196 5012 2440 5066 monachi
2467 5013 2670 5064 utinam
2698 5010 2830 5063 tales
2851 5023 3112 5068 essemus,
3147 5015 3201 5056 ut
3244 5005 3430 5055 horum
3460 5002 3608 5053 simi-

2067 5103 2142 5156 les
2167 5119 2268 5156 non
2298 5117 2535 5157 essemus
2563 5103 2576 5154 l
2617 5100 2746 5153 Nam
2797 5100 2884 5164 qui
2910 5099 2960 5148 in
3009 5094 3262 5162 propositi
3292 5093 3371 5144 sui
3400 5106 3606 5152 norma,

2066 5209 2223 5259 quam
2257 5191 2476 5259 prolessi
2501 5198 2646 5249 sunt;
2670 5198 2812 5240 stare
2843 5193 3110 5245 recusant,
3147 5184 3248 5236 nisi
3277 5192 3466 5235 cuncta
3490 5197 3612 5246 qua:

2066 5284 2163 5334 sibi
2195 5283 2259 5332 ad
2312 5291 2494 5331 votum
2553 5285 2678 5330 sunt
2741 5275 3013 5344 copiosius
3059 5275 3310 5336 habeant,
3354 5286 3450 5324 nec
3487 5271 3613 5324 hinc

2067 5381 2279 5438 propter
2305 5371 2472 5421 Deum
2501 5366 2783 5434 cujuslibet
2812 5367 2885 5418 rei
2916 5366 3210 5434 penuriam,
3236 5377 3331 5414 nec
3360 5361 3483 5412 hinc
3529 5374 3612 5412 rc-

2066 5459 2551 5527 gulu:disciplinam
2586 5458 2692 5525 pati
2719 5459 2905 5510 volunt
2949 5456 3068 5525 [al.,
3121 5451 3348 5521 nolunt],
3393 5450 3608 5517 quibus,

2068 5553 2304 5610 t.i>:~:‘t‘t:t,
2340 5547 2634 5600 rationibus
2672 5547 3016 5613 juvahuntur,
3068 5559 3131 5594 ne
3167 5542 3352 5594 horum
3407 5538 3608 5593 similes
