4174 6208
597 185 664 233 9r.
801 189 805 200 ·
1303 189 1310 202 ς
1379 154 1390 162 “
1623 177 1994 232 s..t.\'siit...iu
2036 154 2143 233 est

2205 183 2373 235 'UAR.
2411 183 2719 242 AliCHll‘Zl’.
3680 201 3754 260 96

587 296 914 350 lttleuttnr?
943 294 995 347 lit
1020 296 1159 347 omni
1195 293 1387 360 q-tippe
1415 283 1575 359 opere
1600 307 1697 344 suo
1735 297 1885 362 prius
1918 295 2115 348 merce-
2151 299 2195 351 Α
2220 295 2522 358 comedens,
2571 299 2696 350 nulli
2733 307 2944 366 prapter
2992 316 3148 369 quam
3189 319 3298 357 rem
3352 309 3547 365 missus
3577 313 3753 374 fuerat

589 385 706 437 dem
734 384 971 450 exigunt,
997 397 1154 449 quam
1185 381 1267 432 cui
1321 395 1526 433 merces
1584 380 1807 437 debetur
1841 385 2118 437 ministerii

590 484 776 536 manus
797 469 1085 522 exsolvant.
1120 466 1178 518 Et
1225 465 1279 518 hi
1322 466 1453 521 tales
1484 469 1628 537 rrgni
1672 471 1908 524 cmlestis
1960 471 2122 524 lt:l.‘l‘0°

589 564 682 617 des
701 562 890 615 erunt?
919 561 1163 613 l-‘itlenter
1187 559 1326 622 dico,
1354 575 1720 629 nequaquam;
1750 563 1792 612 si
1819 577 1922 614 non
1952 553 2121 628 parui;

591 654 789 704 tuerint
811 665 868 703 se
891 649 1018 702 tales
1045 647 1228 701 fuisse.
1265 629 1272 646 ’
1718 651 1720 653 ’

657 739 743 791 52.
788 756 806 786 ι
844 737 941 801 Qui
993 752 1123 789 vero
1168 739 1230 790 ad
1277 737 1689 805 recuperandum
1744 735 1863 806 (aL,
1905 755 2122 808 reeupc-

587 824 788 893 randie]
827 825 947 876 vitae
980 838 1196 891 regnum
1244 822 1584 889 oltsequiisui
1634 823 1818 890 dirigit
1869 825 2121 880 intentio-

587 931 732 976 nent,
768 915 873 965 Deo
901 930 995 980 per
1029 913 1203 964 omnia
1241 893 1617 974 inhaerere,’dt
1655 921 1818 966 totam
1876 900 2121 970 ﬁduciam

585 1017 737 1056 suam
766 1000 1033 1072 inﬂexibili
1065 998 1256 1050 mentis
1277 1007 1418 1051 statu
1449 1000 1635 1053 incum
1659 1000 1890 1070 deligere
1917 1003 2120 1066 nititur,

536 1085 544 1105 ³
587 1091 728 1143 nulla
768 1091 907 1142 hunc
938 1079 1232 1139 adversitas
1265 1085 1358 1139 Dei
1415 1089 1635 1140 servitio
1672 1089 1927 1152 detrahit,
1977 1089 2122 1143 nulla

587 1175 909 1232 transeuntis
935 1175 1054 1226 vita:
1079 1174 1317 1243 voluptas
1345 1176 1411 1228 ab
1439 1176 1553 1242 ejus
1586 1193 1768 1232 amore
1813 1183 2120 1246 compescit.

585 1266 686 1320 Per
709 1267 837 1319 dura
866 1275 921 1318 et
943 1279 1128 1333 aspera
1154 1266 1298 1339 .viam
1328 1267 1697 1319 mandatorum
1732 1269 1874 1322 illius
1899 1269 2119 1328 incedit,

589 1362 644 1406 et
665 1367 729 1408 ex
752 1368 847 1422 spe
871 1351 1237 1420 retributionis
1265 1350 1454 1404 futura:
1485 1368 1578 1405 cor
1621 1369 1770 1409 suum
1803 1354 2122 1407 indelicienli

581 1423 1078 1502 citat-italisardore
1112 1441 1405 1510 succendit,
1449 1457 1512 1494 ac
1541 1443 1617 1494 sic
1646 1441 1765 1511 [ul.,
1817 1457 1879 1494 ac
1932 1441 2012 1512 se]
2073 1443 2123 1495 in

583 1533 790 1585 cunctis
809 1546 934 1584 vera
962 1531 1218 1598 patientia
1272 1529 1457 1592 fretus,
1509 1547 1627 1583 cum
1663 1531 1940 1584 Psalmista
1977 1532 2125 1584 laetus

519 1666 529 1675 .
582 1620 726 1673 canit
751 1633 766 1669 :
808 1617 1002 1686 Magna
1029 1627 1099 1670 est
1129 1617 1291 1685 gloria
1313 1617 1517 1670 Domini
1542 1618 1711 1674 (Paul.
1740 1635 1831 1681 xx,
1854 1619 1929 1686 6).
1955 1618 2124 1685 Quam

585 1708 805 1778 gloriam
837 1708 915 1761 sic
959 1707 1010 1760 in
1043 1708 1143 1761 hac
1197 1710 1879 1776 peregrinatione‘positus
1926 1718 2124 1777 gustat,

585 1798 845 1865 gnstando
899 1797 1152 1859 ruminat,
1212 1797 1530 1850 ruminando
1581 1797 1870 1860 desiderat,
1921 1796 2128 1850 deside-

585 1887 750 1940 rando
786 1885 1317 1953 alongesalutat,ht
1342 1886 1424 1936 ad,
1469 1885 1613 1936 illam
1662 1901 1755 1951 spe
1781 1887 2124 1952 perveniendi

583 1974 860 2036 subnixus,
889 1979 949 2026 ea
983 1967 1039 2026 se
1068 1973 1205 2024 inter
1255 1974 1519 2044 mundana
1554 1973 1785 2039 pericula
1823 1974 2129 2026 consoletur

584 2070 638 2116 et
665 2061 913 2115 alacriter
959 2069 1182 2113 cantet:
1226 2059 1419 2126 Magna
1457 2070 1528 2111 est
1569 2060 1733 2126 gloria
1784 2059 2010 2112 Domini.
2062 2061 2127 2114 Et

585 2150 768 2202 sciatis
794 2150 930 2214 quod
963 2149 1046 2201 hic
1069 2149 1180 2215 ipsa
1204 2135 1364 2216 gloria
1394 2147 1595 2198 Domini
1645 2147 1788 2200 nullo
1825 2149 2002 2200 modo
2030 2148 2126 2200 de-

585 2237 936 2306 fraudabitur,
961 2239 1210 2303 quoniam
1238 2246 1404 2289 totum
1431 2236 1569 2303 quod
1598 2237 1648 2287 in
1683 2251 1746 2288 eo
1777 2237 1915 2310 viget
1944 2235 2124 2288 volun-

585 2329 679 2380 tziti
710 2328 914 2380 Domini
945 2327 1249 2389 fanmlatur,
1279 2337 1438 2393 atque
1484 2331 1549 2380 ad
1602 2329 1739 2380 hanc
1781 2317 2125 2381 obtinendam

583 2415 846 2483 dirigitur.
877 2413 980 2468 Sed
1013 2415 1172 2482 ojam
1197 2414 1263 2467 ab
1289 2415 1403 2468 istis
1434 2413 1572 2466 inter
1607 2429 1701 2468 vos
1749 2415 1880 2466 mihi
1912 2430 2129 2469 cessan-

580 2503 706 2557 dum
734 2505 910 2566 video,
934 2503 1126 2557 fratres
1155 2506 1279 2567 mei,
1308 2504 1529 2557 obsecro
1554 2518 1668 2566 vos,
1701 2505 1744 2556 si
1777 2505 1864 2556 hic
1890 2503 2130 2556 dolentes

585 2607 726 2644 nunc
758 2590 823 2643 ab
849 2592 1078 2644 invicem
1125 2606 1454 2660 separamur,
1491 2591 1693 2644 tendite
1735 2601 1792 2643 ut
1840 2591 1891 2642 in
1950 2590 2130 2643 futuro

584 2676 705 2732 ante
735 2681 892 2734 Deum
919 2681 1020 2732 lani
1053 2678 1117 2733 ad
1140 2680 1368 2732 invicem
1399 2678 1770 2747 conjugamnr.
1814 2677 1996 2732 Estote
2030 2679 2125 2742 illi,

583 2768 672 2836 qui
699 2769 956 2820 veraciter
976 2768 1147 2820 velitis
1176 2767 1306 2820 ellici
1331 2768 1566 2820 haeredes
1596 2765 1706 2818 Dei.
1750 2785 1767 2815 ι

599 2888 603 2891 -
657 2857 742 2908 53.
768 2856 859 2910 llis
877 2858 1030 2910 dictis
1051 2865 1385 2924 erumpentes
1416 2857 1484 2908 ab
1515 2858 1629 2924 ejus
1670 2855 1837 2908 oculis
1879 2855 2127 2924 lacrymzc
2153 2889 2196 2948 Ο

583 2958 701 2994 eum
727 2942 876 3008 plura
908 2942 1046 3009 loqui
1080 2943 1421 3010 prohibuere.
1476 2941 1740 2994 Gemitum
1784 2941 2007 2994 fratrum
2035 2943 2127 3010 qui

581 3025 896 3079 subsecutus
938 3037 1016 3080 est
1069 3027 1188 3093 quis
1235 3027 1515 3079 cnarrabit
1542 3028 1564 3077 ?
1592 3028 1662 3078 Ita
1696 3027 1847 3078 ﬂetus
1897 3027 2132 3092 implevit

546 3139 549 3141 ·
582 3115 780 3180 omnia,
813 3123 869 3166 ιιι
898 3130 996 3165 vox
1036 3114 1166 3165 nulli
1210 3122 1511 3180 Superesset
1571 3114 1635 3166 ad
1688 3114 1864 3166 verba.
1896 3113 2128 3167 Tandem

585 3205 746 3257 Pater
791 3203 992 3256 medios
1029 3216 1282 3268 rumpens
1327 3201 1590 3270 singultus
1619 3201 1692 3252 ait
1722 3217 1736 3253 :
1771 3220 1790 3250 α
1822 3199 2128 3254 Charissimi

586 3293 710 3354 mei,
735 3293 883 3352 scitis
911 3291 1051 3358 quod
1095 3305 1190 3342 vos
1237 3301 1456 3354 esse,.et
1490 3309 1593 3361 quo
1645 3307 1740 3345 vos
1795 3291 2007 3345 tendere
2036 3305 2129 3343 en-

582 3379 744 3446 piam.
778 3378 882 3431 Sed
909 3378 1036 3430 liora
1063 3377 1175 3429 haec
1193 3377 1346 3443 plura
1374 3379 1515 3450 loqui
1548 3387 1711 3441 vetat,
1741 3379 1850 3431 Deo
1879 3377 2144 3451 omnipo-_

583 3471 713 3521 tenti
747 3465 749 3467 ’
787 3479 843 3522 et
895 3467 1204 3522 beatissimo
1263 3469 1623 3536 apostolorum
1694 3468 1917 3536 principi
1973 3465 2130 3519 Petro

586 3573 678 3610 vos
706 3559 1044 3618 commendo,
1076 3565 1208 3609 utet
1237 3557 1350 3622 ipse
1381 3556 1519 3608 Deus
1549 3555 1686 3608 inter
1720 3568 1846 3608 suas
1870 3568 1997 3606 oves
2040 3567 2129 3606 vos

587 3655 859 3713 agnoscat,
883 3653 936 3698 et
955 3646 1143 3697 beatus
1156 3643 1345 3695 Petrus
1366 3643 1416 3694 in
1433 3643 1511 3695 sui
1532 3642 1831 3702 tuitionem,
1856 3642 1990 3693 sicut
2007 3655 2132 3692 oves

589 3733 680 3783 Dei
727 3732 825 3784 sibi
880 3720 1295 3792 commcndatas‘,
1360 3745 1453 3783 vos
1502 3729 1773 3796 suscipiat.
1813 3729 1921 3796 Ego
1951 3737 2129 3781 vestra

585 3820 793 3872 licentia
851 3828 906 3873 et
950 3819 1320 3873 benedictione
1351 3819 1502 3883 vado,
1536 3831 1596 3868 ac
1643 3827 1701 3868 ut
1730 3816 1866 3869 Deus
1896 3817 2041 3882 pacis
2069 3829 2129 3867 ac
2161 3884 2164 3885 ν

585 3908 884 3960 dilectionis
903 3909 1174 3962 vobiscum
1204 3914 1418 3981 maneat
1440 3920 1554 3959 oro.
1578 3923 1595 3955 ι
1617 3905 1864 3958 Posthaec
1877 3903 2128 3966 surrexit,

585 4007 633 4049 et
669 3997 793 4048 dato
824 3996 969 4063 pacis
994 3994 1177 4050 osculo
1214 3995 1442 4058 cunctis,
1489 3995 1541 4047 in
1568 3994 1861 4046 oratorium
1893 3993 2006 4054 ivit,
2039 4006 2133 4058 po-

589 4086 714 4151 pulo
745 4096 989 4139 sanctum
1042 4086 1158 4154 ejus
1205 4086 1487 4154 alloquium
1539 4085 1870 4154 priestolanti
1926 4099 2022 4151 pro
2047 4083 2128 4135 in-

2221 387 2492 439 denudare
2529 388 2755 440 volebat.
2794 390 2883 442 Die
2919 406 3043 444 vero
3095 394 3488 460 quintodeciuto
3512 415 3631 456 eum
3655 409 3756 462 tios

2222 473 2395 528 nauta:
2430 489 2677 544 urgerent
2708 495 2865 533 naves
2909 489 3104 545 petere,
3131 490 3185 532 ct
3229 497 3322 536 nos
3356 486 3755 551 transireavidi

2222 565 2286 617 ad
2317 567 2416 620 hoc
2444 566 2806 634 fatigarentur.
2847 583 2972 621 ecce
3003 569 3210 621 videres
3237 584 3344 621 rem
3373 563 3754 641 miserandam,

2221 663 2422 720 patrem
2447 656 2650 722 patriae.
2683 657 2959 722 primatem
3011 656 3172 708 totius
3222 656 3509 713 Britannize
3539 661 3758 718 Wilbet-

2221 755 2338 794 mus
2363 741 2447 793 ille
2487 735 2939 808 quasi’l'ugitivum
2969 749 3022 793 et
3063 741 3283 808 alicujus
3311 747 3551 802 criminis
3599 763 3749 804 reum

2223 829 2276 882 in
2307 830 2747 894 littoredelinet,
2802 844 2865 883 ac
2900 844 2965 881 ne
3015 845 3162 884 mare
3214 840 3448 889 transeat
3492 852 3558 890 ex
3603 849 3761 907 parte

2223 919 2422 972 domini
2449 921 2528 972 sui
2547 917 2720 986 jubet,
2757 919 2926 972 donec
2967 923 3145 974 omnia
3171 937 3287 990 qua:
3325 939 3504 978 secum
3552 925 3761 982 ferebat

2222 1005 2525 1075 singulatim
2576 1006 2677 1059 sibi
2734 1006 2947 1060 revelet.
3003 1008 3185 1063 Allaue
3237 1011 3396 1079 igitur
3430 1021 3552 1065 ante
3597 1000 3758 1068 illum

2223 1095 2391 1160 bulga:
2417 1103 2470 1148 et
2493 1096 2736 1149 mantica:
2784 1105 3031 1149 reserata:
3075 1108 3220 1160 sunt,
3273 1107 3380 1152 tota
3409 1101 3644 1181 supellpx
3691 1104 3759 1157 il-

2207 1181 2326 1234 lius
2348 1197 2442 1250 spe
2470 1184 2708 1252 pecunia:
2744 1186 3073 1252 reperienda:
3091 1189 3349 1244 subversa
3394 1197 3553 1257 atque
3570 1193 3761 1258 exqui-

2225 1269 2322 1322 sita
2349 1278 2449 1332 est,
2480 1269 2675 1337 ingenti
2697 1270 2865 1335 plebis
2890 1273 3227 1326 multitudine
3255 1273 3657 1339 circumstante,
3685 1291 3753 1329 ac

2224 1359 2485 1412 nefarium
2529 1348 2660 1429 opus
2720 1375 2815 1428 pro
2861 1361 2940 1415 sui
2993 1362 3226 1414 novitate
3278 1361 3589 1416 admirando
3641 1377 3762 1431 spe-

2225 1457 2421 1510 ctante,
2459 1457 2511 1501 et
2559 1448 2848 1517 spectando
2865 1459 3195 1506 exsecrante.
3245 1449 3419 1504 Rebus
3455 1467 3585 1521 ergo
3606 1466 3798 1505 ever-~

2224 1538 2320 1600 sis,
2348 1539 2439 1590 sed
2461 1537 2590 1589 nihil
2626 1530 2814 1591 horum
2844 1555 3066 1606 quorum
3117 1555 3284 1594 causa
3322 1555 3521 1594 eversa:
3559 1539 3761 1593 suntin

2226 1627 2303 1679 eis
2334 1635 2563 1694 reperto,
2591 1626 2770 1681 delusa
2821 1627 3120 1682 sollicitudo
3167 1627 3553 1697 perscrutantis
3590 1637 3671 1683 est
3704 1637 3762 1684 et

2227 1714 2505 1768 Ansclmus
2531 1729 2649 1767 cum
2681 1715 2790 1768 suis
2827 1717 2974 1770 abire
3011 1717 3323 1785 permissus.
3560 1711 3562 1714 ’

2294 1804 2378 1858 55.
2430 1805 2610 1872 Itaque
2649 1819 2834 1858 navent
2889 1806 3192 1876 ingreditur,
3243 1807 3414 1860 ventis
3462 1807 3574 1860 vela
3621 1821 3758 1878 pan-

2227 1894 2426 1948 duntur
2473 1912 2486 1946 :
2531 1903 2582 1948 et
2602 1894 2901 1965 ,aliquanto
2952 1896 3110 1950 maris
3153 1896 3324 1963 spatio
3370 1910 3760 1964 promoventur,

2228 1999 2343 2036 eum
2411 1984 2585 2036 subito
2649 1995 2822 2037 nauta:
2879 1985 3051 2053 primo
3111 1985 3249 2038 inter
3310 2001 3368 2039 se
3417 1985 3762 2039 submurmu-

2229 2081 2420 2130 rantes,
2453 2088 2514 2124 ac
2560 2072 2746 2125 deinde
2787 2073 3086 2126 manil‘esta‘
3111 2077 3237 2127 'voce
3264 2132 3269 2138 _
3300 2075 3540 2125 murmur
3587 2071 3758 2140 ipsmn

2231 2159 2600 2224 depromentcs
2625 2157 2886 2210 allii-munt
2933 2158 3075 2211 nullo
3119 2159 3329 2228 penitus
3356 2167 3566 2222 conatu,
3617 2159 3762 2213 nullo

2230 2260 2632 2299 numerosorum
2689 2260 2954 2298 remorum
3021 2246 3285 2314 impulsu,
3349 2262 3415 2310 eo
3470 2264 3576 2318 quo
3628 2250 3765 2302 fere-

2228 2333 2416 2388 bamur
2471 2342 2647 2396 vento,
2704 2332 2995 2387 Witsandis
3039 2335 3474 2403 perungendum,
3551 2337 3656 2390 imo
3680 2320 3761 2390 κ1ιί

2229 2420 2446 2473 marinis
2501 2419 2748 2473 ﬂuctibus
2814 2419 3016 2486 pariier
3077 2419 3271 2472 involvi
3336 2421 3596 2474 nollemus
3647 2421 3764 2475 sine

2227 2523 2373 2560 mora
2426 2494 3070 2573 remeandum.lngemuit
3112 2507 3391 2560 Anselmus
3443 2509 3506 2561 ad
3562 2510 3680 2573 ista,
3710 2516 3766 2562 et

2228 2595 2300 2645 ait
2335 2611 2348 2645 :
2385 2611 2402 2643 ι
2442 2594 2495 2645 Si
2521 2582 2896 2660 omnipotentis
2931 2593 3021 2645 Dei
3043 2593 3242 2661 judicio
3273 2595 3445 2660 placet
3486 2610 3570 2649 mc
3598 2596 3771 2663 magis

2230 2682 2401 2733 redire
2432 2681 2494 2732 ad
2541 2681 2794 2748 pristinas
2826 2680 3085 2742 miserias,
3118 2695 3273 2747 quam
3303 2681 3576 2734 liberatum
3600 2681 3667 2734 ab
3697 2683 3762 2734 il-

2228 2770 2293 2822 lis
2316 2772 2528 2822 tendere
2565 2770 2629 2820 ad
2658 2768 2709 2820 id
2739 2769 2879 2836 quod
2915 2769 3024 2835 ipse
3056 2769 3200 2820 novit
3248 2783 3332 2821 me
3359 2771 3537 2822 animo
3567 2773 3767 2838 propo-

2226 2859 2409 2920 suisse,
2458 2859 2566 2925 ipse
2595 2857 2784 2920 videat,
2818 2857 2929 2924 ipse
2987 2857 3296 2924 dispenset;
3347 2855 3445 2926 ego
3492 2858 3753 2912 voluntati

2227 2945 2343 3012 ejus
2393 2944 2612 3010 obsequi
2668 2952 2885 3010 paratus
2939 2957 3076 3002 sum,
3125 2956 3224 2994 nec
3260 2944 3400 2995 enim
3452 2959 3618 3007 meus,
3674 2944 3770 2999 sed

2230 3030 2397 3096 ipsius
2445 3044 2578 3081 sum.
2615 3046 2633 3076 ι
2679 3028 2818 3079 Dixit
2883 3036 2938 3078 et
2990 3026 3202 3081 sull‘usis
3243 3029 3293 3080 in
3351 3027 3610 3097 lacryntas
3641 3045 3770 3084 ocu-

2230 3116 2295 3168 lis
2348 3117 2480 3183 ejus,
2534 3115 2931 3180 ,concussisque
2976 3116 3027 3167 in
3078 3119 3326 3184 gemitum
3377 3118 3623 3171 cordibus
3670 3135 3768 3170 no.

2198 3202 2355 3257 nstris
2415 3202 2501 3267 qui
2555 3201 2668 3252 hinc
2723 3200 3064 3254 audiebamus
3115 3217 3177 3256 ac
3234 3205 3569 3272 videbamus.
3631 3194 3804 3258 illico.

2229 3298 2420 3341 ventus
2472 3303 2534 3340 ex
2596 3286 2699 3339 alio
2751 3285 2919 3339 latere
2967 3301 3185 3356 surgens
3232 3291 3300 3342 in.
3335 3293 3505 3344 velunt
3559 3309 3773 3361 percus-

2227 3379 2316 3440 sit,
2369 3385 2422 3430 et
2459 3386 2646 3428 nautas
2691 3374 2802 3440 jam
2853 3375 2967 3429 velo
3021 3377 3215 3430 reﬂexo
3262 3389 3455 3432 terram
3507 3391 3766 3449 petentes,

2193 3527 2196 3532 _
2232 3452 2296 3519 ad
2324 3466 2556 3534 priorem
2583 3479 2793 3517 cursum
2823 3466 3014 3535 reverti
3065 3467 3260 3534 coegit.
3305 3466 3413 3520 Nos
3459 3469 3618 3536 igitur
3662 3485 3764 3522 non

2234 3554 2492 3606 modicum
2537 3552 2835 3617 exhilarati,
2865 3560 2916 3604 et
2965 3552 3014 3603 in
3046 3553 3189 3605 brevi
3227 3557 3581 3622 prosperrime
3609 3559 3772 3609 mari—

2231 3643 2314 3695 nis
2381 3641 2628 3696 [luctibus
2693 3643 2886 3704 evecti,
2935 3639 3230 3695 Witsandis
3279 3659 3375 3711 pro
3427 3655 3547 3698 voto
3603 3647 3768 3714 apuli-

2232 3745 2368 3782 ιιιιιε.

2299 3817 2384 3869 56.
2412 3818 2814 3885 Egredieutibus
2843 3803 3041 3874 autem
3077 3819 3226 3873 nobis
3274 3818 3338 3871 de
3363 3819 3503 3880 navi,
3558 3819 3609 3872 hi
3638 3834 3770 3888 quo-

2233 3923 2348 3960 rum
2405 3908 2553 3958 navis
2599 3895 2730 3968 erat,
2775 3908 3066 3979 retinentes
3131 3908 3378 3960 domnum
3429 3905 3762 3974 Baltluinum,

2234 4010 2389 4061 quem
2419 3985 2743 4060 provisorem
2794 4003 2844 4048 et
2891 3997 3247 4049 ordinatorem
3311 4009 3486 4046 rerum
3531 3987 3767 4047 Anselmi

2232 4099 2389 4150 supra
2415 4083 2666 4145 diximus,
2726 4083 3072 4136 ostenderunt
3117 4085 3164 4136 ei
3213 4081 3453 4134 mirabile
3518 4081 3765 4148 quiddam

587 4177 778 4228 stantis
823 4176 1082 4244 qualitate
1125 4177 1320 4242 negotii
1373 4177 1592 4228 verbum
1667 4174 2048 4228 consolationis
2076 4180 2128 4225 et
2163 4186 2205 4238 D
2231 4173 2372 4238 quod
2395 4171 2680 4224 acciderat.
2717 4170 2959 4222 infunde
2988 4172 3181 4222 etenim
3225 4171 3395 4232 navis,
3446 4185 3564 4237 quae
3593 4169 3766 4222 virum

585 4264 973 4317 exhortationis
1027 4263 1442 4316 tninistraturus.
1497 4263 1648 4328 Quod
1681 4261 1768 4314 ubi
1806 4261 2132 4314 excellenter

588 4350 816 4418 peregit,
843 4359 1051 4402 astante
1077 4352 1477 4412 monachorum,
1507 4351 1917 4402 clericorum'ae
1949 4363 2132 4399 nume-

553 4449 710 4492 ‘rosa
780 4439 1090 4507 populorum
1158 4440 1494 4492 multitudine
1555 4451 1737 4504 perant
1787 4444 1840 4485 et
1889 4435 2129 4485 baculum

589 4524 1042 4591 peregrinantium
1071 4539 1219 4584 more
1269 4538 1447 4575 coram
1497 4520 1653 4572 altari
1687 4519 1940 4588 suscepit,
1981 4531 2132 4569 eom-

584 4601 954 4681 tncndatisque
975 4614 1218 4667 omnibus
1237 4613 1450 4666 Christo
1493 4609 1689 4678 ingenti
1717 4606 1836 4660 lletu
1867 4615 1918 4658 et
1937 4606 2132 4674 ejulatu

592 4710 903 4767 prosecutus
928 4716 1174 4770 egressus
1195 4710 1294 4752 est.

1201 4789 1424 4842 CAPUT
1447 4787 1530 4840 IV.

591 4876 857 4931 Discessu:
883 4879 934 4928 in
980 4875 1226 4937 Galliam,
1259 4878 1377 4928 inde
1424 4877 1636 4928 Romam
1662 4886 1708 4927 et
1739 4877 1790 4927 in
1838 4876 2130 4947 S'umniuyt.

660 4964 746 5018 54.
781 4967 897 5032 Ipso
947 4966 1030 5018 die
1081 4966 1145 5018 ad
1210 4976 1416 5033 portum
1475 4966 1662 5018 Doiras
1709 4967 1917 5029 ivimus,
1961 4969 2135 5035 ibique

587 5056 841 5107 clericum
869 5053 1149 5120 quemdam
1191 5055 1527 5109 Wilhelmum
1570 5055 1781 5106 nomine
1830 5071 1857 5105 a
1912 5073 2032 5124 rege
2068 5056 2132 5107 ad

589 5144 899 5197 Anselmum
969 5144 1228 5196 directum
1300 5146 1612 5211 reperimus.
1690 5145 1896 5198 Detenti
1956 5155 2132 5197 autem

595 5232 662 5284 ibi
690 5230 987 5298 quindecim
1017 5232 1201 5285 diebus
1230 5248 1434 5298 smnus,
1461 5247 1618 5286 vento
1667 5237 1818 5290 nobis
1850 5236 2130 5305 transitum

595 5322 925 5384 prohibente.
960 5323 1011 5374 ln
1044 5338 1145 5390 qua
1178 5339 1322 5376 mora
1357 5325 1494 5377 idem
1524 5325 1838 5379 Wilitehnus
1878 5344 1996 5377 cum
2028 5326 2128 5375 Pa-

599 5419 679 5462 tre
715 5411 914 5463 intraus
958 5424 1009 5466 et
1053 5413 1255 5477 exiens,
1306 5425 1358 5467 et.
1407 5416 1668 5467 inmensa
1718 5417 1850 5467 illius
1900 5415 2135 5480 quotidie

2234 4277 2327 4330 per
2355 4262 2521 4313 undas
2545 4269 2912 4312 transvexerat
2943 4260 3174 4312 fractura
3202 4257 3357 4309 unius
3407 4259 3598 4310 tabula:
3627 4259 3770 4319 [ora-

2236 4365 2352 4401 men
2392 4363 2572 4407 unum,
2605 4346 2772 4399 ferme
2797 4348 3015 4398 duorum
3039 4345 3210 4414 spatio
3233 4344 3421 4410 pedum
3459 4343 3769 4410 magnitudi-

2235 4440 2318 4492 nis
2358 4439 2576 4497 Itabens,
2605 4436 2872 4499 effecerat,
2905 4437 3042 4504 qttod
3067 4435 3288 4486 lluitanti
3312 4432 3584 4485 elemento
3606 4431 3770 4484 latum

2236 4526 2354 4596 [al.,
2413 4523 2604 4593 laeum]
2655 4524 3072 4585 demonstrabat,
3131 4522 3223 4574 sed
3273 4518 3470 4573 nullum
3529 4519 3766 4578 omnino.

2234 4614 2462 4683 quanditt
2499 4613 2778 4665 Ausci-aius
2830 4612 2878 4674 in
2923 4625 2982 4663 ea
3039 4610 3242 4670 fuerat,
3291 4607 3566 4661 reserabat
3608 4606 3774 4658 intro—

2237 4705 2385 4757 itum.
2414 4701 2538 4764 Quie
2564 4715 2644 4752 res
2665 4701 2706 4752 si
2753 4699 3153 4751 admirationem
3184 4711 3301 4748 sese
3331 4693 3656 4746 intuentibus
3688 4692 3770 4743 iti-

2240 4790 2375 4854 tulit,
2409 4804 2509 4840 non
2536 4797 2660 4854 puto
2685 4785 3004 4836 mirandum.
3045 4785 3191 4835 Tunc
3241 4781 3524 4833 Balduinus
3562 4792 3768 4831 summo

2237 4880 2410 4933 studio
2459 4877 2664 4928 cunctis
2695 4889 2804 4924 rem
2858 4875 3031 4924 celare
3067 4871 3334 4940 praecepit,
3381 4879 3432 4920 et
3459 4883 3518 4921 ea
3565 4882 3648 4919 res
3674 4881 3770 4934 per

2238 4969 2286 5020 id
2313 4965 2564 5033 temporis
2614 4978 2716 5014 non
2760 4962 2938 5014 multis
2987 4962 3234 5014 innotuit.
3275 4960 3379 5026 ligo
3423 4967 3596 5009 tamen
3647 4954 3768 5026 [ιώ.

2238 5054 2436 5123 autem]
2464 5069 2580 5105 cum
2634 5051 2753 5101 inde
2803 5052 3042 5116 quietiam
3088 5037 3488 5117 persensissem,
3534 5059 3596 5098 ac
3651 5053 3771 5112 post

2241 5147 2449 5211 longum
2500 5153 2700 5207 tempus
2761 5141 2918 5190 dumi
2959 5140 3040 5198 tis,
3068 5155 3181 5204 qua:
3219 5137 3268 5189 in
3324 5151 3478 5186 manu
3515 5134 3770 5186 habemus

2239 5233 2550 5292 scrilicniis,
2611 5231 2836 5280 animum
2893 5229 3278 5296 applicuissein,
3338 5226 3571 5292 nihilque
3631 5223 3770 5276 unde

2242 5325 2365 5375 mihi
2397 5323 2472 5371 ιιι
2503 5321 2629 5370 lexis
2678 5320 2930 5372 dubitatio
2979 5319 3149 5369 inesse
3211 5325 3412 5382 poterat
3465 5312 3767 5366 describere

2241 5413 2543 5466 itglitissetv,
2594 5407 2907 5475 in’ci'rngavi
2948 5405 3185 5457 Cllttitlt‘m
3242 5404 3410 5454 Virum
3443 5401 3505 5451 de
3537 5399 3762 5464 ttegolio.

3957 18 3962 22 ν
3989 18 4103 88 τξῗη
