4174 6228
452 277 526 331 ,τ
1456 272 1610 327 vna
1644 272 1968 328 AUCTORE
2008 274 2449 331 examino—‘-
2483 279 2607 349 ua.
2640 238 2701 332 ll.
3619 291 3686 343 as

454 398 516 441 et
549 387 829 442 veritatem
873 370 1197 455 magnOperc
1221 380 1526 437 sciscitatus
1549 397 1687 435 sum.
1725 381 1825 448 Qui
1859 382 2029 435 inter~
2056 388 2097 442 Α
2128 399 2338 452 quuqttc
2380 382 2724 455 quamplures
2772 387 2841 441 ob
2898 388 2950 442 id
3003 368 3177 456 ipsum
3230 396 3328 458 pro
3379 385 3582 451 foribus
3609 407 3691 449 at-

452 479 638 548 posita
690 476 931 530 veritatis
983 474 1306 535 assertione,
1345 486 1448 539 qua
1499 486 1686 524 servus
1718 472 1809 523 Dei
1842 486 1905 523 ac
1940 484 2028 522 ve-

452 584 561 623 rus
590 568 886 621 monachus
934 565 1091 617 inniti
1148 563 1325 623 debet,
1354 559 1631 614 confessus
1683 569 1767 612 est
1818 560 2027 641 re‘m‘cx

452 669 580 714 toto
608 660 745 713 sicut
768 671 886 715 eam
927 654 1085 707 retuli
1138 652 1333 706 factam
1362 668 1375 715 ;
1415 667 1513 706 nec
1557 654 1849 720 qttidquam
1883 653 1933 702 in
1965 665 2028 702 ea

452 747 774 802 condictum.
1358 793 1369 802 .

536 837 627 888 57.
648 820 931 887 Auselmus
962 834 1142 900 itaque
1162 841 1314 884 extra
1354 830 1603 899 Angliam
1636 831 1842 899 positus
1882 828 1933 882 i'a
1965 844 2029 882 eo

456 926 754 993 magnifice
798 924 1007 993 lcetatus
1054 934 1137 976 est
1182 933 1236 975 et
1288 922 1607 990 multiplices
1666 922 1774 974 Deo
1822 921 2029 987 gratias

456 1016 599 1084 egit,
632 1015 773 1083 quod
795 1028 853 1065 sc
880 1013 1034 1083 quasi
1066 1013 1359 1066 immanem
1411 1010 1696 1079 Balnlouis
1752 1010 2028 1063 fornacem

452 1106 703 1159 evasisse
746 1112 800 1158 et
850 1103 1059 1156 culmen
1108 1102 1505 1171 quedauunodo
1567 1102 1791 1170 placida:
1834 1102 2030 1168 quietis

453 1178 760 1261 contigisse
815 1192 1050 1246 videbat.
1097 1191 1401 1244 Willelmus
1441 1198 1619 1243 autem
1688 1205 1804 1252 rex,
1851 1190 2031 1243 audito

450 1284 776 1351 Ansclmum
805 1281 1203 1342 transfretasse,
1240 1278 1520 1333 confestim
1548 1269 1803 1348 praecepit
1836 1288 2027 1332 cuncta

453 1389 584 1442 qua:
619 1374 759 1426 illius
800 1371 941 1439 juris
975 1370 1192 1429 fuerant
1240 1370 1296 1422 in
1342 1385 1496 1424 suum
1541 1370 1825 1423 transcribi
1863 1371 2031 1449 donti-

455 1460 639 1520 niuin,
668 1468 722 1512 ut
753 1459 902 1511 irrita
952 1458 1068 1511 fieri
1098 1458 1278 1511 omnia
1310 1473 1429 1525 qua:
1480 1473 1573 1527 per
1627 1459 1799 1525 ipsum
1829 1466 2027 1511 statuta

453 1548 635 1603 fuis:e
680 1548 892 1617 probari
940 1557 1207 1616 poterant,
1250 1562 1313 1600 ex
1354 1563 1461 1615 quo
1500 1549 1798 1602 veneratin
1848 1550 2028 1602 archi-

454 1641 854 1708 episcopatum.
918 1638 1063 1704 Quas
1114 1639 1295 1706 itaque
1349 1638 1722 1692 tribulatioues
1786 1640 2021 1694 Ecclesia

452 1729 663 1782 Christi
694 1744 849 1796 passa
897 1730 966 1781 sit
1000 1731 1159 1789 intus,
1194 1737 1246 1781 et
1300 1736 1477 1791 extra,
1537 1730 1773 1799 cogitatu
1829 1729 2023 1783 nedum

458 1819 611 1872 dictu
634 1819 911 1885 percipere
933 1816 1144 1871 dillicile
1161 1834 1282 1871 esse
1308 1820 1632 1889 pronuntio-

533 1908 622 1961 58.
656 1907 1127 1977 lgiturAuselmus
1162 1924 1191 1962 a
1216 1893 1511 1962 Witsandis
1545 1922 1701 1961 mane
1723 1908 2023 1975 discedens,

452 2008 515 2050 et
552 1996 673 2064 post
699 1998 814 2050 dies
843 1997 909 2049 ad
934 2008 1178 2052 sanctum
1209 1997 1480 2050 Bertiuum
1529 1998 1773 2059 veniens,
1831 2013 2025 2068 magna

452 2088 657 2155 glebis,
682 2089 1002 2141 clericorum
1049 2103 1113 2142 ac
1152 2089 1536 2142 monachorum
1598 2087 1879 2142 alacritate
1905 2104 2024 2143 sus-

455 2187 656 2244 ceptus
684 2186 786 2240 est,
815 2188 864 2231 et
912 2193 1005 2246 per
1032 2179 1268 2246 quinque
1297 2178 1411 2230 dies
1463 2177 1534 2230 ibi
1564 2178 1831 2231 detentus.
1880 2180 2024 2233 Inte-

460 2282 561 2317 rea
597 2275 780 2333 rogatu
835 2269 1214 2321 cauonicorum
1247 2265 1369 2336 [a!.,
1406 2267 1704 2327 amicorum
1755 2276 1809 2320 et
1862 2282 2026 2321 cano-
2057 2303 2061 2307 -

456 2352 607 2424 μία]
636 2356 807 2407 aitare
834 2371 995 2407 ttllttllt
1021 2355 1161 2422 apud
1206 2364 1448 2407 sanctum
1496 2355 1865 2411 Audomarum
1890 2338 2022 2407 cono
2058 2356 2059 2359 “

457 2446 721 2497 secravit.
749 2444 865 2520 Quo
891 2447 1032 2497 facto
1071 2454 1331 2497 venerunt
1361 2445 1427 2495 ad
1455 2454 1575 2507 eum
1626 2445 1870 2496 honorati
1900 2445 2023 2512 qui-

458 2534 591 2585 dam
621 2535 687 2585 de
724 2532 986 2598 indigenis
1035 2533 1159 2595 viri,
1205 2532 1361 2585 ﬂexis
1388 2531 1613 2598 genibus
1652 2531 2020 2595 obsecrantes,

456 2631 730 2690 quatenus
754 2620 890 2674 tilios
908 2635 1094 2674 eorum
1132 2635 1228 2687 per
1254 2620 1649 2688 impositionem
1698 2636 1888 2673 manus
1917 2636 2028 2675 sum

446 2708 617 2783 *sacri
659 2708 966 2761 chrismatis
1006 2710 1266 2783 unctione
1310 2710 1567 2777 signaret.
1605 2709 1688 2767 Ad
1725 2710 1865 2783 quod
1898 2725 2016 2761 mox

459 2798 541 2851 ita
569 2782 897 2864 respondit_:'
926 2816 943 2845 ι
979 2782 1046 2849 Ει
1077 2796 1173 2849 hos
1201 2811 1296 2865 pro
1325 2798 1517 2864 quibus
1548 2782 1748 2865 petitis.
1773 2798 1943 2850 libens
1972 2799 2021 2851 in

457 2887 569 2939 hac
594 2900 749 2938 causa
778 2886 1089 2953 suscipiam,
1120 2893 1175 2938 et
1216 2885 1348 2937 alios
1381 2886 1478 2938 hoc
1498 2889 1835 2939 sacramento
1860 2902 2017 2955 egen-

457 2983 548 3027 tes
577 2974 619 3027 si
644 2982 836 3040 pt‘mstu
856 2972 1049 3024 fuerint
1073 2987 1177 3025 non
1208 2970 1473 3039 abjiciam.
1512 2992 1530 3024 ι
1585 2974 1697 3039 Qua
1723 2975 1793 3027 illi
1843 2976 2020 3028 fatali-

458 3063 578 3117 tatc
608 3064 847 3130 responsi
885 3061 1269 3127 benignitatem
1315 3062 1415 3113 viri
1460 3062 1791 3116 admirantes
1819 3066 2025 3130 magni-

458 3152 570 3205 liee
610 3152 746 3204 xtati
777 3159 921 3212 sunt,
948 3159 1002 3203 et
1033 3141 1238 3218 gratias
1288 3160 1535 3219 egerunt,
1581 3152 2023 3221 confirmatisque

457 3246 649 3320 pueris
672 3246 803 3305 suis,
858 3245 1001 3297 illico
1054 3256 1216 3297 totam
1260 3244 1443 3296 urbem
1491 3244 1575 3297 bis
1631 3261 1749 3311 quae
1792 3245 1860 3320 ab
1910 3244 2025 3309 ejus

457 3348 565 3388 ore
600 3341 922 3402 acceperant
949 3322 1329 3401 impleverunt.
1390 3335 1605 3387 Videres
1618 3342 1760 3401 'ergo
1786 3319 1930 3387 viros
1957 3350 2022 3388 ac

459 3420 719 3474 tnu'eres
766 3434 988 3489 magnos
1011 3436 1075 3474 ac
1111 3436 1305 3488 parvos
1341 3436 1371 3473 e
1399 3420 1644 3475 domibus
1699 3437 1879 3485 ruere,
1907 3437 2023 3474 cer-

461 3511 726 3578 tatimque
756 3508 1022 3563 currendo
1074 3510 1140 3561 ad
1184 3520 1423 3572 nostrum
1472 3511 1759 3577 hospitium
1784 3512 2021 3578 praedicti

458 3600 638 3668 gratia
711 3599 1034 3652 sacramenti
1122 3612 1432 3667 properare.
1492 3598 1682 3655 Plures
1753 3600 2019 3668 siquidem

459 3687 595 3739 δηιπί
632 3686 743 3752 jam
789 3686 926 3753 apud
974 3701 1067 3739 eos
1119 3688 1467 3753 transit-rant,
1502 3690 1552 3741 in
1605 3686 1802 3757 quibus
1850 3690 2027 3744 nullus

455 3776 840 3843 episcoporum
892 3774 999 3828 illic
1048 3775 1225 3829 fuerat
1288 3775 1376 3827 tali
1411 3777 1585 3830 ollicio
1628 3792 1822 3846 passus
1860 3792 2027 3832 occu-

460 3865 610 3934 pari.
1162 3920 1165 3925 .

538 3956 625 4009 59.
656 3954 818 4009 Sexto
842 3957 1049 4009 dcnnun
1074 3956 1159 4008 die
1179 3970 1300 4008 cum
1348 3955 1459 4021 jam
1511 3958 1849 4009 innumeram
1890 3956 2025 4008 mul-

467 4045 760 4097 titudinem
806 4048 1198 4109 confirmasset,
1242 4057 1297 4099 et
1328 4061 1423 4099 nos
1466 4063 1494 4097 a
1524 4046 1641 4098 loco
1691 4045 2025 4099 discessuros

459 4136 684 4203 longum
747 4136 848 4192 iter
902 4138 1071 4206 ipsius
1133 4138 1240 4190 diei
1289 4136 1431 4205 quod
1470 4136 1713 4201 instabat
1770 4136 2026 4189 festinare

458 4223 834 4292 compelleret,
884 4241 1009 4280 ecce
1063 4229 1235 4297 puella
1277 4227 1518 4295 quautam
1560 4227 1773 4278 domum
1819 4226 1884 4278 de
1918 4241 2025 4293 qua

458 4328 639 4381 equus
686 4316 956 4367 ascensuri
987 4318 1397 4385 egrediebamur
1443 4314 1671 4376 introiit,
1714 4313 1876 4367 flebili
1906 4316 2022 4381 pic-

418 4390 429 4393 l
460 4403 598 4458 tatis
619 4400 811 4457 alTeCtu
840 4419 897 4457 se
925 4406 1232 4458 confirmari
1284 4406 1597 4471 deposcens.
1631 4403 1779 4466 Quod
1805 4404 2020 4469 quidam

460 4508 538 4545 ex
563 4493 725 4545 sociis
755 4496 955 4547 nostris
990 4496 1267 4549 audientes
1303 4496 1460 4547 nimis
1504 4494 1726 4546 moleste
1765 4495 2021 4559 tulerunt,

458 4592 527 4635 ct
553 4582 713 4635 verba
737 4583 899 4650 illius,
932 4594 1117 4654 utpote
1163 4588 1253 4654 qui
1294 4585 1407 4653 jam
1468 4587 1650 4638 talium
1690 4597 1845 4639 erant
1871 4589 2023 4641 lardio

458 4671 670 4737 amicti,
709 4677 1125 4730 contradicendo
1178 4678 1575 4743 depresserunt.
1626 4678 1763 4743 Quid
1823 4677 2024 4745 plura?

459 4760 661 4815 Virum
689 4765 936 4831 precibus
973 4765 1160 4833 puellm
1189 4781 1467 4819 assensum
1499 4767 1737 4833 pricbcrc
1761 4766 2020 4820 vadentem

462 4851 600 4918 ipsi,
633 4851 853 4921 objecta
869 4853 1198 4921 longitudine
1224 4854 1428 4907 diarum
1474 4855 1592 4915 viai,
1637 4852 1861 4919 objectis
1886 4857 2027 4922 peri-

461 4939 612 4993 culis
645 4957 760 5009 qua:
818 4954 1109 5009 nocturnos
1160 4945 1391 4996 viatores
1438 4944 1488 4995 in
1518 4945 1795 5012 peregrina
1838 4960 2025 5012 quam-

434 5027 705 5087 -maxinte
769 5032 943 5100 patria
1017 5032 1469 5099 comprehendere
1534 5031 1749 5095 solent,
1813 5032 2024 5098 objecta

2135 481 2310 525 tentes
2337 480 2501 537 stare,
2544 484 2867 544 paratosque
2921 476 3242 546 irrumpere,
3294 478 3339 532 si
3368 480 3417 533 ei
3463 480 3564 535 soli
3603 497 3691 537 ac-

2130 561 2446 627 quiesceret,
2480 564 2850 630 detinueruut,
2884 575 2937 618 et
2983 583 3050 619 ne
3074 568 3189 621 voci
3223 567 3391 636 ipsius
3443 570 3683 627 auditum

2130 650 2389 714 praeberet
2412 651 2779 705 obtinuerunt.
2830 653 2935 705 Sed
2962 655 3049 708 ubi
3079 655 3410 724 aliquantum
3465 673 3689 727 proces-

2131 738 2320 801 simus,
2367 739 2515 791 venit
2563 738 2708 791 Patri
2742 740 2794 792 in
2824 750 3056 794 mentem
3095 743 3290 810 quibus
3335 744 3689 813 acquieverit,

2130 826 2257 892 quid
2280 828 2464 894 egerit.
2500 818 2641 881 ΙΙΙὶοό
2664 829 2842 882 nimia:
2867 829 3157 898 impietatis
3179 832 3409 899 seipsuttt
3435 847 3687 903 arguens,

2134 925 2336 969 tantum
2358 920 2547 992 exinde
2574 922 2819 988 concepit
2856 921 2905 974 in
2930 924 3091 975 corde
3136 922 3395 988 dolorem,
3436 933 3494 976 ut
3520 941 3691 992 quau-

2130 1006 2220 1058 diu
2274 1008 2393 1059 vita:
2462 1010 2710 1075 praesenti
2766 1013 3057 1075 superfuit,
3103 1014 3377 1079 pmnitudo
3422 1014 3586 1081 ipsius
3612 1014 3688 1066 fa-

2130 1098 2226 1161 cti,
2260 1106 2315 1149 ut
2340 1111 2483 1166 smpe
2530 1097 2820 1163 fatebatur,
2852 1100 2919 1153 ab
2954 1100 3133 1154 animo
3168 1102 3283 1170 ejus
3309 1118 3413 1156 non
3444 1119 3685 1158 recesse-

2130 1186 2223 1237 rit.
3082 1228 3083 1231 η

2199 1276 2286 1328 40.
2308 1274 2469 1329 Nobis
2487 1277 2681 1332 dehinc
2703 1286 2935 1347 emptum
2960 1277 3063 1331 iter
3083 1278 3149 1332 de
3169 1278 3256 1331 die
3288 1279 3340 1333 in
3370 1278 3511 1335 diem
3539 1299 3690 1338 acce—
3706 1345 3718 1352 Α

2129 1367 2444 1432 lcrautibus,
2480 1367 2617 1421 fama
2669 1369 2768 1422 viri
2819 1368 2989 1422 multo
3016 1369 3248 1423 celerius
3296 1374 3686 1441 prrecurrebat,

2129 1468 2182 1512 ct
2210 1458 2486 1525 multiplici
2516 1449 2751 1527 populos.
2784 1474 2914 1513 voce
2941 1460 3199 1526 replebat.
3231 1460 3380 1515 Unde
3414 1464 3689 1529 turbarum

2130 1562 2445 1609 concursus,
2495 1548 2814 1600 clericorum
2862 1540 3055 1611 coetus,
3111 1551 3495 1611 monachorum
3531 1567 3689 1619 exer-

2129 1637 2269 1689 citus
2299 1638 2367 1700 ei,
2415 1652 2732 1704 quocunque
2776 1637 3042 1700 veniebat,
3073 1626 3365 1693 occurrunt
3392 1660 3405 1693 :
3441 1644 3525 1696 isti
3557 1661 3696 1713 gau~

2063 1711 2103 1764 Β
2130 1726 2218 1779 dio
2239 1736 2293 1777 et
2331 1726 2689 1779 exsultatione
2734 1736 3143 1795 concrepantes,
3186 1729 3258 1785 illi
3296 1733 3502 1785 vexillis
3522 1711 3580 1786 et
3599 1750 3688 1788 so-

2129 1815 2277 1869 noris
2320 1815 2666 1879 concentibus
2708 1816 2818 1869 Deo
2849 1831 2946 1883 pro
2982 1816 3123 1871 illius
3168 1819 3399 1890 adventu
3438 1821 3693 1889 conjubi-

2126 1903 2315 1956 lautes.
2341 1903 2470 1956 Cum
2499 1912 2677 1957 autem
2724 1890 3336 1974 Lugdunumvenisset,
3385 1917 3439 1962 et
3486 1912 3553 1964 ab
3601 1926 3693 1964 ar-

2126 1994 2470 2061 CilicpiSCOpO
2545 1984 2781 2046 civitatis
2859 1994 3026 2063 ipsius
3106 1995 3338 2064 gloriose
3405 2011 3689 2067 susceptus

2126 2082 2333 2146 fuisset,
2365 2093 2485 2151 post
2512 2084 2627 2136 dies
2654 2099 2852 2151 paucos
2887 2085 3068 2138 missis
3111 2086 3304 2141 litteris
3347 2090 3630 2144 cousilimn
3657 2108 3689 2145 a

2124 2170 2349 2223 Domino
2408 2186 2541 2238 ptzpa
2589 2170 2657 2224 de
2714 2172 2927 2240 negotio
2974 2188 3071 2226 suo
3112 2176 3394 2243 quaesivit,
3452 2187 3507 2230 et
3560 2178 3690 2246 quia

2123 2258 2319 2328 partim
2352 2258 2721 2312 imbecillitate
2777 2260 2860 2331 sui
2892 2262 3156 2329 Corporis,
3198 2264 3393 2331 partim
3429 2264 3558 2318 aliis
3576 2264 3691 2333 plu-

2124 2348 2273 2400 ribus
2299 2338 2475 2401 causis
2528 2349 2851 2417 pra'pcditus
2893 2350 3031 2404 ultra
3081 2351 3398 2421 Lugdunum
3440 2354 3688 2421 progredi

2128 2451 2470 2515 ncguaquam
2517 2447 2720 2506 posset,
2748 2440 2800 2492 ei
2837 2441 3124 2512 suggessit.
3150 2440 3226 2495 Ita
3273 2457 3402 2511 ergo
3442 2442 3687 2510 Lugduni

2128 2527 2343 2590 resedit,
2374 2528 2602 2581 reditum
2631 2533 2944 2586 nuntiorum
2978 2548 3195 2587 suorum
3242 2533 3313 2593 ibi
3344 2544 3685 2602 exspectans.

2128 2615 2256 2669 Post
2286 2606 2493 2684 tempus
2519 2617 2686 2670 Roma
2711 2620 2880 2674 nuntii
2924 2621 3169 2685 redeunt,
3189 2631 3244 2675 et
3268 2624 3517 2690 quoniam
3539 2625 3685 2691 omni

2124 2705 2334 2759 sublata
2366 2702 2711 2762 excusatione
2735 2723 2856 2762 eum
2887 2710 2953 2762 ad
2977 2724 3036 2764 se
3056 2725 3190 2778 papa
3235 2725 3524 2779 properare
3551 2725 3692 2778 piae-
3736 2759 3742 2765 .

2125 2795 2342 2861 ceperit,
2400 2794 2658 2848 referunt.
2728 2796 2820 2850 llle
2858 2796 3092 2851 'nescius
3146 2814 3310 2852 mora:
3370 2797 3692 2867 pontificali-

2125 2881 2225 2933 bus
2242 2880 2409 2946 jussis
2435 2882 2677 2945 obaudit,
2734 2874 2834 2936 rice
2886 2899 2945 2937 se
3000 2885 3254 2954 periculis
3309 2895 3536 2939 mortem
3586 2898 3725 2952 pro.

2074 2980 2077 2985 ‘
2128 2970 2237 3023 Deo
2266 2986 2369 3023 non
2404 2972 2605 3025 veritus
2631 2972 2813 3027 tradit.

2195 3063 2283 3116 Ill.
2319 3063 2451 3116 lliuc
2476 3063 2750 3117 Secusiam
2784 3064 2894 3134 (ΞΒ)
2922 3067 3192 3130 venimus,
3242 3072 3298 3120 et
3343 3082 3443 3121 nos
3498 3066 3687 3120 abbati
3720 3086 3723 3091 ί

2134 3150 2233 3205 loci
2266 3152 2398 3204 il;ius
2429 3150 2883 3217 prmscntaviu'ius.
2934 3152 3162 3206 Eramus
3191 3154 3405 3223 quippe,
3438 3155 3690 3226 monachi

2133 3252 2262 3301 tres,
2301 3243 2546 3295 dominus
2597 3242 2843 3295 videlicet
2863 3252 2918 3295 et
2966 3242 3129 3297 Pater
3175 3245 3483 3308 Anselmus,
3528 3231 3689 3297 ‘dom-

2121 3346 2221 3382 nus
2273 3330 2583 3405 Balduinus,
2614 3339 2666 3381 et
2696 3326 2925 3398 ego‘qui
2950 3315 3087 3385 'bmc
3134 3334 3314 3387 scribo
3342 3333 3511 3388 frater
3539 3335 3688 3388 Ead—

2122 3433 2315 3471 mcrns.
2357 3418 2454 3482 Qui
2482 3418 2554 3471 ita
2580 3418 2787 3471 ibamus
2835 3420 2986 3486 quasi
3042 3436 3198 3487 pares
3226 3436 3486 3483 essemus,
3528 3422 3677 3475 nullo

2121 3507 2317 3560 iudicio
2355 3507 2473 3573 quis
2495 3505 2582 3559 cui
2610 3514 2887 3573 praestaret
2917 3522 3099 3562 coram
3144 3508 3265 3564 aliis
3306 3511 3674 3577 o°'.cudcntes.

2122 3599 2204 3651 Ab
2237 3598 2433 3650 abbate
2494 3596 2656 3664 igitur
2676 3596 2768 3662 qui
2794 3596 2880 3649 vel
2907 3596 3048 3651 unde
3073 3601 3683 3668 essemus,iuter‘rogati,

2122 3688 2309 3754 paucis
2366 3685 2758 3753 respondimus.
2788 3685 2856 3739 Et
2892 3687 3081 3740 audito
3126 3688 3493 3759 quosdam.cx
3531 3689 3686 3742 nobis
3748 3728 3749 3731 η

2124 3774 2409 3830 Becceusis
2445 3777 2679 3831 ,cmnobii
2719 3776 3015 3835 monachos
3034 3789 3174 3840 esse,
3200 3776 3508 3831 sciscitatus
3538 3785 3623 3831 cst.
3670 3793 3684 3808 ·

2100 3882 2101 3887 η
2132 3884 2149 3915 ι
2185 3866 2424 3928 Fratres,
2455 3866 2677 3919 obsecro
2698 3881 2819 3929 sos,
2852 3864 2982 3917 vivit
3023 3863 3109 3917 ille
3134 3864 3326 3928 adhuc,
3382 3864 3470 3917 ille
3493 3863 3587 3918 Dei
3628 3875 3682 3917 et
3760 3927 3769 3931 ξ

2121 3954 2353 4007 ninnium
2374 3954 2633 4007 bonorum
2660 3954 2868 4007 amicus
2912 3948 3218 4016 Anselu'tus,
3248 3952 3457 4009 scilicet
3495 3967 3686 4025 emno-

2123 4040 2195 4092 bii
2227 4041 2391 4109 ipsius
2418 4041 2604 4104 abbas,
2630 4032 2720 4093 vir.
2765 4041 2817 4094 in
2868 4041 3014 4095 omni
3046 4040 3329 4115 religione‘
3352 4042 3607 4109 probatus
3629 4050 3685 4099 et

2124 4132 2410 4200 acceptus?
2434 4150 2452 4182 ι
2481 4131 2772 4185 Balduiuus
2794 4133 2861 4185 ad
2878 4132 2992 4187 haec
3022 4149 3080 4185 :1
3101 4131 3193 4184 llle
3212 4131 3308 4192 ait,
3336 4132 3401 4184 ad
3422 4131 3687 4197 archicpie

2124 4233 2399 4290 scepatum
2426 4224 2477 4276 in
2501 4222 2642 4275 aliud
2671 4232 2894 4289 regnum
2918 4230 3212 4291 raptusest.
3233 4240 3252 4271 ι
3280 4222 3452 4274 Atille
3479 4239 3490 4272 :
3532 4221 3693 4292 «,An.’

2052 4311 2251 4400 D'divi.
2279 4311 2381 4367 Sed
2411 4326 2573 4374 nunc,
2597 4324 2798 4378 quaeso,
2833 4310 3063 4378 qualiter
3089 4309 3212 4363 est?
3237 4299 3375 4362 vald
3396 4309 3419 4361 ’Β
3438 4309 3685 4387 -ιιψιί-

2077 4459 2084 4465 ,
2124 4401 2243 4455 dem
2276 4417 2337 4454 ex
2371 4419 2434 4456 eo
2460 4411 2720 4471 tempore,
2749 4404 2844 4466 ait,
2866 4417 2974 4471 quo
2994 4402 3208 4456 functus
3236 4410 3323 4456 est
3345 4400 3680 4469 pontiﬁcatu,

2124 4504 2229 4541 non
2265 4491 2368 4543 vidi
2399 4505 2519 4543 eum
2538 4490 2704 4544 ‘Becci
2734 4508 2749 4555 ;
2778 4491 2978 4545 dicitur
3009 4500 3186 4545 tamen
3218 4488 3357 4549 bene
3383 4487 3564 4541 valere
3591 4489 3681 4542 ubi

2124 4596 2225 4640 cst.
2254 4608 2271 4639 ι
2307 4588 2455 4641 Tunc
2506 4589 2710 4642 abbas:
2744 4607 2761 4637 ί
2789 4588 2853 4641 Ει
2882 4597 2938 4642 ut
2969 4587 3141 4648 valeat
3187 4598 3303 4639 oro.
3323 4602 3341 4635 ι
3376 4583 3501 4637 llaec
3528 4583 3593 4635 de
3622 4597 3683 4637 se

2121 4675 2408 4728 AilSt‘ll‘tlUS
2431 4676 2533 4728 dici
2566 4676 2806 4741 audiens,
2850 4674 3131 4730 confestim
3160 4680 3300 4728 tecto
3322 4669 3542 4749 cucullo;
3570 4684 3682 4723 suae

2124 4766 2320 4832 capitio
2344 4768 2537 4834 capite,
2568 4766 2804 4820 demisso
2851 4765 2998 4819 vultu
3055 4764 3299 4819 sedebat.
3354 4752 3681 4815 Nolebamus

2122 4855 2263 4908 enim
2295 4853 2531 4921 agnosci,
2562 4868 2627 4907 ne
2649 4855 2785 4907 forte
2807 4861 3163 4922 prmcurrente
3187 4850 3330 4907 fama
3359 4850 3424 4904 de
3442 4848 3679 4900 adventu

2123 4943 2377 4995 tantiviri
2409 4942 2580 4995 cuivis
2629 4942 2865 5009 periculo
2917 4950 3099 4995 nomn
3172 4939 3376 4992 incuria
3428 4937 3681 4989 licrcmus

2121 5034 2358 5087 olmosii.
2393 5033 2688 5089 Cclebratis
2729 5034 2924 5088 dehinc
2971 5034 3024 5086 in
3051 5029 3296 5085 cmnobio
3341 5026 3452 5092 (29‘
3502 5028 3677 5083 sancti

1748 5119 2154 5176 ιιιςλδωιιεδιι
2190 5123 2415 5177 NOTAE.

541 5205 655 5275 (28)
691 5206 911 5279 Secusia
964 5210 1118 5279 vulgo
1172 5178 1345 5274 Stisa,
1397 5210 1536 5263 haud
1580 5210 1766 5277 procul
1820 5210 2013 5263 Seniso

460 5287 679 5342 monte,-
721 5279 771 5330 iu
820 5277 1212 5331 Pedemoutana
1265 5281 1484 5331 ditione.
1534 5279 1628 5331 Est
1676 5279 1746 5331 ibi
1800 5280 2015 5333 abbatia
2062 5284 2065 5285 ⁷

464 5344 529 5400 S.
566 5342 725 5410 Justi,
749 5355 925 5398 erecta
958 5362 1097 5398 anno
1128 5347 1281 5408 1029,
1313 5348 1462 5412 cujus
1489 5348 1774 5405 erectionis
1805 5349 2015 5401 instru-

460 5424 712 5468 mentum
739 5430 857 5466 cum
891 5416 1229 5481 chronologia
1269 5418 1517 5468 abbatum
1544 5418 1758 5469 exhibet
1787 5414 2009 5468 Franci-

462 5496 600 5553 ρους
650 5484 971 5553 Augustinus
1015 5486 1081 5535 ab
1130 5486 1350 5536 ecclesia
1395 5488 1446 5537 in
1502 5485 1731 5539 llisloria
1787 5487 2015 5539 cbrono~

463 5551 643 5620 lo‘sica
672 5551 1075 5607 l’edeazontanzc
1120 5554 1347 5618 rrgiunis
1370 5570 1419 5620 p.
1444 5554 1540 5606 9.37
1569 5566 1621 5607 et
1649 5555 2015 5623 sequentibus.

2185 5214 2296 5281 (29)
2312 5212 2726 5265 Celeberrimiim
2753 5211 2878 5263 illud
2906 5220 3033 5265 tunc
3050 5218 3168 5265 erat
3188 5208 3485 5279 cmuebium
3500 5203 3557 5258 S.
3582 5202 3677 5281 bli—

2121 5275 2343 5353 chaelis,
2365 5296 2467 5353 an.
2494 5280 2597 5332 966
2624 5290 3017 5353 consecratum,
3050 5282 3134 5353 cui
3166 5276 3341 5353 varias
3360 5282 3513 5350 erant
3539 5275 3672 5325 sub-

2116 5352 2270 5418 jeclzc
2292 5350 2518 5420 abbatia:
2558 5367 2570 5400 :
2604 5364 2747 5402 nunc
2785 5361 2864 5420 cst
2897 5350 3122 5403 ecclesia
3159 5344 3428 5420 collegium
3454 5344 3675 5420 cauom-

2123 5408 2306 5471 ἱυνυιη
2332 5418 2689 5484 δαν(“υῑ;ιι·ἰιιιιι,
2723 5418 2797 5472 uti
2825 5419 3017 5487 legitur
3046 5420 3098 5471 iu
3127 5408 3673 5479 citatavchroutJIOgi;

2124 5503 2177 5555 p.
2201 5487 2303 5540 209
2329 5498 2379 5540 et
2405 5502 2555 5555 seqq.
3564 5510 3575 5517 ο
