4174 6182
308 216 397 270 “ll

1289 222 1440 275 V’lTA
1480 221 1803 275 AUtLTORE
1842 222 2181 277 ΕΛΠΜῘΞΠΟ.
2214 256 2281 265 --
2321 228 2442 282 LIB.
2480 230 2537 281 ll.

3390 246 3488 299 109

308 331 497 384 mirum
536 349 547 382 :
587 347 726 399 aqua
757 332 919 393 cnim,
975 348 1129 401 quam
1158 347 1214 386 se
1245 337 1495 403 magister
1522 340 1699 405 operis
1748 353 1845 391 nec
1875 342 1915 393 Δ
1949 338 2140 388 tionem
2194 340 2420 400 transiit,
2458 342 2661 394 obsidio
2713 343 2851 398 illius
2895 346 3164 401 dominum
3210 365 3396 419 papam
3430 366 3487 410 et

304 420 363 474 in
398 420 645 489 plurimis
668 422 854 475 diebus
886 433 1217 488 reperturum
1249 427 1485 491 ptttabat,
1515 444 1617 479 non
1648 428 1842 479 mirum

306 509 351 561 si
376 520 645 578 stuporem
676 510 957 562 incusserit
984 510 1127 562 brevi
1158 523 1386 578 reperta.
1430 514 1704 569 Perfectus
1741 516 1845 567 ita-

304 613 407 667 que
437 607 627 666 puteus
656 608 774 659 -cst,
830 598 1049 650 modica:
1091 600 1301 665 quidem
1346 604 1724 670 profunditatis
1756 620 1846 658 cx-

304 686 590 745 stans,sed
621 684 1008 750 limpidissima:
1052 693 1212 753 atque
1268 688 1493 743 salubris
1542 706 1691 758 aqnze
1732 691 1843 759 jngi

307 768 449 823 fonte
472 770 795 823 redundans.
819 770 946 834 Quae
968 786 1054 825 res
1076 772 1217 826 illico
1239 774 1509 845 divulgata
1537 795 1643 830 non
1669 793 1845 845 parva:

304 856 642 911 admirationi
686 859 803 922 fuit,
858 869 911 914 et
958 877 1077 915 eam
1121 864 1217 916 viri
1275 868 1479 921 meritis
1525 870 1700 922 omnis
1754 869 1842 937 qui

303 946 503 999 audivit
526 948 794 1015 ascripsit'.
820 948 1004 1016 Itaque
1026 961 1215 1018 puteus
1246 953 1349 1013 ille.
1384 950 1575 1021 puteus
1610 958 1845 1011 Cantua-

304 1034 498 1087 riensis
526 1036 912 1103 archiepiscopi
947 1053 1112 1105 usque
1155 1041 1311 1094 hodie
1345 1043 1411 1095 ab
1444 1044 1633 1099 incolis
1678 1049 1842 1117 ipsius

304 1131 461 1175 terra:
489 1132 731 1177 vocatur.
765 1126 963 1179 Ferunt
1000 1116 1175 1183 autem
1225 1130 1297 1191 hi,
1338 1133 1425 1200 qui
1480 1134 1545 1186 ad
1591 1152 1687 1190 nos
1719 1139 1841 1195 inde

300 1225 439 1277 sepe
469 1223 751 1278 venerunt,
790 1215 918 1281 quia
943 1215 1091 1269 multi
1131 1217 1377 1271 diversis
1403 1221 1747 1290 languoribus
1774 1245 1837 1283 ac

302 1296 539 1351 febribus
566 1301 718 1364 lenti,
749 1313 956 1370 sumpta
996 1305 1046 1357 in
1077 1315 1257 1372 potutn
1307 1310 1494 1363 eadem
1523 1328 1678 1381 aqua,
1730 1318 1839 1384 pri-

297 1389 453 1440 stina:
476 1390 688 1442 sanitati
720 1406 838 1444 mox
872 1395 1228 1448 restituuntur
1249 1397 1382 1466 (50).

906 1498 1128 1575 eaeor
1160 1503 1217 1556 γ.

296 1577 555 1635 Excursio
580 1584 632 1636 in
659 1583 1015 1667 Campaniam.
1065 1588 1277 1708 Reldittts
1314 1594 1363 1646 in
1395 1594 1637 1652 Galliam.
1677 1598 1833 1655 Varia

927 1670 1121 1708 mtmcu
1146 1677 1195 1708 ιι.

927 1670 1195 1711 miracula.

363 1738 456 1790 45.
494 1738 585 1792 llis
632 1740 819 1795 diebus
871 1742 1131 1812 Bogerius
1171 1747 1274 1800 dux
1318 1751 1518 1817 Apulia:
1559 1754 1829 1809 civitatem

292 1826 529 1893 Capuam
570 1829 869 1882 obsederat.
894 1830 1009 1896 .Qni
1040 1833 1177 1885 fama
1200 1836 1297 1889 viri
1326 1850 1594 1905 permotus
1620 1844 1833 1899 mitti-ns

292 1916 500 1981 rogavit
528 1931 647 1969 cum
684 1906 864 1971 venire
892 1921 956 1972 ad
993 1935 1087 1973 se:
1130 1927 1487 1991 ascendimus,
1533 1929 1743 1995 ivimtts,
1781 1943 1835 1987 et

206 2032 213 2037 -
292 2000 473 2065 plures
504 2002 556 2053 in
598 2003 875 2056 obsidione
919 2006 1030 2060 dies
1071 2010 1362 2078 exegimus,
1410 2018 1597 2071 remoti
1631 2020 1681 2071 in
1719 2028 1832 2074 ten-

292 2088 446 2139 toriis
463 2103 491 2139 a
519 2088 811 2158 frequentia
833 2095 1126 2148 et-tntnultu
1150 2104 1525 2167 perstrepentis
1544 2105 1826 2175 exercitus.

294 2175 418 2228 Erat
463 2186 638 2245 autem
669 2180 756 2233 ttbi
793 2195 1004 2237 eramus
1040 2187 1279 2252 qumdam
1309 2192 1586 2248 ccclesiola
1618 2200 1828 2265 penitus

291 2264 522 2328 deserta,
577 2266 628 2319 e‘t
666 2266 820 2333 juxta
867 2272 1061 2325 ostium
1107 2275 1339 2329 cisterna
1387 2264 1827 2349 desuperidiruta

292 2374 495 2427 magna:
522 2362 898 2429 profunditatis
933 2368 1134 2421 hiatum
1158 2385 1250 2422 sua
1277 2372 1577 2439 diruptionc
1605 2383 1831 2442 praeten-

291 2446 441 2499 dens.
495 2449 549 2500 ln
601 2464 704 2517 qua
754 2452 975 2505 ecclesia
1021 2454 1163 2508 velut
1202 2457 1253 2509 in
1299 2472 1507 2512 camera
1558 2476 1651 2527 pro
1700 2462 1831 2535 velle

291 2537 765 2601 ronvcrsabamttr,
816 2548 920 2593 tant
957 2544 1118 2609 quieti
1155 2560 1312 2613 quam
1364 2549 1508 2612 operi
1550 2548 1601 2601 in
1650 2565 1712 2603 ea
1744 2550 1826 2603 in-

290 2622 589 2692 dulgentes,
615 2636 670 2679 et
694 2628 877 2681 ducem
911 2630 1080 2697 ipsum
1105 2648 1224 2686 cmn
1254 2635 1363 2689 suis
1406 2637 1679 2690 uobiscum
1721 2641 1832 2693 sin-

290 2712 426 2780 gulis
469 2714 654 2769 diebus
678 2718 742 2787 ad
772 2734 889 2785 qua:
922 2720 1227 2776 Volebamus
1256 2725 1307 2777 in
1348 2738 1588 2795 promptu
1630 2728 1827 2783 haben-

293 2809 387 2854 tes.
434 2802 676 2868 Quadatn
714 2820 839 2861 vero
882 2817 1038 2863 nocte
1079 2824 1198 2863 cum
1245 2813 1295 2865 in
1342 2828 1401 2867 ea
1454 2816 1827 2882 dormirenms,

289 2890 517 2958 contigit
543 2893 850 2951 Anselmnm
885 2898 965 2950 sui
994 2900 1236 2964 corporis
1270 2890 1583 2958 necessitate
1619 2906 1828 2961 silentio

289 2990 528 3046 surgere,
560 2989 614 3032 et
652 2996 719 3033 ne
747 2982 1165 3050 inquietaretnur
1191 3001 1290 3041 suo
1329 3005 1475 3045 more
1521 2991 1662 3049 lento
1694 2996 1823 3061 pede

288 3064 353 3115 ad
377 3069 572 3120 tzstinm
600 3072 829 3125 tendere.
877 3072 1025 3137 Quod
1056 3089 1173 3127 cum
1202 3078 1428 3143 exisset,
1471 3089 1524 3133 et
1549 3082 1828 3136 immemor

289 3154 454 3207 fovea:
486 3170 583 3222 per
622 3159 867 3213 tenebras
907 3162 957 3213 in
996 3173 1197 3228 partem
1238 3167 1559 3231 diremisset,
1603 3171 1654 3222 in
1705 3187 1827 3238 pro-

237 3228 242 3234 λ
290 3243 516 3297 fundum
574 3248 799 3312 cecidit,
848 3249 1080 3305 clamosa
1141 3268 1271 3308 voce
1323 3258 1556 3310 cadendo
1611 3259 1819 3313 dicens:

294 3330 487 3384 Sancta
522 3333 725 3387 Maria!
752 3336 829 3388 Ad
860 3352 1012 3404 quem
1042 3341 1269 3395 sonitum
1300 3359 1393 3395 nos
1416 3360 1476 3397 ac
1506 3345 1631 3398 socii
1657 3348 1823 3419 nostri

291 3423 375 3486 qui
435 3424 485 3474 iu
542 3425 787 3478 tentoriis
836 3429 1178 3495 quiescebant
1236 3433 1619 3501 cxpergcfacti,
1677 3435 1827 3489 lectis

290 3512 691 3579 prosilivinms,
743 3527 1080 3571 accurrentes
1134 3520 1400 3573 hominem
1456 3522 1506 3574 in
1570 3523 1826 3591 profundo

290 3602 536 3667 vidimus,
590 3613 643 3655 et
690 3620 795 3671 pra:
832 3607 1019 3661 timore
1068 3608 1222 3661 simul
1274 3620 1326 3664 et
1366 3613 1604 3679 angustia
1654 3616 1827 3668 cordis

290 3688 578 3741 exanimati
620 3688 729 3743 fere
775 3708 971 3747 sumus.
1016 3695 1163 3759 Quod
1198 3697 1306 3764 ipse
1343 3697 1653 3766 percipiens.
1707 3719 1825 3755 mox

293 3773 459 3828 levato
503 3776 678 3843 capite
703 3779 838 3831 comi
872 3781 1034 3844 vultu,
1060 3783 1289 3849 jncundo
1336 3785 1525 3837 intuitu
1557 3788 1704 3839 nobs
1747 3790 1825 3839 in-

291 3866 402 3915 nuit
440 3866 580 3937 nihil
622 3866 852 3919 hcsionis
899 3884 1015 3922 sese
1063 3886 1386 3939 perpessum.
1444 3874 1828 3931 Descendentes

292 3936 451 4020 igitur
502 3955 723 4026 quidam
770 3970 832 4008 cx
887 3958 1080 4010 nostris
1138 3973 1201 4011 ex
1252 3961 1413 4013 altera
1465 3973 1613 4028 parte
1666 3965 1825 4031 ipsius

292 4042 604 4109 prrccipitii,
657 4058 758 4110 qua
806 4046 887 4097 via
937 4057 1053 4099 erat
1104 4030 1484 4111 descendendi,
1531 4053 1827 4109 eduxerunt

267 4137 465 4199 .cum'a
502 4131 622 4186 loco
648 4147 829 4187 sanmn
859 4136 1073 4190 omnino
1098 4147 1255 4206 atque
1283 4139 1613 4194 incolumem.

1948 424 2255 476 Ansclntttttt
2292 426 2497 477 vicinos
2532 429 2735 494 habuit,
2786 431 2855 485 ita
2890 443 2946 486 ut
2982 434 3179 488 ﬁttttilia
3219 446 3486 493 utrorum-

1945 526 2047 578 que
2100 513 2269 580 magis
2318 515 2586 566 videretur
2637 532 2738 569 una
2790 537 2945 587 quam
2998 524 3132 585 dum,
3186 541 3281 579 nec
3328 526 3483 583 facile

1945 599 2117 665 quivis
2147 601 2433 654 declinaret
2475 606 2539 654 al
2573 619 2785 671 papam,
2818 611 2904 674 qui
2957 626 3058 663 non
3088 613 3375 669 diverteret
3413 619 3481 671 ad

1943 687 2267 743 Ansclmum.
2299 692 2434 758 Papa
2467 708 2697 761 namque
2726 695 2999 750 colebatur
3022 717 3049 751 a
3088 706 3313 771 cunctis,
3342 722 3477 774 que-

1946 777 2277 830 madmodum
2321 793 2468 847 pater
2511 792 2561 834 ct
2600 793 2782 850 pastor
2828 790 3149 853 communis;
3200 795 3479 851 Ansclmus

1944 882 2068 920 vero
2098 871 2411 940 diligebatur
2439 875 2504 926 ab
2530 877 2792 944 omnibus,
2830 880 2966 933 sicut
2989 882 3147 935 homo
3175 896 3480 943 mansuetus

1942 962 1994 1004 et
2030 954 2190 1018 mitis,
2224 966 2279 1009 et
2312 960 2392 1010 cui
2435 975 2530 1013 suo
2559 961 2759 1026 judicio
2794 965 2920 1017 nihil
2955 966 3247 1022 debebatur
3283 986 3310 1022 a
3342 987 3478 1038 quov

1942 1041 2037 1093 vis.
2089 1042 2141 1094 lu
2189 1058 2318 1111 papa
2370 1047 2597 1115 denique
2648 1054 3044 1119 supereminens
3093 1058 3301 1126 vigebat
3354 1075 3476 1113 cum

1941 1127 2211 1197 dignitatis
2243 1135 2556 1189 auctoritate
2583 1147 2840 1205 potestas;
2874 1141 2922 1193 in
2954 1144 3203 1199 Anselmo
3238 1149 3373 1200 lltll'a
3419 1158 3473 1201 et

1938 1218 2055 1281 quae
2102 1231 2321 1275 cunctos
2382 1224 2713 1280 demulcebat
2771 1244 2903 1297 pura
2960 1248 3079 1285 cum
3138 1237 3474 1305 simplicitate

1938 1304 2224 1362 humilitas.
2273 1308 2419 1365 Multi
2472 1330 2615 1383 ergo,
2670 1332 2802 1386 quos
2855 1322 3012 1375 timor
3054 1304 3365 1391 prohibebat
3410 1336 3476 1386 ad

1938 1408 2126 1460 papaut
2164 1400 2435 1464 accedere,
2478 1403 2803 1459 festinabant
2833 1410 2899 1462 ad
2928 1412 3237 1467 Anselntum
3269 1420 3473 1484 venlrc,

1937 1496 2117 1537 amore
2168 1487 2307 1540 ducti
2340 1491 2443 1557 qui
2496 1493 2665 1545 nescit
2715 1496 2920 1549 timere.
2978 1497 3225 1567 Majestas
3275 1506 3469 1559 etenim

1936 1586 2081 1638 papa:
2116 1575 2255 1628 solos
2297 1579 2608 1633 admittebat
2656 1583 2864 1647 divites,
2898 1587 3195 1643 humanitas
3237 1593 3393 1651 Ausci
3419 1598 3471 1649 ti

1933 1661 2047 1712 sine
2074 1676 2417 1727 personarum
2449 1668 2755 1735 acceptione
2795 1672 3115 1740 suscipiebat
3153 1692 3356 1732 omnes.
3407 1682 3471 1734 Et

1934 1763 2066 1815 quos
2110 1754 2337 1805 omnes?
2367 1753 2603 1822 Paganos
2632 1759 2816 1823 ctiam,
2851 1772 2917 1814 ut-
2947 1762 3012 1816 de
3051 1762 3369 1822 Christianis
3398 1778 3473 1823 ta-

1931 1851 2101 1891 ceant.
2133 1838 2405 1907 Siquidem
2434 1845 2667 1898 nonnulli
2696 1849 2900 1912 talium,
2944 1867 3063 1905 nam
3094 1868 3276 1909 eorum
3301 1858 3407 1911 tnul
3434 1875 3464 1912 a

1934 1924 2091 1977 millia
2117 1927 2166 1979 in
2190 1928 2355 1995 ipsam
2386 1936 2801 1999 exepealitiouent
2842 1954 3020 1993 secum
3051 1943 3339 1999 adduxerat
3366 1947 3465 2017 [ah

1930 2013 2069 2064 omit.
2104 2029 2148 2067 s.
2175 2013 2251 2086 a.]
2276 2016 2432 2072 homo
2466 2022 2613 2073 ducis
2641 2023 2908 2093 Rogerus;
2954 2043 3134 2083 comes
3164 2032 3228 2085 de
3262 2013 3466 2102 Sicilia,

1928 2096 2185 2165 nonnulli,
2228 2103 2464 2170 inquam,
2511 2108 2692 2161 talium
2732 2112 2869 2164 fama
2900 2112 3152 2170 bonitatis
3187 2119 3301 2186 ejus
3330 2122 3468 2175 inter

1927 2199 2049 2240 suos
2082 2190 2239 2243 exciti
2284 2194 2609 2248 mansionem
2658 2202 2891 2252 nostram
2937 2200 3363 2273 frequentabant,
3410 2223 3465 2265 et

1927 2275 2149 2340 sumptis
2176 2278 2243 2331 ab
2286 2278 2532 2335 An‘selnto
2564 2286 2925 2352 corporalibus
2966 2289 3099 2344 cibis
3134 2296 3353 2360 gratiosi
3379 2314 3462 2351 rc-
3546 2364 3547 2367 η

1930 2365 2287 2433 vertebantur,
2341 2369 2704 2427 admirandam
2766 2372 2866 2429 viri
2923 2378 3299 2449 benignitatem
3350 2388 3465 2441 suis

1928 2453 2273 2519 prmdieantes
2323 2471 2480 2523 quam
2526 2461 2952 2536 experiebantur.
3014 2466 3162 2523 Unde
3216 2472 3267 2523 in
3317 2483 3463 2528 tanta

1929 2539 2176 2609 deinceps
2198 2545 2539 2599 veneratione“
2560 2548 2717 2602 etiam
2743 2552 2882 2618 apud
2908 2567 3000 2607 eos
3042 2555 3252 2612 habitus
3276 2571 3376 2624 est,
3405 2571 3463 2615 ut

1928 2643 2047 2681 cum
2076 2645 2172 2697 per
2195 2641 2366 2686 castra
2388 2631 2483 2704 [αι.
2504 2673 2517 2697 ,
2543 2635 2796 2707 claustra]
2820 2637 3048 2705 illorum,
3073 2658 3188 2710 qua:
3211 2644 3264 2698 in
3296 2663 3462 2701 unum

1927 2718 2099 2773 locata
2141 2732 2314 2785 erant,
2356 2726 2720 2791 transiretntts,
2755 2728 2938 2797 ingens
2966 2732 3252 2790 multitudo
3279 2751 3464 2791 eertum

1926 2805 2143 2860 cleratis
2166 2809 2231 2860 ad
2258 2810 2448 2863 coelum
2478 2814 2718 2865 manibus
2747 2815 2795 2869 ei
2823 2832 3072 2886 prospera
3100 2820 3461 2889 imprecareri-

1930 2901 2036 2961 tttr,
2070 2904 2123 2948 et
2151 2897 2400 2951 osculatis
2421 2913 2516 2966 pro
2546 2902 2647 2953 ritu
2683 2917 2781 2957 suo
2808 2907 3049 2961 manibus
3084 2912 3312 2978 propriis
3359 2929 3459 2968 nec

1928 2998 1994 3035 ne
2017 2979 2194 3037 coram
2220 3000 2285 3038 eo
2314 2990 2538 3057 genibus
2576 2988 2743 3057 ﬂexis,
2781 3007 2877 3062 pro
2917 3010 3011 3049 sua
3060 3013 3181 3052 eum
3230 3002 3458 3071 benigna

1928 3069 2169 3138 largitate
2188 3084 2362 3143 grates
2387 3076 2589 3143 agendo
2612 3090 3008 3134 venerarentnr.
3039 3083 3269 3149 Quorum
3294 3069 3455 3142 etiam

1924 3160 2153 3225 plurimi,
2182 3163 2322 3214 velut
2347 3168 2721 3231 comperimus,
2748 3184 2805 3221 se
2826 3170 3050 3224 libenter
3070 3173 3179 3238 ejus
3206 3176 3461 3233 doctrinae

1924 3247 2258 3303 instruendus
2299 3252 2685 3315 submisisscnt,
2732 3268 2793 3305 ac
2834 3255 3147 3310 Christiana:
3191 3260 3461 3332 fideijugo

1924 3352 2015 3394 sua
2045 3352 2138 3403 per
2162 3353 2279 3389 eum
2307 3340 2437 3390 colla
2470 3339 2794 3407 injecissent,
2818 3343 2862 3395 si
2888 3344 3252 3398 credulitatem
3280 3352 3453 3401 comi-

1928 3425 1995 3479 tis
2028 3423 2105 3477 sui
2136 3426 2358 3492 petuhoc
2396 3428 2446 3479 in
2479 3440 2536 3479 se
2576 3428 2875 3481 saevitur-am
2904 3445 3007 3485 non
3052 3433 3449 3492 formiJassent.

1926 3512 2055 3566 Nam
2082 3528 2261 3567 revera
2290 3515 2485 3567 nullum
2510 3531 2691 3569 eorum
2728 3519 2833 3584 pati
2861 3520 3067 3573 volebat
3096 3524 3471 3580 Christiamnn-

1928 3604 2138 3669 impune
2176 3605 2308 3656 fieri.
2356 3606 2505 3669 Quod
2554 3621 2658 3672 qua
2710 3607 2990 3673 industria,
3037 3619 3092 3665 ttt
3141 3613 3211 3665 ita
3257 3614 3454 3681 dicam,

1927 3691 2173 3748 faciebat.
2200 3684 2325 3743 tiibil
2356 3708 2467 3745 mea
2496 3694 2745 3759 interest;
2772 3698 2960 3750 viderit
2992 3700 3205 3777 Denset
3251 3703 3382 3770 ipsc.

1992 3780 2078 3832 47.
2134 3780 2333 3832 Dehinc
2391 3781 2562 3834 soluta
2608 3785 2902 3848 obsidione,
2952 3786 3231 3843 Anseltnus
3287 3794 3454 3847 multa

1888 3880 1891 3881 '
1924 3881 2081 3933 prece
2108 3883 2295 3935 papam
2325 3868 2389 3931 ad
2419 3872 2517 3922 hoc
2551 3868 2763 3925 ﬂectere
2801 3884 3024 3929 conatus
3066 3886 3165 3940 est,
3194 3888 3455 3945 quatenus

1928 3957 1995 4010 ab
2027 3972 2187 4011 onere
2216 3957 2500 4023 pontificali
2531 3973 2649 4011 eum
2692 3961 3005 4025 absolveret,
3033 3972 3086 4016 et
3114 3965 3281 4032 quieti
3326 3967 3455 4022 libe-

1930 4061 2043 4097 rum
2085 4061 2275 4100 vacare
2315 4048 2647 4100 concederet.
2691 4046 2885 4101 Verum
2941 4065 3081 4113 cum,
3113 4054 3166 4105 in
3191 4066 3461 4122 quantttttt'

1928 4138 2138 4206 quidem
2166 4137 2229 4189 ad
2269 4136 2508 4189 effectum
2544 4138 2835 4204 spectabat,
2879 4140 2930 4191 in
2962 4142 3184 4195 nihilum
3220 4144 3455 4200 laboras—

356 4219 441 4273 46.
470 4219 609 4273 Cum
639 4233 755 4290 post
790 4223 901 4278 inec
929 4227 1070 4279 sedis
1110 4228 1411 4294 apostolica:
1458 4230 1693 4298 poatifex
1726 4232 1824 4286 Ur-
1856 4248 1899 4304 υ
1927 4236 2032 4290 set;
2082 4226 2245 4280 fretus
2284 4226 2643 4280 benedictione
2688 4226 2835 4294 ejus,
2879 4230 3176 4285 Schlaviam
3209 4248 3453 4288 reversus

292 4306 457 4359 ltantts
488 4307 582 4359 illo
621 4309 948 4375 adventaret,
971 4322 1024 4375 et
1052 4313 1098 4363 ei
1132 4315 1197 4367 ab
1220 4317 1469 4369 Attsclmo
1496 4327 1549 4370 et
1578 4321 1825 4387 principi-

291 4393 388 4448 bus
445 4400 612 4449 totius
664 4399 927 4451 exercitus
972 4401 1175 4454 obviam
1229 4402 1355 4455 ittnn
1401 4414 1571 4467 esset,
1629 4408 1827 4474 ingenti

297 4482 579 4535 mundialis
621 4483 1024 4554 gloritepocha
1071 4498 1408 4554 prosccutus,
1442 4491 1629 4546 ductus
1660 4504 1739 4546 est
1771 4495 1822 4547 in

286 4572 583 4623 tentorium
622 4572 759 4638 quod
800 4572 945 4639 juxta
990 4590 1103 4629 mos
1126 4578 1224 4630 sibi
1257 4589 1373 4631 erat
1415 4582 1619 4634 exteris
1654 4583 1828 4635 excel-

300 4656 487 4713 lentius
514 4661 881 4715 constitutum.
930 4662 1122 4728 Sicque
1162 4667 1328 4719 donec
1360 4668 1545 4722 civitas
1592 4670 1642 4723 itt
1680 4671 1825 4723 dedi-

1924 4324 2024 4376 cst,
2071 4317 2315 4381 operiens
2354 4315 2422 4366 ibi
2457 4323 2659 4383 tempus
2689 4318 2921 4380 concilii,
2950 4321 3090 4386 quod
3136 4322 3272 4375 idem
3316 4338 3451 4392 papa

1924 4404 2060 4471 apud
2086 4402 2273 4455 Barum
2310 4402 2529 4455 Kalend.
2566 4402 2753 4459 Octob.
2782 4415 2897 4457 erat
2925 4406 3310 4463 celebraturus.
3356 4410 3454 4465 Cui

1924 4492 2143 4544 concilio
2178 4491 2300 4543 dmn
2331 4491 2610 4544 Anselmus
2649 4505 2705 4544 se
2728 4493 3117 4560 prtesentasset,
3156 4506 3207 4548 et
3237 4509 3455 4563 persua-

1925 4582 2013 4633 sus
2044 4596 2070 4630 a
2102 4595 2234 4647 papa
2282 4579 2495 4634 Graecos
2527 4582 2577 4632 in
2621 4583 2957 4649 proccssione
3004 4583 3233 4651 Spiritus
3260 4588 3452 4652 sancti,

1926 4677 2103 4735 utpote
2132 4678 2284 4735 quem
2313 4684 2340 4720 a
2383 4668 2537 4721 Patre
2576 4681 2679 4722 non
2715 4683 2745 4722 a
2774 4667 2905 4722 Filio
2934 4671 3220 4737 procedere
3251 4680 3456 4726 astrue-

1563 4798 1962 4853 l'lENSCllENll
1999 4797 2218 4853 NOTAE.

354 4878 678 4945 (30):“njus
704 4880 778 4932 rei
827 4890 980 4935 testes
1025 4878 1229 4938 litteras
1262 4901 1511 4939 naoemus
1533 4900 1562 4939 ει
1605 4888 1671 4939 cl.
1706 4890 1819 4942 viro

293 4944 352 4999 1).
370 4944 651 5023 _Silv_csti-o
693 4949 909 5015 Ayossa,
946 4955 1246 5023 presbytero
1283 4954 1559 5018 Capuano;
1606 4957 1690 5023 qui
1729 4974 1814 5008 an.

294 5012 445 5090 1640⁸
466 5012 789 5090 devotionis
816 5012 972 5090 causa
1008 5021 1074 5090 ad
1100 5012 1325 5090 'putcttnt
1357 5012 1497 5072 illum
1533 5012 1812 5090 prolectus,

293 5096 406 5133 eum
435 5082 637 5135 invenit
667 5083 978 5154 profundunt
1003 5086 1087 5151 5‘3,
1111 5082 1274 5138 latum
1300 5089 1330 5137 fi
1352 5082 1579 5154 palmus;
1606 5082 1820 5143 hausta;

294 5164 392 5222 que
414 5150 536 5201 inde
564 5149 1245 5222 aquaihmplevitvasruluut
1274 5165 1325 5207 et
1347 5149 1574 5222 Capuam
1600 5159 1810 5221 detulit;

296 5165 392 5200 tne
414 5165 536 5201 mue
564 5165 703 5215 aqua
734 5165 961 5216 implevit
982 5165 1245 5205 VﬂSt‘llllllll
1274 5165 1325 5207 et
1347 5165 1571 5222 (lapuatn
1600 5165 1810 5221 detulit;

296 5165 479 5269 deinde
507 5218 717 5287 mulieri
746 5218 981 5271 l'ebrieuli
1016 5226 1290 5286 potandam
1322 5225 1387 5275 de
1409 5227 1482 5287 lit,
1523 5236 1569 5276 ct
1606 5240 1721 5276 cum
1752 5242 1811 5278 ca

294 5286 533 5357 subitanr
548 5284 851 5357 sanitatem.
890 5287 957 5357 liis
989 5284 1167 5357 eadem
1198 5301 1406 5357 rogatus
1426 5284 1811 5346 communione

296 5351 486 5417 aliquid
513 5350 960 5421 jthClllANtilftl‘lO,
992 5350 1463 5421 Ιιιξοιιςιιθιίιῗνιῑῑο,
1490 5361 1556 5413 de
1586 5361 1687 5411 vita
1713 5362 1810 5413 (lc-

298 5425 547 5482 .spat‘attti,
580 5418 1000 5489 similiscﬂitctus
1029 5425 1401 5489 ιιχμυι·ἱισιιιιειιιι
1435 5418 1637 5489 habuit;
1673 5431 1810 5481 vive-

297 5484 483 5551 ltatquc
510 5484 913 5551 adluit-juvenis
958 5491 1037 5542 ille
1082 5484 1164 5541 an.
1211 5492 1358 5554 lbtitl,
1389 5497 1589 5559 quando
1619 5484 1809 5565 Scripta

190 5938 193 5945 ι

190 5938 193 5945 ,

320 5994 345 6013 ..Α
426 6006 429 6007 ν

476 6050 483 6061 ς
510 6042 599 6049 ~~

1917 4888 2151 4959 cpistola,
2170 4886 2525 4959 factnminse
2554 4888 2869 4959 miraculum
2893 4891 3197 4959 prtedicans.
3233 4894 3451 4951 Duravit

1918 4972 2049 5022 aqua
2105 4956 2485 5025 illa,_rtno;licis
2528 4956 3251 5025 portiunculisdispensata,
3298 4965 3449 5015 annis

1915 5025 2127 5075 omnino
2178 5022 2344 5094 trilms
2393 5025 2592 5094 absque
2640 5022 3043 5092 corruptione":
3100 5022 3276 5094 postea
3326 5043 3449 5083 vero

1915 5092 2145 5157 ejusdem
2195 5090 2429 5141 Silvcstt‘i
2478 5092 2717 5153 hortatu,
2760 5090 2941 5145 doctor
2972 5090 3203 5148 medicus
3237 5098 3443 5150 cnidaut

1916 5160 2151 5225 deposito
2175 5172 2313 5222 aegro
2332 5172 2405 5209 ex
2424 5160 2545 5224 ipso
2577 5166 2733 5227 puteo
2760 5176 2948 5227 aquam
2979 5179 3095 5215 cunt
3124 5164 3222 5215 fide
3250 5163 3441 5218 obtulit

1916 5218 2002 5277 an'.
2034 5218 2182 5283 1050,
2214 5218 2475 5296 ctsattutn
2506 5218 2679 5296 Subito
2700 5218 2843 5286 fecit.
2872 5244 2989 5281 cunt
3016 5244 3106 5281 sua
3137 5244 3321 5296 magna
3347 5235 3445 5284 a.l-

1918 5295 2212 5346 tuirationc.
2244 5293 2361 5344 ΙΙ.υο
2386 5294 2605 5359 Ayossa,
2640 5294 2937 5360 significans
2963 5304 3193 5346 castrum
3226 5293 3444 5352 Sclavo-

1918 5378 2051 5419 l‘ttttl,
2081 5376 2198 5414 esse
2224 5360 2275 5411 iu
2300 5362 2542 5413 districto
2572 5363 2821 5417 Calatino:
2850 5376 2939 5413 seu
2980 5362 3281 5423 Cajacensis
3312 5366 3440 5418 civi-

1927 5430 2068 5490 latis,
2097 5431 2246 5485 distat
2271 5432 2337 5481 t's
2368 5444 2394 5479 ιι
2439 5430 2614 5494 (lapna
2661 5430 2870 5483 circiter
2917 5443 2985 5481 tx.
3036 5429 3091 5481 ιι.
3148 5428 3213 5482 Μ.
3258 5448 3439 5489 versus

1925 5511 2197 5549 Ul'lt‘lll0.il.
