4174 6186
500 194 503 197 Ἰ
592 239 693 295 103

1636 222 1696 275 S.
1738 220 2041 295 ANSI‘LLMl
2072 216 2420 301 CANTUAR.
2460 211 2774 267 ARCHIEP.

3710 218 3815 271 1οι

592 356 739 415 baut,
771 357 1039 411 errantes,
1072 344 1373 400 rationabili
1410 352 1573 411 atque
1608 340 1874 397 catholica
1905 339 2144 406 disputa-
2176 339 2217 392 Λ
2249 336 2373 386 tiam
2423 342 2528 384 tam
2582 330 2650 402 in,
2688 330 2850 382 laicos
2918 329 3010 396 qui
3054 327 3403 401 investiturao
3455 327 3811 385 ecclesiarum

593 446 739 498 tione
768 442 1127 502 confutasset;
1170 438 1342 503 magni
1390 436 1530 504 apud
1574 448 1765 487 omnes
1804 432 2018 486 habitus
2047 436 2149 491 est,

593 546 646 589 et
688 534 1028 588 veneratione
1064 529 1409 599 dignisshuus
1436 526 1835 596 comprobatus.

664 629 751 679 ~58.
786 623 959 675 Finito
1001 620 1249 680 concilio,
1286 620 1509 672 Romam
1542 633 1660 671 eum
1702 610 1994 679 apostolico
2025 623 2153 676 pro-

597 714 717 767 fecti
760 726 966 765 sumus.
1011 708 1325 763 Transactis
1375 716 1552 759 autem
1595 700 1887 770 aliquantis
1940 698 2153 759 diebus,

596 804 740 865 venit
765 802 990 856 Romam
1021 799 1324 854 \Villelmus
1363 796 1470 855 ille,
1506 792 1659 860 cujus
1688 791 1740 843 in
1776 789 1921 843 exitu
1952 787 2153 855 Anglitc

597 893 924 944 mentionem
956 889 1200 943 fecimus.
1248 886 1299 938 ls
1338 885 1479 937 inter
1506 881 1608 933 alia
1656 881 1756 933 hoc
1799 877 1974 931 effecit
2014 878 2152 944 apud

598 982 967 1049 apostolicum,
998 987 1056 1029 ut
1075 974 1318 1028 inducias
1355 971 1466 1041 regi
1494 968 1697 1037 Anglia:
1720 970 1875 1020 daret
1897 966 1963 1019 de
1990 978 2152 1017 causa

594 1069 829 1124 Anselmi
864 1081 1030 1134 usque
1068 1065 1134 1117 ad
1165 1064 1362 1116 festum
1409 1058 1580 1113 sancti
1618 1055 1896 1109 Michaelis
1923 1053 2153 1123 archan-

596 1156 720 1224 geli.
760 1153 910 1219 Quod
958 1152 1243 1207 Ansclmus
1285 1162 1603 1219 agnoscens,
1653 1146 1800 1199 illico
1832 1144 2151 1212 Lugdunum

598 1244 773 1297 redire
819 1243 1054 1306 volebat;
1087 1240 1182 1295 sed
1232 1238 1535 1307 prohibitus
1561 1252 1591 1289 a
1623 1252 1756 1306 papa
1806 1244 1890 1288 est
1934 1240 2155 1303 propter

548 1340 569 1386 ‘.
597 1334 897 1394 concilium,
926 1332 1067 1401 quod
1089 1346 1146 1385 se
1171 1331 1330 1385 tertia
1355 1326 1691 1381 hebdomoda
1718 1325 1943 1380 Pascha:
1971 1327 2151 1377 Roma:

600 1424 899 1476 habiturum
944 1430 1229 1476 statuerat.
1264 1418 1458 1471 Morati
1510 1417 1692 1483 itaque
1738 1430 1925 1469 sumus
1973 1415 2154 1467 Romae

596 1514 764 1567 ferme
803 1528 897 1580 per
933 1511 1211 1564 dimidium
1242 1524 1461 1571 annum,
1493 1507 1748 1561 centinue
1777 1506 1923 1567 circa
1962 1519 2152 1574 papam

599 1603 873 1669 degentes,
904 1607 958 1654 et
986 1600 1138 1668 quasi
1187 1600 1240 1653 in
1281 1611 1565 1652 commune
1612 1596 1873 1649 viventes.
1926 1592 2075 1647 Unde
2099 1599 2154 1645 et

602 1691 716 1759 ipse
743 1704 879 1757 papa
907 1702 1290 1756 nonnunquam
1313 1688 1381 1739 ad
1409 1684 1719 1738 Auselmum
1748 1683 2012 1749 veniebant,
2040 1681 2155 1735 lane

598 1795 721 1834 cum
742 1795 806 1834 eo
830 1793 948 1833 sese
979 1779 1203 1848 agendo,
1232 1786 1286 1830 et
1308 1776 1515 1831 curiam
1541 1776 1590 1830 ei
1624 1773 1885 1828 faciendo.
1917 1772 2072 1826 Dedit
2107 1770 2155 1823 ei

597 1882 813 1934 quoque
857 1867 1147 1933 hospitium
1205 1866 1260 1916 in
1301 1878 1408 1932 quo
1443 1846 1898 1915 conversahamur
1926 1876 1989 1915 eo
2012 1860 2154 1927 jure,

598 1965 655 2010 ut
697 1957 742 2009 si
770 1955 1054 2022 aliquando
1098 1953 1322 2006 Romam
1361 1947 1583 2014 rediret,
1615 1960 1804 2005 contra
1830 1965 2018 2003 onmes
2064 1951 2158 2002 ho-

600 2042 772 2099 mines
814 2043 942 2097 illud
984 2043 1088 2098 sibi
1128 2043 1443 2096 vindicaret.
1473 2040 1588 2108 Ipse
1629 2040 1684 2093 in
1715 2049 1978 2093 conventu
2008 2039 2160 2091 uobi-

603 2134 757 2198 limit,
800 2133 853 2186 in
890 2132 1341 2201 processionibus,
1384 2130 1438 2182 in
1482 2128 1822 2188 stationibus,
1868 2140 2077 2194 semper
2103 2134 2159 2179 et

603 2222 800 2291 ubique
826 2239 854 2275 a
888 2237 1024 2291 papa
1068 2221 1335 2275 secundus
1361 2229 1499 2285 erat,
1540 2234 1649 2287 pra:
1676 2219 1889 2272 cunctis
1932 2219 2161 2271 honora-

606 2323 717 2375 tus,
763 2313 971 2365 cunctis
998 2320 1275 2380 acceptus,
1301 2318 1355 2364 et
1387 2311 1502 2379 ipse
1527 2310 1778 2363 omnibus
1801 2308 2027 2376 simplici
2062 2308 2162 2360 lm-

598 2384 833 2456 ‘militate
860 2403 1179 2455 submissus.
1214 2400 1483 2454 Praeterea
1512 2398 1669 2467 Angli
1698 2397 1802 2449 illis
1830 2396 2161 2464 temporibus

606 2490 833 2543 Romam
872 2490 1167 2554 venientes,
1197 2488 1361 2556 pedes
1400 2484 1517 2554 ejus
1540 2487 1606 2538 ad
1638 2485 1808 2537 instar
1836 2486 2028 2563 pedum
2056 2483 2163 2538 Ro-

605 2580 747 2633 mani
773 2578 1042 2647 pontificis
1064 2594 1159 2631 sua
1184 2577 1456 2632 oblatione
1474 2577 1741 2637 honorare
1763 2574 2159 2628 desiderabant.

608 2665 813 2730 Quibus
836 2665 925 2720 ille
952 2677 1290 2733 nequaquam
1326 2662 1697 2729 aequieseeus,
1726 2660 1779 2712 in
1808 2660 2162 2713 secretiorem

610 2756 801 2808 domus
828 2765 1034 2823 partem
1060 2752 1311 2820 fugiebat,
1337 2760 1391 2804 et
1416 2766 1508 2803 eos
1534 2764 1629 2818 pro
1655 2748 1744 2801 tali
1790 2764 1848 2801 re
1891 2748 2035 2801 nullo
2063 2763 2159 2816 pa-

614 2843 848 2897 tiebatur
892 2843 957 2895 ad
1006 2857 1064 2895 se
1091 2849 1251 2910 pacto
1279 2840 1554 2893 accedere.
1587 2836 1738 2902 Quod
1778 2838 1866 2891 ubi
1902 2851 2048 2906 papa:
2077 2850 2162 2890 re-

610 2928 775 2982 latum
802 2938 905 2994 est,
930 2930 1226 2982 admiratus
1263 2927 1316 2980 in
1367 2910 1581 2979 homine
1626 2925 1976 2978 humilitatem
2006 2941 2156 2978 mun-

610 3021 768 3085 dique
810 3028 1191 3087 contemptum,
1231 3016 1393 3083 jussit
1439 3030 1557 3068 sese
1598 3015 1658 3081 in
1710 3030 1768 3067 se
1806 3013 1933 3082 [r:t.,
1975 3015 2028 3066 in
2073 3015 2159 3086 eo]

614 3121 812 3173 tenere,
860 3119 914 3162 et
951 3108 1151 3161 nullum
1198 3105 1513 3159 benefacere
1544 3104 1681 3156 ultra
1721 3103 1983 3156 volentem
2032 3118 2159 3172 pro—

548 3224 557 3233 ~
612 3202 818 3265 bibere,
859 3199 951 3252 sed
986 3210 1175 3250 euntes
1215 3208 1311 3262 pro
1347 3193 1438 3245 tali
1485 3208 1646 3246 causa
1678 3178 2035 3246 adventantes
2066 3208 2159 3260 pa-

614 3282 809 3341 tienter
854 3287 1160 3339 admittere.
1210 3288 1281 3338 At
1314 3285 1401 3336 ille
1450 3285 1689 3338 modesta
1734 3284 1961 3352 quadam
2015 3300 2173 3339 vere-.

611 3378 805 3432 cumlia
836 3388 989 3431 actus
1036 3375 1167 3453 [al.,
1208 3373 1391 3445 ictus],
1427 3372 1575 3441 jussa
1606 3373 1845 3443 profecto
1886 3384 2169 3443 postpone-

614 3481 733 3532 ret,
787 3469 833 3523 si
900 3482 1005 3521 non
1064 3454 1437 3521 inobedieutia:
1488 3479 1637 3518 naevo
1686 3460 1958 3532 cerrumpi
2016 3465 2169 3517 time-

615 3570 716 3613 ret.
1035 3579 1039 3583 '
1334 3564 1339 3569 ’

685 3643 772 3697 49.
801 3642 937 3708 Quid
969 3639 1195 3694 referam
1233 3638 1514 3692 uommllos
1541 3640 1685 3692 cives
1717 3637 1907 3701 Urbis,
1936 3653 2165 3706 quorum

619 3734 806 3800 ingens
853 3730 1134 3782 multitudo
1170 3737 1398 3794 propter
1449 3726 1758 3779 fidelitatem
1828 3725 2171 3791 imperatoris

619 3823 718 3890 ipsi
755 3826 911 3888 νίψω·
933 3826 1048 3870 erat
1078 3816 1294 3879 infesta,
1344 3828 1725 3881 nonnunquam
1752 3812 1804 3863 in
1849 3826 2011 3863 unum
2041 3826 2167 3864 con-

619 3910 878 3977 globatos,
898 3905 1207 3959 Anselmum
1230 3920 1259 3957 a
1282 3902 1560 3956 Laterauis
1581 3903 1646 3954 ad
1670 3901 1927 3954 Sanctqu
1947 3898 2165 3953 Petrum

620 4007 835 4053 euntem
879 4011 999 4049 cum
1038 3995 1149 4048 suis
1194 4004 1412 4061 propter
1440 3993 1619 4045 odium
1651 4007 1799 4059 papa:
1840 4004 2035 4058 capere
2076 4006 2171 4043 vo-

619 4087 809 4148 lentes,
856 4084 949 4137 sed
996 4098 1117 4135 utox
1159 4082 1270 4133 viso
1313 4080 1460 4133 vultu
1503 4079 1617 4148 ejus
1656 4081 1877 4130 territos
1919 4077 2169 4145 projectis

620 4175 784 4229 armis
829 4182 984 4225 terra:
1016 4170 1389 4239 procumbere,
1426 4179 1481 4221 et
1516 4183 1573 4220 se
1612 4167 1754 4219 illius
1794 4167 2165 4220 benedictione

2255 421 2405 482 dant,
2435 435 2596 487 quam
2630 418 2684 470 in
2709 432 2800 469 eos
2842 416 2932 483 qui
2960 414 3025 470 de
3049 415 3297 469 manibus
3319 429 3505 466 eorum
3540 414 3659 466 illas
3686 430 3836 469 sus-

2254 509 2480 575 ςειιίιηιι,
2528 522 2650 559 cum
2697 513 2809 557 toto
2857 505 3088 558 concilio
3130 519 3270 573 papa
3318 504 3557 557 intorsit.
3612 492 3811 555 Eadem

2252 592 2518 651 sententia
2547 602 2762 662 quoque
2795 593 3073 645 damnavit
3109 604 3163 646 et
3198 609 3293 646 eos
3324 593 3418 660 qui
3460 593 3513 645 itt
3566 589 3809 645 officium

2252 689 2331 742 sic
2358 685 2536 752 adepti
2573 682 2794 736 honoris
2825 681 3058 748 aliquem
3083 690 3320 733 sacrant.
3380 750 3381 753 η
3750 732 3771 743 _,

2259 814 2265 822 .
2321 774 2408 827 5t).
2447 772 2633 825 Soluto
2671 777 2963 831 conventu,
3013 777 3231 836 accepta
3261 756 3505 831 licentia,
3528 768 3699 823 Roma
3731 767 3817 821 di—

2253 863 2567 932 gredimur.‘
2600 858 2692 913 Via
2727 874 2854 913 vero
2888 860 3141 913 redeundi
3186 859 3368 914 multis
3396 869 3515 913 erat
3558 857 3815 929 periculis

2251 951 2511 1012 obnoxia,
2574 950 2669 1003 sed
2741 956 3057 1017 protegente
3121 962 3222 1002 nos
3285 947 3514 1002 Domino
3573 948 3813 1016 pericula

2252 1049 2447 1095 cuncta
2485 1038 2775 1102 evasimus,
2806 1050 2869 1089 ac
2911 1035 3223 1104 Lugdunum
3251 1035 3398 1089 illaesi
3444 1036 3812 1103 pervenimus.

2255 1129 2355 1184 Ubi
2403 1141 2612 1182 summo
2639 1140 2762 1179 cum
2806 1126 3010 1179 honore
3051 1124 3354 1192 gaudioque
3394 1124 3652 1192 suscepti,
3696 1135 3751 1178 et
3780 1140 3811 1176 ει
3872 1138 3873 1141 ‘

2252 1218 2505 1287 pontifice
2560 1214 2795 1268 civitatis
2838 1211 3133 1267 venerabili
3187 1211 3395 1265 scilicet
3441 1211 3662 1280 llugone
3709 1209 3809 1280 [αι.

2253 1308 2399 1359 oniit.
2415 1321 2466 1357 v.
2489 1319 2533 1358 s.
2553 1301 2877 1373 ll.]deteuti,
2891 1299 3222 1353 mansionem
3245 1307 3483 1352 nostram
3506 1296 3816 1352 illiC'firttta-

2254 1394 2428 1447 vimus
2454 1393 2654 1447 amissa
2676 1385 2821 1445 omni
2864 1389 3082 1455 fiducia,
3112 1390 3327 1442 vivente
3367 1402 3491 1457 rege
3524 1386 3811 1449 Willelmo,

2252 1483 2497 1553 Angliam
2519 1480 2813 1535 remeandi.
2843 1480 3129 1534 Habitatus
3156 1487 3239 1533 est
3262 1492 3391 1546 ergo
3415 1477 3485 1531 ibi
3520 1474 3813 1531 Ansclmtts

2255 1589 2361 1627 non
2396 1572 2540 1626 sicut-
2558 1572 2750 1639 hospes
2775 1579 2867 1622 aut
2907 1571 3265 1639 peregrimus,
3288 1569 3382 1624 sed
3407 1584 3532 1621 vere
3558 1568 3701 1620 sicut
3729 1567 3816 1618 in-

2187 1661 2229 1718 ιι
2254 1666 2447 1733 digeua
2474 1672 2530 1717 et
2560 1661 2664 1716 loci
2693 1661 2964 1715 dominus.
3014 1660 3163 1715 Unde
3207 1674 3469 1727 nusquam
3502 1657 3615 1725 ipse
3645 1656 3816 1725 ipsius

2258 1758 2405 1811 urbis
2448 1756 2673 1808 antistes
2712 1768 2782 1807 eo
2812 1759 3076 1822 pnesente
3115 1764 3211 1804 suo
3242 1748 3451 1801 volebat
3479 1747 3599 1801 loco
3627 1747 3818 1811 praesi-
3880 1808 3883 1809 ν

2259 1848 2404 1913 dere,
2432 1848 2523 1901 sed
2550 1844 2868 1914 przcsidente
2900 1841 3097 1910 ubique
3128 1838 3401 1904 Auselmo,
3429 1836 3517 1891 ille
3552 1837 3686 1889 mira
3702 1836 3815 1888 'ltu-

2258 1938 2484 1990 militatc
2515 1944 2571 1988 et
2603 1935 2884 1988 honestate
2918 1931 3189 2000 praeditus,
3230 1927 3522 1993 inferioris,
3561 1936 3617 1981 et
3656 1925 3814 1993 quasi

2258 2026 2581 2095 suffraganei
2624 2002 2745 2078 loco
2768 2021 2926 2077 simul
2955 2030 3010 2074 et
3050 2020 3224 2074 ollicio
3253 2016 3816 2095 fungebatur._§uper

2258 2114 2381 2171 haec
2423 2092 2481 2168 ut
2524 2112 2825 2182 episcopale
2858 2111 3086 2165 oﬂicium
3138 2125 3232 2179 per
3284 2118 3452 2173 totam
3502 2092 3815 2176 parochiam

2259 2218 2409 2258 suam
2436 2216 2534 2271 pro
2568 2200 2702 2254 velle
2743 2207 3042 2261 exerceret,
3074 2199 3127 2250 in
3166 2197 3442 2251 voluntate
3486 2194 3602 2261 ejus
3625 2209 3698 2249 ac
3724 2193 3818 2247 de-

2261 2270 2577 2346 liberatione
2627 2288 2927 2342 constituit.
2974 2285 3127 2353 Quod
3180 2284 3269 2338 ubi
3320 2299 3416 2352 per
3464 2282 3582 2336 loca
3640 2270 3816 2335 vicina

2262 2379 2514 2445 innotuit,
2545 2374 2685 2431 illico
2706 2377 2956 2445 frequens
2983 2373 3296 2443 pepulerunt.
3320 2382 3615 2424 concursus
3639 2368 3817 2423 factus

2263 2478 2364 2533 est,
2397 2469 2698 2521 unctionem
2746 2464 2885 2517 sacri
2929 2462 3234 2517 chrismatis
3277 2475 3372 2530 per
3416 2456 3818 2527 impositioncut

2264 2572 2452 2611 manus
2478 2556 2621 2609 illius
2647 2552 2980 2622 poscentium
3008 2551 3111 2613 sibi
3139 2548 3392 2602 conferri.
3416 2547 3487 2600 At
3511 2547 3598 2600 ille
3624 2560 3819 2599 outues

2262 2648 2328 2702 ad
2378 2646 2607 2716 gratiam
2656 2643 2822 2711 ipsius
2868 2640 3191 2696 sacramenti
3239 2638 3706 2702 admittebat,ita
3758 2645 3819 2689 ut

2261 2739 2553 2825 szepissime
2594 2735 2647 2788 in
2690 2734 2791 2786 hoc
2840 2740 2981 2784 totus
3025 2730 3140 2783 dies
3181 2730 3598 2802 expenderetur,
3631 2736 3686 2781 et
3714 2740 3817 2779 nos

2261 2814 2352 2898 qui
2381 2827 2430 2881 ei
2457 2822 2894 2879 ntinistrabamus
2924 2817 3073 2887 gravi
3115 2816 3271 2870 tmdio
3304 2814 3660 2878 abicerentur,
3698 2814 3847 2882 ipso,
3886 2876 3889 2879 _

2261 2930 2472 2984 semper
2508 2908 2847 2991 jugmdoet
2895 2904 3051 2991 hilari
3100 2900 3248 2956 vultu
3298 2902 3586 2985 existente.
3632 2899 3826 2958 Crevit,

2266 3012 2442 3058 autem
2472 3016 2533 3056 ex
2558 3000 2667 3053 hoc
2703 3000 2757 3069 in
2792 3010 2913 3049 eum
2949 2993 3085 3046 mira
3126 2992 3366 3059 quaedam
3406 3002 3459 3043 et
3488 2989 3819 3044 incredibilis

2267 3093 2477 3151 dilectio
2518 3091 2779 3152 omnium,
2810 3095 2865 3140 et
2906 3077 3118 3141 bonitas
3159 3079 3276 3148 ejus
3316 3080 3691 3150 divulgabatur
3720 3093 3819 3146 per

2267 3184 2571 3238 circuitum.

2336 3272 2422 3325 51.
2472 3272 2636 3338 Igitur
2683 3266 2771 3334 qui
2820 3263 2924 3317 illis
2970 3260 3158 3316 diebus
3200 3250 3390 3315 saltem
3441 3254 3696 3331 reliquias
3744 3257 3815 3313 de

2267 3374 2454 3415 mensa
2480 3358 2619 3410 illius
2661 3362 2869 3423 poterat
2899 3350 3119 3415 habere,
3158 3354 3348 3403 contra
3374 3348 3553 3401 omnia
3579 3346 3819 3417 pericula

2268 3462 2323 3504 et
2349 3448 2689 3503 inﬁrmitates
2720 3459 2777 3497 se
2807 3438 3083 3495 salutifera
3122 3438 3377 3492 credebat
3420 3437 3697 3491 medecina
3734 3437 3817 3490 di-

2271 3551 2456 3595 tatum.
2487 3538 2592 3591 Nec
2620 3538 2716 3590 ista
2752 3533 3122 3587 tidesfallebat
3159 3545 3272 3584 eos.
3312 3527 3445 3582 Nam
3472 3542 3659 3582 revera
3683 3541 3821 3581 uou-

2273 3630 2444 3684 tmllos
2475 3628 2712 3680 febribus
2741 3633 2936 3690 tentos,
2970 3632 3021 3677 et
3043 3621 3363 3691 quibusdam
3389 3617 3507 3671 aliis
3532 3617 3819 3669 infirmita-

2274 3721 2413 3773 tibus
2442 3731 2670 3787 pressos,
2715 3730 2837 3767 mox
2864 3714 3087 3781 sumptis
3130 3711 3369 3765 ciborum
3401 3702 3517 3774 ejus
3553 3706 3816 3775 reliquiis,

2270 3810 2515 3861 novimus
2544 3806 2761 3872 integra:
2781 3801 2999 3855 sanitati
3030 3800 3318 3852 restitutos.
3354 3794 3590 3862 Exetnpli
3618 3794 3816 3863 gratia,

2269 3897 2527 3950 festivitas
2599 3893 2739 3945 beati
2796 3888 3043 3955 Mani-itii
3122 3888 3251 3956 (51).
3288 3880 3515 3939 Celebris
3592 3882 3821 3935 habetur

2274 3988 2505 4040 Viennae.
2548 3984 2782 4052 Rogatus
2816 3980 2997 4045 itaque
3036 3974 3319 4029 Anselanus
3357 3990 3386 4026 a
3425 3972 3666 4027 Guidoue
3695 3971 3816 4040 (5‘2)

2272 4077 2439 4147 ipsius
2467 4074 2614 4127 urbis
2641 4073 3059 4139 archiepiscopo,
3098 4068 3150 4121 in
3181 4068 3293 4135 ipsa
3334 4063 3628 4146 festivitate
3668 4063 3821 4115 venit

2271 4182 2355 4220 eo.
2401 4166 2465 4217 Et
2508 4163 2774 4216 celebrato
2818 4159 3041 4213 solemni
3088 4156 3264 4207 missa:
3312 4169 3376 4206 ac
3422 4151 3819 4222 praedicationis

622 4269 909 4331 deposcere
946 4260 1227 4327 insigniri?
1259 4258 1322 4310 lli
1363 4260 1613 4317 honores,
1657 4266 1712 4309 et
1741 4257 1928 4309 hormu
1972 4256 2172 4312 similes
2201 4282 2248 4337 υ
2274 4257 2470 4317 cilicio,
2500 4270 2617 4307 cum
2663 4252 2728 4303 ad
2777 4250 3119 4304 refectionem
3166 4247 3406 4312 corporis
3434 4245 3677 4307 sedisset,
3722 4259 3820 4297 ve-

625 4351 762 4418 vulgi
787 4350 993 4402 favores
1019 4349 1163 4399 illum
1192 4348 1386 4413 ubique
1406 4344 1822 4408 comitabantur,
1845 4347 1967 4414 quia
1998 4362 2173 4401 mores

624 4444 708 4494 sui
751 4442 801 4493 iu
832 4439 1038 4493 cunctis
1073 4438 1183 4489 Deo
1215 4436 1627 4490 famulabantur.
1668 4437 1803 4490 llinc
1838 4438 1998 4489 etiam
2035 4446 2168 4500 erat,

624 4529 763 4598 quod
801 4544 902 4581 non
932 4527 1085 4579 facile
1108 4542 1138 4577 a
1162 4541 1430 4593 quoquam
1460 4526 1640 4578 Roma:
1667 4526 1983 4593 simpliciter
2015 4528 2172 4578 homo

624 4620 707 4672 vel
732 4617 1185 4683 archiepiscopus,
1234 4615 1325 4666 sed
1359 4614 1509 4680 quasi
1542 4615 1757 4682 proprio
1791 4614 2006 4667 nomine
2048 4629 2161 4666 saw

629 4716 745 4759 ctus
786 4706 941 4756 homo
980 4704 1286 4756 vocabatur.
1326 4701 1640 4769 Quicunque
1688 4703 1848 4769 igitur
1882 4701 1930 4754 ei
1973 4703 2171 4755 servie-

630 4794 837 4851 bamus,
876 4791 1042 4840 amori
1081 4800 1135 4841 et
1164 4790 1351 4841 honori
1381 4792 1587 4842 cunctis
1628 4806 1859 4842 eramus.
1889 4792 2021 4842 Cum
2048 4806 2174 4843 vero

634 4881 767 4950 [ιιι.ν
799 4877 948 4947 ergo]
1001 4878 1065 4927 ad
1113 4875 1389 4943 pra-fatum
1436 4878 1720 4929 concilium
1759 4886 1969 4930 ventum
2009 4889 2172 4943 esset,

632 4984 685 5026 et
704 4970 815 5038 jam
840 4986 955 5037 qum
983 4965 1263 5018 recidenda
1290 4968 1481 5029 recisa,
1512 4976 1565 5017 et
1592 4983 1706 5033 qum
1728 4963 2007 5019 statuenda
2033 4970 2177 5021 vide-

633 5066 827 5119 bantur
856 5070 1051 5113 statuta
1087 5056 1329 5119 fuissent,
1366 5057 1936 5109 excommunicationis
1963 5069 2176 5109 senten-

2274 4356 2467 4402 ncrunt
2495 4353 2616 4396 ante
2645 4343 2789 4396 illum
2822 4340 3019 4393 milites
3060 4339 3183 4402 duo,
3214 4349 3342 4388 voce
3387 4344 3441 4387 et
3467 4333 3613 4386 vultu
3643 4348 3817 4400 aegro-

2276 4436 2488 4490 tationis
2527 4432 2820 4486 molestiam
2868 4443 2970 4496 qua
3021 4426 3398 4495 premebantur
3445 4421 3815 4490 praeferentes,

2276 4534 2524 4593 rogantes
2550 4531 2810 4589 quatenus
2846 4519 2909 4570 de
2952 4515 3104 4568 micis
3134 4512 3214 4566 sui
3259 4512 3411 4581 panis
3454 4511 3534 4565 eis
3563 4511 3691 4565 dare
3732 4511 3817 4563 di-

2276 4623 2550 4684 gnaretur.
2600 4611 2669 4663 At
2701 4609 2787 4662 ille
2813 4625 2826 4662 :
2873 4606 2903 4656 t‘
2925 4606 3290 4673 Nequaquam,
3322 4602 3519 4669 inquit;
3548 4615 3644 4654 nec
3668 4601 3813 4653 enim

2278 4719 2414 4772 pane
2445 4705 2647 4769 integro
2689 4699 2879 4751 nedum
2930 4695 3078 4746 micis
3108 4707 3200 4746 vos
3241 4692 3475 4760 indigere
3516 4690 3813 4757 conspicio.

2278 4795 2381 4845 Sed
2424 4794 2467 4842 si
2511 4791 2785 4842 comedere
2833 4787 2981 4839 vobis
3026 4772 3468 4850 placet,'amplus
3496 4768 3663 4833 locus
3704 4790 3811 4845 est,

2278 4884 2479 4939 sedete,
2524 4891 2573 4931 el
2605 4895 2725 4931 cum
2765 4876 3128 4929 benedictione
3173 4872 3265 4926 Dei
3295 4888 3410 4940 qua:
3454 4873 3605 4925 vobis
3650 4858 3816 4948 appo-

2279 4981 2473 5023 nentur
2521 4968 2797 5019 comedite.
2830 4985 2847 5015 ι
2902 4966 3307 5032 Responderunt
3335 4976 3390 5014 se
3434 4975 3530 5028 pro
3557 4962 3655 5013 hoc
3703 4976 3814 5016 non

2272 5050 2506 5109 Venisse.
2536 5075 2551 5103 ι
2586 5054 2689 5106 Nec
2710 5070 2825 5122 ego,
2861 5055 2953 5117 ait,
2986 5053 3137 5104 voltis
3157 5052 3295 5102 aliud
3319 5048 3526 5101 faciam.
3558 5067 3574 5096 ι
3601 5048 3818 5102 Intelle-

1907 5146 2303 5200 HENSClliiNll
2357 5146 2575 5199 ΝυΤᾹῧ.

710 5248 819 5315 (5|)
861 5243 1231 5315 S.AMaur'itit_t_s
1274 5237 1601 5315 Agaun‘ensis
1642 5235 2069 5315 c‘olitur'ibidem‘
2102 5237 2181 5287 bis

642 5304 859 5367 sol‘etn'nt
894 5313 1086 5373 oflicio,
1119 5304 1423 5362 scilicet'iz’.
1450 5306 1774 5373 Septembris
1802 5304 1883 5352 die
1913 5304 2087 5373 natali.
2129 5315 2182 5373 et

646 5385 833 5435 iterum
876 5384 944 5433 ἐϋ
988 5370 1253 5437 Octobris,
1294 5386 1347 5427 et
1386 5370 1577 5426 dicitur
1614 5372 1806 5421 fistum
1848 5370 2182 5421 revelationis

1515 5441 1722 5504 quando
1788 5452 1934 5487 Sitt'l'J
1998 5454 2178 5486 coitur

649 5534 868 5587 corpora
892 5535 951 5570 eo
982 5519 1189 5569 fuerunt
1220 5514 1409 5573 delata,
1444 5520 1491 5562 et
1524 5510 1632 5561 inec
1679 5505 1953 5558 Festivitas
1983 5504 2064 5555 hic
2106 5507 2182 5557 vi-

649 5452 705 5501 ὃ.
777 5451 997 5500 Mauritii
1055 5460 1106 5500 et
1155 5447 1443 5501 sociorum,

2285 5239 2434 5289 cietur
2464 5234 2682 5286 indicari
2708 5250 2721 5294 ;
2754 5243 2936 5299 estque
2964 5232 3033 5283 illi
3065 5230 3283 5283 ecclesia
3314 5227 3635 5281 cathedralis
3665 5228 3821 5281 dedis

2284 5322 2340 5357 Ca
2353 5315 2417 5355 ta.

2354 5374 2460 5432 (δὲ)
2500 5369 2670 5421 Guizlo
2725 5366 3035 5420 Viennensis
3082 5365 3550 5432 archiepiscopus,
3599 5374 3820 5421 creatus

2283 5459 2365 5492 an.
2404 5439 2552 5501 1035,
2584 5438 2751 5488 flictus
2774 5448 2848 5489 est
2878 5436 3111 5503 pontifex
3142 5435 3269 5487 lll9
3318 5434 3557 5486 Calixtus
3588 5433 3644 5484 ll
