4174 6236
76 50 141 85 ι-ῖ
152 43 419 87 τιεί-ττῂ

343 244 448 302 105

1342 236 1499 294 vna
1530 233 1853 323 acerem;
1884 232 2234 287 l-IADMERO.
2272 261 2341 272 -
2372 230 2497 286 ue.
2522 212 2621 284 ‘n.'

3484 208 3607 290 ’ποθ

342 357 503 403 κει-οι
529 348 677 404 enim
708 365 814 419 quo
843 348 1203 403 intenderent.
1250 348 1403 403 Unus
1443 363 1572 420 ergo
1610 365 1672 403 ex
1714 350 1799 401 bis
1828 347 1919 415 qui
1953 346 1993 401 A
2024 343 2242 405 strusit,
2278 349 2333 395 et
2358 340 2677 395 familiarem
2709 341 2812 395 sibi
2842 339 3091 395 eﬂectum
3137 344 3452 398 correctiori
3487 344 3612 400 vita:

342 436 399 491 in
457 436 578 502 ejus
630 438 823 493 dextra
880 437 1143 491 sedebant
1196 436 1508 506 intelligens
1560 437 1680 490 illos
1732 436 1927 490 salutis

342 525 579 594 propria:
624 538 812 579 curam
844 524 1067 586 habere.
1111 532 1168 577 et
1196 524 1370 577 virum
1388 525 1454 577 lin
1490 527 1592 579 boe
1617 524 1753 579 nihil
1785 526 1930 593 quod

344 612 612 667 miraculo
660 622 845 682 posset
885 612 1083 668 ascribi
1118 612 1255 668 velle
1307 613 1507 679 facere,
1552 615 1705 683 quasi
1739 629 1929 668 eorum

347 704 761 773 importunitate
816 715 1109 774 pertmsus,
1173 716 1390 775 arrepta
1448 707 1680 776 desuper
1743 719 1929 760 mensa

345 792 651 863 fragmenta
691 795 922 864 praebuit
960 796 1061 860 eis,
1090 805 1145 850 et
1192 812 1261 851 ne
1307 798 1583 853 hominem
1636 798 1932 869 fatigarent

308 886 607 939 secedere
645 886 873 939 monuit.
924 884 1027 952 Qui
1076 888 1259 942 statim
1310 895 1371 941 ut
1411 889 1607 943 exinde
1659 889 1927 945 modicum

340 983 701 1045 gnstaverunt
719 992 842 1031 cum
870 977 1245 1033 benedictione
1272 980 1372 1033 viri
1400 980 1602 1049 egressi
1633 988 1775 1033 sunt.
1802 979 1929 1034 Post

343 1080 594 1119 mensam
624 1066 677 1119 in
708 1067 1059 1120 secretiorem
1094 1067 1270 1121 locum
1284 1084 1379 1121 'me
1412 1069 1666 1134 tulerunt,
1698 1083 1927 1138 magno-

342 1168 478 1221 pere
506 1153 851 1222 postulantes
890 1163 1161 1222 quatenus
1206 1153 1375 1221 adjuti
1421 1171 1539 1210 mea
1564 1171 1666 1224 ope
1688 1157 1755 1209 ad
1795 1156 1930 1209 mis-

340 1257 463 1297 sam
496 1242 673 1321 Patris
718 1251 1063 1298 mererentur
1102 1244 1169 1297 de
1214 1259 1377 1297 manu
1422 1243 1540 1313 ejus
1582 1245 1928 1299 Dominicum

338 1349 545 1404 corpus
575 1346 632 1390 et
661 1336 978 1407 sanguinem
1028 1352 1267 1392 sumere.
1318 1339 1466 1405 Quos
1516 1356 1641 1395 cum
1694 1340 1930 1397 libenter

342 1424 643 1493 audissem,
687 1411 750 1479 et
770 1426 1009 1494 quando,
1040 1441 1217 1496 quove
1249 1427 1302 1480 in
1347 1427 1467 1482 loco
1520 1428 1573 1481 id
1622 1428 1777 1482 fieret
1802 1430 1932 1482 edo-

340 1513 603 1577 cuissem,
636 1514 872 1582 gratiosa
921 1527 1054 1568 voce
1090 1514 1528 1583 responderunt:
1573 1514 1641 1568 Et
1671 1529 1777 1585 nos
1804 1515 1927 1585 qui-

345 1604 475 1655 dem
506 1602 656 1657 omni
707 1591 1060 1658 excusatione
1103 1614 1330 1671 semota,
1361 1605 1505 1660 sicut
1535 1605 1692 1669 dicis,
1740 1607 1929 1661 venie-

2034 442 2091 484 ut
2127 440 2247 499 post
2298 431 2586 484 multorum
2636 429 2947 483 testimonio
2995 432 3379 500 comperimus,
3433 432 3582 487 reddi

2033 522 2126 574 dit.
2188 504 2191 509 l

2102 613 2191 665 53.
2249 610 2343 665 llis
2387 613 2500 666 fere
2554 612 2929 681 temporibus,
2986 612 3303 670 Cluniacum
3359 615 3617 671 euntibus

2032 702 2191 755 nobis
2218 703 2458 755 occurrit
2485 703 2706 771 quidam
2731 703 2868 757 sacri
2894 702 3105 756 ordinis
3131 704 3311 769 homo,
3342 705 3620 775 lacrymo-

2031 792 2106 845 sis
2135 793 2389 861 precibus
2426 793 2603 846 virum
2641 794 2940 863 deprecans
2979 802 3246 861 quatenus
3280 804 3341 849 et
3364 808 3426 851 se
3455 796 3618 851 oculo

2029 882 2418 936 misericordia:
2479 893 2535 937 et
2590 896 2835 955 sororem
2892 899 3048 938 suam
3108 886 3278 953 nuper
3340 884 3614 944 amentem

2027 969 2277 1025 effectam
2328 971 2553 1027 dextera
2590 987 2701 1027 sua:
2751 973 3144 1028 benedictionis
3191 974 3507 1043 dignaretur
3532 989 3618 1030 re-

1974 1064 1979 1069 ’
2029 1061 2258 1132 Spicere.
2296 1062 2362 1116 Et
2393 1063 2671 1117 subdens:
2718 1063 2880 1127 Ecce,
2909 1063 3006 1127 ait,
3054 1065 3108 1119 in
3150 1065 3235 1128 via
3266 1080 3373 1134 qua
3417 1066 3620 1121 transi-

2032 1154 2136 1208 turi
2168 1152 2301 1208 estis
2332 1154 2475 1227 inter
2501 1155 2699 1209 multos
2728 1165 2968 1219 tenetur,
2994 1167 3282 1226 sperantes
3303 1158 3429 1228 quia
3460 1162 3506 1214 si
3535 1170 3642 1226 tu,~

2027 1241 2264 1310 domine,
2319 1243 2368 1297 ei
2409 1259 2627 1298 manum
2679 1242 3027 1313 imposueris,
3080 1246 3343 1301 continuo
3390 1246 3616 1305 favente

2029 1334 2203 1404 gratia
2245 1333 2364 1399 Dei,
2396 1350 2507 1390 sum
2555 1335 2724 1390 menti
2782 1335 3188 1391 restitueretur.
3238 1336 3319 1391 Ad
3366 1339 3479 1393 inec
3526 1340 3618 1397 ille

2030 1435 2180 1478 muta
2232 1439 2367 1483 voce
2394 1435 2448 1479 et
2504 1427 2662 1495 quasi
2711 1426 2885 1483 surda,
2926 1428 3240 1496 pertransiit
3285 1443 3435 1485 aure.
3489 1429 3619 1488 Pue-

2029 1516 2306 1584 sbyterum
2357 1524 2538 1570 autem
2596 1530 2673 1583 eo,
2719 1515 2892 1584 magis
2947 1500 3239 1571 instantem
3303 1531 3368 1572 ac
3424 1532 3617 1588 preces

2031 1606 2480 1674 nmltiplicantem
2509 1606 2707 1677 repulit
2731 1622 2762 1661 a
2792 1623 2871 1672 se,
2893 1609 3145 1665 omnibus
3167 1612 3339 1665 modis
3364 1626 3616 1669 asserens

341 1705 493 1756 mus,
523 1691 569 1745 si
599 1691 702 1747 bac
730 1692 1033 1757 medecina,
1058 1708 1217 1762 quam
1249 1711 1394 1749 nunc
1440 1697 1507 1750 de
1538 1712 1724 1750 mensa
1764 1697 1932 1764 ipsius
1965 1685 2007 1738 Β
2033 1703 2143 1747 tam
2175 1703 2500 1749 extraneum
2549 1694 2754 1758 factum
2803 1698 2948 1753 nulla
3000 1699 3100 1754 sibi
3144 1702 3355 1756 ratione
3402 1711 3618 1759 tentan-

338 1781 759 1847 suscepimusa
786 1786 1088 1861 quartanis,
1134 1795 1190 1839 et
1223 1786 1521 1842 mortiferis
1570 1786 1834 1855 febribus,
1868 1804 1932 1853 ac

342 1871 736 1926 intestinorum
785 1874 1137 1941 tortionibus,
1186 1875 1384 1944 quibus
1430 1877 1759 1933 intoierabili
1801 1895 1928 1934 cru-

339 1960 493 2014 ciatu
542 1962 920 2030 coneutimnr,
969 1963 1185 2019 liberati
1231 1980 1337 2019 non
1387 1965 1675 2022 fuerimus.
1720 1969 1787 2023 Et
1828 1971 1930 2024 hoc

248 2050 253 2065 “
335 2052 453 2105 erit
489 2052 702 2121 signum
750 2051 844 2124 [aL
869 2094 884 2120 ,
920 2053 1084 2125 signi]
1119 2055 1257 2109 inter
1305 2072 1404 2111 nos
1433 2068 1489 2111 et
1542 2066 1617 2124 te,
1667 2064 1927 2128 quoniam

339 2143 390 2195 si
422 2142 1023 2208 convaluerimus,'non
1053 2146 1330 2200 veniemus
1356 2161 1371 2200 :
1414 2150 1698 2204 veniemus
1727 2151 1772 2205 si
1820 2166 1928 2205 non

337 2232 739 2288 convaluimus.
784 2228 1046 2305 Adquievi
1077 2236 1221 2303 dicto
1250 2235 1348 2307 [aL
1370 2276 1387 2303 ,
1420 2238 1619 2313 quibus
1660 2239 1844 2311 dictis]
1876 2250 1931 2295 et

341 2324 416 2379 ad
455 2326 684 2380 invicem
716 2327 873 2381 divisi
904 2342 1113 2381 sumus.
1145 2326 1260 2382 Non
1310 2338 1598 2395 venerunt,
1632 2331 1759 2398 quia
1791 2332 1932 2387 sicut

340 2417 532 2485 accepi
564 2417 633 2470 ab
676 2417 757 2472 eis
796 2417 887 2486 qui
932 2426 1220 2488 utrumque
1269 2429 1537 2474 noverunt
1579 2435 1643 2475 eo
1691 2421 1832 2490 quod
1866 2422 1932 2479 de

343 2520 530 2559 "tensa
562 2514 885 2573 acceperant
928 2506 995 2559 ad
1030 2505 1245 2576 plenum
1293 2507 1385 2583 Dei
1418 2507 1593 2577 gratia
1638 2508 1932 2564 convalue-

344 2611 497 2651 runt.
525 2600 678 2665 Quod
706 2598 924 2669 quidem
969 2600 1011 2655 si
1043 2601 1115 2655 ita
1147 2617 1249 2655 non
1294 2601 1514 2665 fuisset,
1576 2602 1931 2671 quemadmo-

341 2688 476 2743 dum
532 2688 652 2744 illos
718 2690 1035 2746 infirmitate
1098 2698 1352 2760 gravatos
1411 2692 1637 2748 sanitati
1696 2695 1934 2749 voluisse

341 2779 566 2834 restitui
598 2780 857 2835 credibile
888 2790 1002 2846 est;
1036 2781 1109 2835 ita
1138 2797 1233 2835 eos
1268 2783 1336 2836 ab
1377 2782 1734 2850 requisitione
1774 2784 1933 2838 istius

337 2870 671 2940 posterioris
718 2870 997 2926 medicina:
1041 2873 1400 2942 supersedere
1440 2871 1680 2928 noluisse
1707 2872 1931 2935 dubium

340 2975 456 3014 non
485 2969 591 3015 εει.

414 3050 700 3127 séT'céFm
741 3086 935 3141 nempe
970 3072 1234 3127 tenebant
1264 3073 1365 3126 ista
1398 3087 1477 3139 se,
1516 3074 1647 3143 quin
1676 3075 1933 3129 convale-

340 3170 573 3216 scerent
628 3160 740 3215 falli
794 3176 899 3216 non
953 3176 1133 3231 posse,
1197 3162 1432 3216 scientes
1486 3164 1772 3231 quemdam
1826 3178 1931 3217 non

340 3250 522 3321 ignoti
554 3250 792 3304 nominis
813 3250 994 3303 virum
1016 3264 1082 3305 eo
1112 3250 1231 3304 solo
1256 3251 1399 3321 quod
1417 3266 1520 3320 spe
1547 3252 1932 3321 recuperandis

337 3339 607 3397 sanitatis
643 3338 822 3393 missa:
865 3338 1007 3392 illius
1036 3338 1301 3401 interfuit,
1334 3356 1363 3392 a
1401 3341 1518 3408 pari
1567 3350 1694 3395 tunc
1723 3342 1935 3395 noviter

336 3426 721 3484 invaletudine
750 3426 1113 3482 convaluisse.
1150 3426 1428 3495 Siquidem
1460 3444 1603 3481 unus
1651 3445 1682 3483 e
1730 3430 1934 3499 princi-

339 3520 510 3588 pibus
566 3526 723 3571 terra:
777 3517 919 3570 illius
970 3517 1060 3570 diu
1110 3516 1299 3573 eadem
1356 3533 1461 3588 qua
1499 3520 1600 3587 ipsi
1656 3520 1933 3591 languoris

340 3606 599 3660 molestia
635 3594 857 3660 vexatus
894 3606 1105 3667 fuerata
1141 3606 1240 3661 ilic
1291 3606 1474 3676 agnito
1508 3608 1825 3663 Anselmum
1878 3612 1932 3665 in

244 3705 251 3709 '
339 3696 581 3751 ecclesia
612 3695 763 3750 Beati
808 3694 1065 3765 Stephani
1097 3695 1209 3765 (5'5)
1243 3697 1461 3751 missam
1506 3714 1571 3752 ex
1617 3715 1767 3753 more
1794 3700 1935 3755 cele-
1965 3682 1972 3693 ’

338 3790 660 3851 braturum,
692 3784 971 3840 festinavit
1013 3785 1106 3840 illo
1135 3785 1409 3842 arbitrans
1438 3787 1540 3841 sibi
1589 3790 1655 3842 ad
1706 3805 1934 3859 recnpe»

280 3914 281 3917 η
345 3880 584 3933 randam
628 3877 921 3932 sanitatem
967 3876 1100 3931 utile
1151 3876 1288 3940 fore,
1340 3878 1384 3931 si
1435 3878 1599 3933 missa
1654 3880 1789 3933 tanti
1835 3882 1935 3935 viri

342 3986 415 4025 ac
445 3969 827 4025 benedictione
868 3968 1160 4023 meruisset
1205 3969 1389 4037 potiri.
1444 3970 1666 4034 Fateor,
1702 3972 1936 4026 vidimus

344 4059 632 4115 hominem
671 4072 891 4113 suorum
942 4059 1192 4113 manibus
1240 4059 1484 4113 innixum
1518 4060 1805 4116 ecclesiam
1854 4062 1938 4115 i’n-

347 4157 683 4212 troeuntem,
710 4156 921 4202 mortuo
946 4162 1108 4217 quam
1135 4148 1358 4202 viventi
1382 4149 1723 4204 similiorem.
1758 4152 1932 4217 Sedit,

346 4250 408 4292 et
442 4237 595 4291 finita
634 4236 795 4291 missa
826 4251 1076 4307 egressus
1120 4246 1224 4291 est.
1273 4238 1437 4301 Nobis
1479 4252 1634 4302 vero,
1663 4256 1766 4293 nec
1792 4240 1935 4308 quis,

348 4328 439 4382 vel
470 4326 612 4382 unde
655 4336 750 4382 aut
778 4344 875 4384 cur
903 4322 1190 4401 advenerit
1209 4330 1506 4385 scientibus
1556 4339 1649 4384 aut
1690 4332 1935 4385 curanti-

348 4418 481 4483 bus,
531 4418 671 4472 idem
718 4417 820 4483 vir,
867 4418 1096 4472 evolutis
1122 4420 1307 4488 paucis
1353 4420 1561 4487 diebus,
1609 4421 1675 4474 ad
1719 4420 1933 4475 Patrem

348 4507 528 4570 venit,
576 4506 728 4561 llexis
756 4508 981 4575 genibus
1008 4508 1055 4563 ei
1105 4522 1201 4578 pro
1233 4510 1425 4579 adepta
1474 4510 1708 4563 sanitate
1732 4512 1936 4579 gratias

353 4610 547 4665 agens.
584 4594 665 4651 Ad
690 4596 829 4665 quod
856 4612 980 4651 cum
1014 4597 1101 4651 ille
1129 4597 1563 4670 robstupesceret,
1596 4598 1854 4652 indicarit
1888 4598 1937 4652 ei

349 4688 606 4741 ordinem
644 4695 806 4754 gestae
854 4688 952 4753 rei,
1002 4688 1331 4757 confirmans
1374 4687 1518 4757 quod
1555 4690 1622 4741 ab
1666 4703 1729 4742 ea
1781 4689 1933 4751 hora,

350 4792 464 4849 qua
491 4759 553 4831 se
580 4778 759 4832 mis‘sze
787 4777 927 4832 illius
964 4779 1332 4847 praesentavit,
1363 4778 1509 4831 omni
1551 4779 1753 4833 doloris
1775 4795 1936 4833 vexa-

312 4870 321 4875 '
353 4867 508 4920 tione
533 4865 774 4936 depulsa,
808 4870 1028 4922 sanitati
1076 4870 1358 4923 restitutus
1382 4870 1471 4924 sit.
1501 4872 1573 4923 At
1598 4868 1685 4924 ille
1710 4870 1841 4924 nihil
1869 4870 1936 4925 ad

352 4970 416 5011 se
456 4957 563 5011 hoc
593 4956 883 5026 pertinere,
915 4960 1009 5012 sed
1052 4959 1223 5027 ipsius
1268 4958 1392 5012 fidei
1435 4974 1500 5013 ac
1542 4960 1752 5013 meritis
1792 4958 1938 5014 beati

351 5049 639 5116 martyris,
682 5048 749 5103 ad
778 5064 935 5119 quem
965 5050 1215 5119 divertit,
1252 5049 1630 5104 ascribendum
1668 5046 1953 5117 asserens,.

352 5136 445 5192 bis
486 5150 608 5207 quae
652 5138 816 5193 saluti
851 5138 1047 5193 anima:
1073 5138 1214 5192 illius
1253 5148 1645 5206 eompetercnt,
1692 5132 1823 5193 eum
1854 5141 1939 5193 in-

2035 1786 2183 1838 dum.
2212 1784 2357 1839 inter
2383 1785 2498 1840 haec
2537 1787 2881 1854 procedimus
2923 1796 2978 1841 et
3007 1788 3152 1843 illam
3186 1789 3245 1849 in
3279 1790 3457 1846 medio
3484 1774 3619 1848 adu-

2032 1885 2177 1930 nattc
2228 1875 2594 1932 multitudinis
2665 1878 2915 1933 cominus
2968 1879 3138 1935 teneri
3206 1882 3617 1951 conspicimus,

2032 1965 2353 2024 furibundas
2380 1977 2580 2033 motus,
2618 1977 2675 2024 et
2704 1968 3031 2023 inhumanos
3061 1978 3253 2035 nutus,
3289 1973 3464 2039 vultu,
3495 1989 3613 2039 ore,

2032 2056 2222 2121 oculis,
2267 2065 2323 2111 et
2371 2058 2536 2114 totius
2586 2058 2833 2129 corporis
2863 2067 3017 2127 gestu
3055 2060 3330 2116 edentem.
3381 2061 3620 2133 Populus

2032 2150 2218 2218 itaque
2261 2150 2434 2204 virum
2466 2150 2846 2207 advenientem
2878 2149 3207 2216 circumdat,
3241 2146 3473 2208 retentis
3518 2148 3621 2209 lia-

2032 2238 2189 2297 benis
2212 2248 2404 2306 preces
2443 2238 2769 2308 ingeminat,
2806 2246 2866 2290 ut
2891 2239 3109 2293 misera:
3148 2240 3362 2296 mulieri
3396 2256 3618 2298 manum

2033 2328 2297 2398 imponat,
2328 2336 2473 2391 orat,
2520 2327 2792 2381 obsecrat.
2838 2326 3070 2382 Obsistit
3099 2328 3189 2383 ille
3232 2329 3420 2385 dicens
3475 2333 3621 2401 quod

2031 2416 2309 2487 postulant
2348 2431 2691 2485 nequaquam
2736 2432 2859 2473 esse
2884 2418 3186 2486 sapientiae.
3218 2418 3495 2489 Objiciunt
3542 2421 3620 2476 illi

2033 2506 2178 2577 vulgi
2212 2520 2363 2561 more
2408 2520 2531 2575 qua:
2574 2508 2974 2573 occurrebant,
3027 2508 3224 2564 saltem
3252 2511 3623 2579 improbitate

2033 2595 2254 2651 vincere
2296 2596 2611 2664 gestientes.
2662 2594 2816 2651 Tunc
2863 2597 2950 2651 vir
2995 2596 3157 2671 aliter
3202 2615 3265 2655 se
3300 2616 3409 2655 non
3458 2617 3622 2672 posse

2032 2684 2265 2739 evadere
2297 2684 2562 2750 sentiens,
2600 2686 2701 2739 hoc
2741 2676 2860 2741 solo
2894 2687 2975 2742 eis
3015 2700 3225 2743 morem
3254 2693 3442 2759 gessit,
3470 2694 3620 2749 vide-

2036 2774 2163 2828 licet
2203 2774 2347 2843 quod
2390 2774 2519 2826 nulli
2555 2787 2754 2841 negare
2795 2774 3027 2841 solebat,
3057 2777 3214 2846 signo
3257 2792 3380 2834 eam
3420 2762 3627 2837 sancta:

2037 2866 2215 2919 crucis
2252 2866 2427 2918 levata
2476 2864 2667 2919 dextra
2722 2865 2977 2935 signavit.
3033 2867 3152 2934 Quo
3201 2869 3365 2935 facto,
3420 2871 3626 2928 laxatis

2039 2955 2268 3009 habenis
2288 2956 2437 3007 ocior
2458 2954 2590 3016 abit,
2624 2956 2987 3024 impositaque
3022 2958 3247 3014 cucullze
3278 2976 3391 3015 sua:
3421 2963 3625 3041 capitiu

2038 3042 2225 3112 capiti,
2258 3044 2483 3123 remotis
2513 3042 2701 3106 sociis,
2746 3044 3040 3115 singularis
3066 3048 3237 3113 vadit,
3271 3049 3503 3109 infelicis
3540 3054 3627 3109 fe-

2038 3138 2199 3191 mina:
2228 3151 2500 3191 aerumnas
2525 3132 2742 3205 pietatis
2770 3134 2966 3195 aﬂ'ectu
2991 3140 3500 3213 perfusnslacrymis
3519 3144 3623 3219 [αι.

2036 3220 2184 3282 "omit.
2226 3243 2279 3296 p.
2322 3226 2386 3298 l.]
2421 3228 2714 3282 tenerrime
2752 3224 2977 3284 deﬂens.
3014 3229 3130 3287 Hac
3170 3247 3268 3289 nos
3294 3237 3627 3296 contritione

2034 3322 2220 3378 amicti
2244 3322 2583 3389 Cluniacum,
2633 3326 2721 3378 illa
2753 3326 2895 3395 vulgi
2943 3328 3196 3384 manibus
3242 3344 3367 3386 acta
3402 3336 3624 3392 domum

2037 3411 2290 3465 tetendit.
2314 3411 2555 3467 Necdum
2590 3428 2686 3481 pes
2717 3413 2834 3481 ejus
2872 3415 3042 3472 limen
3083 3431 3199 3473 suae
3234 3420 3427 3475 domus
3464 3427 3621 3480 attri-

2040 3506 2134 3569 vit,
2160 3512 2221 3558 et
2252 3504 2620 3575 integerrimas
2662 3507 2880 3561 sanitati
2927 3510 3127 3564 donata
3177 3512 3229 3565 in
3266 3513 3483 3569 laudem
3519 3518 3623 3574 viri

2036 3594 2246 3664 linguas
2273 3597 2515 3649 omnium
2547 3598 2727 3651 solvit.
2772 3598 2945 3663 Quam
2977 3615 3091 3654 rem
3138 3603 3217 3656 sic
3262 3604 3462 3659 factum
3493 3609 3624 3663 dutn

2039 3695 2182 3739 certa
2212 3686 2475 3740 relatione
2498 3685 2739 3742 Cluniaci
2761 3691 3179 3758 accepissemus,
3208 3695 3375 3762 gavisi
3407 3711 3619 3765 sumus,

2038 3790 2101 3829 ac
2148 3791 2246 3844 pro
2299 3793 2396 3831 sua
2450 3777 2822 3833 misericordia
2878 3780 2987 3835 Deo
3036 3784 3265 3850 gratiam
3315 3795 3366 3839 et
3397 3786 3624 3856 gloriam

2037 3867 2303 3924 dedimus.

2110 3959 2199 4012 54.
2244 3958 2396 4013 Actis
2434 3960 2627 4014 deinde
2650 3948 2871 4030 prepter
2901 3960 3374 4029 quaeCluniacum
3406 3968 3631 4024 adveni~

2040 4065 2179 4115 mus,
2234 4050 2501 4105 reversuri
2546 4049 2864 4119 Lugdunum
2913 4051 3017 4106 iter
3061 4067 3156 4122 per
3195 4055 3471 4111 civitatem
3517 4056 3630 4115 Ma.

2042 4142 2401 4219 tiseonensem
2431 4141 2778 4210 arripuimus.
2829 4141 2928 4195 Ubi
2960 4142 3246 4200 Anselmus
3290 4156 3478 4217 rogatu
3511 4151 3625 4219 epi-

2040 4216 2186 4302 scOpi
2246 4232 2357 4301 (Si)
2411 4242 2466 4286 et
2511 4234 2892 4285 canonicorum
2943 4232 3167 4288 missam
3220 4216 3434 4304 publice
3481 4216 3624 4308 apud

1967 4324 2299 4405 DSanctum
2354 4322 2691 4377 Vincentium
2741 4322 3066 4389 celebravit;
3120 4336 3175 4378 et
3231 4327 3374 4380 inter
3426 4342 3628 4383 senun-

2040 4429 2187 4478 ncm,
2214 4426 2374 4481 quem
2405 4411 2469 4465 ad
2496 4411 2747 4480 populum
2780 4412 2990 4477 habuit,
3026 4421 3085 4465 ut
3110 4428 3299 4468 omnes
3342 4415 3627 4470 Dominum

2039 4519 2139 4573 pro
2168 4504 2420 4557 siccitate
2451 4517 2556 4572 qua
2600 4502 2653 4555 in
2684 4502 3007 4557 immensum
3037 4511 3185 4557 terra
3218 4516 3453 4571 eruerat,
3483 4522 3633 4563 com-

2042 4594 2279 4647 muniter
2320 4602 2695 4661 precarentur,
2742 4594 3042 4648 admonuit.
3079 4595 3277 4649 Dicunt
3320 4611 3377 4651 se
3420 4598 3530 4663 jam
3575 4599 3629 4652 id

2036 4687 2240 4753 saepius
2294 4684 2512 4751 fecisse,
2563 4685 2656 4739 sed
2708 4684 2847 4747 nihil
2898 4683 3173 4753 effecisse;
3230 4682 3283 4743 et
3328 4704 3391 4744 ea
3442 4704 3520 4752 re,
3570 4701 3633 4744 ut

2044 4789 2233 4844 preces
2275 4788 2462 4830 eorum
2502 4774 2617 4844 ipse
2645 4788 2741 4827 sua
2790 4789 2954 4843 prece
2983 4791 3165 4829 coram
3216 4776 3328 4831 Deo
3380 4775 3630 4833 elIicaces

2046 4867 2268 4929 elliciat,
2295 4881 2623 4935 magnopere
2644 4877 2801 4919 orant
2820 4874 2876 4917 et
2897 4866 3210 4921 obsecrant.
3242 4867 3381 4934 Quid
3406 4869 3583 4923 dicam
3607 4870 3634 4924 2

2048 4954 2286 5010 Necdum
2327 4956 2509 5025 pransi
2546 4967 2783 5017 eramus,
2812 4964 2866 5006 et
2895 4967 3027 5008 ecce
3072 4955 3253 5009 subito
3285 4956 3632 5023 stupentibus

2049 5049 2261 5105 cunctis
2290 5048 2563 5102 serenitas
2591 5044 2713 5100 εαξιὶ
2749 5044 2802 5099 in
2835 5046 3073 5099 nubilum
3104 5047 3357 5113 vertitur,
3405 5047 3632 5118 ipsaque

2052 5141 2139 5195 die
2183 5140 2499 5209 priusquam
2552 5136 2777 5190 civitate
2835 5134 3241 5205 egrederemur,
3280 5136 3459 5199 pluvia
3514 5138 3636 5193 dul-

1662 5251 2072 5312 HENSCHENII
2124 5250 2352 5309 ΝΟΤΑΞ.

428 5349 549 5421 (33)
585 5330 856 5421 Oppidum
900 5343 958 5421 S.
1017 5345 1276 5421 Stephani
1324 5344 1393 5399 de
1442 5344 1739 5421 Feretrius,
1796 5346 1937 5421 intra

349 5413 558 5479 nonam
605 5413 890 5471 a'Vienna
944 5413 1175 5480 leucatit,
1223 5416 1452 5470 fortasse
1495 5414 1938 5483 intelligitur;.si

348 5504 540 5549 tamen
584 5496 744 5542 extra
780 5484 1051 5538 civitatem
1089 5487 1257 5553 ipsam
1299 5485 1675 5548 Viennensem,
1725 5482 1939 5552 Lugdu-

348 5575 609 5625 nensem,
637 5563 735 5611 aut
757 5552 986 5608 similem
1004 5552 1163 5609 aliain
1188 5556 1537 5624 quaerendum
1563 5555 1664 5608 hoc
1681 5554 1935 5622 teniplutu

689 5655 961 5717 Ριτιιυι..
1007 5650 1279 5714 CLVIII.

200 5904 215 5913 ι

152 6058 155 6065 μ
170 6062 173 6067 ι

340 6122 369 6135 γι
400 6126 411 6135 1

2046 5355 2230 5484 CSt(354)
2270 5414 2581 5472 Bernardus
2610 5415 2655 5468 is
2679 5412 2796 5480 fuit,
2822 5430 2966 5471 anno
2992 5414 3128 5469 1097
3152 5414 3325 5480 factus
3349 5414 3635 5482 episcopus

2047 5485 2479 5540 Matisconcnsis.
2628 5501 2630 5503 ‘

3081 5640 3119 5701 ἱι
