4174 6232
1546 158 1605 212 5.
1654 158 1959 216 ANSELMI
1993 160 2341 222 CANTUAR.
2398 163 2715 221 ARCHIEP.

3704 160 3809 221 ΜΘ

511 276 638 357 φής
667 284 721 329 et
751 274 967 345 crpiasa
1003 274 1159 329 terris
1197 272 1452 327 illabitur.
1485 270 1646 328 Plebs
1684 255 1847 343 igitur
1875 277 1989 331 viso
2018 279 2118 332 hoc
2148 279 2197 340 Α
2228 289 2283 334 et
2314 280 2641 335 Willelmum
2665 292 2865 347 regem,
2896 277 3310 331 determinatum
3348 288 3431 333 est
3456 288 3619 347 atque
3645 248 3804 336 seda-

555 366 699 429 facto
745 366 1026 421 benedixit
1057 362 1367 426 Dominum,
1412 370 1463 417 et
1503 362 1618 430 ejus
1665 375 1788 432 pust
1835 365 2002 421 Deum
2032 383 2130 424 au-

555 469 763 513 ctorem
794 456 999 523 magnis
1032 454 1288 538 laudibus.
1309 452 1604 521 priedicant
1650 455 1986 510 Ansehuum.
2019 459 2129 515 Ita-

557 564 683 621 que,
715 550 770 601 in
825 546 1193 599 habitaculum
1251 555 1497 599 nostrum
1550 544 1868 613 Lugdunum
1904 552 2128 615 reversi,

556 641 796 709 quietam
827 638 1003 689 vitam
1022 636 1090 689 ab
1137 636 1282 689 omni
1330 634 1558 687 tumultu
1607 636 1806 703 negotii
1857 639 2133 695 stecularis

558 729 873 796 agebamus.
920 726 1207 779 Anselmus
1234 737 1361 775 vero
1409 723 1572 795 vitam
1604 725 1715 777 veri
1764 729 1905 780 servi
1940 730 2027 782 Dei
2077 732 2130 783 in

557 819 763 879 sanctis
811 814 1269 875 ineditztionihus,
1311 813 1366 866 in
1412 814 1585 884 omnis
1629 828 1811 879 sexus,
1856 818 2031 871 mtatis
2079 830 2133 874 et

560 908 766 961 ordinis
797 904 1076 958 hominum
1108 902 1174 955 ad
1206 917 1263 955 se
1300 902 1630 956 venientium
1662 905 2129 975 aediﬁcationibus,

562 1011 623 1049 ac
651 996 702 1047 in
734 1003 1053 1048 catterarum
1084 992 1343 1043 virtutum
1362 991 1795 1047 cxhibitiouibus
1820 984 2129 1053 exercebat.

561 1081 665 1135 Per
713 1082 765 1135 id
816 1078 1281 1147 etiam‘temporis
1325 1079 1543 1147 scripsit
1590 1080 1788 1135 librum
1847 1100 2011 1139 unum
2061 1085 2136 1138 De

562 1181 810 1238 conceptu
852 1168 1091 1237 virginali
1122 1176 1176 1222 et
1218 1166 1293 1220 De
1322 1178 1531 1235 peccato
1580 1171 1846 1239 originali,
1891 1181 1945 1228 et
1992 1173 2137 1228 aliud

563 1258 832 1324 quoddam
861 1253 1178 1323 opusculum
1210 1252 1395 1331 multis
1441 1261 1654 1322 gratum
1696 1265 1750 1308 et
1793 1255 2135 1323 delectabile,

566 1349 651 1402 cui
708 1347 919 1401 titulum
982 1344 1221 1399 indidit:
1282 1343 1557 1399 Meditatio
1614 1345 1979 1415 redemptionis
2035 1348 2138 1402 Itu-

565 1452 750 1491 πιαηαν.

1166 1521 1392 1576 uapor
1444 1504 1529 1576 γι

2234 378 2365 423 tum.
2399 370 2481 423 Ad
2528 368 2671 438 quod
2702 367 2793 420 ille
2825 366 3058 420 alacrior
3086 366 3256 420 factus
3289 368 3429 421 illico
3472 377 3631 438 caput
3659 369 3810 424 leva-

2229 459 2330 521 vit,
2361 467 2414 512 et
2443 458 2646 526 apertis
2673 454 2844 510 oculis
2868 456 3329 524 circumspectans
3359 457 3627 514 neminem
3650 459 3810 513 vidit.

2233 544 2494 616 Sequenti
2524 530 2699 597 autem
2725 541 3056 597 nocte'inter
3078 544 3374 598 matutinas
3400 560 3537 597 unus
3568 530 3814 601 nostrum

2230 636 2427 692 clausis
2452 635 2625 690 oculis
2656 635 2833 688 stabat
2851 642 2907 689 et
2937 633 3221 703 psallebat.
3247 634 3313 688 Et
3340 649 3466 690 ecce
3488 635 3562 690 illi
3588 639 3811 706 quidam

2234 726 2534 779 chartulam
2591 724 3154 793 admodumparvam
3209 722 3499 793 legendam
3545 728 3812 781 exhibuit.

2230 811 2477 879 Aspexit,
2511 819 2565 865 et
2591 812 2644 864 in
2671 826 2756 871 ea.
2786 812 2927 864 Obiit
2962 827 3055 864 rea:
3087 811 3407 879 Willelmus,
3438 815 3695 882 scriptum
3724 817 3814 868 ine
3834 870 3851 879 ,

2232 902 2400 955 venit.
2458 901 2757 956 Confestim
2808 902 3022 971 aperuit
3068 903 3281 969 oculos,
3328 911 3383 957 et
3432 903 3635 957 nullum
3677 906 3815 959 vidit

2180 1044 2183 1049 .
2234 998 2434 1061 przeter
2459 992 2655 1047 socios.

2307 1081 2394 1134 57.
2434 1079 2563 1145 Post
2594 1082 2828 1135 triduum
2864 1081 3063 1136 abhinc
3098 1074 3166 1136 ad
3204 1082 3474 1137 abbatiam
3508 1098 3625 1152 quae
3653 1098 3815 1139 vocas

2238 1178 2325 1223 tur
2367 1170 2507 1223 Casa
2555 1169 2668 1234 Dei,
2718 1170 2902 1225 multis
2937 1160 3199 1240 precibus
3225 1171 3484 1247 invitatus
3527 1172 3817 1225 Anselmus

2238 1261 2497 1330 perrexit.
2542 1259 2643 1314 Ubi
2674 1275 2794 1313 eum
2832 1260 3125 1315 honoriﬁce
3160 1261 3445 1330 susceptus
3481 1268 3535 1315 et
3575 1262 3816 1331 hospita-

2243 1361 2328 1404 tus
2356 1350 2565 1414 fuisset,
2590 1366 2695 1403 una
2719 1350 2926 1405 dierum
2949 1350 3207 1406 fratribus
3232 1351 3334 1406 loci
3361 1350 3500 1406 illius
3523 1362 3643 1421 post
3663 1368 3818 1407 men-

2243 1457 2357 1495 sam
2390 1438 2441 1494 in
2468 1441 2620 1495 lectis
2645 1442 2756 1495 suis
2782 1443 3154 1511 pausantibus,
3181 1443 3359 1496 subito
3381 1442 3593 1511 fragore
3615 1443 3818 1497 caelum
3836 1430 3851 1450 ⁵

2245 1532 2499 1597 intonuit,
2530 1540 2583 1587 et
2609 1533 2947 1587 vibrantibus
2977 1534 3215 1589 coruscis
3245 1535 3432 1589 crebra
3454 1550 3551 1604 per
3575 1543 3817 1589 montem

569 1637 713 1691 Mors
743 1634 1013 1691 Willielmi
1039 1635 1191 1703 regis,
1222 1643 1268 1686 et
1292 1649 1561 1703 novacum
1585 1650 1884 1688 successore
1908 1634 2139 1690 Henrico

2249 1621 2453 1693 fulgura
2484 1622 2730 1677 volitant.
2764 1622 2975 1678 Crescit
3004 1616 3297 1693 tempestas
3335 1625 3444 1690 illa,
3478 1635 3533 1680 et
3558 1626 3819 1694 multipli-

637 1706 913 1775 di/ﬁcnlias
941 1707 1003 1757 ob
1027 1702 1378 1758 inuestituras.
1417 1702 1651 1757 Romana
1676 1704 1885 1774 legatio.
1924 1704 2140 1761 Reditus

637 1775 967 1830 interdictas.
1152 1780 1153 1787 ‘

638 1886 725 1940 55.
768 1886 912 1939 Inter
941 1885 1057 1939 haec
1092 1885 1344 1938 Urbanus
1382 1883 1529 1938 sedis
1566 1884 1874 1953 apostolicae
1899 1884 2143 1954 pontifex

569 1966 841 2031 huievitae
871 1973 1109 2039 decedit;
1138 1981 1193 2027 et
1214 1973 1282 2026 ad
1312 1968 1556 2028 inducias
1584 1988 1719 2043 quas
1746 1976 1811 2029 tle
1841 1990 2002 2030 causa
2029 1976 2143 2030 An-

568 2066 720 2119 schui
770 2064 879 2134 regi
930 2064 1181 2137 dederat,
1242 2078 1345 2117 non
1402 2065 1669 2131 pervenit.
1736 2066 1851 2130 Quo
1905 2077 2146 2137 tempore

537 2214 541 2218 ,
570 2156 734 2210 multa
763 2156 928 2209 etiam
960 2152 1029 2208 de
1058 2155 1196 2221 regis
1238 2153 1458 2208 interitu
1488 2170 1517 2207 a
1559 2157 1741 2209 multis
1772 2159 2146 2225 praediceban-

570 2258 677 2311 tur,
704 2255 758 2299 et
787 2254 893 2297 tam
924 2259 990 2297 ex
1022 2242 1190 2313 signis
1214 2256 1499 2312 Quae‘nova
1530 2254 1586 2299 et
1621 2246 1875 2300 inusitata
1906 2263 2001 2316 per
2028 2232 2145 2302 An-

569 2326 1221 2405 gliam‘monstrabantur,
1249 2347 1409 2400 quam
1440 2348 1503 2387 ex
1535 2336 1835 2390 visionibus
1873 2352 1992 2405 qua:
2023 2338 2146 2406 plu-

572 2424 721 2479 ribus
772 2423 1033 2492 religiosis
1078 2424 1328 2492 personis
1380 2425 1783 2487 revelabantur.
1836 2429 1959 2495 quia
2015 2428 2147 2482 ultio

570 2514 747 2568 divina
781 2515 834 2567 in
877 2514 1123 2583 proximo
1171 2528 1292 2567 eum
1340 2526 1453 2582 pru'
1480 2517 1857 2583 persecutione
1908 2517 2147 2571 Anselmi

570 2616 892 2673 Oppressum
930 2610 1075 2655 esset
1107 2599 1407 2655 ferebatur.
1450 2600 1556 2655 Sed
1590 2602 1878 2656 Anselmus
1923 2604 1972 2655 in
2012 2604 2148 2657 nihil

574 2692 763 2745 horum
796 2692 1031 2743 animum
1054 2705 1280 2759 ponens,
1312 2690 1552 2759 quotidie
1581 2706 1676 2759 pro
1708 2693 2062 2747 conversione
2097 2701 2149 2747 et

574 2782 749 2836 salute
792 2781 908 2848 ejus
956 2782 1122 2835 Deum
1166 2781 1509 2851 precnbatur.
1560 2782 1698 2835 ilinc
1741 2783 1918 2836 exsilii
1976 2776 2150 2838 nosiri

575 2885 716 2924 anno
747 2872 923 2936 tertio,
956 2870 1047 2938 qui
1083 2884 1149 2923 ex
1180 2884 1283 2938 quo
1328 2855 1497 2925 Roma
1543 2870 1860 2941 Lugdunum
1903 2873 2150 2926 venimus

573 2967 690 3014 erat
711 2958 997 3025 secundus,
1029 2959 1125 3013 ivit
1149 2957 1434 3013 Anselmus
1454 2940 1834 3014 Marciniacum
1865 2958 1977 3029 (δῦ)
2004 2958 2149 3027 loqui
2174 2940 2223 3001 ο

575 3050 795 3104 domino
818 3047 1000 3101 abbati
1032 3046 1382 3101 Cluniacensi
1411 3047 1619 3117 Hugoni
1648 3057 1701 3100 et
1727 3047 2155 3102 sanctimoniali-

576 3139 696 3193 bus.
731 3136 835 3192 Ubi
875 3150 995 3190 cum
1040 3143 1167 3189 ante
1209 3136 1382 3204 ipsum
1421 3137 1669 3191 abbatem
1697 3137 2151 3209 consedissemus,

483 3292 488 3297 θ
575 3235 632 3281 et
668 3227 737 3282 de
780 3226 864 3280 bis
902 3240 1021 3296 qua:
1056 3226 1199 3280 inter
1232 3224 1547 3280 Anselmum
1576 3234 1631 3281 et
1666 3240 1845 3295 regem
1884 3242 1947 3282 eo
1980 3244 2154 3298 usque

575 3319 956 3383 versabantur,
987 3317 1152 3371 verba
1176 3325 1235 3369 ut
1265 3316 1323 3369 fit
1351 3318 1603 3371 nonnulla
1634 3319 1761 3372 hinc
1788 3320 1910 3371 inde
1938 3320 2151 3387 profer-

580 3417 787 3474 rentur,
826 3406 1002 3460 intulit
1028 3406 1169 3459 idem
1202 3405 1525 3461 venerabilis
1564 3407 1733 3461 abbas
1778 3408 1878 3461 sub
1910 3408 2152 3462 testimo-

579 3499 671 3561 nio
686 3496 821 3551 verit
864 3497 927 3551 ’τε
952 3496 1196 3566 proxime
1217 3496 1489 3565 praterita
1518 3507 1673 3552 nocte
1696 3500 1942 3552 eumdem
1971 3514 2151 3567 regem

580 3597 706 3642 ante
754 3588 1004 3641 thronum
1056 3586 1147 3639 Dei
1197 3597 1528 3651 accusatum,
1572 3586 1894 3656 judicatum,
1938 3598 2156 3643 senten-

586 3680 824 3745 tiamque
845 3662 1206 3730 damnationis
1246 3676 1297 3728 in
1327 3690 1448 3729 eum
1477 3675 1891 3746 promulgatam.
1927 3677 2003 3730 Ex
2031 3679 2154 3748 qui-

582 3769 682 3823 bus
718 3767 892 3821 verbis
919 3766 1169 3819 admirati
1196 3782 1300 3819 non
1332 3767 1538 3820 modice
1568 3782 1774 3832 sumus,
1806 3769 1897 3823 sed
1927 3785 2155 3838 perpen-

584 3858 774 3912 dentes
811 3854 1163 3909 eminentiam
1213 3856 1514 3909 sanctitatis
1548 3871 1612 3909 ac
1651 3859 1969 3911 reverentiae
2012 3858 2153 3927 ejus,

584 3948 741 4003 fidem
773 3946 857 4000 his
886 3960 1004 4015 qua:
1046 3945 1277 4026 dicebat,
1319 3946 1625 4000 nullatenus
1669 3962 1775 4001 non
1817 3948 2017 4004 habere
2055 3965 2151 4004 ne-

576 4037 873 4106 .quivimus.

656 4126 743 4180 56.
779 4125 998 4181 Postera
1032 4123 1117 4179 die
1147 4139 1269 4179 cum
1304 4125 1427 4178 inde
1453 4126 1676 4195 digressi
1710 4125 2023 4196 Lugdunum
2064 4145 2154 4184 ve-

2244 1720 2360 1765 cata
2394 1726 2498 1765 non
2546 1713 2815 1766 modicum
2854 1712 3094 1767 fulminis
3124 1730 3283 1783 super
3321 1716 3562 1779 domum,
3596 1731 3701 1783 qua
3731 1714 3819 1770 fe-

2244 1817 2371 1855 nqu
2399 1803 2711 1857 monasterii
2742 1804 3082 1869 servabatur,
3119 1808 3438 1875 praecipitat.
3473 1806 3621 1860 Unde
3650 1809 3819 1875 proti-

2245 1906 2347 1947 nus
2377 1893 2626 1969 horridus
2654 1895 2790 1963 ignis
2815 1910 3073 1951 accensus
3099 1899 3439 1952 teterrimum
3464 1908 3626 1969 atque
3652 1900 3823 1953 feten-

2249 1991 2354 2038 tem
2382 1998 2446 2038 ex
2474 1998 2532 2038 se
2554 1968 2760 2039 fumum
2792 2002 2887 2056 per
2913 2001 3039 2042 aera
3068 1991 3290 2057 spargit.
3317 1978 3632 2058 Quicunque
3656 1988 3825 2057 igitur
3912 2026 3913 2029 η

2246 2086 2366 2127 eum
2426 2072 2681 2127 Anselmo
2727 2072 2781 2127 in
2830 2074 3066 2143 hospitio
3107 2086 3286 2139 erant,
3335 2077 3527 2131 timore
3566 2074 3820 2129 concussi

2247 2164 2542 2219 dissiliunt.
2576 2164 2830 2219 Remansi
2863 2166 3045 2235 itaque
3090 2167 3237 2220 solus
3280 2183 3399 2220 cum
3444 2166 3579 2221 solo.
3614 2167 3685 2220 At
3730 2166 3823 2221 ille

2246 2254 2387 2323 lecto
2419 2254 2604 2309 volens
2632 2255 2979 2321 decumbere,
3011 2256 3365 2326 interrogavit
3395 2272 3478 2311 me
3506 2266 3819 2311 utrumnam

2248 2342 2406 2414 ignis,
2449 2346 2539 2411 qui
2571 2353 2843 2413 eruperat,
2885 2347 3092 2415 scpitus
3117 2355 3283 2400 esset.
3316 2346 3411 2399 Cui
3444 2362 3566 2400 cum
3597 2359 3823 2415 respou-

2209 2499 2219 2505 _
2249 2440 2434 2494 derem
2466 2449 2683 2495 auctutu
2712 2441 2891 2509 potius
2915 2456 3078 2509 quam
3117 2440 3345 2509 sopitum
3374 2455 3513 2504 esse.
3544 2440 3716 2495 erexit
3738 2455 3821 2502 se,

2250 2546 2312 2583 ac
2338 2529 2484 2583 vultu
2511 2529 2721 2598 placido
2752 2540 2914 2599 atque
2941 2530 3184 2585 modesto
3213 2530 3349 2583 dixit
3383 2547 3397 2582 :
3432 2529 3620 2583 Melius
3649 2539 3733 2584 est
3763 2539 3824 2584 ut

2251 2621 2405 2675 nobis
2434 2621 2833 2689 provideamus,
2861 2621 2984 2690 quia
3025 2631 3111 2674 tua
3146 2630 3270 2673 tunc
3308 2635 3393 2674 res
3420 2620 3616 2689 agitur,
3640 2620 3824 2688 paries

2252 2725 2373 2763 cum
2404 2710 2679 2777 proximus
2727 2710 2900 2763 ardet.
2950 2709 3066 2775 Quo
3095 2708 3239 2763 dicto
3272 2709 3338 2761 ad
3370 2710 3543 2777 ignem
3580 2709 3825 2763 concitus

2252 2800 2425 2862 venit;
2456 2814 2626 2867 eoque
2658 2800 2791 2861 viso,
2824 2815 2944 2853 mox
2976 2800 3050 2853 illi
3079 2809 3277 2855 sancta:
3301 2800 3478 2854 crucis
3504 2799 3716 2867 signum
3747 2801 3827 2852 le-

2254 2899 2375 2941 vata
2416 2888 2637 2942 dextera
2668 2887 2883 2956 objecit.
2923 2888 3147 2943 Videres
3190 2884 3445 2958 evestigio
3473 2886 3738 2941 ﬂammant
3766 2904 3826 2943 se

2258 2978 2330 3029 ita
2376 2978 2772 3040 demittentem,
2819 2992 2882 3030 ac
2924 2993 3022 3045 pro
3058 2978 3403 3046 suscipienda
3450 2978 3829 3041 benedictione

2259 3064 2398 3117 illius
2426 3064 2851 3131 conquiesceret.
2889 3065 3030 3134 Ignis
3070 3080 3200 3135 ergo
3228 3066 3414 3119 statim
3453 3065 3507 3119 in
3533 3076 3705 3119 semet
3734 3081 3825 3121 re-

2255 3156 2407 3210 diens
2462 3162 2605 3209 totus
2666 3154 2946 3224 elanguit,
3015 3171 3115 3210 nec
3181 3156 3385 3225 aliquid
3441 3158 3829 3224 absumpturos

2250 3250 2482 3314 'usquam
2514 3246 2793 3315 processit.
2824 3246 3083 3314 Quodque
3109 3246 3355 3301 fortassis
3381 3261 3486 3299 non
3521 3246 3696 3300 minus
3718 3254 3831 3300 stu-

2254 3350 2402 3403 peas,
2438 3335 2644 3389 voratis
2690 3336 3009 3404 quibusdam
3056 3338 3278 3399 aedibus,
3313 3352 3432 3407 qua:
3472 3334 3618 3391 circa
3649 3344 3826 3403 erant,

2257 3426 2390 3478 nihil
2422 3424 2654 3479 hesionis
2699 3426 2873 3479 intulit
2906 3426 3027 3479 feno
3058 3429 3443 3480 monachorum
3488 3426 3577 3495 qui
3629 3426 3827 3480 Ansel—

2256 3528 2402 3565 mum
2440 3514 2705 3582 hospitem
2746 3514 3035 3579 habebant,
3082 3530 3187 3583 quo
3226 3515 3432 3570 scilicet
3474 3514 3595 3569 feno
3633 3515 3830 3571 domus

2256 3602 2426 3657 ferme
2469 3605 2624 3673 plena
2654 3614 2791 3669 erat,
2820 3619 2981 3674 super
3013 3622 3173 3674 quam
3222 3590 3399 3674 ftilgur
3441 3606 3851 3677 ipsumprimo.

2257 3706 2558 3747 οοττυρτίιι.

2325 3784 2415 3839 58.
2458 3784 2661 3838 Exinde
2694 3784 2800 3839 duo
2845 3787 2925 3839 sui
2956 3787 3200 3841 monachi
3236 3788 3302 3841 ad
3330 3787 3639 3842 Anselmum
3668 3802 3830 3843 vene-

2256 3884 2402 3938 runt,
2444 3874 2755 3928 nuntiantes
2794 3874 2843 3929 ei
2883 3876 3159 3929 decessum
3191 3874 3311 3946 [al.,
3340 3875 3657 3947 discessum]
3684 3891 3831 3946 ιιι-αξ-
3876 3880 3881 3883 ’

2261 3964 2353 4017 fati
2383 3966 2542 4033 regis.
2570 3958 2846 4033 Siquidem
2877 3967 3107 4021 secunda
3132 3968 3219 4021 die
3246 3970 3445 4022 mensis
3465 3968 3711 4037 Augusti,
3733 3968 3829 4036 qui

2260 4065 2382 4123 post
2414 4057 2642 4123 primam
2669 4057 2953 4121 visionem,
2992 4072 3152 4127 quam
3176 4056 3419 4126 Lugduni
3447 4057 3642 4112 factam
3678 4058 3831 4112 novi-

2259 4153 2341 4199 ter
2371 4146 2528 4199 retuli
2568 4148 2854 4210 secundus,
2889 4158 2943 4201 et
2985 4157 3104 4215 post
3134 4148 3426 4201 secundam
3470 4146 3827 4223 primuspillu-

583 4219 868 4297 nissemus,
895 4225 951 4271 et
971 4217 1190 4270 instanti
1237 4216 1372 4269 festo
1402 4216 1545 4270 beati
1570 4216 1713 4271 Petri
1746 4219 1878 4289 (56),
1906 4221 2046 4288 quod
2068 4237 2148 4277 co.

2260 4236 2359 4300 xit,
2390 4236 2529 4289 idem
2568 4252 2664 4291 rex
2699 4252 2856 4292 mane
2897 4238 2948 4291 in
2990 4237 3181 4302 silvam
3213 4247 3465 4290 venatum
3497 4237 3612 4301 ivit,
3649 4220 3832 4306 ibique

583 4309 712 4362 litur
744 4294 999 4361 Kalendis
1040 4298 1290 4375 Angusti,
1347 4307 1507 4360 dictis
1559 4308 1863 4374 matutinis,
1916 4325 2013 4364 nos
2065 4314 2155 4379 qui

583 4401 727 4453 circa
769 4397 1079 4467 Anselmum
1130 4398 1344 4451 assidue
1381 4411 1616 4459 eramus,
1664 4397 1831 4465 quieti
1878 4399 2155 4470 indulgere

584 4505 923 4559 caperemus,
974 4503 1098 4542 erce
1146 4488 1366 4555 quidam
1409 4488 1624 4555 juvenis
1666 4498 1861 4541 ornatu
1906 4504 1970 4544 ac
2008 4494 2154 4547 vultu

586 4597 691 4633 non
724 4579 844 4633 vilis
872 4579 1070 4632 clerico
1114 4586 1300 4631 nostro
1339 4578 1427 4644 qui
1475 4592 1640 4646 prope
1687 4581 1885 4633 ostium
1929 4598 2158 4639 camera:

580 4672 816 4740 jacebat,
837 4681 892 4725 et
921 4669 1145 4722 necdum
1171 4668 1466 4732 dormiens,
1496 4670 1681 4722 oculos
1713 4669 1891 4724 tamen
1924 4673 1990 4726 ad
2013 4688 2157 4727 som.

586 4778 714 4818 num
758 4762 969 4815 clausos
1015 4760 1249 4821 tenebat,
1308 4759 1479 4813 astitit
1536 4775 1733 4815 vocans
1772 4777 1894 4814 eum
1943 4765 2158 4818 nomine

585 4868 683 4907 suo
712 4869 726 4905 :
756 4853 945 4914 Adam,
980 4849 1170 4916 inquit,
1204 4849 1441 4901 dormis?
1464 4850 1565 4903 (Ini
1593 4852 1718 4903 dum
1752 4852 1839 4905 ille
1870 4857 2161 4922 responde-

586 4951 667 4997 ret
699 4958 713 4994 :
741 4941 877 4995 Non.
912 4941 1055 4993 Dixit
1080 4940 1131 4992 ei
1162 4956 1173 4990 :
1214 4939 1305 4992 Vis
1338 4940 1524 4993 audire
1552 4942 1724 4994 nova?
1748 4942 1814 4994 Et
1842 4943 2034 5004 libens,
2070 4945 2156 4997 in-

586 5033 723 5101 quit.
767 5032 837 5084 At
882 5030 970 5084 ille
1016 5048 1026 5082 :
1080 5030 1184 5081 Pro
1222 5040 1391 5091 certo,
1435 5031 1527 5094 ait,
1577 5033 1791 5086 noveris
1828 5036 1952 5101 quia
1988 5044 2156 5088 totum

587 5121 866 5175 dissidium
894 5120 1034 5185 quod
1055 5129 1135 5172 est
1170 5121 1307 5171 inter
1328 5120 1789 5189 archiepiscopum
1816 5123 2160 5189 Anselmum,

2266 4324 2415 4378 illum
2445 4326 2635 4391 sagitta
2673 4326 2727 4379 in
2771 4326 2932 4380 corde
2973 4328 3254 4393 percussit,
3304 4334 3359 4379 et
3403 4325 3543 4378 nulla
3595 4326 3833 4378 interve-

2262 4415 2442 4469 niente
2464 4430 2610 4469 mora
2632 4416 2909 4469 exstinxit.
2935 4417 3057 4483 Quo
3075 4416 3359 4471 Anselmus
3385 4416 3689 4470 vehementi
3712 4423 3832 4469 stu-

2262 4520 2392 4574 pore
2436 4522 2741 4573 percussus,
2788 4522 2910 4559 mox
2956 4517 3038 4561 est
3086 4508 3138 4561 in
3194 4507 3599 4561 acerbissimum
3644 4505 3831 4560 ﬂetum

2264 4612 2571 4650 concussus.
2599 4596 2749 4661 Quod
2767 4597 3025 4661 videntes,
3048 4597 3297 4650 admirati
3320 4599 3608 4651 admodum
3622 4611 3830 4652 sumus.

2264 4687 2448 4740 Atille
2488 4686 2720 4755 singultu
2765 4689 2925 4740 verba
2968 4686 3082 4754 ejus
3120 4688 3567 4759 interrumpente,
3598 4686 3837 4745 asseruit

2264 4775 2405 4843 quod
2436 4776 2478 4827 si
2521 4777 2622 4828 hoc
2647 4774 2855 4829 efﬁcere
2883 4786 3084 4843 posset,
3116 4776 3285 4828 multo
3316 4776 3488 4844 magis
3518 4775 3741 4843 eligeret
3771 4789 3833 4829 se

2262 4866 2437 4933 ipsum
2466 4880 2711 4933 corpore,
2736 4881 2894 4933 quam
2927 4849 3074 4918 illum
3098 4867 3236 4919 sicut
3260 4874 3375 4919 erat
3396 4876 3661 4918 mortuum
3688 4878 3834 4919 esse.

2263 4954 2428 5009 Nobis
2472 4966 2591 5023 post
2640 4956 2751 5010 haec
2799 4955 3110 5019 Lugdunum
3166 4955 3417 5019 reversis,
3473 4968 3601 5007 ecce
3649 4953 3832 5008 nuntii

2262 5061 2400 5098 unus
2423 5056 2539 5113 post
2571 5062 2732 5098 unum
2764 5046 3015 5099 Anselmo
3051 5054 3365 5107 occurrunt,
3390 5044 3599 5108 litteras
3634 5042 3681 5096 ei
3705 5058 3833 5097 cum

2262 5135 2511 5200 precibus
2562 5151 2625 5185 ex
2690 5144 2838 5200 parte
2886 5137 3071 5187 matris
3120 5134 3369 5187 Eet-lesite
3414 5132 3724 5201 Anglorum,
3765 5148 3833 5184 ex

1895 5236 2301 5296 llENSCllENIl
2344 5244 2547 5295 ΝΟὙᾸἿ

658 5347 770 5415 (35)
812 5345 1211 5407 Marciniacum,
1253 5346 2150 5415 monasteriqusanctimonialium

588 5416 640 5467 in
683 5416 897 5469 dioecesi
933 5414 1474 5483 Augustmltntensia
1527 5415 1584 5467 S.
1626 5414 1846 5483 llugoue
1897 5430 2147 5471 constru-

585 5494 749 5549 ctum,
802 5485 876 5537 uti
920 5484 985 5536 ad
1025 5481 1184 5551 hujus
1219 5481 1389 5535 Vitam
1420 5482 1521 5535 late
1550 5481 1864 5538 deducimus
1887 5485 1955 5539 29
1990 5488 2147 5555 Apri—

2260 5356 2441 5494 Ιμξῦϋ)
2483 5424 2568 5478 Est
2601 5426 2651 5478 id
2682 5425 2873 5480 festum
2912 5425 3254 5483 Vinculorum
3385 5426 3545 5478 Petri.

3988 5996 4063 6009 --ιι
