4174 6278
1758 47 1968 56 ,,____—-

408 72 423 73 ί

226 200 330 292 tu

1248 235 1407 293 VITA
1446 234 1769 292 AUCTORE
1808 233 2152 289 EADMEliO.
2200 262 2268 291 έ-
2306 231 2431 287 LIB.
2484 232 2547 286 ll.

3370 233 3470 288 liii

234 354 391 418 parte
412 348 545 405 novi
577 350 736 419 regis
764 348 1001 427 llenrici,
1038 348 1126 416 qui
1154 346 1306 401 fratri
1332 355 1688 412 successerat,
1723 359 1823 399 nec
1851 348 1895 406 Λ
1925 357 2051 399 ecce
2078 344 2166 413 qui
2201 354 2441 408 venerat,
2481 343 2719 400 secumlo
2742 340 2853 414 jam
2888 345 3030 399 vultu
3074 345 3347 414 paululum
3392 347 3491 401 mi-

244 440 355 497 non
376 455 443 495 ex
466 450 631 511 parte
665 439 966 510 principum
998 437 1174 507 regni,
1208 436 1456 491 deferunt
1483 450 1823 505 summopere

251 529 583 599 postulantes
616 543 740 583 eum
772 528 1024 582 festinato
1053 540 1238 595 gressu
1264 525 1462 590 redire,
1500 534 1554 579 et
1583 539 1827 579 asseren-

253 627 335 673 tes
362 625 531 671 totam
566 624 770 671 terram
801 617 853 669 in
879 614 1167 669 adventum
1199 613 1343 667 illius
1373 613 1678 679 attonitam,
1710 626 1829 666 om-

251 706 449 773 niaquc
475 704 687 775 negotia
717 703 863 773 regni
896 703 962 755 ad
994 708 1182 755 nutum
1229 699 1345 766 ejus
1376 702 1610 769 pendere
1638 700 1825 757 dilata.

255 794 355 850 His
397 796 638 863 acceptis
684 788 967 849 AnSelmus
1012 792 1165 846 velox
1214 792 1459 862 Angliam
1509 791 1642 861 petit
1702 790 1825 862 [al.,

252 885 409 939 omit:
454 881 524 938 ll.
556 898 613 949 ar.
642 884 708 938 Α.
733 899 787 939 v.
819 883 881 939 A.
912 881 1015 954 p.].

327 971 651 1044 59.1'erum
679 973 768 1028 ubi
806 972 1113 1027 Serberiam
1158 973 1225 1027 ad
1279 987 1455 1041 regem
1498 972 1664 1036 venit,
1693 983 1746 1025 et
1781 973 1828 1025 ei

253 1062 389 1134 quid
428 1064 496 1117 de
522 1061 883 1117 Ecclesiarum
906 1061 1235 1123 investituris
1260 1061 1312 1114 in
1342 1062 1584 1123 Romano
1604 1062 1831 1115 concilio

253 1154 549 1222 acceperit,
588 1152 749 1223 plano
781 1167 1031 1207 sermone
1055 1153 1311 1219 innotuit;
1341 1155 1584 1207 turbatus
1609 1162 1692 1208 est
1716 1168 1828 1219 rex,

246 1264 325 1315 .ac
358 1248 702 1303 vehementer
742 1248 988 1315 indoluit,
1022 1262 1122 1304 nec
1159 1257 1345 1301 nutum
1383 1246 1499 1315 ejus
1537 1248 1588 1300 in
1626 1232 1831 1315 aliquo,

254 1312 403 1393 sicut
428 1334 604 1389 nuntii
633 1336 903 1399 dixerant.
933 1312 1246 1405 erspectare
1272 1312 1461 1389 voluit.
1506 1335 1633 1401 Quze
1671 1312 1835 1406 igitur

255 1425 403 1481 inter
425 1439 520 1498 eos
542 1439 638 1495 per
660 1425 793 1480 duos
822 1419 989 1480 semis
1015 1424 1135 1497 [αι.
1167 1425 1311 1479 omit.
1334 1423 1405 1495 5.]
1432 1422 1713 1494 annos'pro
1735 1425 1834 1479 isto

253 1516 477 1587 mgotio
503 1525 624 1572 acta
654 1516 783 1585 sint,
812 1526 867 1573 et
893 1526 1024 1589 quot
1050 1525 1346 1588 quantasve
1372 1518 1546 1572 minas
1572 1532 1636 1573 ac
1667 1518 1836 1571 tribu-
1886 1559 1891 1564 .

256 1595 491 1675 lationes
525 1592 812 1665 Anselmns
856 1621 1045 1681 passus
1084 1606 1179 1671 sit,
1222 1605 1315 1660 vel
1352 1608 1623 1675 quomodo
1660 1606 1832 1681 nuntii

1925 433 2044 486 naci
2091 431 2317 496 assistit,
2352 442 2600 501 repetens
2642 433 2783 489 dicta
2820 449 2938 503 qum
2976 436 3147 504 primo
3178 434 3491 504 pr0tu|crat.

1926 526 1997 577 At
2031 523 2119 577 ille
2144 525 2571 592 expergefactus,
2611 541 2674 578 ac
2720 527 2925 581 visione
2966 537 3020 579 ut
3061 529 3236 595 primo
3280 529 3501 596 postlla?

1928 613 2058 675 bita,
2094 622 2251 667 nocte
2278 615 2430 668 tertia
2465 616 2517 667 in
2544 616 2701 668 solito
2730 617 2847 671 loco
2874 632 3064 672 somno
3093 633 3151 671 se
3184 619 3365 670 tradit.
3400 618 3496 670 Cui

1878 732 1888 739 -
1927 701 2305 766 obdormienti,
2359 705 2497 757 idem
2546 706 2636 773 qui
2674 709 2909 761 secundo
2956 714 3304 776 apparuerat,
3339 709 3501 761 tertio

1929 792 2173 858 apparuit
2200 791 2344 844 irati
2395 801 2623 845 mentem
2662 795 2809 846 vultu
2856 809 2918 847 ac
2956 810 3086 849 voce
3136 797 3497 863 praetendens.

1930 879 2126 945 Quare,
2163 881 2260 945 ait,
2291 881 2423 936 facis
2450 886 2589 950 quod
2615 884 2726 952 jam
2758 886 2925 952 semel
2970 885 3064 938 tibi
3105 896 3159 939 et
3203 887 3394 940 iterum
3434 900 3505 941 ne

1930 970 2136 1023 faceres
2156 971 2302 1022 dixi?
2330 969 2481 1024 Nunc
2508 972 2668 1039 igitur
2695 973 2775 1048 vel
2808 965 2967 1027 tertio
2986 974 3294 1028 azlmcnitus
3323 989 3501 1042 surge,

1931 1067 1986 1112 et
2017 1067 2067 1112 te
2096 1074 2124 1113 a
2160 1060 2299 1113 lecto
2326 1060 2597 1129 pontificis
2623 1064 2813 1117 amodo
2843 1066 3053 1125 cohibe,
3088 1064 3222 1119 Nam
3251 1066 3372 1120 dico
3408 1064 3503 1118 tibi

1933 1149 2059 1218 quia
2094 1149 2136 1202 si
2172 1150 2307 1203 ultra
2336 1151 2389 1203 in
2418 1167 2483 1205 eo
2524 1161 2771 1219 repertus
2802 1154 2987 1219 fueris,
3034 1154 3329 1221 experieris
3371 1154 3508 1209 nihil

1932 1240 2323 1308 phantasmatis
2343 1255 2461 1295 csso
2493 1242 2544 1295 in
2577 1244 2833 1313 istisqua:
2861 1245 3032 1299 audis.
3064 1245 3330 1302 Tuneille
3347 1245 3508 1298 vebc-
3542 1300 3549 1307 ,

1937 1336 2145 1381 menter
2171 1331 2463 1382 exterritus
2494 1329 2635 1384 lectd
2661 1332 2858 1394 desilit,
2892 1334 3200 1401 episcOpnm
3234 1331 3347 1403 (37)
3379 1333 3509 1387 civi-

1937 1418 2061 1471 tatis
2098 1431 2258 1486 snper
2290 1418 2504 1487 negotio
2542 1421 2882 1474 consulturus
2921 1422 3147 1476 celerius
3190 1423 3323 1486 adit,
3346 1423 3509 1491 eique

1906 1542 1908 1545 -
1936 1507 2177 1561 ordinem
2204 1508 2283 1571 rei
2315 1509 2367 1561 in
2396 1510 2681 1578 praesentia
2714 1511 3003 1564 multorum
3028 1514 3264 1581 exponit.
3291 1512 3510 1581 Episco-

1937 1608 2036 1663 pus
2066 1595 2579 1663 autemjamdndum
2614 1598 2711 1650 viri
2742 1600 3081 1653 sanctitatem
3115 1601 3253 1653 fama
3294 1601 3511 1656 discur-

255 1694 428 1752 κηιει
455 1711 520 1751 ac
551 1697 746 1755 Herum
775 1674 998 1750 Rojna‘m
1031 1712 1129 1766 pro
1158 1674 1454 1759 ηιυιδιίόηθ
1483 1676 1837 1764 ipsorumhde-
1870 1674 1910 1732 Β
1941 1695 2089 1739 rente
2115 1687 2353 1746 edoctus,
2396 1703 2460 1741 ac
2506 1690 2815 1761 nuperrime
2858 1705 2923 1743 ex
2969 1690 3325 1747 CDllOCllllOllc
3368 1691 3511 1747 illius

254 1794 537 1838 cretornm
572 1784 720 1838 missi
758 1772 889 1846 sint,
919 1784 1155 1854 quidque
1192 1782 1491 1857 effecerint,
1538 1785 1631 1851 qui
1678 1784 1837 1838 nesse

254 1870 515 1937 voluerit,
543 1885 681 1940 opus
703 1872 853 1938 illud,
883 1872 1036 1940 cujus
1062 1871 1116 1926 in
1153 1872 1377 1943 prologo
1405 1872 1566 1942 hujus
1592 1872 1838 1941 opusculi

231 1961 596 2017 'mentionem
627 1960 875 2039 fecimus,
904 1961 1065 2031 legat,
1100 1970 1157 2017 et
1192 1962 1263 2016 ibi
1289 1962 1498 2030 singula
1532 1963 1688 2032 plene
1715 1963 1835 2035 [al.,

256 2047 471 2121 plane],
516 2058 578 2104 ut
622 2059 772 2120 puto,
797 2050 1013 2121 ,digesta
1060 2052 1315 2122 reperiet.
1344 2050 1481 2107 Post
1500 2068 1622 2121 qua:
1658 2055 1839 2108 olunia
1876 2060 1887 2071 ’

260 2140 479 2211 rogavit
522 2140 837 2196 Ansel‘mum
888 2151 1311 2212 rex,.quatenus
1350 2143 1577 2213 ipsemet
1607 2143 1839 2198 Romam

261 2228 395 2296 Ιποι,
430 2235 488 2286 et
513 2244 635 2285 cum
654 2231 856 2304 nuntio
885 2246 1043 2302 quem
1075 2246 1141 2287 eo
1170 2234 1474 2305 directurus
1499 2242 1637 2298 erat,
1666 2245 1842 2292 causa:

194 2342 197 2345 ν
262 2319 393 2401 quae
414 2314 736 2401 emerserat,
771 2334 867 2390 pro
885 2335 989 2375 suo
1012 2321 1216 2377 honore
1240 2336 1396 2390 opem
1427 2322 1614 2386 ferret.
1647 2322 1703 2377 In
1735 2338 1843 2393 quo

264 2422 393 2463 wn)
418 2420 605 2462 omnes
636 2408 798 2463 totius
816 2408 1032 2478 Angliae
1063 2408 1296 2477 episcopi
1324 2407 1442 2480 [al.,
1471 2409 1593 2481 ipsi]
1622 2412 1844 2467 abbates

267 2482 622 2566 «principes
640 2496 1067 2565 acquiescerent,
1089 2504 1144 2567 et
1166 2512 1287 2551 eum
1316 2494 1412 2568 pro
1440 2508 1587 2552 tanta
1610 2514 1687 2566 re,
1713 2499 1842 2567 quin

268 2585 382 2643 iret
424 2585 732 2645 nullatenus
771 2587 1123 2656 supersedere
1168 2588 1363 2641 debere
1410 2587 1842 2653 conclamarent;

250 2691 330 2741 se
361 2675 580 2744 quidem
611 2675 811 2729 iturum
836 2660 1134 2744 respondit,
1172 2676 1266 2731 sed
1296 2676 1431 2730 nihil
1459 2678 1603 2746 quod
1631 2677 1714 2732 vel
1744 2678 1843 2733 Ec-

218 2788 239 2803 --
269 2766 561 2821 clesiarum
599 2764 857 2833 libertati,
899 2765 983 2820 vel
1017 2780 1129 2826 suae
1174 2774 1357 2836 posset
1405 2767 1627 2821 obviare
1676 2752 1842 2824 bone-

252 2856 424 2921 atati,
456 2868 557 2909 suo
596 2854 682 2908 vel
727 2862 917 2924 rogatu
970 2854 1053 2909 vel
1104 2856 1331 2911 consilio
1372 2872 1608 2927 unquam
1652 2874 1843 2928 papam

264 2954 519 2999 acturum
546 2942 667 2998 viva
695 2958 824 2999 voce
844 2945 1130 3014 spopondit
1159 2944 1281 3017 [al.,
1309 2948 1631 3020 respondit].
1664 2950 1846 3019 Itaque

264 3046 397 3090 eum
431 3030 662 3085 Romam
699 3026 959 3097 venisset,
990 3047 1021 3086 a
1048 3033 1269 3089 domino
1296 3024 1431 3104 papa
1458 3036 1703 3091 Paschali
1753 3039 1842 3107 qui

268 3120 496 3178 Urbano
519 3114 880 3190 successerat,
920 3132 1139 3194 totaque
1170 3125 1320 3180 urbis
1355 3127 1637 3182 nobilitate
1673 3129 1845 3185 bono.-

266 3207 424 3264 riﬁce
449 3218 733 3279 susceptus
765 3218 868 3265 est.
905 3210 1000 3266 Dic
1045 3213 1239 3266 dehinc
1278 3215 1592 3278 constituto,
1634 3198 1845 3271 Willet-

265 3311 397 3353 mus
425 3297 535 3364 ille,
571 3298 725 3367 cujus
757 3315 920 3368 supra
954 3301 1324 3365 meminimus,
1355 3319 1386 3355 a
1438 3318 1564 3376 rege
1587 3304 1844 3369 directus,

264 3401 492 3441 causam
538 3388 685 3458 regis
719 3387 774 3442 in
812 3389 1049 3444 medium
1089 3389 1229 3455 tulit,
1260 3405 1324 3444 ac
1362 3390 1504 3444 inter
1540 3393 1665 3459 alia,
1704 3394 1846 3462 quod

263 3489 370 3532 rex
400 3475 518 3546 ipse
556 3490 658 3532 nec
698 3490 799 3547 pro
840 3478 993 3547 ιπεεηί
1036 3478 1327 3534 amissione
1366 3478 1721 3536 investituras’
1746 3483 1847 3538 Ec-

264 3565 570 3622 clesiarum
623 3574 903 3637 pateretur
962 3568 1252 3637 amittere,
1319 3569 1620 3625 minacibus
1669 3573 1848 3627 verbis

261 3654 528 3712 asseruit.
575 3656 659 3712 Ad
694 3671 812 3726 qua:
852 3672 988 3727 papa
1034 3675 1048 3711 :
1094 3658 1170 3721 Si,
1204 3660 1654 3727 quemadmodum
1692 3662 1846 3727 dicis,

263 3762 375 3804 rex
420 3746 544 3803 tutis
590 3760 692 3803 nec
731 3762 831 3817 pro
873 3749 1023 3817 regni
1066 3749 1357 3805 amissione
1391 3752 1627 3820 patietur
1663 3751 1848 3807 Eccle-

262 3838 479 3896 siarum
532 3837 853 3920 donationes
906 3840 1198 3905 amittere;
1252 3839 1427 3907 scias,
1485 3857 1613 3897 ecce
1663 3858 1849 3898 coram

264 3926 391 3983 Deo
432 3925 573 3991 dico,
627 3926 755 3995 quia
798 3941 899 3982 nec
954 3942 1051 3996 pro
1100 3928 1182 3982 sui
1236 3929 1431 3997 capitis
1480 3932 1853 3999 redemptione

264 4030 370 4073 cas
413 4015 489 4072 illi
519 4014 817 4086 aliquando
845 4015 1127 4071 Paschalis
1156 4032 1290 4087 papa
1328 4018 1546 4088 impune
1576 4021 1851 4099 permittet

262 4108 508 4167 habere.

339 4203 435 4259 60.
474 4203 532 4257 in
558 4202 644 4257 bis
672 4196 940 4272 negotium
972 4202 1113 4272 regis
1141 4201 1216 4256 ita
1246 4202 1561 4263 llnemtunc
1593 4205 1853 4275 temporis

1940 1791 2059 1829 eam
2109 1776 2351 1830 nonnihil
2399 1786 2673 1847 expertus,
2723 1778 2956 1833 hominis
2998 1781 3275 1835 audaciam
3326 1783 3515 1837 durius

1912 1867 2260 1936 increpavit,
2317 1875 2372 1921 et
2427 1869 2555 1937 quia
2622 1868 2783 1923 stulte
2820 1878 2880 1923 et
2928 1870 3294 1939 insipientium
3361 1886 3514 1926 more

1941 1958 2130 2027 egerit,
2186 1959 2327 2027 quod
2376 1957 2515 2014 lecto
2572 1959 2660 2012 ubi
2710 1960 2795 2012 vir
2846 1967 3026 2014 tantus
3067 1961 3369 2027 quieverat,
3415 1976 3513 2027 cus

1939 2048 2069 2103 bare
2120 2051 2570 2120 praesumpsisset,
2616 2050 2965 2105 asseveravit.
3020 2050 3280 2106 Eumdem
3333 2052 3515 2122 itaque

1942 2138 2159 2194 lectum‘
2193 2149 2508 2221 reverenter
2568 2140 2820 2208 deinceps
2852 2138 3144 2194 servatum
3195 2140 3259 2217 iri
3316 2155 3517 2210 pratce-

1900 2254 1917 2269 ν-
1941 2231 2124 2301 pit,et
2162 2247 2228 2286 nc
2262 2231 2459 2301 aliquis
2492 2233 2544 2286 in
2585 2248 2649 2287 eo
2686 2232 2913 2287 ulterius
2935 2229 3511 2303 jacere'praesumeret,
3596 2238 3617 2249 ‘

1917 2319 2115 2388 jussit.
2170 2319 2321 2386 Quod
2368 2334 2538 2389 usque
2590 2322 2771 2385 hodie,
2818 2322 2896 2374 uti
2951 2323 3277 2391 accepimus,
3327 2338 3515 2377 serva-

1914 2446 1915 2449 η
1945 2415 2188 2478 titurest.
2414 2404 2419 2409 ’
2590 2476 2595 2481 ⁸
2738 2472 2741 2475 Α
2986 2454 2991 2459 .

1952 2528 1977 2571 ῃ
2013 2499 2102 2563 61.
2141 2500 2427 2554 Anselmus
2453 2508 2651 2563 autem,
2693 2515 2813 2552 cum
2863 2514 3085 2573 emenso
3128 2500 3321 2555 itinere
3362 2500 3515 2571 Lng-

1944 2586 2087 2645 duno
2112 2588 2619 2657 appropinquasset,
2655 2584 2958 2641 Willelmus
2997 2586 3252 2658 praefatus
3288 2591 3519 2644 comita-

1918 2686 2058 2731 tum
2093 2676 2245 2743 illius
2288 2678 2541 2731 deserere
2584 2676 2793 2744 volens,
2842 2677 3118 2732 interdixit
3156 2679 3209 2733 ei
3253 2693 3317 2732 ex
3363 2689 3518 2749 parte

1945 2765 2145 2821 domini
2169 2766 2255 2819 sui
2287 2767 2429 2835 regis
2456 2767 2631 2821 redire
2672 2767 2726 2820 itt
2754 2762 3025 2838 Angliam,
3058 2770 3161 2825 nisi
3192 2770 3304 2841 ipse
3329 2785 3520 2827 omnes

1948 2856 2116 2927 patris
2143 2864 2199 2911 et
2222 2855 2406 2911 fratris
2436 2856 2576 2930 illius
2599 2859 3015 2914 consuetudines
3043 2860 3337 2929 postposita
3372 2860 3519 2915 sedis

1949 2946 2255 3016 apostOlica:
2281 2948 2613 3017 subjectione
2642 2956 2697 3002 et
2730 2948 3059 3013 obedientia,
3090 2965 3150 3004 se
3183 2940 3230 3005 ei
3272 2964 3519 3006 servatu-

1947 3053 2067 3092 rum
2096 3046 2244 3093 certo
2269 3040 2633 3106 promitteret.
2667 3038 2817 3103 Quod
2850 3038 2938 3092 ille
2966 3040 3190 3094 audiens
3220 3040 3521 3097 admiratus

1944 3135 2048 3190 est,
2097 3125 2272 3185 sciens
2317 3140 2377 3179 se
2410 3126 2513 3182 alia
2562 3123 2682 3195 [al.,
2732 3140 2837 3178 non
2884 3124 3014 3197 alia]
3058 3126 3363 3193 conditione
3411 3131 3522 3183 An-

1944 3217 2108 3286 gliam
2151 3217 2445 3271 exstitisse.
2493 3215 2819 3269 Perveniens
2856 3231 2985 3270 vero
3026 3216 3340 3285 Lugdunum
3373 3234 3522 3274 rese-

1944 3304 2025 3358 dit
2055 3306 2125 3358 lbi
2157 3320 2223 3358 ex
2263 3319 2411 3358 more
2445 3304 2668 3383 antiquo
2697 3304 2748 3356 in
2779 3318 2915 3371 pace
2940 3313 2995 3358 et
3024 3306 3205 3372 quiete
3244 3308 3517 3375 prepriam

1945 3392 2154 3461 prmfati
2204 3393 2484 3449 reverendi
2533 3391 2771 3460 Hugonis
2817 3392 3057 3461 ejusdem
3109 3394 3257 3448 urbis
3308 3396 3523 3449 archic-

1945 3483 2149 3552 piscopi
2181 3483 2399 3537 domum
2435 3483 2763 3545 inhabitans,
2801 3492 2858 3536 et
2884 3498 2950 3536 ne
2980 3484 3045 3537 ad
3083 3484 3275 3538 horam
3300 3486 3517 3553 quidem

1947 3573 2016 3625 ab
2044 3573 2127 3626 bis
2151 3588 2272 3640 qua:
2306 3571 2396 3625 Dei
2425 3580 2569 3633 sunt,
2607 3572 2771 3623 verbo
2799 3570 2972 3627 sevel
2998 3580 3120 3626 actu
3143 3554 3421 3641 elongans.

2018 3662 2107 3716 62.
2148 3661 2358 3715 Accidit
2393 3670 2571 3713 autem
2621 3674 2727 3713 una
2771 3658 2979 3712 dierum
3029 3661 3153 3732 dum
3203 3662 3318 3730 ipse
3358 3662 3523 3718 Pater

1948 3751 2218 3806 celebrato
2239 3750 2462 3805 solemni
2495 3750 2672 3804 missa:
2698 3746 2894 3815 oilicio,
2925 3748 3092 3814 solus,
3120 3760 3281 3819 prout
3309 3754 3358 3805 ci
3388 3767 3519 3805 con-

1948 3841 2246 3896 suetudinis
2268 3848 2403 3904 erat,
2435 3840 2489 3894 in
2516 3839 2755 3911 oratorio
2782 3854 2879 3908 per
2913 3837 3096 3892 fletum
3125 3839 3236 3893 Deo
3261 3855 3380 3894 sese
3408 3857 3525 3907 nta-

1950 3941 2144 3995 claret,
2176 3940 2233 3985 ut
2268 3931 2485 3999 quidam
2532 3930 2693 3984 homo
2722 3929 2885 3998 pedes
2921 3942 3049 3984 suos
3085 3929 3276 3983 baculo
3304 3924 3524 3996 regente

1952 4022 2229 4077 adveniret
2258 4021 2554 4076 oratorium
2586 4021 2758 4089 ipsum
2798 4034 3045 4090 rumpere
3066 4021 3319 4087 gestiens.
3351 4020 3522 4087 Quem

1955 4112 2123 4167 frater
2154 4118 2208 4165 et
2229 4111 2408 4165 socius
2444 4118 2629 4164 noster
2667 4108 2974 4164 Alexander
3004 4111 3302 4164 monachus
3328 4109 3521 4165 Eccle-

1953 4203 2049 4257 sia:
2072 4201 2275 4257 scilicet
2303 4200 2730 4264 Cantuariensis,
2756 4200 2845 4268 qui
2873 4215 2970 4269 pro
3003 4199 3213 4254 foribus
3238 4214 3518 4271 egressum

260 4294 529 4364 sumpﬁt,
562 4301 620 4347 et
650 4292 937 4347 Anselmus
963 4292 1085 4349 aliis
1126 4303 1286 4362 atque
1316 4293 1436 4349 aliis
1462 4309 1583 4348 eum
1623 4310 1759 4365 papa
1784 4297 1850 4350 de
1882 4328 1930 4386 υ
1954 4292 2129 4346 Patris
2157 4291 2295 4347 forte
2316 4291 2746 4361 praestolabatur,
2776 4292 2988 4344 intuens
3017 4291 3311 4346 Ecclesiam
3339 4290 3525 4346 subire

259 4382 767 4442 ecclesiasticarum
799 4398 979 4438 rerum
1017 4385 1440 4441 institutionibus
1467 4388 1623 4449 actis,
1662 4387 1713 4441 in
1749 4388 1853 4445 iter

262 4488 533 4533 reversus
583 4473 857 4549 civitatem
905 4474 1231 4530 Florentiam
1282 4493 1452 4547 usque
1493 4479 1759 4547 pervenit,
1800 4488 1855 4535 et

264 4571 442 4623 nocte
467 4578 574 4617 una
606 4563 659 4617 in
688 4577 753 4619 ea
776 4564 1008 4633 quievit.
1032 4564 1193 4621 Lecto
1231 4566 1393 4635 igitur
1431 4567 1483 4621 in
1529 4583 1637 4638 quo
1675 4569 1855 4638 sopori

261 4652 510 4711 antistes
548 4652 861 4719 indulserat,
905 4656 1157 4710 dominus
1196 4656 1496 4714 domuseo
1545 4659 1855 4715 discedente

262 4757 379 4818 pro
404 4756 559 4798 more
588 4742 862 4798 decubuit.
894 4744 989 4798 Cui
1021 4744 1377 4801 obdormieuti
1419 4734 1591 4802 astitit
1634 4748 1851 4818 quidam

263 4829 448 4907 igadi
469 4827 649 4884 vultus
670 4832 853 4893 homo,
881 4847 1103 4886 monens
1132 4842 1190 4887 ut
1217 4834 1355 4888 lecto
1374 4833 1523 4889 ocior
1546 4835 1849 4890 decederet.

260 4921 394 4980 nec
420 4925 572 4980 enim
612 4921 790 4986 decet,
818 4922 1012 4992 inquit,
1050 4931 1101 4978 te
1133 4933 1219 4995 tpa
1255 4925 1536 4993 praesentia
1565 4923 1682 4979 loco
1711 4940 1851 4995 prte-

260 5002 482 5087 tipere,
517 5014 665 5086 quod
696 5029 763 5068 ex
810 5017 1095 5083 praesentia
1153 5015 1286 5069 tanti
1336 5016 1436 5069 viri
1487 5018 1682 5072 meruit
1714 5017 1855 5071 obti-

256 5120 428 5163 nere.
462 5104 567 5173 Qui
599 5118 761 5159 tuane
783 5119 1133 5174 consurgens,
1172 5115 1228 5159 et
1257 5107 1425 5160 vistnn
1470 5117 1648 5160 mente
1680 5108 1853 5161 revol-

238 5192 825 5267 -uns.phantasmati
876 5198 1113 5267 deputat,
1176 5213 1239 5253 ac
1293 5208 1451 5252 nocte
1498 5182 1743 5269 sequenti
1797 5200 1849 5252 in

254 5285 465 5355 αρθω
507 5302 570 5343 se
606 5287 751 5343 lecto
791 5286 924 5341 nihil
968 5289 1225 5343 haesitans
1254 5278 1501 5341 collocat.
1537 5288 1765 5353 Dormit,
1797 5300 1850 5342 et

1954 4384 2219 4439 volentem
2254 4385 2501 4457 detinuit,
2533 4384 2801 4438 suscitans
2827 4384 3084 4452 quidnam
3119 4383 3297 4439 vellet.
3336 4383 3406 4437 At
3433 4384 3523 4439 ille

1953 4474 2184 4528 clamosa
2212 4488 2343 4527 voce
2372 4489 2429 4527 se
2456 4473 2729 4527 oculorum
2754 4473 2931 4526 lumen
2953 4472 3200 4529 amisisse
3221 4473 3523 4553 respondit,

1953 4554 2017 4615 ac
2045 4561 2176 4615 velle
2204 4571 2262 4614 ut.
2292 4576 2481 4615 servus
2504 4561 2594 4614 Dei
2623 4562 2725 4615 sibi
2756 4575 2973 4615 manum
3001 4559 3324 4630 imponeret,
3345 4563 3525 4630 sciens

1953 4652 2096 4722 quod
2142 4660 2328 4705 sancta
2381 4653 2573 4705 merita
2623 4649 2739 4718 ejus
2796 4651 2896 4704 sibi
2943 4650 3313 4733 subvenirent.
3366 4653 3527 4707 Pater

1955 4745 2120 4814 igitur
2145 4745 2438 4799 clamorem
2471 4745 2714 4815 audiens,
2740 4744 2833 4797 sed
2861 4746 3022 4799 verba
3063 4744 3284 4803 minime
3317 4744 3526 4798 discer-

1958 4853 2112 4901 nens,
2140 4836 2315 4889 innnit
2344 4836 2565 4904 prmfato
2600 4835 2753 4887 fratri
2779 4836 2960 4888 venire
2992 4835 3056 4887 ad
3089 4851 3165 4898 se,
3207 4844 3263 4889 et
3301 4849 3523 4888 causam

1954 4924 2207 4978 clamoris
2233 4923 2398 4991 ipsius
2428 4924 2697 4975 intimare.
2729 4920 2877 4975 Tunc
2912 4920 2999 4974 ille
3028 4937 3040 4972 :
3084 4919 3309 4974 Domine
3342 4920 3520 4984 Pater,

1957 5014 2055 5078 ait,
2086 5027 2289 5081 panper
2335 5012 2549 5078 quidam
2594 5008 2741 5063 venit
2785 5011 3114 5079 conquerens
3156 5024 3219 5063 se
3259 5010 3310 5063 in
3350 5011 3525 5064 oculis

1958 5103 2141 5173 allligi,
2172 5111 2531 5170 precaturque
2556 5116 2650 5169 per
2681 5115 2773 5153 vos
2805 5101 2852 5153 ei
2886 5100 3095 5167 signum
3120 5109 3319 5153 sanctae
3344 5099 3524 5153 crucis

1960 5192 2185 5261 imponi.
2218 5192 2285 5245 At
2313 5190 2399 5244 ille
2426 5192 2538 5259 ipse
2580 5191 2668 5257 pio
2702 5188 2871 5251 vultu,
2907 5190 3085 5242 veniat
3119 5189 3253 5243 dixit
3282 5203 3295 5239 :
3338 5185 3523 5254 Itaque

1960 5284 2121 5338 tertio
2143 5297 2304 5352 super
2330 5281 2513 5336 oculos
2550 5281 2665 5349 ejus
2693 5280 2832 5349 quod
2860 5279 3073 5349 petebat
3101 5280 3313 5348 signum
3345 5275 3523 5330 crucis

1584 5441 1989 5497 lIENSCIlENll
2028 5414 2257 5496 Nom-3.

276 5604 285 5609 .
340 5552 456 5629 (37)
493 5553 787 5613 Raincritts
838 5554 922 5610 hic
964 5554 1082 5623 fuit,
1128 5556 1219 5625 qui
1268 5553 1630 5609 Florentinam
1663 5554 1853 5609 sedem.
1884 5555 1950 5609 Η
1980 5555 2136 5609 annis
2165 5553 2357 5618 tenuit,
2384 5549 2573 5642 θέο-ιι
2610 5549 2676 5605 ad
2712 5547 2863 5601 1115.

498 6128 501 6129 ν
580 6128 645 6173 "at
