4174 6196
621 209 712 263 HI

1603 210 1660 262 S.
1702 204 1998 260 ANSELMI
2031 203 2390 261 CANTUAR.
2428 203 2747 258 ARClllEP.

3747 211 3855 265 ΗΞ

616 336 739 377 cum
769 320 961 391 pollice
979 323 1226 390 pingens,
1251 298 1425 374 oravit
1451 321 1531 374 sic
1563 339 1577 372 ;
1617 321 1796 396 Virtus
1821 321 1999 374 erucis
2024 322 2181 374 Chri—
2211 327 2251 378 Λ
2283 317 2387 370 eiat
2416 317 2532 368 tibi.
2563 316 2617 368 lu
2651 317 2875 370 veritate
2904 316 3099 384 quippe
3127 317 3250 370 t’lico
3294 319 3410 383 tibi,
3441 322 3563 389 quia
3607 337 3705 392 pro
3737 335 3861 378 toto

615 413 686 466 eti
714 410 975 463 illuminet
999 409 1184 462 oculos
1229 409 1382 474 istos,
1417 419 1474 464 et
1502 412 1568 464 ab
1599 401 1678 466 eis
1710 426 1922 464 omnem
1959 411 2172 463 iulirmi-

619 507 782 552 tatetu
842 497 1092 566 depellat,
1147 498 1476 566 integrteque
1527 501 1745 553 sanitati
1798 499 2070 552 restituat.
2119 499 2185 551 Et

615 602 907 657 aspergens
950 602 1045 641 eos
1071 602 1208 656 aqua
1242 588 1600 655 sanctiﬁcata,
1632 590 1900 643 hominem
1928 590 2184 658 prmcepit

614 677 786 732 abire.
817 677 1123 731 Alexander
1150 692 1279 731 vero
1308 693 1430 731 mox
1474 679 1621 731 illum
1662 680 1946 740 reducens,
1977 669 2186 734 monuit

614 778 674 823 ut
709 769 752 823 si
790 767 992 821 factum
1036 769 1137 822 viri
1167 769 1255 822 Dei
1283 785 1391 821 non
1423 784 1808 838 usquequaque
1837 769 1910 823 illi
1939 772 2040 824 hac
2070 772 2183 825 vice

611 851 791 929 primo
833 858 1058 927 proluit,
1114 873 1270 912 mane
1314 858 1535 924 rediret,
1594 858 1853 930 pollicens
1890 861 2030 928 quod
2084 863 2185 915 hoc

613 949 788 1020 ipsum
820 948 893 1002 illi
922 948 1145 1016 repetita
1169 949 1284 1002 vice
1307 950 1423 1002 ﬁeri
1447 950 1778 1018 impetraret.
1808 942 2026 1018 Ad'qua:
2057 949 2180 1003 ille:

613 1038 726 1107 Ego
754 1036 992 1106 quidem,
1030 1037 1170 1090 bone
1211 1038 1443 1104 domine,
1488 1037 1591 1091 hac
1631 1037 1697 1090 de
1737 1051 1900 1091 causa
1941 1053 2046 1090 non
2095 1054 2184 1091 re-

612 1125 764 1190 dibo,
805 1128 930 1197 quia
965 1126 1139 1194 gratia
1184 1126 1276 1178 Dei
1326 1133 1382 1179 et
1425 1124 1597 1179 ﬁdelis
1633 1125 1750 1194 ejus
1797 1124 2005 1189 l‘amuli,
2037 1127 2179 1179 oumi

613 1217 858 1271 escitate
885 1214 1087 1284 fugata,
1134 1214 1434 1269 clarissime
1465 1215 1643 1269 video.
1690 1213 1815 1268 litee
1861 1215 1932 1267 ita
1966 1215 2179 1284 scripsi,

615 1307 754 1362 sicut
797 1307 866 1360 ab
906 1319 1003 1359 ore
1051 1305 1219 1374 ipsius
1263 1305 1577 1370 Alexandri,
1620 1306 1708 1374 qui
1757 1314 2076 1374 praesentem
2125 1321 2184 1361 se

615 1396 783 1451 fuisse
814 1405 1065 1464 testatur,
1095 1397 1296 1465 accepi.

683 1484 774 1540 65.
825 1485 941 1541 Rex
995 1497 1176 1539 autem
1241 1484 1503 1539 Henricus
1558 1493 1617 1539 ut
1668 1484 1930 1553 comperit
1989 1499 2180 1553 papam

614 1573 670 1630 in
721 1592 816 1630 sua
873 1578 1136 1632 sententia
1186 1586 1349 1638 stare,
1393 1591 1520 1629 mox
1561 1575 2080 1644 archiepiscopatum
2127 1571 2217 1629 in~

2287 420 2421 460 auro
2459 405 2604 474 quod
2631 403 3152 477 Constantinopolim
3183 415 3237 460 et
3267 407 3403 462 ultra
3440 411 3644 471 citrave
3692 413 3862 467 habe-

2287 502 2395 558 tur,
2419 511 2524 548 non
2555 494 2827 548 omitteret
2854 493 3070 547 domina
3105 493 3398 563 ipsa~cujus
3425 507 3528 562 est,
3559 501 3688 567 quin
3721 501 3857 555 illud

2285 585 2386 636 sibi
2439 567 2738 636 vindicaret
2796 582 2852 636 in
2901 584 2988 637 die
3042 586 3459 640 resurrectionis
3508 598 3857 645 cunctorum.

2285 673 2643 742 Quamobrem
2675 688 2718 725 δι
2762 673 2998 725 debitam
3027 673 3100 726 illi
3136 675 3492 750 reverentiam
3518 677 3862 744 exhibueris,

2285 780 2437 832 atque
2481 764 2740 832 suscipiet
2783 777 2847 815 ac
2881 764 2924 816 si
2979 764 3075 816 toti
3120 765 3333 834 corpori
3379 766 3497 835 ejus
3540 768 3859 840 exhiberes.

2286 855 2435 921 Quod
2462 869 2560 923 ego
2589 855 2820 907 audiens
2838 854 3104 922 acquievi,
3129 865 3181 923 et
3211 870 3372 924 quam
3400 857 3680 920 decentius
3700 843 3856 927 potui

2286 944 2462 1014 ipsum
2489 958 2554 997 ex
2586 943 2688 996 hoc
2734 943 2838 995 huc
2868 958 3036 1010 usque
3066 946 3275 996 servavi
3306 959 3324 1008 ;
3353 944 3421 997 de
3452 958 3559 1012 quo
3585 959 3711 999 osse
3730 957 3860 1015 post

2284 1037 2465 1106 plures
2493 1036 2607 1088 dies
2647 1035 2840 1088 Petrus
2866 1036 3084 1103 quidam
3128 1037 3425 1111 monachus
3451 1036 3856 1102 Cluniacensis,

2283 1126 2367 1178 vir
2390 1139 2488 1178 suo
2515 1133 2756 1192 tempore
2785 1123 2899 1194 (38)
2920 1140 3126 1193 magna:
3154 1126 3514 1189 auctoritatis,
3539 1127 3629 1194 qui
3669 1141 3856 1181 came—

2285 1215 2463 1269 rarius
2498 1223 2617 1267 erat
2654 1213 2855 1267 domini
2883 1228 3032 1282 papa
3057 1213 3259 1269 Urbani
3281 1225 3442 1284 atque
3476 1213 3756 1271 Paschalis
3779 1220 3854 1271 ad

2284 1295 2384 1361 nos
2412 1295 2634 1366 veniens
2663 1321 2693 1357 a
2723 1320 2807 1358 me
2831 1314 3217 1373 percunctatus
3242 1316 3326 1360 est
3350 1307 3478 1376 quid
3507 1309 3752 1382 sentiret.
3781 1310 3857 1363 At

2285 1397 2374 1451 ille
2401 1397 2488 1451 ubi
2508 1382 2606 1451 ’ωε
2633 1395 2901 1450 referente
2921 1397 3128 1465 accepit
3153 1395 3387 1466 qualiter
3407 1398 3459 1451 id
3486 1392 3712 1470 adeptus
3733 1399 3858 1455 {ne-

2283 1491 2410 1555 rim,
2437 1505 2565 1545 vera
2587 1489 2808 1543 omnino
2830 1503 2950 1543 esse
2971 1488 3252 1544 confessus
3275 1499 3380 1553 est,
3409 1504 3530 1559 quae
3558 1494 3852 1563 episcopus

2284 1582 2407 1636 inde
2458 1582 2690 1644 dixerat,
2749 1595 2914 1649 seque
2971 1577 3291 1650 praesentem
3344 1579 3514 1636 fuisse
3575 1585 3843 1646 asseruit,

611 1681 769 1722 suum
808 1668 1102 1722 dominium
1143 1667 1368 1736 redegit,
1396 1675 1451 1720 et
1495 1665 1807 1723 Auselmum
1852 1665 1963 1720 suis
2008 1666 2184 1719 omni-
2213 1669 2255 1723 B
2281 1672 2494 1740 quando
2525 1671 2664 1725 idem
2688 1685 2750 1724 os
2784 1685 2816 1723 a
2841 1685 3068 1739 corpore
3098 1670 3346 1742 n‘iartyris
3367 1671 3704 1737 sublatuma'
3724 1657 3851 1727 ca}-

612 1758 713 1812 hus
747 1756 1015 1825 spoliavit.
1059 1756 1190 1811 Acta
1240 1766 1366 1810 sunt
1412 1755 1538 1809 hinc
1581 1755 1720 1809 inter
1760 1769 1855 1809 eos
1905 1755 2095 1817 multa,
2127 1765 2180 1808 et

616 1861 758 1903 anno
810 1833 916 1900 uno
985 1861 1048 1900 ac
1111 1845 1276 1901 semis
1348 1844 1643 1914 indignatio
1711 1843 1853 1912 regis
1925 1859 2030 1896 non
2100 1851 2182 1898 est

612 1935 810 2007 sopita.

683 2026 773 2081 64.
813 2026 956 2079 inter
987 2025 1098 2080 hzec
1129 2024 1274 2078 venit
1301 2024 1366 2077 ad
1408 2038 1506 2078 nos
1532 2022 1689 2077 Walo
1713 2022 1994 2092 episcopus
2027 2021 2179 2075 Pari-

612 2117 896 2183 siacensis,
942 2117 1026 2170 vir
1071 2117 1212 2172 bene
1257 2115 1562 2186 religiosus,
1599 2123 1655 2169 et
1686 2113 2180 2169 ecclesiasticarum

611 2211 1057 2266 consuetudinum
1088 2209 1516 2275 institutionibus
1538 2209 1612 2266 ,ab
1640 2208 1858 2261 ineunte
1885 2215 2044 2260 aetate
2076 2207 2181 2260 im-

611 2297 794 2353 butus.
822 2295 919 2351 Hic
947 2296 1130 2351 Roma:
1157 2308 1336 2374 notus,
1358 2304 1413 2350 et
1441 2295 1750 2364 apostolica:
1780 2291 2063 2364 legationis
2081 2295 2177 2348 mi-

613 2389 841 2443 nisterio
867 2387 1103 2454 functus,
1136 2386 1507 2440 familiaritate
1537 2385 1715 2440 Patris
1740 2384 1978 2440 Auselmi
2007 2387 2180 2455 potie-

612 2479 790 2534 batur.
818 2479 984 2550 Igitur
1003 2478 1106 2532 iste
1127 2493 1158 2531 a
1182 2478 1350 2531 Roma
1365 2474 1434 2530 ad
1456 2493 1553 2531 nos
1573 2477 1797 2531 veniens
1821 2477 2181 2545 quorumdam

611 2578 923 2626 sanctorum
957 2569 1211 2639 reliquias
1251 2583 1432 2624 secum
1472 2565 1702 2629 ferebat,
1751 2581 1908 2634 quas,
1949 2575 2006 2618 ut
2033 2576 2182 2620 certo

612 2661 996 2731 comperimus,
1022 2658 1124 2713 sibi
1155 2657 1337 2712 [lenite
1373 2650 1526 2711 datas
1564 2657 1818 2712 habebat“.
1845 2655 2033 2724 Itaque
2057 2672 2180 2710 cum

536 2815 537 2818 η
613 2749 869 2805 Auselmo
895 2764 978 2804 me
1007 2757 1269 2818 praesente
1305 2747 1550 2817 loquens,
1576 2747 1812 2802 innotuit
1850 2746 1898 2799 ei
1937 2747 2064 2814 quid
2096 2760 2183 2799 re-

614 2838 906 2908 liquiarum
945 2852 976 2891 a
1015 2835 1186 2891 Roma
1227 2851 1410 2890 secum
1455 2835 1729 2890 detulerit.
1763 2835 1846 2888 Ad
1883 2836 2026 2904 quod
2057 2851 2180 2889 cum

2283 1758 2448 1814 diuali
2483 1769 2810 1829 susceperat:

2875 1847 3103 1906 CAPUT
3146 1850 3254 1904 VII.

2284 1956 2656 2012 Reconciliatia
2684 1974 2801 2012 cum
2828 1975 2961 2028 rege.
2987 1958 3204 2014 Redime
3233 1961 3286 2012 in
3313 1959 3574 2030 Angliam.
3609 1959 3851 2028 Morbus,

2808 2030 3002 2095 obitus,
3020 2029 3294 2082 miracula.

2349 2119 2438 2174 65.
2478 2119 2608 2174 Post
2653 2119 2767 2174 hinc
2812 2133 2936 2174 cum
2971 2134 3072 2189 pro
3116 2120 3421 2175 exercendo
3467 2121 3854 2176 ecclesiastica:

2279 2209 2575 2279 disciplina:
2626 2211 2829 2278 rigore,
2871 2218 2981 2262 tum
3016 2225 3115 2280 pro
3152 2209 3515 2265 Ecclesiarum
3561 2213 3616 2268 in
3654 2211 3850 2280 Anglia

2278 2302 2694 2355 constitutarum
2721 2299 3072 2365 relevatione,
3097 2299 3280 2355 relicta
3302 2299 3630 2373 Burgu‘ndis,
3656 2301 3849 2356 Ausel-

2279 2407 2398 2444 mus
2428 2391 2713 2447 Franciam
2747 2391 2865 2446 ivit.
2910 2391 3065 2459 Quod
3103 2391 3193 2446 ubi
3237 2392 3672 2462 regi‘Anglorum
3700 2391 3850 2446 Heu-

2261 2480 2396 2535 rico
2447 2481 2696 2546 innotuit,
2753 2491 2972 2550 rogatus
3027 2480 3097 2535 ad
3144 2496 3267 2536 eum
3309 2479 3852 2538 in'Northmanniam‘

2283 2574 2446 2643 venit,
2473 2576 2652 2644 ibique
2683 2590 2775 2629 rex
2809 2575 3001 2629 timore
3039 2574 3199 2629 simul
3226 2585 3282 2629 et
3305 2589 3491 2630 amore
3529 2575 3627 2638 Dei
3656 2589 3849 2631 corre-

2279 2673 2402 2734 ptus
2431 2666 2706 2719 revestivit
2725 2665 2873 2718 illum
2895 2665 2964 2721 de
2981 2665 3120 2734 suis,
3139 2675 3194 2721 et
3215 2666 3593 2721 inamicitiam
3619 2665 3735 2734 ejus
3761 2663 3852 2721 re-

2279 2764 2467 2824 ceptus
2493 2765 2599 2809 est.
2638 2753 3006 2811 Conversante
3033 2756 3231 2810 dehinc
3259 2756 3515 2811 Auselmo
3561 2757 3614 2820 in
3638 2755 3847 2813 North-

2280 2845 2519 2908 mannia,
2567 2835 2901 2913 reversisque
2929 2845 3187 2900 Balduino
3227 2853 3282 2900 et
3323 2843 3611 2912 Willelmo,
3648 2848 3738 2917 qui
3777 2863 3849 2902 ex

615 2926 703 2983 ille
731 2927 843 2982 Deo
868 2927 1068 2996 gratias
1096 2935 1300 2994 ageret,
1325 2925 1608 2994 cpiscopus
1630 2940 1795 2978 unum
1827 2939 1908 2986 os,
1941 2927 2082 2993 quod
2115 2926 2182 2979 de
2276 2917 2429 3002 jussu
2475 2925 2615 3006 regis
2644 2943 2807 3005 atque
2851 2936 3121 3004 pontiﬁcis
3155 2936 3381 2991 Romam
3411 2951 3512 3008 pro
3543 2930 3850 3008 expletione

612 3017 787 3084 capite
822 3026 1021 3070 sanctae
1049 3015 1302 3084 martyris
1328 3015 1423 3070 Dei
1449 3014 1648 3091 Priscze
1670 3029 1793 3073 esse
1826 3017 2127 3081 asserebat,
2153 3032 2182 3071 e

2285 3031 2483 3100 negotii
2508 3031 2648 3099 quod
2674 3030 2739 3083 de
2763 3016 3098 3084 investituris
3128 3030 3479 3086 ecclesiarum
3494 3030 3642 3087 inter
3663 3047 3755 3086 eos
3779 3047 3856 3088 eo

612 3108 812 3179 pyxide
849 3107 1092 3177 protulit,
1124 3115 1178 3160 et
1215 3105 1268 3158 id
1307 3105 1539 3174 qualiter
1575 3106 1804 3175 adeptus
1842 3106 2006 3160 fuerit
2035 3107 2182 3162 illico

613 3196 955 3256 subinlerens
979 3189 1059 3249 ait'
1101 3213 1114 3249 :
1163 3188 1345 3248 Romae
1371 3208 1541 3261 eram,
1579 3204 1634 3248 et
1663 3195 1963 3249 oratorium
2008 3197 2180 3250 norni-

611 3297 757 3345 οδω
800 3287 1085 3359 martyris,
1147 3287 1202 3341 in
1256 3301 1362 3356 quo
1412 3287 1759 3343 beatissimus
1813 3287 2178 3358 apostolorum

612 3381 864 3454 princeps
904 3382 1099 3435 Petrus
1123 3379 1297 3434 altare
1335 3379 1592 3444 sacravit,
1623 3389 1888 3433 vetustate
1927 3390 2181 3432 consum-

613 3482 792 3542 ptum,
834 3473 1068 3524 dirututn
1094 3478 1199 3536 est,
1227 3479 1282 3524 et
1311 3484 1505 3539 corpus
1534 3470 1788 3538 martyris
1819 3470 1871 3521 in
1909 3482 2041 3520 nova
2092 3483 2182 3524 re-

612 3561 946 3618 condendum
975 3559 1229 3626 ecclesia,
1262 3574 1348 3614 me
1390 3568 1625 3624 astante,
1667 3558 1898 3614 levatum
1933 3569 2033 3612 est.
2079 3559 2184 3629 lgi-

607 3662 701 3708 tur
723 3668 846 3707 cum
871 3651 976 3707 loci
1006 3651 1175 3721 ipsius
1194 3650 1482 3705 cardinalis
1502 3649 1757 3723 reliquias
1782 3656 1983 3702 sancta:
2007 3649 2061 3702 in
2083 3665 2181 3704 suo

605 3739 729 3811 jure
754 3740 998 3805 haberet,
1026 3749 1082 3792 et
1109 3740 1220 3808 ipse
1245 3739 1383 3792 idem
1414 3737 1545 3792 mihi
1587 3736 1870 3791 familiaris
1898 3737 2178 3806 existeret,

611 3846 674 3885 os
704 3830 844 3884 istud
887 3829 1031 3899 quod
1083 3828 1276 3882 videtis
1321 3828 1386 3881 de
1429 3841 1586 3882 sacro
1629 3841 1857 3896 corpore
1908 3833 2179 3894 sumptum

612 3914 746 3975 mihi
777 3935 876 3989 pro
905 3920 1060 3990 signo
1086 3917 1255 3972 mutui
1299 3917 1500 3971 amoris
1523 3917 1690 3970 dedit.
1722 3916 1962 3970 Finierat
1985 3916 2180 3985 praesul

614 4011 668 4064 in
715 4009 855 4064 istis.
894 4010 991 4063 Ast
1017 4023 1116 4078 ego
1151 4007 1464 4062 earumdem
1505 4006 1860 4074 reliquiarum
1912 4006 2182 4059 habenda-

614 4116 734 4155 rum
781 4114 963 4154 amore
1009 4100 1238 4163 illectus,
1287 4106 1345 4152 ut
1372 4113 1438 4154 ex
1483 4098 1598 4166 ipso
1639 4112 1759 4151 osse
1798 4097 1926 4150 mihi
1973 4107 2179 4165 partem

613 4189 788 4252 daret,
827 4186 1104 4258 deprecari
1144 4185 1657 4255 episcopum'caapi.
1699 4186 1762 4237 Et
1792 4184 1922 4239 ille:
1963 4186 2176 4254 Accipe,

612 4279 813 4348 inquit,
836 4287 889 4333 et
913 4288 1171 4346 quantum
1199 4276 1321 4330 inde
1349 4276 1525 4345 primo
1544 4285 1740 4330 conatu
1762 4274 2008 4345 frangere
2029 4287 2180 4345 pote-

614 4370 710 4433 ris,
739 4380 886 4424 tuum
913 4370 1004 4424 sit.
1034 4365 1251 4437 Accepi,
1280 4376 1335 4421 et
1355 4382 1421 4421 en
1443 4377 1594 4421 extra
1621 4382 1784 4436 quam
1811 4369 2094 4435 sperabam
2122 4369 2175 4422 iu

613 4463 876 4533 principio
902 4462 1006 4517 mei
1033 4471 1278 4525 conatus,
1304 4475 1410 4514 una
1437 4460 1565 4514 mihi
1590 4459 1852 4529 particula
1881 4459 1934 4513 in
1956 4460 2174 4515 dextera

615 4572 774 4609 manu
813 4555 1091 4610 remansit.
1119 4553 1363 4621 Cumque
1389 4554 1454 4607 de
1481 4554 1746 4623 parvitate
1781 4553 1948 4622 ipsius
1984 4569 2178 4609 mcero-

615 4664 727 4702 rem
751 4648 916 4702 animi
946 4646 1284 4704 dissimulare
1314 4648 1615 4715 nequirem,
1642 4655 1697 4700 et
1725 4655 1783 4700 ut
1810 4647 1977 4701 semel
2003 4649 2176 4703 adhuc

615 4738 862 4806 frangere
892 4737 1013 4808 [al.,
1057 4736 1385 4808 frangerem}
1417 4738 1536 4792 inde
1566 4737 1697 4792 mihi
1742 4737 1929 4792 liceret
1958 4756 2177 4808 magno-

611 4840 737 4896 pere
773 4829 1027 4896 gestirem
1058 4826 1179 4897 [αις.
1211 4828 1435 4899 gestire]
1468 4828 1612 4896 rupit
1640 4812 1965 4882 desiderium
1998 4846 2174 4885 meum

613 4916 771 4970 l‘atcr
789 4916 1097 4981 Anselmus,
1119 4925 1174 4970 et
1194 4917 1267 4970 ait
1293 4933 1306 4969 :
1336 4917 1480 4983 Noli,
1506 4918 1642 4982 noli;
1669 4918 1810 4986 quod
1841 4917 2006 4972 habes
2031 4919 2174 4972 sum-

2284 3137 2452 3189 usque
2493 3121 2829 3185 versabatur,
2876 3121 3066 3174 directi
3108 3120 3349 3186 fuerant,-
3394 3118 3695 3177 Willelmus
3732 3123 3848 3178 An-

2281 3209 2440 3278 gliam
2469 3209 2533 3262 ad
2577 3223 2758 3278 regem
2785 3208 2952 3273 vadit,
2984 3223 3048 3262 ac
3089 3205 3142 3262 in
3181 3209 3339 3264 brevi
3379 3206 3605 3264 Beocum
3636 3211 3703 3264 ad
3730 3212 3845 3264 An-

2281 3299 2502 3352 selmum
2529 3311 2802 3366 regressus
2820 3304 2972 3366 rogat
2995 3311 3116 3350 eum
3146 3311 3214 3349 ex
3241 3305 3395 3363 parte
3424 3290 3591 3364 ipsius
3615 3298 3758 3366 regis
3785 3307 3848 3352 ut

2275 3388 2387 3457 jam
2415 3387 2602 3455 sopitis
2630 3387 2914 3440 retroactis
2937 3385 3172 3453 querelis
3197 3386 3348 3441 ocior
3368 3384 3616 3455 Angliam
3641 3387 3846 3442 visitet.

2281 3476 2376 3530 Cui
2412 3491 2534 3529 cum
2563 3476 2654 3529 ille
2672 3484 2951 3544 promptus
2981 3474 3450 3544 acquiesceret,et
3484 3463 3587 3528 iter
3622 3491 3846 3547 aggres-

2281 3564 2784 3630 susGemmeticum
2825 3564 3051 3628 veniret,
3091 3565 3403 3620 inﬁrmitate
3441 3580 3508 3619 ne
3534 3565 3639 3620 iter
3663 3564 3849 3641 expla-

2282 3665 2364 3710 ret
2403 3656 2530 3710 inibi
2576 3655 2825 3710 detentus
2865 3663 2967 3711 est.
2996 3655 3111 3722 Qua
3139 3655 3313 3725 sopita
3354 3655 3587 3715 Beccmn
3615 3663 3847 3716 reverti-
3880 3676 3883 3678 ·

2283 3754 2388 3811 tur,
2421 3759 2600 3814 regem
2631 3745 2838 3813 Anglice
2878 3744 3348 3800 translretaturum
3380 3747 3487 3801 illic
3508 3748 3840 3817 praestolatu-

2281 3849 2392 3888 rus.
2427 3826 2526 3888 Ubi
2551 3849 2671 3888 cum
2700 3849 2797 3903 pro
2827 3834 3000 3888 reditu
3030 3835 3144 3903 ejus
3165 3837 3672 3895 omnesexsultatio
3703 3841 3846 3892 mira

2284 3931 2510 3988 teneret,
2537 3938 2664 3978 ecce
2695 3923 2975 3978 inﬁrmitas
2995 3919 3237 3980 Auselmi
3276 3938 3551 3991 renovata,
3583 3937 3638 3982 et
3663 3928 3840 3998 ipsum

2280 4011 2419 4067 lecto
2447 4019 2501 4065 et
2520 4011 2772 4065 subversa
2804 4012 3159 4068 exsultatione
3183 4014 3332 4083 gravi
3361 4024 3585 4069 cunctos
3611 4029 3850 4084 merre

2280 4108 2589 4178 prostravit.
2635 4106 2802 4174 Igitur
2842 4105 2954 4174 ipse
2998 4121 3097 4160 nec
3139 4107 3614 4180 manducare,.nec
3639 4110 3846 4178 aliquid

2280 4197 2421 4249 unde
2451 4196 2674 4249 salutem
2702 4193 2816 4261 ejus
2844 4207 3061 4262 sperare
3090 4209 3370 4263 possemus
3397 4195 3576 4250 facere
3608 4206 3846 4266 poterat,
3919 4210 3922 4212 ‘

2280 4294 2334 4339 et
2372 4286 2438 4338 de
2481 4292 2651 4337 morte
2689 4283 2830 4336 illius
2862 4293 3064 4336 tantum
3094 4282 3211 4354 [al.,
3246 4283 3451 4356 tamen]
3491 4301 3588 4340 nos
3613 4287 3850 4342 formido

2282 4376 2541 4430 immensa
2583 4373 2820 4427 tenebat.
2857 4373 2999 4427 lnter
3036 4375 3147 4426 haec
3181 4383 3238 4427 ut
3265 4375 3370 4429 cibi
3401 4374 3522 4446 [al.,
3560 4377 3612 4429 in
3640 4377 3849 4449 cibuml

2282 4467 2482 4535 aliquid
2526 4472 2764 4519 sumeret
2811 4464 3049 4533 diligenti
3100 4480 3227 4519 cura
3264 4467 3569 4534 petebatur,
3622 4470 3714 4521 sed
3755 4469 3847 4523 ille

2281 4555 2414 4609 nihil
2446 4553 2546 4606 sibi
2578 4552 2756 4605 animo
2791 4566 2933 4616 esse,
2960 4552 3227 4619 quomodo
3253 4562 3484 4620 poterat,
3516 4552 3713 4608 anhelo
3740 4554 3851 4623 spi-

2282 4645 2386 4699 ritu
2409 4643 2702 4696 fatebatur.
2736 4639 2896 4693 Nobis
2926 4650 3099 4692 tamen
3127 4653 3312 4708 preces
3341 4639 3845 4708 multiplicantihus,

2281 4734 2494 4788 tandem
2541 4744 2609 4783 ne
2651 4730 2864 4798 penitus
2911 4730 3154 4796 negando
3204 4743 3300 4783 nos
3347 4731 3519 4799 magis
3565 4731 3848 4800 magisque

2281 4828 2528 4891 gravaret
2556 4835 2567 4869 :
2610 4817 2788 4880 Forte,
2819 4817 2912 4878 ait,
2955 4818 3019 4869 de
3060 4817 3275 4892 perdice
3305 4818 3640 4871 comederem
3670 4819 3714 4872 si
3741 4820 3848 4874 ha—

2281 4911 2486 4966 berem.
2532 4908 2670 4974 Quid
2701 4907 2893 4976 plura?
2927 4905 3030 4958 Per
3055 4920 3280 4975 campos
3321 4917 3377 4958 et
3415 4906 3583 4961 silvas
3611 4907 3846 4988 dispersi

1908 5032 2315 5092 HENSCIIENII
2354 5028 2582 5084 NOTIE.

681 5120 792 5188 (‘58)
832 5117 890 5172 Si
913 5120 980 5173 de
1009 5120 1350 5191 subsequeuti
1386 5130 1623 5189 tempore
1653 5122 1847 5190 agitur,
1872 5122 2044 5191 deque
2077 5125 2163 5178 illa

609 5193 929 5243 auctoritate
956 5205 1058 5256 qua
1090 5190 1279 5244 Petrus
1304 5193 1402 5244 sub
1429 5191 1670 5243 Pascliali
1698 5192 1876 5244 lloruit
1903 5190 2070 5259 usque
2099 5197 2162 5245 :ul

607 5275 808 5329 annum
854 5259 1019 5329 “18;
1053 5260 1310 5329 suspicari
1341 5261 1461 5327 quis
1507 5270 1706 5328 posset,
1741 5262 1880 5313 hunc
1919 5262 2164 5314 eumdem

606 5343 729 5398 esse
776 5327 1059 5398 famosum
1085 5328 1232 5398 illum
1274 5327 1734 5398 gestis.fscriptis
1772 5345 1836 5383 ac
1882 5331 2165 5384 sanctitate

608 5397 846 5459 Petrum,
873 5411 1015 5449 anno
1043 5397 1180 5449 “22’.
1218 5397 1411 5451 factum
1443 5397 1687 5452 abbatem
1719 5398 2159 5463 Cluniaceusem;

608 5467 700 5518 sed
727 5466 1089 5536 conjecturam
1121 5477 1359 5519 moratur
1380 5483 1483 5520 non
1511 5477 1619 5520 tam
1645 5483 1816 5521 annus
1842 5469 2048 5528 mortis,
2072 5470 2164 5536 qui

610 5537 708 5589 l'uit
741 5536 939 5593 Christi
991 5535 1124 5588 “57
1173 5537 1378 5604 (quidni
1426 5537 1569 5589 enim
1613 5537 1994 5605 octogesimum
2044 5535 2164 5591 vitae

2279 5135 2476 5176 annum
2501 5115 2739 5183 attigerit
2759 5123 2852 5167 aut
2874 5107 3263 5169 transcenderit
3284 5113 3331 5184 ἳ)
3350 5127 3508 5181 quam
3537 5112 3681 5184 quod
3709 5113 3847 5168 nihil

2273 5195 2340 5245 de
2372 5189 2533 5242 rebus
2559 5203 2587 5238 a
2618 5187 2776 5239 Petro
2808 5193 2929 5237 ante
2961 5186 3300 5252 praelaturam
3337 5184 3504 5251 gestis
3541 5183 3848 5238 inveniatur

2270 5259 2414 5329 quod
2445 5259 2608 5329 istam
2630 5254 2842 5329 fulciat;
2867 5261 2928 5329 _et
2948 5249 3088 5329 quod
3118 5249 3411 5329 Eadmerus
3439 5251 3848 5329 scribens_post

2271 5320 2430 5382 istius
2470 5325 2611 5378 Petri
2655 5324 2745 5390 qui
2797 5320 3095 5376 abhas'fnit
3145 5323 3484 5382 electionem,
3529 5334 3649 5388 qua:
3676 5320 3849 5390 haud

2270 5399 2432 5452 dubie
2455 5389 2759 5448 Cantuaria:
2781 5393 2889 5445 cito
2922 5393 3171 5453 innotuit.
3205 5407 3308 5443 non
3337 5403 3591 5458 expresse
3617 5389 3848 5458 addide-

2273 5469 2366 5528 rit,
2391 5480 2511 5519 cum
2544 5465 2610 5516 de
2639 5477 2746 5530 quo
2770 5463 2880 5531 agit
2911 5462 3148 5524 Petrum,
3179 5460 3318 5515 haud
3341 5455 3420 5514 ita
3442 5460 3648 5527 pridem
3672 5455 3850 5516 luisse

2271 5537 2471 5590 factum
2500 5533 2770 5588 abbatem.
