4174 6186
306 40 319 49 κ
658 20 670 41 γὲ

304 60 319 77 ν,
372 72 373 75 Ἰ
642 50 649 67 1

380 92 391 101 ,γ
556 92 559 97 .

482 122 493 135 φ

180 230 189 233 _
224 214 239 229 ’Ἰ

332 338 441 392 113

330 460 463 504 sunt
509 450 711 520 quique
762 462 1002 511 suorum,
1041 456 1095 501 et
1140 447 1254 500 dies
1300 462 1437 500 unus
1486 448 1538 500 in
1584 444 1907 513 requirenda
1934 446 1983 503 Α
2010 442 2108 510 pit.
2143 440 2292 495 Unde
2318 442 2591 509 paululum
2639 453 2864 511 gustans
2904 444 3057 513 juxta
3086 446 3244 500 Iidem
3278 462 3428 502 suam
3460 458 3569 502 sta-

333 539 560 607 perdice
588 542 747 591 casso
786 536 969 591 labore
1012 545 1381 606 consumptus.
1434 537 1669 603 Contigit
1708 543 1910 596 autem,

336 638 396 697 ut
429 644 573 682 unus
599 643 667 680 ex
706 628 1019 680 monasterii
1046 628 1405 683 sementibus
1440 630 1556 698 ipsa
1601 630 1685 682 die
1712 642 1809 694 per
1833 627 1915 680 vi-

336 722 519 772 cinam
552 716 739 771 silvam
766 718 867 771 iter
884 712 1027 770 forte
1055 726 1291 786 caperet,
1322 720 1535 787 negotio
1565 734 1670 787 quo
1699 716 1788 770 alii
1818 732 1911 769 oc-

337 804 678 869 cupabantur
698 804 827 856 nihil
856 804 1157 868 intendens,
1181 812 1233 858 et
1254 821 1379 860 ecce
1403 808 1550 860 invia
1573 822 1677 875 qua
1699 807 1911 876 gradie-

339 892 524 955 batnr,
550 891 794 956 bestiola,
817 906 976 961 quam
992 893 1403 965 martyramt39)
1422 895 1911 965 vocant,perdicem

340 980 397 1031 in
430 992 527 1032 ore
569 978 791 1035 ferebat.
825 979 954 1045 Qua:
994 981 1241 1045 bestiola,
1274 985 1388 1040 viso
1419 983 1658 1049 homine,
1684 1000 1833 1037 suam
1862 984 1911 1037 ei

337 1067 577 1135 praedam
611 1065 848 1135 reliquit,
875 1067 1085 1135 sibique
1116 1069 1241 1138 fuga
1270 1071 1560 1125 consuluit.
1584 1072 1653 1124 At
1677 1071 1767 1124 ille
1790 1085 1916 1137 per-

338 1155 516 1209 dicem
548 1170 830 1210 assumens
855 1156 920 1209 ad
950 1172 1048 1211 nos
1074 1158 1282 1212 detulit.
1313 1159 1389 1212 Ex
1417 1174 1521 1228 qua
1549 1174 1691 1231 aeger
1720 1169 1909 1213 noster

340 1246 598 1306 refectus,
629 1245 811 1301 statim
859 1248 1129 1303 meliorari
1176 1252 1244 1303 ab
1270 1251 1589 1319 aegritudine
1632 1251 1815 1317 coepit,
1848 1266 1913 1304 ac

340 1337 558 1388 demum
603 1336 655 1389 in
692 1337 809 1391 dies
840 1338 1031 1391 melius
1076 1339 1372 1412 meliusque
1412 1342 1680 1405 habendo,
1732 1343 1911 1411 pristi-

340 1436 470 1475 nam
493 1433 579 1476 est
610 1424 897 1478 sanitatem
927 1427 1169 1505 adeptus.
1250 1444 1255 1453 ί

414 1510 506 1563 66.
544 1510 674 1565 Post
712 1512 827 1567 base
865 1514 1133 1583 episcopis
1181 1524 1236 1571 et
1282 1518 1589 1581 abbatibus,
1627 1518 1720 1587 qui
1756 1534 1911 1573 exse-

342 1598 597 1665 qularum
625 1598 767 1654 illius
797 1615 957 1655 causa
988 1614 1370 1673 convenerant,
1410 1607 1463 1659 in
1491 1622 1587 1660 sua
1621 1610 1911 1663 remeanti-

342 1686 470 1748 bus,
506 1688 766 1741 remeavit
790 1690 953 1744 etiam
987 1675 1295 1761 Radulplins
1322 1695 1458 1765 (te),
1490 1696 1657 1751 abbas
1674 1696 1908 1751 coenobii

1318 329 1471 385 vm
1526 326 1852 382 aucronn
1889 286 2241 381 E'Aoitsuo.
2273 355 2343 367 -
2385 328 2507 379 tui.
2548 328 2609 382 ιι.

3478 332 3575 389 lli

2017 530 2110 583 tim
2154 530 2531 584 convalescere
2580 531 2761 597 erepit,
2803 532 3133 602 integra-que
3164 534 3379 589 sanitati
3408 536 3573 588 dona.

2015 620 2261 681 tus,‘~Deo
2287 627 2342 673 et
2372 619 2463 673 Dei
2491 620 2609 673 viro
2633 635 2699 673 ex
2729 620 2892 674 corde
2914 624 3115 690 gratias
3137 624 3268 691 egit.

2002 748 2009 763 η,
2084 710 2173 765 69.
2217 709 2360 764 Inter
2396 710 2509 763 haac
2540 725 2630 763 rex
2671 710 2722 763 in
2757 710 3148 764 Nortbmannia
3185 711 3391 780 positus
3423 709 3579 765 valde

2013 799 2315 867 laetabatur,
2342 801 2482 855 sicut
2516 799 2761 855 ferebant
2786 800 2841 854 hi
2872 801 2962 870 qui
2997 802 3063 853 ad
3093 816 3192 855 nos
3232 801 3353 855 inde
3393 802 3578 856 venie-

2014 891 2165 953 bant,
2187 891 2328 960 quod
2353 890 2529 943 fuerat
2548 890 2788 944 Anselmi
2814 905 2946 959 pace
2974 892 3197 959 potitus.
3233 889 3385 971 Unde
3411 891 3574 945 etiam

2020 980 2173 1034 firma
2209 982 2309 1036 sibi
2358 996 2452 1052 spe
2491 982 2869 1051 applaudebat,
2912 997 3010 1039 suo
3051 998 3110 1036 se
3140 983 3375 1038 dominio
3399 990 3573 1041 ,totam

2013 1067 2456 1123 Nortlnnanniam
2498 1070 2926 1139 snbjugaturum.
2960 1070 3112 1137 Quod
3157 1080 3210 1125 et
3236 1072 3434 1124 factum
3466 1076 3573 1125 est.

2013 1156 2143 1211 Nam
2171 1166 2421 1212 conserto
2449 1161 2596 1228 gravi
2619 1160 2803 1226 przelio
2830 1157 3046 1214 fratrem
3077 1175 3231 1213 suum
3258 1158 3572 1224 Robertum,

2013 1245 2418 1301 Northmannim
2446 1246 2719 1312 comitem,
2754 1255 2808 1301 et
2829 1248 2962 1303 alios
2988 1251 3275 1318 principes,
3306 1250 3397 1319 qui
3426 1264 3563 1305 cono

2015 1343 2095 1387 tra
2128 1334 2274 1386 illum
2318 1335 2371 1387 in
2404 1334 2599 1387 bellum
2627 1345 2911 1400 venerunt,
2942 1338 3132 1404 cmpit;
3165 1338 3571 1408 innumerisque

2012 1424 2323 1491 peremptis,
2364 1433 2530 1479 totam
2568 1434 2769 1478 terrain
2809 1426 2979 1480 victor
3004 1425 3259 1491 obtinuit,
3291 1428 3453 1496 idque
3478 1443 3576 1496 per

2012 1511 2224 1566 litteras
2273 1512 2529 1567 Anselmo
2573 1513 2874 1582 gaudenter
2910 1522 2967 1566 et
2996 1516 3263 1583 gratiosus
3294 1530 3413 1569 mox
3450 1515 3575 1569 inti-

2013 1602 2198 1654 mavit.
2240 1586 2439 1656 Oinnes
2467 1616 2597 1655 vero
2631 1602 2723 1671 qui
2775 1603 2889 1657 baac
2939 1613 3089 1674 gesta
3136 1614 3263 1659 tunc
3317 1604 3576 1674 temporis

2013 1690 2252 1753 audiere,
2280 1706 2343 1743 ea
2378 1690 2586 1744 meritis
2632 1692 2952 1757 concordize,
2992 1708 3152 1761 quam
3180 1708 3274 1747 rex
3315 1709 3438 1749 cum
3465 1693 3574 1749 An—

342 1775 646 1845 Sagiensis;
686 1778 775 1847 qui
805 1795 943 1835 unus
977 1793 1093 1835 erat
1121 1798 1187 1838 ex
1223 1764 1500 1841 eis.Unus
1527 1787 1691 1855 igitur
1716 1802 1782 1841 ex
1813 1789 1905 1841 lio-

2010 1780 2178 1833 selmo
2211 1778 2431 1844 fecerat,
2461 1780 2784 1849 ascripsere.

337 1866 584 1921 minibus
605 1868 721 1937 ejus
750 1884 845 1940 per
868 1872 1010 1925 viam
1040 1875 1207 1943 C(Bpit
1242 1876 1497 1931 Anselmo
1520 1877 1827 1943 detrahere,
1852 1890 1907 1935 et

335 1955 488 2022 quod
523 1957 715 2012 merito
740 1958 916 2014 nullus
940 1960 1239 2016 infirmitati
1261 1965 1378 2034 ejus
1410 1969 1640 2035 compati
1665 1969 1903 2036 deberet,
1938 2020 1945 2027 .

334 2044 666 2113 praesertim,
706 2047 975 2115 inquiens,
1006 2065 1127 2103 cum
1166 2052 1277 2121 ipse
1320 2055 1441 2108 cibo
1476 2066 1529 2109 et
1572 2066 1697 2125 potu
1747 2058 1903 2112 saluti

337 2146 481 2197 sua},
514 2132 560 2188 si
609 2145 814 2190 remota
852 2136 1114 2207 jactantia
1168 2141 1346 2209 vellet,
1394 2144 1551 2197 facile
1583 2162 1905 2202 succurrere

333 2230 545 2289 posset,
566 2222 826 2279 maledica
847 2241 978 2281 VOCe
997 2238 1262 2283 astruere.
1290 2230 1440 2296 Quod
1463 2234 1627 2300 abbas
1654 2236 1901 2301 audiens,

333 2310 616 2367 hominem
647 2315 855 2369 monuit
884 2326 943 2369 ut
975 2317 1177 2394 sileret,
1228 2336 1329 2374 nec
1357 2322 1423 2375 de
1454 2331 1600 2376 tanto
1634 2324 1748 2378 viro
1777 2326 1905 2394 quid

330 2398 550 2455 sinistri
575 2402 712 2457 ultra
738 2402 1024 2473 proferret.
1051 2384 1178 2473 Qua:
1206 2409 1292 2463 ille
1318 2411 1698 2467 subsannando
1722 2384 1903 2485 despi-

330 2489 519 2554 ciens,
554 2500 610 2546 et
638 2492 691 2546 in
726 2494 811 2548 bis
846 2510 966 2563 quae
993 2507 1235 2564 creperat
1264 2499 1446 2555 furore
1471 2504 1699 2570 quodam
1723 2508 1906 2577 exagi-

329 2584 508 2644 tatus,
560 2580 862 2647 persistens
907 2597 1046 2653 equo
1096 2585 1399 2642 calcaribus
1448 2589 1672 2656 institit,
1727 2602 1786 2645 ut
1834 2596 1903 2648 ab

324 2666 534 2723 abbate
566 2668 846 2741 elongatus
874 2672 1102 2729 liberius
1148 2664 1332 2733 ederet
1376 2680 1519 2747 quod
1556 2696 1666 2735 suae
1706 2685 1903 2739 mentis

326 2758 644 2815 amaritudo
687 2761 789 2817 sibi
824 2774 1171 2833 preponeret.
1216 2766 1414 2821 Verum
1450 2784 1571 2824 cum
1622 2772 1736 2841 ipse
1768 2789 1905 2842 pra:-

323 2846 447 2914 peti
477 2862 637 2903 cursu
667 2847 799 2905 ferri
829 2853 1075 2921 gestiret,
1106 2870 1170 2909 ac
1209 2856 1451 2912 remissis
1489 2858 1716 2916 habenis
1752 2864 1903 2918 ocior

324 2938 417 2993 ire
476 2938 757 3010 inciperet,
808 2956 968 3010 quem
1024 2944 1247 3017 sedebat
1301 2949 1609 3019 quadrupes
1656 2956 1899 3021 corruit,

320 3041 568 3096 eumque
594 3044 790 3099 magno
811 3045 932 3087 cum
960 3032 1225 3089 dedecore
1249 3042 1521 3105 tergo'suo
1550 3043 1805 3107 excussit,
1838 3058 1901 3099 ac

326 3129 437 3186 per
457 3114 719 3171 devexum
760 3108 993 3173 mentem
1031 3120 1190 3191 longo
1224 3088 1403 3177 rota‘lu
1442 3088 1832 3195 praecipitatum
1864 3148 1899 3187 a
1925 3088 1974 3152 ο

322 3203 436 3259 viri
466 3204 797 3275 blasphemia
829 3207 1064 3279 linguam
1095 3226 1442 3281 compescere
1470 3217 1673 3271 docuit.

403 3296 495 3349 67.
525 3295 726 3353 Dehinc
753 3298 806 3352 in
832 3296 1214 3369 Assu'niptione
1237 3304 1408 3359 beatae
1438 3305 1526 3364 Dei
1550 3309 1825 3379 genitricis
1847 3323 1903 3369 et

323 3393 609 3455 perpetua:
636 3386 859 3457 virginis
894 3387 1079 3448 Maria
1122 3406 1213 3448 rex
1244 3391 1509 3452 Hem-iens
1544 3397 1773 3452 Beccum
1801 3402 1900 3455 ad-

320 3474 577 3543 veniens,
615 3478 795 3535 omnia
830 3498 950 3553 qua:
978 3484 1120 3537 inter
1158 3500 1215 3539 se
1245 3496 1308 3539 et
1326 3480 1635 3540 A'nselmum
1664 3484 1735 3543 de
1759 3503 1901 3560 saepe

318 3565 449 3625 fato
480 3570 691 3641 negotio
717 3573 1051 3636 resederant,
1078 3574 1394 3630 moderante
1424 3577 1565 3631 sedis
1591 3580 1901 3645 apostolicae

324 3659 616 3715 sanctione
640 3659 853 3726 delevit,
886 3670 1047 3730 atque
1081 3663 1148 3718 de
1187 3664 1412 3733 singulis
1453 3666 1518 3718 ad
1546 3681 1664 3734 quae
1710 3668 1899 3723 tende-

323 3747 450 3811 bat,
502 3762 611 3802 sua':
661 3749 811 3827 illum
861 3750 1153 3807 voluntatis
1215 3762 1513 3821 compotem
1562 3755 1708 3809 fecit.
1763 3756 1896 3811 Cum

323 3837 505 3907 igitur
528 3824 773 3908 Angliam
792 3820 1075 3911 repetendi
1101 3843 1207 3899 iter
1231 3820 1471 3898 Anselmi
1496 3844 1659 3899 certis
1684 3861 1748 3899 ex
1772 3861 1901 3899 eau-

326 3927 414 3982 sis
446 3924 835 3997 aliquantisper
880 3930 1275 4007 denter-aretur,
1320 3940 1539 4003 rogatus
1583 3934 1649 3988 ab
1703 3935 1899 3990 abbate

328 4015 616 4083 Beccensl,
667 4018 932 4073 dedicavit
977 4020 1239 4089 capellam
1288 4037 1449 4076 unam
1504 4024 1641 4077 infra
1691 4026 1897 4079 curiam

327 4104 508 4175 ipsius
523 4108 751 4162 cmnohii
770 4108 1020 4163 sitam.ln
1045 4126 1147 4179 qua
1177 4110 1509 4165 dedicatione
1546 4113 1759 4180 quidam
1789 4115 1897 4168 ele-

326 4195 487 4251 ricus
532 4197 814 4266 phrenesis
854 4200 1161 4253 valetudine
1206 4210 1331 4255 tunc
1367 4198 1573 4256 noviter
1618 4214 1829 4271 captns,
1866 4221 1896 4259 a

333 4284 460 4339 suis
484 4296 567 4339 est
600 4295 726 4341 ante
762 4287 1063 4355 pontificem
1106 4290 1317 4351 ductus,
1353 4290 1602 4359 illicoque
1640 4296 1705 4345 ad
1733 4292 1896 4348 bene-

329 4375 627 4430 dictionem
663 4376 777 4443 ejus
817 4393 844 4430 a
877 4394 985 4433 sua:
1015 4380 1211 4434 mentis
1240 4381 1560 4437 alienatione
1584 4393 1820 4439 sanatus.

407 4462 501 4517 68.
532 4463 661 4517 Cum
694 4477 813 4535 post
847 4468 958 4520 haec
986 4481 1242 4535 prospero
1266 4466 1425 4522 cursu
1450 4469 1694 4538 Angliam
1716 4472 1895 4527 venis-

324 4562 440 4616 set,
478 4569 669 4624 magno
708 4566 909 4611 sanctae
959 4557 1209 4612 Ecclesia:
1246 4560 1439 4630 gaudio
1474 4571 1529 4615 et
1573 4562 1777 4617 henore
1803 4579 1898 4617 su-

326 4631 556 4711 sceptus
595 4653 697 4697 est.
743 4644 869 4699 Inde
897 4648 1126 4701 evolutis
1160 4648 1345 4702 diebus
1378 4650 1666 4716 nonnullis,
1693 4652 1896 4723 Anglus

325 4734 556 4816 quidam
592 4736 674 4788 vir
701 4735 894 4790 nobilis
925 4738 1139 4805 quidem
1169 4747 1221 4791 et
1257 4739 1405 4794 dives
1434 4740 1609 4795 valida
1651 4746 1896 4813 corporis

324 4824 653 4891 infirmitate
698 4835 967 4894 gravatus,
1004 4827 1069 4881 ab
1097 4827 1347 4897 Anselmo
1387 4830 1488 4882 sibi
1536 4846 1726 4899 panem
1759 4848 1787 4886 a
1838 4850 1895 4889 se

326 4911 678 4966 benedictum
714 4914 1000 4967 transmitti
1030 4930 1124 4983 per
1159 4916 1405 4970 nuntium
1444 4919 1617 4986 petiit,
1650 4930 1705 4973 et
1742 4936 1895 4977 acce-

2077 1871 2164 1922 70.
2198 1870 2317 1938 Ipso
2345 1885 2486 1924 anno
2509 1870 2795 1926 Anselmus
2818 1864 3091 1927 celebrata
3113 1873 3350 1942 paschali
3380 1872 3575 1928 solem-

2004 1962 2194 2025 nitate,
2227 1963 2279 2015 in
2316 1962 2463 2016 curia
2495 1962 2635 2032 regis
2678 1964 2818 2031 apud
2849 1963 3179 2018 Londoniam
3220 1964 3354 2018 abiit
3386 1963 3574 2019 adabo

2003 2054 2207 2107 batiatn
2242 2053 2425 2107 Sancti
2450 2051 2736 2117 Edmundi,
2764 2054 2994 2108 electum
3018 2054 3148 2111 inibi
3178 2054 3291 2125 (41)
3319 2054 3568 2109 abbatem

2003 2156 2099 2197 sua
2130 2142 2451 2195 auctoritate
2481 2142 2858 2207 roboraturus,
2892 2152 2946 2198 et
2978 2144 3083 2197 alia
3115 2145 3365 2212 qnzedam
3398 2142 3572 2198 ollicia

2002 2231 2325 2299 pontiﬁcalia
2366 2244 2463 2299 pro
2492 2229 2728 2297 suojure
2769 2231 3163 2286 eelebraturus.
3203 2232 3335 2297 Quae
3358 2232 3447 2285 ubi
3478 2246 3570 2286 so-

2002 2321 2256 2375 lemniter
2275 2330 2468 2374 cuncta
2495 2321 2721 2389 peregit,
2750 2321 3066 2389 gravissima
3090 2322 3240 2376 febre
3262 2333 3569 2389 correptus,

2006 2426 2103 2478 per
2131 2410 2315 2478 plures
2357 2410 2473 2463 dies
2514 2424 2650 2478 pene
2694 2410 2861 2478 usque
2901 2410 2971 2464 ad
3010 2412 3359 2466 emissionem
3391 2411 3563 2465 ultimi

2006 2496 2168 2550 ﬂatus
2196 2505 2418 2550 vexatus
2447 2504 2551 2551 est.
2583 2495 2687 2550 Pro
2713 2488 2820 2565 quo
2842 2497 2953 2553 illic
2972 2507 3191 2553 octavas
3217 2498 3571 2555 Pentecostes

1995 2598 2174 2652 usque
2216 2584 2463 2638 detentus
2499 2592 2605 2651 est,
2647 2594 2702 2637 et
2731 2583 3040 2657 consilium,
3066 2586 3209 2653 quod
3252 2601 3311 2640 se
3342 2586 3574 2640 viduatis

2004 2672 2262 2727 Eeclesiis
2310 2687 2400 2726 rex
2443 2682 2798 2741 proposuerat
2835 2673 3179 2739 collaturum,
3212 2685 3432 2744 propter
3455 2673 3575 2743 ejus

2003 2762 2300 2817 absentiam
2333 2762 2385 2815 in
2414 2761 2681 2816 Kalendas
2707 2762 2933 2832 Augusti
2962 2763 3187 2817 dilatum
3232 2774 3336 2819 est.
3366 2764 3443 2819 Eo
3474 2765 3573 2837 igio

2004 2858 2095 2905 tur
2146 2860 2386 2918 tempore
2445 2851 2695 2905 adunatis
2752 2852 2803 2905 in
2846 2853 3047 2920 palatio
3093 2854 3235 2922 regis
3279 2854 3575 2911 Londonia:

2004 2942 2217 2997 cunctis
2246 2941 2576 3011 primoribus
2601 2942 2833 3011 Anglia),
2872 2943 3152 2997 victoriam
3197 2944 3264 2999 de
3319 2943 3574 3001 libertate
3668 2952 3675 2955 '

2004 3029 2276 3091 Ecclesiae,
2310 3044 2408 3098 pro
2445 3043 2549 3097 qua
2575 3028 2666 3083 diu
2714 3030 3060 3087 laboraverat
3104 3023 3390 3087 Anselmus
3435 3034 3565 3089 ade-

2000 3130 2123 3190 ptus
2145 3132 2246 3176 est.
2260 3123 2373 3176 Rex
2390 3124 2552 3186 enim,
2572 3132 2971 3179 antecessorum
2989 3135 3209 3179 suorum
3231 3141 3330 3180 usu
3358 3124 3569 3193 relicto,

2003 3226 2104 3286 nec
2154 3226 2413 3280 personas
2461 3228 2581 3280 quae
2616 3213 2670 3266 in
2712 3214 2950 3283 regimen
2969 3208 3343 3286 Ecclesiarum
3380 3229 3567 3269 sume.-

2000 3278 2198 3355 bantnr
2247 3316 2341 3369 per
2384 3316 2443 3355 se
2481 3278 2667 3370 elegit,
2717 3278 2817 3357 nec
2858 3316 2951 3357 eas
2968 3284 3077 3369 per
3103 3278 3372 3357 dationein
3399 3304 3567 3373 virga

2001 3391 2287 3459 pastoralis
2318 3391 2571 3445 Ecclesiis
2598 3392 2793 3461 quibus
2814 3392 3247 3462 prteﬁciebanttu
3266 3392 3561 3458 investivit.
3636 3390 3639 3395 λ

2076 3481 2163 3535 7i.
2206 3481 2437 3550 Scripsit
2475 3482 2616 3535 inter
2650 3482 2766 3537 hzec
2794 3483 3081 3537 Anselmus
3118 3482 3355 3537 libellum
3401 3500 3568 3539 unum

2000 3571 2078 3626 De
2094 3573 2368 3626 concordia
2388 3573 2726 3640 prwscientia:
2745 3582 2791 3626 et
2811 3574 3365 3640 prwdestinationis,et
3384 3573 3569 3643 gratia:

2004 3662 2124 3727 Dei,
2151 3679 2266 3715 cum
2305 3663 2466 3719 libero
2509 3664 2748 3717 arbitrio.
2794 3662 2848 3716 In
2880 3679 2989 3733 quo
3029 3676 3191 3733 opere
3233 3674 3419 3718 contra
3453 3679 3569 3718 mo-

2002 3768 2141 3817 rem,
2184 3767 2392 3807 moram
2432 3752 2484 3805 in
2524 3752 2811 3807 scribendo
2841 3768 3032 3822 passus
3066 3762 3167 3814 est,
3200 3753 3468 3822 'quoniam
3496 3768 3567 3809 ex

2001 3856 2109 3908 quo
2159 3840 2297 3910 apud
2345 3848 2590 3894 sanctum
2641 3840 2977 3894 Edmundum
3029 3840 3204 3895 fuerat
3241 3841 3567 3906 infirmatus,

1976 3931 2172 3985 donec
2226 3927 2476 3997 prazsenti
2528 3928 2653 3982 vitae
2703 3929 2991 4010 superfuit,
3036 3930 3194 3993 solito
3246 3930 3571 3985 imbecillior
3622 3985 3626 3989 .

1960 4060 1963 4065 .
2005 4033 2237 4087 corpore
2261 4016 2381 4071 fuit.
2414 4016 2751 4087 Quapropter
2773 4019 2837 4071 de
2863 4017 2980 4073 loco
3010 4020 3076 4071 ad
3102 4017 3275 4072 locum
3304 4018 3567 4088 migrans,

2002 4109 2200 4163 lectica
2233 4108 2489 4178 deinceps
2519 4124 2622 4162 non
2654 4124 2793 4178 equo
2816 4110 3008 4163 sedens
3038 4108 3349 4179 vehebatur.
3385 4109 3564 4165 Vexa—
3591 4098 3597 4105 ’

2000 4200 2161 4255 batur
2190 4210 2451 4267 prreterea
2481 4198 2848 4267 frequentibus
2875 4209 2929 4255 et
2976 4200 3187 4255 acerbis
3233 4199 3566 4254 inﬁrmitati-

1999 4291 2120 4355 bus,
2172 4289 2245 4341 ita
2291 4298 2348 4343 ut
2402 4289 2488 4341 vix
2530 4288 2603 4341 illi
2652 4290 2814 4343 vitam
2864 4290 3178 4359 promittere
3224 4290 3565 4345 auderemus.

2001 4379 2118 4447 ipse
2149 4388 2327 4431 tamen
2370 4392 2644 4446 nunquam
2689 4379 2931 4446 pristina:
2974 4378 3401 4432 conversationis
3432 4375 3570 4432 obli-

2006 4469 2333 4529 viscebatur,
2375 4467 2468 4521 sed
2515 4482 2731 4536 semper
2774 4476 2867 4522 aut
2914 4468 3351 4523 meditationibus
3387 4467 3569 4535 bonis,

2003 4563 2099 4614 aut
2140 4558 2607 4613 exhortationibus
2638 4558 2768 4630 [αιη
2802 4556 3304 4630 exercitationibus]
3342 4558 3569 4625 sanctis,

1999 4660 2092 4706 aut
2119 4653 2239 4707 aliis
2268 4654 2371 4723 piis
2400 4651 2656 4721 operibus
2684 4650 3068 4718 occupabatur.

2068 4743 2157 4795 72.
2187 4744 2370 4798 Tertio
2394 4743 2558 4812 igitur
2582 4756 2722 4795 anno
2752 4749 3033 4810 postquam
3061 4755 3089 4794 a
3121 4740 3357 4796 secundo
3378 4732 3576 4795 exsilio

2008 4848 2103 4887 uer
2139 4850 2319 4903 regem
2354 4834 2643 4887 llenricnm
2680 4842 2963 4885 revocatus
2988 4839 3096 4895 est,
3118 4845 3305 4885 omnes
3330 4829 3435 4884 cibi
3460 4834 3575 4897 qui-

2020 4942 2101 4977 )lIS
2136 4927 2369 4979 humana
2401 4933 2591 4978 natura
2624 4932 2901 4992 vegetatur
2930 4930 2985 4976 et
3013 4922 3194 4983 alitur,
3220 4922 3271 4975 in
3300 4919 3575 4997 fastidium

1620 5029 2028 5089 HENSCIIENII
2074 5034 2301 5089 NOTAE.

396 5112 519 5178 (59)
558 5113 796 5186 Martira,
842 5115 1258 5186 vulgormartrc,
1289 5118 1421 5186 alias
1463 5118 1654 5186 fovine.
1705 5120 1896 5174 Latine

320 5191 526 5254 manes
564 5180 781 5254 dicitur,
810 5180 1203 5253 oris]mllisque
1232 5180 1480 5241 infestum
1500 5188 1897 5254 anitnalculum,

319 5250 741 5322 quasvis‘facile
768 5250 1079 5319 perreptans
1112 5250 1406 5321 angustias.

399 5321 519 5389 (40)
561 5319 728 5374 Paulo
756 5331 900 5394 post,
929 5323 1135 5394 scilicet
1173 5319 1312 5394 anno
1341 5326 1473 5378 1108
1502 5324 1763 5378 “offensis
1787 5328 1900 5394 epi-

320 5406 550 5460 scopus,
581 5399 645 5461 et
671 5405 811 5461 anno
836 5391 981 5461 Atilii
1019 5390 1424 5461 Cantttariensis
1468 5390 1899 5461 archiepiscopus

320 5457 548 5531 creatus
583 5472 598 5509 :
634 5457 687 5510 in
726 5459 962 5531 Sagiensi
992 5471 1169 5531 autem
1201 5460 1412 5513 abbatia
1436 5470 1581 5531 (qua:
1610 5457 1899 5531 aiflogerio

224 5566 237 5571 ι
323 5526 785 5596 Montis-gomerii
824 5528 1133 5581 viceeomite
1156 5538 1207 5580 et
1237 5544 1403 5582 uxore
1434 5526 1644 5584 Miuhilia
1688 5526 1897 5585 restan-

324 5607 446 5651 rata
494 5598 675 5651 fuerat
726 5610 810 5648 an.
868 5596 1018 5665 1060)
1071 5610 1405 5651 successerat
1462 5602 1569 5667 ipse
1622 5617 1704 5653 an.
1766 5602 1896 5657 1089

2003 5124 2179 5191 primo
2209 5122 2320 5187 eius
2349 5122 2525 5176 abbati
2554 5122 2789 5177 Roberto
3050 5188 3053 5189 ν

2077 5194 2187 5256 (Η)
2231 5193 2283 5244 In
2318 5192 2610 5245 Monastico
2641 5191 2936 5255 Anglicano
2977 5188 3177 5255 p.295
3218 5188 3415 5243 dicitur
3453 5200 3573 5256 post

2006 5272 2231 5313 mortem
2266 5261 2483 5312 Roberti
2508 5260 2735 5318 abbatis,
2760 5274 2851 5311 an.
2880 5258 3013 5311 H07
3036 5258 3321 5321 defunctis,
3348 5272 3573 5311 vacasse

2004 5330 2214 5380 aliliatia
2256 5329 2311 5380 S.
2353 5329 2612 5381 Edmundi
2656 5328 2811 5379 annis
2853 5338 3083 5395 septem;
3125 5343 3186 5379 ac
3214 5327 3447 5395 demum
3481 5341 3568 5378 an.

2011 5398 2143 5449 1115
2175 5398 2471 5448 ΛΙ›Ι)οΙ‹Ιιιιιι
2502 5414 2620 5449 esse
2650 5392 3044 5456 confirmatum,
3076 5396 3165 5462 qui
3203 5394 3377 5447 fuerat
3414 5392 3570 5447 Prior

2007 5466 2065 5518 S.
2098 5465 2289 5518 Nirasii
2318 5466 2383 5517 de
2424 5464 2648 5518 Meleth
2694 5481 2761 5516 an
2802 5473 2979 5517 autem
3021 5465 3223 5515 electus
3258 5464 3470 5515 vivente
3508 5464 3563 5514 S.

2006 5534 2276 5596 Anielmo,
2312 5549 2376 5586 an
2416 5543 2594 5601 postea
2634 5543 2841 5587 cassata
2869 5533 3031 5601 priori
3070 5532 3329 5585 electione
3374 5530 3567 5585 substi-

2007 5616 2169 5667 tutus,
2206 5605 2323 5670 quis
2356 5602 2529 5656 dicet?
