4174 6214
538 446 541 449 ’
630 443 735 498 115

1682 443 1738 495 s.
1783 441 2081 497 ANSELMI
2120 402 2466 501 caurum.
2509 446 2825 505 ARCHIEP.

3773 449 3879 509 HG

626 556 677 608 ei
724 554 868 608 versi
900 562 1046 607 sunt.
1087 551 1443 606 Manducabat
1498 559 1677 605 tamen
1717 561 1922 610 natum-
1950 568 2059 607 suae
2091 553 2198 606 vim
2227 546 2275 615 Α
2308 553 2468 608 tionis
2516 557 2802 613 millesimo
2845 560 3144 615 centesimo
3189 576 3352 625 nono,
3390 535 3496 631 qui
3546 561 3649 618 fuit
3696 578 3880 620 annus

630 640 896 703 faciendo,
929 640 1107 696 sciens
1135 656 1193 695 se
1228 641 1410 695 vivere
1436 656 1541 694 non
1574 655 1733 710 posse
1761 641 1878 695 sine
1908 642 2052 695 cibo.
2086 642 2202 707 Qua

627 731 679 783 vi
709 746 803 799 per
826 730 1108 784 dimidium
1135 729 1356 787 circiter
1378 745 1582 783 annum
1612 730 1773 782 vitam
1804 745 2025 799 quoquo
2043 731 2203 801 modo

628 817 935 888 tmnsigeus
959 816 1159 871 sensim
1201 832 1435 884 corpore
1474 817 1779 880 deficiebat,
1805 818 1971 871 animi
2005 818 2205 873 virtute

629 909 1018 975 semperjdcm
1056 907 1149 975 qui
1188 922 1309 963 esse
1345 896 1551 962 solebat
1576 908 1839 962 existens.
1869 906 2075 976 Spiritu
2105 909 2207 962 ita-

628 1013 735 1068 que
768 998 949 1061 fortis,
994 988 1088 1052 Sed
1130 1013 1296 1054 carne
1326 999 1552 1051 nimium
1585 997 1795 1067 fragilis
1822 998 1990 1067 pedes
2019 1008 2202 1053 orato-

628 1089 768 1142 rium
804 1088 953 1141 adire
991 1089 1266 1157 nequibat.
1302 1088 1551 1142 Attamen
1585 1088 1982 1143 consecrationi
2028 1088 2206 1142 Domi-

626 1176 736 1231 nici
772 1176 1067 1244 corporis;
1128 1168 1281 1246 quod
1322 1175 1547 1244 speciali
1607 1177 1839 1247 quodam
1900 1176 2205 1231 devotionis

630 1267 822 1321 all'ectu
859 1267 1245 1332 venerabatur,
1288 1266 1553 1321 interesse
1598 1267 1935 1342 desiderans,
1978 1266 2206 1335 singulis

629 1354 824 1410 diebus
850 1355 978 1410 illuc
1006 1369 1068 1409 se
1100 1343 1151 1408 in
1188 1353 1315 1408 sella
1343 1353 1582 1408 faciebat
1611 1352 1836 1423 deferri.
1870 1353 1913 1407 A
1945 1369 2051 1421 quo
2078 1355 2205 1408 dum

629 1435 853 1513 nosqui
887 1444 934 1497 ei
968 1430 1538 1509 serviebamus,'eum,
1568 1443 1709 1511 quia
1754 1443 1982 1496 multum
2010 1443 2206 1497 exinde

630 1535 980 1605 fatigabatur,
1019 1535 1296 1590 declinare
1344 1534 1675 1601 niteremur;
1724 1535 1812 1588 vix
1857 1533 2048 1603 quinto
2084 1543 2207 1590 ante

632 1630 715 1684 sui
746 1628 927 1684 exitus
953 1628 1095 1683 diem
1126 1618 1379 1683 evincere
1405 1628 1703 1697 potuimus.
1738 1626 1947 1680 Exinde
1967 1640 2096 1697 ergo
2126 1641 2207 1679 as-

629 1715 785 1771 sidue
832 1715 973 1769 lecto
1021 1715 1318 1778 decubans,
1363 1715 1556 1769 anhela
1608 1729 1741 1769 voce
1776 1729 1965 1769 omnes
2002 1716 2098 1783 qui
2138 1713 2205 1768 ad

630 1817 757 1859 eum
786 1803 1051 1858 accedere
1094 1803 1465 1869 merebantur,
1506 1805 1559 1858 in
1592 1818 1689 1858 suo
1719 1819 1989 1873 quemque
2015 1805 2207 1864 ordine

2307 647 2648 715 pontificatus
2670 648 2785 709 eius
2809 651 3049 706 decimus
3076 662 3258 707 sextus
3286 651 3411 724 [al.,
3435 652 3577 725 xm].
3601 654 3723 710 vita
3745 669 3883 709 veto

2306 739 2734 807 septuagesimus
2762 728 2966 794 sextus.

2379 825 2466 879 74.
2510 825 2648 880 Loto
2672 828 2835 896 igitur
2854 844 2918 883 ex
2944 844 3093 884 more
3118 843 3348 899 corpore
3369 829 3508 900 ejns,
3534 830 3691 898 petiit
3713 845 3883 901 supra

2308 930 2451 985 saepe
2487 927 2817 973 memoratus
2842 934 3022 973 rerum
3049 914 3287 974 Anselmi
3312 921 3559 989 provisor
3578 936 3641 976 ac
3661 920 3888 990 dispen-

2310 1012 2460 1058 sator
2494 1004 2812 1072 Balduinus,
2848 1017 3115 1077 quatenus
3164 1009 3331 1064 facies
3378 1008 3559 1065 Patris
3604 995 3886 1078 balsamo,

2314 1093 2457 1162 quod
2488 1095 2777 1150 admodum
2815 1084 3007 1167 parum
3033 1098 3086 1152 in
3124 1098 3347 1168 parvulo
3379 1113 3508 1153 vase
3538 1098 3639 1153 sibi
3678 1094 3883 1167 majori

2307 1181 2424 1252 ejus
2446 1191 2598 1253 parte
2626 1185 2833 1253 perdita
2866 1195 3222 1253 remanserat,
3253 1188 3624 1257 inungeretur,
3648 1200 3887 1256 sperans

2308 1285 2470 1343 atque
2488 1270 2788 1344 peroptans
2821 1264 2889 1331 eo
2919 1277 3078 1331 modo
3105 1277 3252 1331 illam
3271 1277 3362 1351 vel
3390 1277 3599 1332 modice
3641 1277 3883 1348 amplius

2306 1373 2577 1417 servatum
2612 1363 2681 1416 iri
2720 1378 2789 1418 ne
2826 1365 3738 1443 corrumperetur.‘Acquiettimus,
3772 1365 3891 1422 viri

2308 1449 2629 1506 industriam
2654 1444 3066 1522 amplectentes.
3093 1456 3201 1509 Vas
3223 1469 3351 1525 ergo
3376 1455 3544 1525 ipsius
3570 1446 3795 1524 liquoris
3818 1455 3889 1511 in

2309 1556 2528 1595 manum
2576 1542 2862 1612 episcopus
2889 1545 3137 1615 sumpsit,
3168 1554 3223 1600 et
3252 1550 3512 1621 uncturus
3537 1546 3742 1601 vultum
3778 1547 3888 1604 de-

2308 1630 2503 1693 functi,
2552 1624 2779 1702 digitum
2825 1632 2989 1688 fundo
3024 1636 3181 1697 vasis;
3209 1636 3489 1691 immersit.
3515 1635 3705 1702 'Quem
3735 1635 3889 1691 illico

2309 1721 2618 1796 extrahens,
2664 1722 2757 1777 sed
2798 1724 2883 1777 vix
2911 1725 3404 1791 summitatem‘sui
3446 1708 3598 1796 digiti
3636 1714 3888 1782 madefa-

2311 1818 2455 1867 ctam
2481 1812 2776 1883 reperiens,
2802 1821 2952 1867 'ratus
2979 1823 3062 1868 est
3089 1814 3387 1869 balsamum
3417 1798 3599 1884 ipsum
3618 1815 3890 1884 ungenda

631 1894 746 1950 Deo
768 1878 959 1950 vivere.
978 1895 1321 1950 hortabatur.
1355 1892 1612 1953 Illuxerat
1644 1896 1921 1951 Dominica
1948 1898 2062 1951 dies
2089 1897 2205 1952 Pal-
2238 1873 2283 1932 Β
2314 1902 2469 1956 faciei
2498 1873 2914 1972 haudquaquam
2947 1905 3104 1973 poSse
3131 1894 3397 1958 sufﬁcere.
3416 1873 3764 1974 Quapropter
3792 1920 3891 1960 ro-

631 1998 867 2049 marum,
893 1992 950 2038 et
980 1999 1078 2039 nos
1110 1999 1209 2053 pro
1238 1999 1389 2038 more
1416 1985 1560 2039 circa
1592 1999 1713 2039 eum
1745 1985 2087 2040 sedebamus.
2122 1988 2211 2041 Di-

630 2077 712 2131 xit
742 2077 927 2145 itaque
965 2077 1015 2131 ei
1058 2090 1198 2130 unus
1230 2086 1475 2131 nostrum
1512 2094 1526 2129 :
1558 2075 1787 2131 Domine
1815 2076 1998 2143 Pater,
2030 2090 2091 2132 ut
2119 2092 2212 2134 no-

2253 2155 2274 2179 ι

630 2166 717 2222 bis
752 2166 977 2238 intelligi
1006 2167 1187 2230 datur,
1215 2166 1279 2220 ad
1303 2155 1611 2235 paschalem
1636 2166 1839 2221 domini
1876 2167 1950 2221 tui
1980 2166 2207 2234 curiam,

637 2256 1058 2313 relieto'steculo
1098 2254 1269 2312 vadis.
1328 2257 1625 2327 Respondit
1675 2275 1687 2310 :
1733 2257 1995 2326 Equidem
2035 2242 2078 2311 si
2118 2272 2212 2311 vo-

633 2345 818 2412 luntas
849 2344 967 2415 ejus
995 2346 1047 2401 in
1084 2348 1188 2415 hoc
1216 2355 1320 2414 est,
1352 2346 1620 2403 voluntati
1652 2345 1770 2420 ejus
1801 2346 1977 2403 libens
2009 2348 2211 2416 parebo

634 2433 760 2507 [al.,
797 2449 905 2489 non
935 2436 1356 2508 contradicam].
1392 2437 1588 2493 Verum
1619 2438 1664 2493 si
1705 2438 1890 2493 mallet
1915 2442 2005 2492 ‘me
2033 2439 2212 2493 adhuc

634 2525 781 2581 inter
817 2541 915 2580 vos
961 2526 1156 2581 saltem
1191 2537 1302 2582 tam
1346 2529 1435 2583 'diu
1482 2544 1724 2595 manere,
1757 2530 1929 2585 donec
1959 2530 2212 2599 qumstioa

636 2629 787 2682 nem,
832 2625 996 2686 quam
1044 2617 1111 2671 de
1149 2617 1345 2672 anima:
1372 2618 1583 2689 origine
1609 2628 1791 2674 mente
1826 2620 2066 2682 revolvo,
2111 2621 2207 2675 ab-
2240 2622 2246 2628 “

633 2706 848 2764 solvere
882 2702 1128 2779 pessetn,
1160 2700 1443 2780 gratiosus
1476 2710 1812 2779 acciperem;
1845 2722 1912 2767 eo
1940 2706 2083 2782 quod
2117 2726 2210 2767 ue-

632 2798 959 2854 scio-utrum
984 2799 1183 2869 aliquis
1210 2814 1329 2854 eam
1356 2815 1442 2855 me
1467 2801 1723 2856 defuncto
1746 2801 1818 2855 sit
1841 2800 2208 2856 absolulurus.

634 2886 750 2958 Ego
781 2876 999 2957 quippe,
1032 2888 1076 2942 si
1109 2888 1392 2944 comedere
1417 2904 1653 2959 possem,
1683 2904 1844 2960 spero
1867 2888 2212 2944 convalesce—
2248 2889 2251 2892 ⁴

567 2988 579 3007 ‘
637 2976 963 3033 rem.“Nam
1006 2977 1140 3031 nihil
1180 2977 1383 3033 doloris
1436 2978 1488 3032 in
1537 2977 1718 3047 aliqua
1767 2978 2013 3059 eOrporis
2046 2974 2215 3047 parte
2244 2974 2255 3059 ί

639 3070 839 3133 sentio,
889 3069 990 3124 nisi
1038 3068 1186 3138 quod
1225 3070 1528 3124 lacessente
1575 3054 1882 3133 stomacho,
1917 3071 1988 3125 ob
2029 3067 2250 3125 cibum'

639 3178 798 3231 quem
828 3176 1022 3231 capere
1045 3161 1230 3229 nequit
1253 3159 1375 3232 [al.‘,
1402 3159 1652 3231 nequeo],
1674 3170 1818 3215 totus
1839 3160 2051 3215 delicio.

694 3258 801 3312 '75.
846 3250 1270 3324 Vesperascente
1316 3255 1511 3311 dehinc
1551 3252 1686 3310 feria
1710 3250 1900 3321 tertia,
1935 3240 2057 3311 cum
2100 3244 2238 3325 ipse.

640 3348 972 3415 verba,qnaa
994 3334 1223 3414 intelligi
1256 3354 1494 3414 possent,
1518 3345 1678 3398 edere
1700 3344 1809 3413 jam
1836 3344 1977 3398 nulla
1991 3344 2215 3411 valeret,

645 3445 864 3507 rogatus
886 3452 915 3489 a
950 3434 1232 3511 Radulpho
1261 3418 1373 3504 (.12)
1396 3428 1620 3505 Bofensi
1646 3430 1939 3503 episcopo,
1962 3442 2021 3486 ut
2064 3425 2219 3487 nobis
2252 3427 2256 3431 ⁴

646 3526 741 3597 qui
771 3524 1080 3588 aderamus,
1111 3534 1167 3579 et
1196 3524 1318 3578 aliis
1349 3523 1473 3578 [iliis
1498 3524 1629 3588 suis,
1667 3524 1776 3593 regi
1816 3537 2030 3592 quoque
2057 3531 2111 3576 et
2136 3538 2219 3576 re-

646 3619 787 3691 ginae
816 3614 939 3674 cum
987 3618 1184 3675 liberis
1216 3632 1428 3680 eorum,
1475 3606 1543 3671 ac
1580 3610 1784 3686 populo
1830 3623 2008 3680 terrae,
2040 3616 2130 3682 qui
2165 3611 2219 3667 in

650 3706 1110 3786 ejusobedi'entia'
1139 3721 1198 3761 se
1229 3707 1330 3760 sub
1371 3706 1482 3760 Deo
1531 3714 1797 3769 tenuerat,
1826 3703 1978 3758 suam
2007 3702 2221 3759 absolu-

648 3790 849 3854 tionem
882 3813 944 3852 ac
971 3797 1401 3855 benedictionem
1426 3796 1736 3866 largiretur,
1768 3796 2046 3849 dexteram
2072 3793 2221 3862 quasi

650 3887 785 3943 nihil
826 3886 953 3941 mali
999 3892 1280 3956 pateretur
1302 3884 1507 3949 erexit,
1537 3893 1591 3937 et
1629 3883 1784 3953 Signo
1817 3890 2020 3937 sanctae
2043 3881 2222 3936 crucis

650 3975 817 4042 edito,
848 3964 1079 4030 demisso
1114 3974 1291 4045 capite
1326 3974 1485 4028 sedit.
1525 3972 1641 4027 Jam
1670 3973 1897 4027 fratrum
1924 3980 2222 4027 conventus

650 4065 709 4121 in
747 4062 939 4133 majori
976 4063 1206 4119 ecclesia
1247 4062 1541 4117 matutinas
1580 4061 1767 4116 laudes
1802 4060 2144 4125 decantabat,
2170 4069 2226 4115 et

651 4156 794 4208 unus
817 4167 1006 4229 eorum
1042 4151 1133 4221 qui
1172 4150 1315 4206 circa
1353 4150 1568 4205 Patrem
1600 4148 1973 4229 excubabant,
2011 4147 2252 4218 sumpto

653 4229 811 4299 textu
866 4225 1276 4313 Evangeliorum
1329 4239 1457 4308 legit
1527 4225 1838 4293 Pa‘ssionem
1896 4252 2077 4293 coram
2128 4252 2223 4303 eo,

651 4328 772 4403 qtue
800 4334 912 4404 (4'5)
949 4334 1059 4403 ipsa
1104 4333 1190 4385 die
1221 4331 1287 4385 ad
1335 4331 1551 4383 missam
1583 4328 1689 4398 legi
1720 4328 1966 4397 debebat,
2000 4326 2100 4383 Ubi
2132 4343 2226 4382 au-

654 4427 761 4480 tem
788 4423 935 4479 venit
963 4422 1031 4477 ad
1058 4408 1218 4475 verba
1254 4419 1474 4473 "Domini
1511 4437 1523 4471 :
1563 4417 1667 4471 Vos
1706 4419 1827 4472 estis
1854 4419 1943 4487 qui
1982 4434 2225 4485 perman-

654 4505 796 4569 sistis
834 4514 1038 4565 mecum
1064 4512 1138 4583 in
1184 4508 1557 4574 (amationibus
1606 4508 1755 4572 meis,
1788 4517 1833 4562 et
1876 4524 1967 4577 ego
2008 4494 2225 4576 dispeno

628 4601 811 4665 vobis,
867 4602 999 4653 sicut
1038 4598 1293 4667 disposuit
1339 4598 1465 4650 mihi
1511 4595 1673 4650 Pater
1723 4604 1867 4654 meus
1898 4614 2134 4667 regnum,
2168 4610 2235 4661 ut.

654 4690 819 4744 edatis
848 4699 894 4741 et
926 4688 1112 4740 bibatis
1156 4702 1312 4754 super
1356 4700 1591 4765 mensarii
1625 4702 1795 4739 meam
1838 4686 1893 4739 in
1926 4701 2083 4755 regno
2113 4702 2224 4738 meo

654 4779 806 4850 (Luc.
849 4794 985 4842 χχιι,
1010 4776 1129 4844 29),
1159 4761 1357 4830 lentius
1383 4775 1543 4829 solito
1578 4761 1829 4845 spiritum
1874 4768 2226 4831 trahere'ctb-

562 4853 566 4856 ⁴
665 4871 761 4937 pit.
796 4868 1078 4922 Sensimus
1120 4866 1279 4932 igitur
1320 4855 1441 4919 cuin
1466 4865 1689 4936 jamjam
1716 4867 2011 4929 obiturum,
2055 4874 2111 4919 et
2159 4866 2225 4918 de

658 4960 801 5013 lecto
824 4972 986 5025 super
1008 4955 1241 5010 cilicium
1268 4964 1324 5010 et
1356 4956 1564 5010 cineres
1589 4956 1791 5025 positus
1818 4964 1920 5009 est.
1952 4954 2228 5009 Adunato-

656 5063 761 5117 que
802 5047 947 5101 circa
988 5059 1109 5099 eum
1155 5045 1408 5099 universo
1454 5031 1685 5099 liliorum
1722 5059 1943 5098 suorum
1988 5043 2227 5113 agmine,

663 5138 909 5191 ultimum
940 5123 1187 5206 spiritum
1221 5135 1273 5187 in
1306 5150 1497 5192 manus
1518 5135 1792 5211 Creatoris
1824 5126 2077 5188 emittens
2102 5134 2229 5187 dor-

570 5267 575 5272 .
665 5210 913 5279 mivitin
957 5224 1106 5293 pace.
1136 5224 1372 5279 Transiit
1417 5210 1599 5279 autem
1644 5225 1993 5278 illucescente
2035 5237 2231 5275 aurora

660 5328 867 5384 quartze
884 5315 1032 5370 feria:
1057 5315 1409 5383 pnecedentis
1422 5315 1643 5373 Cannam
1665 5314 2031 5383 Domini,qu:e
2044 5324 2160 5367 erat
2179 5328 2228 5365 xi
2256 5372 2263 5380 D

663 5405 926 5461 Kalendas
968 5407 1111 5470 Maii,
1153 5423 1296 5461 anno
1340 5407 1587 5461 videlicet
1641 5405 1930 5459 Dominica:
1985 5405 2234 5459 lncarna-

2238 3202 2286 3265 Β

2313 2000 2424 2062 gat,
2471 1991 2771 2071 balsamum
2810 1992 2952 2061 quod
2981 1991 3319 2071 conficiendo
3357 1993 3637 2071 chrismati
3680 1993 3735 2048 in
3765 2007 3891 2047 ma-

2308 2076 2416 2150 jori
2446 2082 2679 2137 ecclesia
2731 2068 3080 2149 servabatur,
3114 2082 3316 2154 afferri,
3357 2068 3585 2154 cupiens
3629 2076 3889 2138 videlicet

2313 2190 2415 2228 una
2446 2190 2568 2230 cum
2595 2177 2770 2246 capite
2797 2177 3074 2231 dexteram
3102 2176 3240 2246 ejus,
3272 2190 3372 2247 per
3393 2165 3514 2246 qua:
3545 2176 3711 2249 multa
3730 2164 3889 2232 bona

2314 2252 2476 2334 atque
2517 2266 2695 2348 divina
2735 2266 2945 2321 dixerat
2972 2275 3027 2321 et
3058 2265 3372 2337 scripserat,
3401 2266 3494 2321 tali
3523 2254 3749 2342 unctura
3779 2266 3889 2322 ho-
3922 2316 3923 2319 η

2316 2357 2521 2410 norari.
2551 2356 2607 2411 In
2636 2352 2728 2412 his
2756 2373 2878 2412 cum
2912 2359 3166 2437 episcopo
3191 2356 3364 2423 eram,
3396 2367 3453 2413 et
3482 2372 3605 2436 eum
3640 2358 3695 2413 in
3723 2358 3895 2414 mini-

2314 2448 2481 2525 sterio
2512 2447 2603 2503 illo
2634 2446 2910 2516 juvabam.
2950 2449 3204 2518 impressi
3243 2459 3365 2519 post
3403 2464 3526 2505 eum
3557 2449 3611 2503 in
3641 2463 3736 2525 vas
3765 2446 3893 2503 bal-

2312 2521 2447 2592 sami
2481 2538 2707 2607 digitum
2731 2552 2930 2603 meum,
2956 2548 3011 2595 et
3030 2553 3203 2609 aeque,
3228 2547 3320 2593 aut
3346 2527 3494 2595 eerte
3515 2524 3691 2593 minus
3712 2522 3891 2609 digito

2312 2621 2430 2696 ejus
2480 2626 2796 2702 madentem
2822 2627 3055 2699 extraxi.
3109 2626 3297 2697 itaque
3332 2633 3553 2705 regatus
3582 2611 3887 2705 cpiscopus
3920 2631 3931 2640 ”

2313 2714 2444 2767 mihi
2494 2728 2589 2768 vas
2630 2714 2681 2767 in
2727 2713 2963 2782 palmam
3002 2712 3228 2789 versare
3272 2714 3315 2769 si
3368 2714 3506 2768 forte
3548 2714 3671 2768 inde
3697 2713 3890 2782 aliqua

2313 2812 2463 2873 gutta
2487 2804 2749 2877 deﬂueret
2771 2820 2785 2867 ;
2816 2804 3107 2881 acquievit,
3130 2813 3187 2860 et
3207 2803 3356 2860 illico
3385 2792 3726 2873 stupentibus
3749 2816 3892 2857 cuna-

2313 2891 2416 2950 ctis
2456 2888 2634 2964 liquor
2673 2893 2951 2959 desiliens,
2978 2888 3135 2965 copia
3166 2895 3248 2949 sui
3282 2908 3497 2949 manum
3528 2907 3700 2948 meam
3730 2906 3889 2953 com-

2315 2972 2480 3054 plevit
2503 2982 2993 3054 eLsupereﬂluxit?
3027 2982 3143 3038 Hoc
3174 2974 3345 3053 ipsum
3377 2982 3616 3037 secundo
3642 2988 3698 3035 et
3722 2980 3896 3035 tertio

2317 3087 2379 3128 ac
2416 3073 2615 3142 smpius
2665 3072 2870 3127 factum
2929 3080 3033 3127 est.
3093 3071 3160 3125 Et
3213 3070 3343 3140 quid
3388 3064 3602 3124 dicam?
3654 3057 3895 3123 Tantam

2294 3152 2698 3217 abundantiam
2719 3161 2944 3238 balsami
2970 3173 3066 3214 vas
3088 3158 3258 3233 ferme
3282 3142 3508 3213 vacuum
3534 3146 3894 3237 ministravit,

2320 3245 2379 3306 ut
2405 3240 2609 3307 intacto
2622 3232 3030 3317 vase-ecclesiae
3067 3263 3172 3302 non
3199 3232 3372 3302 selum
3399 3254 3563 3316 eaput
3588 3238 3649 3301 et
3673 3232 3891 3309 manus,

2318 3331 2411 3394 sed
2452 3336 2695 3413 brachia,
2728 3336 2933 3406 pectus,
2972 3336 3135 3406 pedes
3172 3334 3387 3403 quoque
3413 3346 3468 3388 et
3496 3342 3665 3407 totum
3689 3346 3895 3413 contus

2317 3430 2434 3499 ejus
2462 3443 2567 3483 non
2600 3442 2703 3482 una
2728 3420 2820 3481 sed
2852 3427 3045 3495 szepius
3070 3427 3297 3496 repetita
3323 3425 3441 3479 vice
3466 3412 3615 3480 omni
3637 3416 3702 3480 ex
3724 3412 3895 3493 parte

2320 3522 2725 3589 inungeremus.
2758 3508 2965 3591 Dehine
3006 3530 3157 3583 more
3188 3515 3382 3571 summi
3422 3514 3693 3591 pontificis
3722 3513 3897 3571 vesti-

2319 3613 2420 3665 bus
2444 3618 2526 3663 est
2563 3608 2736 3663 sacris
2774 3602 3013 3685 indutus,
3048 3605 3103 3661 et
3131 3606 3185 3661 in
3212 3602 3511 3661 oratorium
3539 3598 3719 3660 debita
3760 3617 3899 3659 cum

2319 3700 2671 3754 veneratione
2700 3697 3003 3769 delatus’.‘
3122 3752 3127 3757 κ
3256 3736 3264 3761 ῖ
3378 3693 3383 3702 ’
3564 3754 3571 3759 .
3658 3686 3659 3689 η

2368 3784 2477 3843 “75.
2517 3788 2573 3843 In
2603 3776 3050 3843 crastiho‘autem
3081 3802 3201 3845 cum
3229 3774 3520 3856 sepulturae
3561 3770 3905 3852 traderetur,

2322 3882 2718 3951 sare0phagum
2744 3880 2888 3951 quod
2917 3879 2992 3933 illi
3016 3874 3192 3934 fuerat
3213 3868 3457 3948 pluribus
3483 3867 3901 3951 retroactisdie-

2329 3962 2430 4027 bus
2460 3950 2843 4040 praeparatum,
2874 3954 3206 4037 longitudine
3246 3960 3461 4036 quidem
3514 3973 3567 4019 et
3603 3950 3900 4021 latitudine

2330 4072 2537 4132 aptum,
2565 4046 2656 4114 sed
2680 4056 3041 4129 prot'nnditale
3066 4054 3260 4127 magna
3290 4072 3357 4111 ex
3398 4064 3551 4126 parte
3590 4054 3766 4109 minus
3792 4054 3900 4108 ha-

2314 4156 2460 4208 bens
2498 4152 2770 4206 inventum
2810 4144 2912 4226 est.
2941 4149 3094 4215 Quod
3122 4136 3527 4202 considerantes
3550 4144 3731 4200 animo
3758 4141 3904 4226 dell-

2326 4232 2624 4306 ciebamus,
2673 4222 2830 4293 nulla.
2867 4237 3075 4292 scilicet
3120 4237 3334 4290 ratione
3381 4234 3490 4305 pati
3540 4222 3804 4301 valentes,
3830 4222 3903 4287 θυι

2326 4332 2591 4401 superiori
2622 4330 2799 4399 lapide
2822 4342 3059 4398 pressus,
3091 4340 3185 4379 sua
3214 4318 3522 4393 integritate
3552 4312 3927 4391 aliquatenus"

2327 4411 2486 4478 lzesus
2513 4421 2837 4490 privaretur.
2866 4417 2997 4472 Cum
3027 4417 3208 4484 itaque
3229 4414 3279 4468 in
3308 4414 3409 4467 hoc
3432 4402 3904 4497 plurimilluetun-

2257 4540 2303 4599 ο
2328 4522 2473 4578 rent,
2519 4520 2575 4565 et
2613 4510 2701 4563 alii
2741 4506 2846 4572 sic,
2880 4506 2971 4561 alii
3013 4502 3143 4559 vero
3181 4504 3259 4583 sic
3303 4516 3415 4556 rem
3448 4514 3612 4587 posse.
3644 4497 3901 4568 componi

2332 4603 2685 4664 dictitarent;
2734 4598 2952 4667 quidam
2996 4612 3061 4650 ex
3112 4582 3353 4649 conferta
3406 4581 3749 4645 multitudine
3786 4587 3906 4643 fra-

2334 4680 2497 4757 trum,
2526 4701 2807 4759 acceptum
2842 4684 3093 4741 baculum
3119 4683 3355 4753 episcopi
3381 4679 3653 4745 Rol'ensis,
3690 4676 3780 4747 qui
3809 4674 3905 4730 fu-

2333 4785 2481 4839 neris
2536 4781 3062 4848 ot'licinm'praesens
3118 4776 3333 4844 agebat,
3386 4788 3482 4842 per
3531 4764 3904 4826 transversum

2334 4865 2651 4941 sarcophagi
2677 4883 2838 4938 super
2861 4882 3057 4935 corpus
3081 4865 3257 4920 Patris
3278 4864 3470 4917 ducere
3500 4852 3685 4931 coepit,
3713 4870 3768 4914 et
3784 4860 3906 4930 jam

2334 4963 2465 5017 illud
2511 4960 2655 5015 omni
2707 4974 2773 5012 ex
2825 4967 2979 5026 parte
3023 4953 3238 5024 corpori
3273 4952 3508 5023 jacentis
3547 4941 3908 5020 praéeminere

2336 5067 2531 5122 magna
2569 5050 2726 5103 nobis
2760 5031 2969 5101 exinde.
2991 5043 3346 5098 admiratione
3378 5040 3641 5109 permotis
3672 5037 3905 5092 invenit.
3942 5056 3951 5063 ι

2333 5143 2409 5197 ita
2438 5134 2567 5209 ergo
2599 5136 2904 5194 venerabile
2935 5149 3130 5202 corpus
3171 5131 3347 5185 Patris
3386 5127 3624 5186 Anselmi
3666 5125 3911 5182 Cantua-

2339 5236 2531 5288 riensis
2559 5232 2633 5303 [al
2665 5273 2679 5296 ,
2715 5223 3162 5295 Dorobernensis]
3186 5220 3573 5289 archiepiscopi
3608 5233 3670 5272 ac
3694 5216 3906 5287 prima-

2342 5328 2409 5379 tis
2441 5324 2605 5378 totius
2633 5319 2924 5375 Britannia:
2953 5304 3200 5385 sepulcro
3231 5312 3516 5375 inclusum,
3551 5309 3682 5379 quid
3718 5307 3913 5364 condi-

2342 5416 2415 5468 tio
2446 5404 2869 5467 sortishumana:
2902 5409 3117 5471 habeat,
3145 5405 3195 5458 in
3220 5419 3278 5459 se
3301 5416 3489 5457 omnes
3511 5400 3600 5470 qui
3619 5407 3909 5479 pertrans-

1874 5526 1877 5527 ν
1957 5517 2365 5597 HENSCHENH
2402 5521 2634 5578 NOTAE.

736 5612 846 5683 (ιὲ)
885 5613 984 5679 Qui
1004 5584 1219 5670 scilicet
1244 5630 1309 5668 ex
1338 5613 1543 5670 abbate.
1566 5608 1960 5680 Sagiensi,jam
1992 5617 2115 5663 ante
2145 5592 2234 5665 ass

666 5692 1078 5750 sumptuscrat,
1113 5694 1170 5739 ut
1208 5684 1411 5738 dictant
1440 5690 1558 5750 est.

737 5748 846 5820 (4‘5)
886 5752 955 5809 Ea
994 5764 1075 5809 est
1107 5754 1291 5811 Passio
1331 5748 1623 5807 secundum
1670 5748 1885 5809 Lucam,
1920 5748 2231 5820 pra‘scripta

2341 5614 2610 5737 pruhfcria
2638 5627 2687 5665 tv
2714 5609 2929 5679 Majoris
2959 5604 3322 5680 hebdomadas,
3346 5615 3463 5673 qua:
3493 5599 3579 5655 illa
3615 5606 3920 5663 nocteem

2343 5700 2427 5737 me
2470 5694 2611 5737 oata.

2343 5694 2611 5742 inchoata.

3866 6104 3881 6113 .
