4174 6196
364 363 464 420 tn
1300 364 1455 420 vm
1502 364 1826 421 aucrone
1867 356 2220 421 sanusne.
2252 392 2323 405 -
2360 358 2699 419 SUPPLEM.
2990 340 3005 349 ‘
3526 363 3626 417 us
3676 326 3683 334 ’

366 483 518 543 eunt,
552 476 635 532 sui
681 476 934 548 exemplo
979 483 1158 531 monet
1187 478 1482 532 attendere.
1524 477 1669 539 Sane
1711 478 1763 531 in
1803 477 1949 531 obitu
1982 481 2029 536 Λ
2052 476 2250 531 viderit
2275 474 2566 529 anteferre.
2591 472 2663 527 Ut
2684 472 2828 527 enim
2859 480 3052 527 cuncta
3075 472 3396 535 scribantur,
3433 472 3623 526 inﬁniti

369 578 429 623 et
449 576 572 638 post
607 568 819 622 obitum
854 566 992 636 ejus,
1025 566 1192 621 multa
1226 582 1254 618 a
1286 566 1471 620 multis
1496 568 1610 620 visa
1638 577 1951 635 narrantur,
2058 567 2261 637 negotii
2288 576 2405 619 est.
2426 565 2627 633 Aperta
2656 563 2888 631 denique
2918 562 3079 625 facta,
3118 576 3237 630 qua:
3258 562 3398 615 Deus
3429 578 3524 631 per
3549 564 3625 631 ip—

358 673 495 733 ‘qua:
524 658 756 727 gloriam
785 657 926 726 ejus.
950 672 1112 726 quam
1144 668 1242 723 pro
1273 655 1484 735 meritis
1506 656 1619 708 suis
1649 670 1770 708 eum
1805 669 1956 710 rece-
1998 728 2001 731 Α
2055 674 2172 712 sum
2203 656 2381 711 facere
2404 657 2655 725 dignatus
2674 662 2776 714 est,
2802 660 2857 704 et
2880 668 2977 707 nos
3001 652 3183 705 talium
3206 652 3329 704 nudi
3352 667 3445 719 pro
3469 666 3625 721 posse

376 749 521 817 pisse
548 762 579 800 a
608 747 722 801 Deo
750 762 857 801 non
889 746 1220 808 dubitamus,
1258 753 1603 800 attestantur.
1635 744 1844 810 Quibus
1875 753 1955 796 ta—
2054 745 2403 813 digessimus,
2436 750 2565 811 puto
2598 741 2847 794 suﬂicere
2876 739 2939 791 ad
2972 740 3217 799 notitiam
3250 738 3626 793 retributionis

2051 844 2108 888 et
2134 833 2569 889 conversationis
2599 831 2725 885 vitze
2753 829 2874 901 [al.,
2910 830 3285 883 retributionis
3319 827 3463 899 vitro]
3487 829 3620 898 ejus.

2055 924 2139 979 Sit
2167 925 2349 991 itaque
2378 923 2489 975 Deo
2517 921 2664 975 Patri
2698 913 3076 990 omnipotenti,
3110 930 3165 973 et
3186 920 3341 983 Filio,
3366 929 3419 973 et
3439 930 3626 973 sancto

2058 1012 2283 1081 Spiritui
2317 1011 2435 1067 laus
2458 1018 2513 1064 et
2544 1011 2843 1087 gratiarum
2868 1009 3043 1073 actio,
3079 1024 3219 1063 nunc
3247 1019 3295 1063 et
3327 1023 3422 1078 per
3442 1010 3621 1064 omnia

2058 1102 2379 1157 saeculorum
2423 1099 2639 1155 saecula.
2670 1101 2861 1152 Amen.
2914 1158 2917 1159 ν

382 851 507 889 men
554 835 862 889 scribendis
912 834 1150 889 laborem
1198 834 1404 887 intrare
1455 834 1749 896 noluimus,
1776 834 1953 901 magis

379 924 635 980 videlicet
658 926 926 995 eligentes
951 924 1170 979 silentio
1215 933 1403 983 nostro
1445 939 1635 979 omnes
1682 924 1772 993 qui
1822 925 1952 978 dor-

375 1016 598 1070 miendo
630 1030 698 1070 ea
744 1016 996 1070 viderunt
1041 1029 1199 1084 pares
1252 1014 1452 1078 facere,
1495 1029 1655 1083 quam
1691 1014 1792 1068 ista
1826 1013 1959 1081 seri-

373 1104 579 1174 bendo,
628 1105 719 1161 illa
754 1121 862 1161 non
892 1104 1204 1171 scribendo,
1234 1120 1400 1161 unum
1426 1104 1517 1159 alii
1561 1104 1715 1174 quasi
1743 1103 1954 1173 potiora

905 1453 1037 1552 ΑΒ
1081 1392 1556 1554 mm
1609 1452 1948 1553 LIBROS
2019 1454 2145 1549 DE
2215 1454 2450 1552 vna
2516 1434 2624 1549 's.
2697 1450 3115 1549 ANSELMI
3270 1440 3273 1443 ·

1487 1674 2504 1767 SUPPLEMENTUM.

1310 1865 1638 1956 (Waarnos,
1670 1864 1854 1932 Anglia
1870 1882 2043 1931 sacra,
2073 1875 2201 1920 tom.
2236 1868 2297 1930 ll,
2334 1883 2455 1937 pag.
2486 1868 2628 1935 181.)

1840 2021 2215 2038 ___

438 2111 558 2183 (Μ)
587 2109 838 2174 Quaedam
870 2115 1045 2160 autem
1075 2119 1194 2175 quin
1227 2120 1335 2160 non
1357 2119 1454 2174 per
1490 2105 1757 2161 somnium
1784 2107 1930 2159 acci-
1966 2112 2006 2163 Β
2034 2106 2169 2173 ejus.
2231 2108 2417 2179 Magna
2466 2107 2557 2163 Dei
2606 2107 2798 2177 pietas,
2855 2122 3047 2177 magna
3091 2108 3349 2175 potentia.
3381 2106 3618 2179 Necdum

364 2200 517 2274 disse
545 2198 727 2268 elapso
748 2203 868 2265 post
893 2194 1096 2247 obitum
1158 2191 1274 2273 ejus
1320 2190 1636 2261 ’nonrlongo
1688 2192 1947 2262 temporis
2048 2214 2189 2263 eam,
2222 2213 2382 2266 quam
2441 2197 2621 2252 statim
2663 2198 2730 2252 ad
2788 2198 3009 2253 verbum
3060 2199 3270 2252 comitis
3321 2206 3616 2267 crepet-ant,

362 2286 697 2355 spatio,sed
730 2286 782 2338 in
806 2284 954 2355 gravi
998 2282 1313 2357 discrimine
1361 2280 1669 2345 constitutis
1696 2296 1793 2350 ρετ
1833 2296 1948 2352 ως-
2050 2287 2381 2340 Dominicam
2404 2285 2714 2341 Orationem
2738 2285 3100 2355 perduxerant
3127 2300 3247 2338 cum
3292 2285 3467 2338 subito
3490 2299 3617 2338 eva—

366 2380 602 2433 moriatn
634 2377 707 2447 pii
741 2374 975 2429 nominis
1011 2368 1129 2440 ejus
1169 2372 1478 2441 provenisse
1534 2369 1804 2433 feruntur,
1863 2364 1963 2427 vis

310 2508 327 2517 -
368 2469 577 2521 amoris
608 2482 713 2535 quo
734 2480 862 2535 erga
892 2479 1012 2518 eum
1041 2463 1284 2532 quidam
1352 2475 1595 2517 meorum
1655 2459 1831 2549 adhuc
1861 2474 1946 2513 ar-

367 2556 524 2622 dent,
565 2556 749 2624 paucis
767 2563 851 2607 me
882 2562 1067 2627 notare
1093 2551 1382 2623 compellit.

443 2622 598 2715 [Cui
628 2640 835 2713 [δίη]
860 2622 1114 2695 Arnullus
1169 2640 1388 2708 quidam
1420 2639 1656 2705 nomine,
1697 2638 1836 2693 illius
1856 2653 1947 2693 co-
1974 2622 1981 2705 ί

365 2733 523 2788 mitis
546 2733 740 2802 Rogeri
765 2733 829 2786 de
857 2730 1032 2785 Monte
1081 2730 1381 2795 Gummeri,
1407 2740 1463 2784 et
1488 2731 1616 2805 ipse.
1650 2745 1852 2798 comes,
1880 2732 1947 2789 de
1980 2738 1987 2744 ’

368 2821 767 2877 Nortbmannia
802 2820 1047 2889 Angliam
1079 2818 1310 2882 rediens,
1349 2818 1543 2883 marini
1575 2819 1782 2875 itineris
1810 2812 1945 2875 'me~

368 2914 522 2969 dium
552 2927 808 2981 prospero
826 2927 986 2966 cursu
1017 2919 1294 2980 peregerat
1324 2927 1337 2975 ;
1367 2921 1420 2964 et
1440 2926 1567 2967 ecce
1587 2904 1772 2967 contra
1795 2926 1944 2987 spem

366 3004 614 3059 omnium
654 3004 708 3057 in
740 3003 861 3081 navi
892 3002 1301 3057 consistentium
1331 3002 1514 3063 subito.
1541 3001 1947 3081 nebulanimite

367 3089 665 3145 densitatis
714 3078 980 3166 exsurgit,
1029 3089 1409 3155 supercrescit,
1464 3091 1591 3157 quin
1650 3100 1707 3145 et
1754 3078 1958 3145 ventus

366 3179 553 3232 omnis
595 3191 701 3247 quo
747 3174 1101 3242 vehebantur,
1160 3177 1334 3240 cadit,
1391 3180 1682 3245 evanescit,
1715 3179 1942 3248 deperit.
1968 3168 2009 3182 “’

368 3264 540 3321 Nmis
576 3267 629 3321 in
668 3267 843 3323 medio
876 3266 1048 3337 pelagi
1076 3266 1277 3321 nullum
1308 3283 1414 3337 quo
1437 3269 1489 3323 in
1508 3270 1761 3325 ulteriora
1785 3286 1945 3340 rape-
1987 3313 1990 3318 .

369 3364 531 3408 retur
546 3364 761 3409 ventum
791 3354 1010 3417 habens,
1044 3369 1143 3409 nec
1171 3355 1356 3423 qurcin
1389 3369 1451 3409 ea
1476 3354 1811 3411 consistebat
1844 3359 1941 3411 bo-

369 3446 581 3498 minum
615 3446 898 3499 multitudo
953 3458 1061 3515 pra!
1089 3448 1356 3501 densltate
1405 3449 1610 3501 nebula:
1664 3464 1824 3517 quam
1861 3458 1945 3502 te-
1972 3428 2016 3487 Ο

372 3542 533 3585 ueret
572 3531 707 3585 viam
734 3533 1045 3602 dignoscere
1066 3533 1495 3597 valens..huc.et
1523 3535 1651 3590 illuc
1676 3535 1817 3590 inter
1845 3552 1946 3588 un-

372 3622 570 3676 darum
599 3623 839 3676 cumulos
867 3623 1016 3678 navis
1059 3623 1261 3678 nullum
1294 3624 1396 3678 iter
1418 3625 1692 3694 explicans
1727 3626 1951 3682 ﬂuctua-

371 3710 500 3774 bat;
527 3720 581 3763 et
599 3712 901 3767 consistens
924 3713 975 3766 in
1013 3728 1075 3767 ea
1118 3714 1277 3768 taedio
1324 3716 1625 3770 vehementi
1651 3714 1842 3771 amicta
1875 3718 1950 3770 vi-

375 3814 566 3879 rerum
599 3802 750 3855 turba
793 3801 973 3856 animo
1030 3803 1328 3857 deﬁciebat.
1365 3804 1511 3857 Mare
1563 3805 1826 3873 siquidem
1855 3819 1947 3859 eos

372 3904 480 3957 per
506 3889 621 3957 dies
671 3890 804 3944 duos
837 3891 925 3943 tali
950 3892 1107 3945 modo
1168 3891 1267 3945 sibi
1315 3892 1456 3946 haud
1510 3901 1661 3962 grato
1690 3893 1948 3962 obsequio

372 3978 712 4046 vindicabat;
739 3990 792 4035 et
824 3980 878 4035 in
904 3981 1113 4036 diversa
1160 3991 1280 4036 vota
1320 3992 1530 4036 mentes
1582 3982 1816 4045 illoaum,
1841 3978 1969 4059 quo.

371 4083 403 4119 a
432 4082 535 4123 suo
593 4068 886 4122 retinaculo
942 4069 1277 4125 solverentur
1306 4110 1321 4136 ,
1371 4078 1426 4123 et
1471 4082 1565 4124 era
1622 4071 1947 4127 concitabat.

373 4156 622 4214 Tandem
673 4167 1008 4213 memoratus
1049 4174 1251 4225 comes,
1277 4160 1637 4219 memoranda:
1678 4163 1949 4217 memoriae

371 4248 559 4302 Patris
585 4248 825 4303 Anselmi
874 4248 1211 4310 recordatus.
1270 4257 1391 4308 vota
1417 4250 1658 4303 omnium
1684 4253 1861 4319 rupit;
1894 4259 1949 4307 et

374 4346 439 4392 ut
467 4337 566 4392 sibi
590 4338 771 4406 paucis
798 4338 1159 4417 intenderent,
1186 4339 1334 4393 brevi
1354 4339 1585 4408 alloquio
1605 4350 1827 4395 cunctos
1853 4340 1950 4395 ad-

373 4424 592 4481 monuit
618 4443 631 4478 :
665 4444 683 4477 ‹
718 4425 967 4492 Omissis,
990 4422 1360 4492 ait,omnibus
1385 4427 1526 4494 aliis,
1550 4428 1603 4482 in
1629 4443 1790 4482 causa
1821 4438 1951 4497 pra:—

373 4515 522 4571 senti
575 4524 951 4571 convertamus
992 4531 1091 4587 cor
1120 4527 1174 4571 et
1202 4517 1437 4586 linguam
1483 4529 1723 4573 nostram
1751 4521 1816 4572 ad
1853 4534 1950 4588 pa-

375 4612 519 4659 trem
572 4615 627 4658 et
667 4604 973 4674 pontificem
1022 4614 1263 4660 nostrum
1295 4609 1562 4673 {sanctum
1614 4606 1948 4672 Ansefmum,

373 4708 541 4761 quem
582 4708 724 4762 stupe
771 4693 1023 4758 vidimus,
1070 4698 1155 4749 cui
1180 4694 1536 4761 adhaesimus,
1592 4694 1745 4763 cujus
1793 4711 1949 4751 sacra

374 4784 624 4840 doctrina
652 4785 864 4848 imbuti,
896 4795 949 4838 et
972 4786 1124 4839 beata
1150 4801 1335 4840 sumus
1364 4786 1735 4842 benedictione
1756 4789 1951 4856 satpius

374 4872 670 4943 perfuncti,
688 4872 1035 4942 implorantes
1053 4883 1232 4927 notam
1258 4874 1414 4928 nobis
1442 4875 1691 4943 pietatem
1720 4876 1954 4943 pectoris

374 4965 500 5034 ejus
528 4973 796 5031 quatenus
823 4964 1027 5018 sanctis
1051 4964 1254 5017 meritis
1284 4964 1395 5017 suis
1433 4965 1679 5031 impetret
1700 4979 1730 5017 a
1752 4974 1958 5019 creato-

376 5068 443 5109 re
465 5063 650 5110 nostro
675 5064 729 5108 et
762 5056 1001 5110 omnium
1032 5056 1257 5111 Domino
1295 5056 1418 5110 Jesu
1453 5056 1668 5111 Christo
1722 5058 1877 5112 nobis
1902 5068 1957 5113 et

373 5153 725 5217 peccaturum
774 5145 1165 5209 remi~sionetn,
1227 5156 1283 5200 et
1327 5145 1485 5215 hujus
1514 5148 1957 5217 gravissimaein-

373 5234 801 5299 commoditatis,
841 5250 1010 5313 Aquam
1069 5240 1165 5305 pro
1188 5234 1443 5303 cisjnste
1494 5237 1751 5305 patimur,
1802 5237 1948 5291 cele-

373 5340 494 5380 rem
520 5324 938 5379 absolutionem.
970 5326 1332 5381 Assenserunt
1357 5340 1548 5381 omues
1598 5327 1947 5381 admonitioni
1973 5385 1980 5393 ,

449 5434 643 5507 (“illi
669 5435 833 5507 editis
861 5436 963 5490 duo
991 5438 1106 5492 haec
1135 5439 1434 5507 posteriora
1456 5438 1593 5493 Vitae
1623 5439 1680 5493 S.
1707 5438 1949 5492 Ans’elmi

366 5503 628 5575 capitula
651 5503 1312 5575 desiderantur,qu'amvis
1335 5524 1395 5562 ea
1445 5510 1495 5561 in
1549 5509 1799 5567 omnibus
1831 5523 1950 5575 quae

369 5573 483 5626 vidi
510 5572 800 5645 codioibus,
834 5572 1212 5645 utatuuscripti's
1237 5578 1604 5645 reperiantur,
1634 5586 1689 5630 et
1716 5579 1782 5631 ab
1811 5572 1951 5629 Earl--

365 5656 528 5699 mero
550 5640 604 5695 in
634 5640 862 5710 prologo
887 5643 949 5696 ad
980 5640 1168 5699 librum
1218 5640 1590 5701 de'miraculis
1622 5647 1677 5700 S.
1706 5647 1941 5699 Ansclnti

170 5868 229 5895 ..ις

76 5982 87 6003 η
132 5904 259 6095 νδ.
272 5934 337 6095 ἼΓ
348 5984 351 5987 .

1976 4748 2029 4809 D

2048 2382 2300 2428 nescente
2330 2372 2542 2438 nebula,
2571 2371 2690 2427 cceli
2750 2372 3012 2426 seueritas
3062 2380 3169 2431 tota
3204 2371 3362 2434 redit,
3392 2380 3445 2424 et
3470 2371 3619 2424 littus

2048 2463 2114 2518 ad
2163 2464 2306 2531 quod
2365 2463 2540 2530 primo
2584 2461 2907 2516 festinarant
2940 2459 3233 2528 nonlonge
3292 2460 3481 2514 abesse
3514 2459 3619 2513 laeti

2046 2552 2403 2617 conspiciunt.
2436 2541 2650 2605 Gratias
2674 2551 2839 2620 igitur
2874 2551 2983 2604 Deo
3026 2557 3081 2603 et
3110 2548 3251 2603 fideli
3284 2547 3482 2602 fanmlo
3503 2547 3622 2617 ejus
3671 2556 3679 2564 '

2047 2651 2288 2712 agentes,
2313 2640 2477 2694 animi
2498 2640 2762 2709 aequiores
2794 2638 2990 2703 eii'ccti,
3020 2652 3285 2708 ,oppanso
3348 2636 3464 2691 velo
3500 2652 3622 2705 pro-

2048 2732 2310 2800 sperrime
2337 2740 2463 2784 sunt
2512 2730 2563 2783 in
2617 2726 2832 2798 portum
2874 2727 3233 2782 desideratum
3270 2726 3457 2782 evecti.
3493 2725 3623 2779 lntle

2046 2831 2289 2892 petentes
2313 2822 2515 2875 curiam
2539 2820 2775 2886 Henrici,
2805 2820 2942 2888 regis
2956 2802 3268 2888 Anglorum,
3294 2826 3483 2871 cuncta
3505 2832 3623 2886 qua:

2047 2914 2154 2969 illis
2174 2914 2478 2968 acciderant
2507 2912 2695 2966 ordine
2725 2926 2887 2981 supra
2943 2910 3151 2978 digesto
3190 2909 3286 2977 ipsi
3329 2911 3459 2980 regi,
3486 2925 3625 2977 prae--

2047 3005 2293 3067 sentibus
2338 3002 2603 3073 episcopis
2657 3001 2913 3069 regnique
2968 2999 3311 3069 primoribus,
3362 3014 3627 3069 exposue-

1992 3149 1998 3158 ,
2048 3106 2194 3148 runt.
2253 3092 2404 3159 Quod
2454 3090 2695 3145 auditum
2733 3089 2915 3165 multis
2948 3090 3174 3143 multum
3224 3090 3444 3158 placuit,
3515 3105 3621 3146 non

2047 3180 2415 3235 dubitantibus
2466 3178 2630 3231 vitam
2658 3178 2773 3247 ejus
2796 3180 2847 3254 in
2874 3177 3070 3230 mundo
3116 3176 3276 3229 talem
3326 3178 3622 3242 exstitisse,

2049 3266 2188 3335 quod
2214 3272 2271 3320 ‘et
2297 3266 2399 3341 hoc
2437 3273 2491 3318 et
2518 3264 2685 3337 multo
2730 3266 2931 3333 majora
2961 3266 3203 3322 debuerit
3229 3282 3255 3317 a
3292 3263 3399 3318 Deo
3426 3267 3622 3321 mundo

2049 3356 2291 3411 sublatus
2318 3354 2510 3409 merito
2535 3353 2853 3429 obtinuisse.
3316 3428 3319 3429 ν

2118 3446 2249 3500 Item
2274 3444 2570 3499 monachus
2596 3456 2735 3510 erat,
2793 3444 3061 3500 Robertus
3116 3444 3349 3504 nomine,
3375 3442 3624 3507 assiduus

2050 3535 2102 3589 in
2153 3536 2372 3589 servitio
2432 3534 2721 3604 Radulphi,
2782 3532 3034 3589 Rol‘ensis
3076 3533 3330 3602 episcopi,
3366 3529 3519 3604 cujus
3566 3531 3619 3588 iu
3693 3593 3698 3600 ,

2050 3625 2415 3693 superioribus
2435 3616 2618 3680 habita
2656 3623 2915 3696 memoria
2961 3632 3064 3678 est.
3098 3622 3194 3677 Hic
3254 3636 3350 3691 per
3401 3630 3618 3691 pontem

2049 3712 2339 3767 Londoniae
2365 3730 2429 3768 eo
2458 3715 2569 3768 fere
2597 3724 2834 3783 tempore
2892 3728 3138 3783 pergens,
3172 3710 3464 3768 infortunio
3487 3713 3625 3780 quo-

2050 3804 2170 3855 dam
2195 3804 2369 3857 subito
2418 3818 2705 3872 percussus
2743 3812 2826 3857 est
2861 3818 2927 3857 ex
2960 3819 3085 3857 casu
3129 3802 3250 3871 equi
3282 3802 3371 3871 qui
3423 3801 3621 3856 manti-
3664 3868 3672 3872 _

2050 3906 2169 3946 cam
2200 3908 2347 3957 suam
2384 3892 2605 3947 ferebat.
2638 3892 2780 3947 Idem
2809 3893 3006 3948 etenim
3044 3907 3216 3961 equus
3255 3890 3440 3943 minus
3465 3902 3623 3945 caute

2049 3999 2146 4052 per
2166 3984 2381 4050 pontem
2406 3982 2533 4037 hinc
2564 3984 2688 4037 inde
2715 3984 2983 4051 diruplum
3028 3999 3055 4034 a
3091 3980 3289 4035 famulo
3314 3988 3518 4034 tractus
3564 3980 3618 4036 in

2050 4070 2265 4124 ﬂuvium
2301 4071 2495 4124 cecidit
2526 4071 2613 4125 ubi
2637 4071 2808 4141 major
2830 4072 2911 4125 vis
2934 4058 3197 4125 undarum
3225 4079 3280 4123 et
3303 4085 3454 4137 aquae
3481 4084 3613 4136 pro-

2050 4161 2285 4217 funditas
2336 4162 2562 4217 exstitit.
2620 4160 2775 4217 Licet.
2831 4161 2991 4230 igitur
3042 4161 3362 4215 nominatus
3427 4167 3616 4224 lrater,

2050 4249 2204 4318 cujus
2226 4250 2338 4304 haec
2364 4250 2540 4318 omnia
2571 4260 2745 4314 erant,
2790 4250 2985 4305 damno
3037 4249 3284 4302 animalis
3337 4258 3390 4302 ct
3440 4263 3619 4301 rerum

2052 4357 2172 4411 quae
2198 4343 2251 4397 in
2268 4342 2501 4396 mantica
2534 4342 2910 4404 servalantur,
2957 4342 3327 4395 contristatam
3356 4339 3591 4407 aliquate

2051 4451 2153 4489 nus
2180 4432 2411 4498 mentem
2448 4432 2687 4497 haberet,
2722 4442 2899 4485 tamen
2947 4429 3096 4497 quasi
3140 4443 3326 4483 eorum
3381 4427 3621 4481 omnium

2052 4523 2354 4587 immemor,
2387 4526 2610 4590 projuno
2648 4522 2711 4576 de
2732 4521 2884 4574 libris
2910 4519 3080 4573 beata:
3141 4516 3625 4572 memoriae-Patris

2052 4612 2311 4675 Anselmi,
2353 4612 2441 4681 qui
2480 4612 2619 4664 inter
2654 4611 2767 4663 alia
2819 4609 2948 4665 inibi
3004 4604 3304 4660 habebatur
3356 4606 3622 4671 intrusus,

2053 4703 2209 4757 valde
2235 4710 2353 4757 erat
2380 4701 2663 4755 sollicitus.
2696 4697 2981 4766 'Pergebat
3047 4695 3210 4761 igitur
3260 4707 3355 4762 per
3401 4701 3624 4762 pontem

2053 4790 2323 4860 quomodo
2372 4796 2597 4857 poterat,
2655 4802 2750 4856 pro
2800 4786 2918 4840 libri
2943 4782 3184 4838 custodia
3206 4793 3261 4836 et
3286 4783 3626 4844 restitutione

2056 4882 2125 4936 ob
2154 4881 2342 4933 merita
2376 4880 2517 4933 illius
2544 4879 2633 4947 qui
2657 4894 2777 4932 eum
2813 4878 3015 4932 fecerat
3044 4875 3323 4932 Dominum
3354 4887 3547 4937 orans;
3572 4881 3627 4926 et

2054 4985 2227 5039 equus
2264 4969 2316 5022 in
2361 4968 2723 5038 profunditate
2787 4967 2975 5021 tumidi
3028 4966 3220 5019 ﬂuctus
3271 4964 3522 5018 tendebat
3558 4964 3626 5017 ad

2056 5060 2228 5128 ripam
2256 5059 2377 5111 forti
2411 5059 2691 5112 conamine
2716 5066 2931 5112 natans.
2981 5056 3118 5122 Quid
3152 5058 3325 5111 dicam
3354 5056 3375 5107 ?
3402 5053 3629 5121 Utrique

2059 5164 2279 5203 emenso
2311 5151 2523 5215 itinere,
2554 5150 2657 5204 iste
2680 5150 2875 5218 pontis,
2914 5147 3002 5201 ille
3024 5146 3277 5211 ﬂuminis,
3307 5145 3629 5199 altrinsecus

2056 5254 2175 5293 sese
2198 5240 2471 5295 consecuti
2500 5248 2647 5293 sunt.
2701 5238 2818 5292 Mox
2846 5238 3083 5306 deposita
3112 5235 3347 5289 mantica
3387 5241 3441 5286 et
3476 5246 3627 5309 rese?

2052 5312 2189 5395 rata,
2221 5334 2395 5396 utqua
2427 5327 2578 5395 plena
2621 5326 2911 5380 timebatur
2953 5340 3089 5392 aqua
3142 5327 3502 5384 excuteretur,
3543 5333 3627 5372 re-

2056 5442 2361 5496 laudentur.
2409 5439 2709 5494 lnibienim
2750 5433 3047 5492 Eadmerus
3101 5435 3232 5490 dicit
3285 5448 3343 5488 se
3363 5433 3428 5487 de
3466 5432 3628 5483 mira-

2056 5512 2193 5565 culis
2216 5510 2421 5564 Arnulli
2446 5509 2661 5563 comitis
2700 5517 2755 5561 et
2807 5507 3027 5563 ltoberti
3078 5500 3325 5561 monachi
3382 5503 3432 5555 in
3484 5499 3636 5557 calce

2056 5582 2319 5635 librorum
2352 5580 2427 5633 De
2451 5578 2569 5633 Vita
2598 5576 2655 5631 S.
2690 5576 2929 5646 Anselmi
2962 5576 3157 5644 egisse.
3188 5572 3473 5625 \Vanruox
