  <div class='ocr_page' id='page_1' title='image "/cluster/home/n/w/nwhite01/storage/ocr_20150623/158/uva.x000829800/065.png"; bbox 0 0 4174 6206; ppageno 0'>
   <div class='ocr_carea' id='block_1_1' title="bbox 519 233 676 307">
    <p class='ocr_par' dir='ltr' id='par_1_1' title="bbox 519 233 676 307">
     <span class='ocr_line' id='line_1_1' title="bbox 519 233 676 307; baseline -0.006 -8"><span class='ocrx_word' id='word_1_1' title='bbox 519 233 627 307; x_wconf 67' lang='grc' dir='ltr'><strong>ηε),</strong></span> <span class='ocrx_word' id='word_1_2' title='bbox 673 245 676 250; x_wconf 83' lang='grc'><em>’</em></span> 
     </span>
    </p>
   </div>
   <div class='ocr_carea' id='block_1_2' title="bbox 1556 229 2760 318">
    <p class='ocr_par' dir='ltr' id='par_1_2' title="bbox 1556 229 2760 318">
     <span class='ocr_line' id='line_1_2' title="bbox 1556 229 2760 318; baseline 0.002 -23"><span class='ocrx_word' id='word_1_3' title='bbox 1556 229 1631 295; x_wconf 63' lang='grc'><strong>’5.</strong></span> <span class='ocrx_word' id='word_1_4' title='bbox 1671 239 1974 296; x_wconf 79' lang='lat' dir='ltr'><strong>ANSELMI</strong></span> <span class='ocrx_word' id='word_1_5' title='bbox 2014 240 2368 318; x_wconf 69' lang='lat' dir='ltr'><strong>CANTUAK;</strong></span> <span class='ocrx_word' id='word_1_6' title='bbox 2397 242 2760 300; x_wconf 61' lang='lat' dir='ltr'><strong>ARCHIEP.‘</strong></span> 
     </span>
    </p>
   </div>
   <div class='ocr_carea' id='block_1_3' title="bbox 3603 253 3781 308">
    <p class='ocr_par' dir='ltr' id='par_1_3' title="bbox 3603 253 3781 308">
     <span class='ocr_line' id='line_1_3' title="bbox 3603 253 3781 308; baseline -0.006 0"><span class='ocrx_word' id='word_1_7' title='bbox 3603 305 3607 308; x_wconf 84' lang='lat'><strong>.</strong></span> <span class='ocrx_word' id='word_1_8' title='bbox 3672 253 3781 308; x_wconf 76' lang='grc' dir='ltr'>1ἰο</span> 
     </span>
    </p>
   </div>
   <div class='ocr_carea' id='block_1_4' title="bbox 511 353 3779 437">
    <p class='ocr_par' dir='ltr' id='par_1_4' title="bbox 511 353 3779 437">
     <span class='ocr_line' id='line_1_4' title="bbox 511 353 3779 437; baseline 0.002 -28"><span class='ocrx_word' id='word_1_9' title='bbox 511 355 796 423; x_wconf 73' lang='lat' dir='ltr'><strong>pariuntur</strong></span> <span class='ocrx_word' id='word_1_10' title='bbox 815 353 997 408; x_wconf 86' lang='lat' dir='ltr'><strong>omnia</strong></span> <span class='ocrx_word' id='word_1_11' title='bbox 1026 369 1146 424; x_wconf 65' lang='lat' dir='ltr'><strong>qua:</strong></span> <span class='ocrx_word' id='word_1_12' title='bbox 1175 354 1319 407; x_wconf 91' lang='lat' dir='ltr'><strong>intus</strong></span> <span class='ocrx_word' id='word_1_13' title='bbox 1332 361 1497 406; x_wconf 81' lang='lat' dir='ltr'><strong>erant</strong></span> <span class='ocrx_word' id='word_1_14' title='bbox 1520 359 1718 422; x_wconf 72' lang='lat' dir='ltr'><strong>przeter</strong></span> <span class='ocrx_word' id='word_1_15' title='bbox 1743 368 1906 408; x_wconf 89' lang='lat' dir='ltr'><strong>unam</strong></span> <span class='ocrx_word' id='word_1_16' title='bbox 1933 354 2106 409; x_wconf 88' lang='lat' dir='ltr'><strong>solam</strong></span> <span class='ocrx_word' id='word_1_17' title='bbox 2133 357 2196 416; x_wconf 63' lang='grc' dir='ltr'><strong>Λα</strong></span> <span class='ocrx_word' id='word_1_18' title='bbox 2212 371 2341 413; x_wconf 89' lang='lat' dir='ltr'><strong>rans</strong></span> <span class='ocrx_word' id='word_1_19' title='bbox 2362 372 2486 418; x_wconf 84' lang='lat' dir='ltr'><strong>eum</strong></span> <span class='ocrx_word' id='word_1_20' title='bbox 2519 359 2680 414; x_wconf 87' lang='lat' dir='ltr'><strong>insita</strong></span> <span class='ocrx_word' id='word_1_21' title='bbox 2721 359 2823 414; x_wconf 87' lang='lat' dir='ltr'><strong>sibi</strong></span> <span class='ocrx_word' id='word_1_22' title='bbox 2879 359 3251 416; x_wconf 70' lang='lat' dir='ltr'><strong>benevolentia</strong></span> <span class='ocrx_word' id='word_1_23' title='bbox 3306 375 3440 432; x_wconf 56' lang='lat' dir='ltr'><strong>qua?</strong></span> <span class='ocrx_word' id='word_1_24' title='bbox 3461 365 3779 437; x_wconf 75' lang='lat' dir='ltr'><strong>corrigenda</strong></span> 
     </span>
    </p>
   </div>
   <div class='ocr_carea' id='block_1_5' title="bbox 513 444 2098 513">
    <p class='ocr_par' dir='ltr' id='par_1_5' title="bbox 513 444 2098 513">
     <span class='ocr_line' id='line_1_5' title="bbox 513 444 2098 513; baseline -0.001 -14"><span class='ocrx_word' id='word_1_25' title='bbox 513 446 708 499; x_wconf 88' lang='lat' dir='ltr'><strong>lineam</strong></span> <span class='ocrx_word' id='word_1_26' title='bbox 738 454 946 499; x_wconf 79' lang='lat' dir='ltr'><strong>vestem</strong></span> <span class='ocrx_word' id='word_1_27' title='bbox 996 445 1066 498; x_wconf 90' lang='lat' dir='ltr'><strong>ita</strong></span> <span class='ocrx_word' id='word_1_28' title='bbox 1090 444 1159 498; x_wconf 88' lang='lat' dir='ltr'><strong>ab</strong></span> <span class='ocrx_word' id='word_1_29' title='bbox 1199 444 1428 497; x_wconf 88' lang='lat' dir='ltr'><strong>humore</strong></span> <span class='ocrx_word' id='word_1_30' title='bbox 1472 456 1673 509; x_wconf 86' lang='lat' dir='ltr'><strong>vaoun,</strong></span> <span class='ocrx_word' id='word_1_31' title='bbox 1721 444 1876 513; x_wconf 89' lang='lat' dir='ltr'><strong>quasi</strong></span> <span class='ocrx_word' id='word_1_32' title='bbox 1907 444 2098 498; x_wconf 73' lang='lat' dir='ltr'><strong>cadem</strong></span> 
     </span>
    </p>
   </div>
   <div class='ocr_carea' id='block_1_6' title="bbox 470 513 2102 602">
    <p class='ocr_par' dir='ltr' id='par_1_6' title="bbox 470 513 2102 602">
     <span class='ocr_line' id='line_1_6' title="bbox 470 513 2102 602; baseline 0.003 -18"><span class='ocrx_word' id='word_1_33' title='bbox 470 575 477 584; x_wconf 93' lang='lat'><strong>.</strong></span> <span class='ocrx_word' id='word_1_34' title='bbox 513 535 748 590; x_wconf 88' lang='lat' dir='ltr'><strong>mantica</strong></span> <span class='ocrx_word' id='word_1_35' title='bbox 779 547 1051 602; x_wconf 86' lang='lat' dir='ltr'><strong>nunquam</strong></span> <span class='ocrx_word' id='word_1_36' title='bbox 1110 533 1280 588; x_wconf 89' lang='lat' dir='ltr'><strong>tincta</strong></span> <span class='ocrx_word' id='word_1_37' title='bbox 1334 531 1527 587; x_wconf 77' lang='lat' dir='ltr'><strong>fuisset</strong></span> <span class='ocrx_word' id='word_1_38' title='bbox 1549 532 1602 588; x_wconf 89' lang='lat' dir='ltr'><strong>in</strong></span> <span class='ocrx_word' id='word_1_39' title='bbox 1628 548 1788 602; x_wconf 86' lang='lat' dir='ltr'><strong>aqua.</strong></span> <span class='ocrx_word' id='word_1_40' title='bbox 1831 513 2102 589; x_wconf 84' lang='lat' dir='ltr'><strong>Reversus</strong></span> 
     </span>
    </p>
   </div>
   <div class='ocr_carea' id='block_1_7' title="bbox 514 621 2103 696">
    <p class='ocr_par' dir='ltr' id='par_1_7' title="bbox 514 621 2103 696">
     <span class='ocr_line' id='line_1_7' title="bbox 514 621 2103 696; baseline 0 -16"><span class='ocrx_word' id='word_1_41' title='bbox 514 625 581 684; x_wconf 88' lang='lat' dir='ltr'><strong>ad</strong></span> <span class='ocrx_word' id='word_1_42' title='bbox 603 626 934 696; x_wconf 84' lang='lat' dir='ltr'><strong>episcopum,</strong></span> <span class='ocrx_word' id='word_1_43' title='bbox 983 637 1098 678; x_wconf 91' lang='lat' dir='ltr'><strong>rem</strong></span> <span class='ocrx_word' id='word_1_44' title='bbox 1137 634 1344 694; x_wconf 90' lang='lat' dir='ltr'><strong>gestam</strong></span> <span class='ocrx_word' id='word_1_45' title='bbox 1397 638 1484 678; x_wconf 90' lang='lat' dir='ltr'><strong>me</strong></span> <span class='ocrx_word' id='word_1_46' title='bbox 1516 631 1782 696; x_wconf 70' lang='lat' dir='ltr'><strong>praesente</strong></span> <span class='ocrx_word' id='word_1_47' title='bbox 1811 621 2016 692; x_wconf 87' lang='lat' dir='ltr'><strong>retulit,</strong></span> <span class='ocrx_word' id='word_1_48' title='bbox 2046 631 2103 680; x_wconf 84' lang='lat' dir='ltr'><strong>et</strong></span> 
     </span>
    </p>
   </div>
   <div class='ocr_carea' id='block_1_8' title="bbox 514 713 1696 771">
    <p class='ocr_par' dir='ltr' id='par_1_8' title="bbox 514 713 1696 771">
     <span class='ocr_line' id='line_1_8' title="bbox 514 713 1696 771; baseline -0.003 0"><span class='ocrx_word' id='word_1_49' title='bbox 514 717 571 771; x_wconf 88' lang='lat' dir='ltr'><strong>in</strong></span> <span class='ocrx_word' id='word_1_50' title='bbox 593 715 807 770; x_wconf 84' lang='lat' dir='ltr'><strong>laudem</strong></span> <span class='ocrx_word' id='word_1_51' title='bbox 841 715 933 769; x_wconf 88' lang='lat' dir='ltr'><strong>Dei</strong></span> <span class='ocrx_word' id='word_1_52' title='bbox 965 715 1301 769; x_wconf 90' lang='lat' dir='ltr'><strong>audientium</strong></span> <span class='ocrx_word' id='word_1_53' title='bbox 1323 728 1420 768; x_wconf 93' lang='lat' dir='ltr'><strong>ora</strong></span> <span class='ocrx_word' id='word_1_54' title='bbox 1454 713 1696 769; x_wconf 83' lang='lat' dir='ltr'><strong>resolvit.</strong></span> 
     </span>
    </p>
   </div>
   <div class='ocr_carea' id='block_1_9' title="bbox 589 803 2100 875">
    <p class='ocr_par' dir='ltr' id='par_1_9' title="bbox 589 803 2100 875">
     <span class='ocr_line' id='line_1_9' title="bbox 589 803 2100 875; baseline 0.001 -16"><span class='ocrx_word' id='word_1_55' title='bbox 589 806 720 859; x_wconf 88' lang='lat' dir='ltr'><strong>llinc</strong></span> <span class='ocrx_word' id='word_1_56' title='bbox 750 803 842 858; x_wconf 75' lang='lat' dir='ltr'><strong>fini</strong></span> <span class='ocrx_word' id='word_1_57' title='bbox 872 818 1110 872; x_wconf 60' lang='lat' dir='ltr'><strong>prasens</strong></span> <span class='ocrx_word' id='word_1_58' title='bbox 1160 804 1481 875; x_wconf 81' lang='lat' dir='ltr'><strong>opusculum</strong></span> <span class='ocrx_word' id='word_1_59' title='bbox 1529 805 1756 860; x_wconf 82' lang='lat' dir='ltr'><strong>subdam</strong></span> <span class='ocrx_word' id='word_1_60' title='bbox 1781 821 1797 871; x_wconf 92' lang='lat'><strong>;</strong></span> <span class='ocrx_word' id='word_1_61' title='bbox 1820 805 1948 860; x_wconf 91' lang='lat' dir='ltr'><strong>dum</strong></span> <span class='ocrx_word' id='word_1_62' title='bbox 1982 820 2100 862; x_wconf 86' lang='lat' dir='ltr'><strong>om-</strong></span> 
     </span>
    </p>
   </div>
   <div class='ocr_carea' id='block_1_10' title="bbox 515 883 2102 966">
    <p class='ocr_par' dir='ltr' id='par_1_10' title="bbox 515 883 2102 966">
     <span class='ocr_line' id='line_1_10' title="bbox 515 883 2102 966; baseline 0.002 -18"><span class='ocrx_word' id='word_1_63' title='bbox 515 909 612 951; x_wconf 87' lang='lat' dir='ltr'><strong>nes</strong></span> <span class='ocrx_word' id='word_1_64' title='bbox 631 895 683 949; x_wconf 91' lang='lat' dir='ltr'><strong>id</strong></span> <span class='ocrx_word' id='word_1_65' title='bbox 709 895 887 964; x_wconf 78' lang='lat' dir='ltr'><strong>legere</strong></span> <span class='ocrx_word' id='word_1_66' title='bbox 915 894 1000 950; x_wconf 89' lang='lat' dir='ltr'><strong>vel</strong></span> <span class='ocrx_word' id='word_1_67' title='bbox 1028 895 1216 951; x_wconf 86' lang='lat' dir='ltr'><strong>audire</strong></span> <span class='ocrx_word' id='word_1_68' title='bbox 1266 894 1550 966; x_wconf 75' lang='lat' dir='ltr'><strong>dignantes</strong></span> <span class='ocrx_word' id='word_1_69' title='bbox 1573 894 1727 963; x_wconf 89' lang='lat' dir='ltr'><strong>prius</strong></span> <span class='ocrx_word' id='word_1_70' title='bbox 1775 883 1926 952; x_wconf 85' lang='lat' dir='ltr'><strong>brevi</strong></span> <span class='ocrx_word' id='word_1_71' title='bbox 1951 909 2102 952; x_wconf 90' lang='lat' dir='ltr'><strong>com-</strong></span> 
     </span>
    </p>
   </div>
   <div class='ocr_carea' id='block_1_11' title="bbox 515 983 2102 1056">
    <p class='ocr_par' dir='ltr' id='par_1_11' title="bbox 515 983 2102 1056">
     <span class='ocr_line' id='line_1_11' title="bbox 515 983 2102 1056; baseline 0.004 -19"><span class='ocrx_word' id='word_1_72' title='bbox 515 998 764 1038; x_wconf 86' lang='lat' dir='ltr'><strong>moneam</strong></span> <span class='ocrx_word' id='word_1_73' title='bbox 814 993 1080 1054; x_wconf 78' lang='lat' dir='ltr'><strong>quatenus</strong></span> <span class='ocrx_word' id='word_1_74' title='bbox 1121 985 1272 1040; x_wconf 88' lang='lat' dir='ltr'><strong>nulla</strong></span> <span class='ocrx_word' id='word_1_75' title='bbox 1301 983 1696 1040; x_wconf 66' lang='lat' dir='ltr'><strong>incredulitate</strong></span> <span class='ocrx_word' id='word_1_76' title='bbox 1724 1000 1792 1041; x_wconf 84' lang='lat' dir='ltr'><strong>ex</strong></span> <span class='ocrx_word' id='word_1_77' title='bbox 1847 986 1916 1040; x_wconf 87' lang='lat' dir='ltr'><strong>iis</strong></span> <span class='ocrx_word' id='word_1_78' title='bbox 1979 999 2102 1056; x_wconf 71' lang='lat' dir='ltr'><strong>quae</strong></span> 
     </span>
    </p>
   </div>
   <div class='ocr_carea' id='block_1_12' title="bbox 511 1073 2100 1143">
    <p class='ocr_par' dir='ltr' id='par_1_12' title="bbox 511 1073 2100 1143">
     <span class='ocr_line' id='line_1_12' title="bbox 511 1073 2100 1143; baseline 0.004 -17"><span class='ocrx_word' id='word_1_79' title='bbox 511 1073 784 1143; x_wconf 82' lang='lat' dir='ltr'><strong>descripta</strong></span> <span class='ocrx_word' id='word_1_80' title='bbox 807 1084 934 1130; x_wconf 88' lang='lat' dir='ltr'><strong>sunt</strong></span> <span class='ocrx_word' id='word_1_81' title='bbox 969 1083 1207 1134; x_wconf 71' lang='lat' dir='ltr'><strong>merrtem</strong></span> <span class='ocrx_word' id='word_1_82' title='bbox 1247 1074 1551 1131; x_wconf 62' lang='lat' dir='ltr'><strong>vulnerent.</strong></span> <span class='ocrx_word' id='word_1_83' title='bbox 1599 1074 1825 1132; x_wconf 82' lang='lat' dir='ltr'><strong>Talibus</strong></span> <span class='ocrx_word' id='word_1_84' title='bbox 1849 1076 1994 1132; x_wconf 85' lang='lat' dir='ltr'><strong>enim</strong></span> <span class='ocrx_word' id='word_1_85' title='bbox 2045 1077 2100 1132; x_wconf 92' lang='lat' dir='ltr'><strong>in</strong></span> 
     </span>
    </p>
   </div>
   <div class='ocr_carea' id='block_1_13' title="bbox 515 1159 2121 1238">
    <p class='ocr_par' dir='ltr' id='par_1_13' title="bbox 515 1159 2121 1238">
     <span class='ocr_line' id='line_1_13' title="bbox 515 1159 2121 1238; baseline 0.004 -21"><span class='ocrx_word' id='word_1_86' title='bbox 515 1163 597 1218; x_wconf 84' lang='lat' dir='ltr'><strong>eis</strong></span> <span class='ocrx_word' id='word_1_87' title='bbox 622 1164 926 1220; x_wconf 75' lang='lat' dir='ltr'><strong>scribendis</strong></span> <span class='ocrx_word' id='word_1_88' title='bbox 954 1166 1268 1222; x_wconf 75' lang='lat' dir='ltr'><strong>auctoribus</strong></span> <span class='ocrx_word' id='word_1_89' title='bbox 1300 1180 1432 1222; x_wconf 87' lang='lat' dir='ltr'><strong>usus</strong></span> <span class='ocrx_word' id='word_1_90' title='bbox 1458 1180 1578 1220; x_wconf 90' lang='lat' dir='ltr'><strong>sum</strong></span> <span class='ocrx_word' id='word_1_91' title='bbox 1608 1166 1663 1220; x_wconf 91' lang='lat' dir='ltr'><strong>in</strong></span> <span class='ocrx_word' id='word_1_92' title='bbox 1698 1182 1930 1236; x_wconf 89' lang='lat' dir='ltr'><strong>quorum</strong></span> <span class='ocrx_word' id='word_1_93' title='bbox 1962 1159 2121 1238; x_wconf 48' lang='lat' dir='ltr'><strong>rela?</strong></span> 
     </span>
    </p>
   </div>
   <div class='ocr_carea' id='block_1_14' title="bbox 520 1253 2104 1326">
    <p class='ocr_par' dir='ltr' id='par_1_14' title="bbox 520 1253 2104 1326">
     <span class='ocr_line' id='line_1_14' title="bbox 520 1253 2104 1326; baseline 0.004 -17"><span class='ocrx_word' id='word_1_94' title='bbox 520 1253 670 1311; x_wconf 85' lang='lat' dir='ltr'><strong>tione</strong></span> <span class='ocrx_word' id='word_1_95' title='bbox 692 1268 913 1310; x_wconf 84' lang='lat' dir='ltr'><strong>omnem</strong></span> <span class='ocrx_word' id='word_1_96' title='bbox 976 1253 1232 1312; x_wconf 88' lang='lat' dir='ltr'><strong>falsitatis</strong></span> <span class='ocrx_word' id='word_1_97' title='bbox 1283 1255 1861 1326; x_wconf 61' lang='lat' dir='ltr'><strong>suspicionem3procul</strong></span> <span class='ocrx_word' id='word_1_98' title='bbox 1910 1257 2104 1315; x_wconf 82' lang='lat' dir='ltr'><strong>abesse</strong></span> 
     </span>
    </p>
   </div>
   <div class='ocr_carea' id='block_1_15' title="bbox 519 1342 2102 1414">
    <p class='ocr_par' dir='ltr' id='par_1_15' title="bbox 519 1342 2102 1414">
     <span class='ocr_line' id='line_1_15' title="bbox 519 1342 2102 1414; baseline 0.001 -15"><span class='ocrx_word' id='word_1_99' title='bbox 519 1343 713 1399; x_wconf 87' lang='lat' dir='ltr'><strong>dubius</strong></span> <span class='ocrx_word' id='word_1_100' title='bbox 734 1358 844 1398; x_wconf 88' lang='lat' dir='ltr'><strong>non</strong></span> <span class='ocrx_word' id='word_1_101' title='bbox 889 1358 1029 1399; x_wconf 89' lang='lat' dir='ltr'><strong>sum.</strong></span> <span class='ocrx_word' id='word_1_102' title='bbox 1055 1343 1334 1413; x_wconf 86' lang='lat' dir='ltr'><strong>Siquidem</strong></span> <span class='ocrx_word' id='word_1_103' title='bbox 1364 1342 1594 1414; x_wconf 86' lang='lat' dir='ltr'><strong>plurima</strong></span> <span class='ocrx_word' id='word_1_104' title='bbox 1624 1359 1744 1412; x_wconf 78' lang='lat' dir='ltr'><strong>quae</strong></span> <span class='ocrx_word' id='word_1_105' title='bbox 1792 1344 1952 1412; x_wconf 84' lang='lat' dir='ltr'><strong>primi</strong></span> <span class='ocrx_word' id='word_1_106' title='bbox 1975 1345 2102 1401; x_wconf 88' lang='lat' dir='ltr'><strong>libri</strong></span> 
     </span>
    </p>
   </div>
   <div class='ocr_carea' id='block_1_16' title="bbox 352 1431 2100 1506">
    <p class='ocr_par' dir='ltr' id='par_1_16' title="bbox 352 1431 2100 1506">
     <span class='ocr_line' id='line_1_16' title="bbox 352 1431 2100 1506; baseline 0.001 -18"><span class='ocrx_word' id='word_1_107' title='bbox 352 1469 359 1488; x_wconf 57' lang='grc' dir='ltr'><em>κ</em></span> <span class='ocrx_word' id='word_1_108' title='bbox 445 1502 449 1506; x_wconf 20' lang='grc' dir='ltr'><strong>ν</strong></span> <span class='ocrx_word' id='word_1_109' title='bbox 515 1432 689 1489; x_wconf 88' lang='lat' dir='ltr'><strong>series</strong></span> <span class='ocrx_word' id='word_1_110' title='bbox 717 1434 979 1497; x_wconf 84' lang='lat' dir='ltr'><strong>continet.</strong></span> <span class='ocrx_word' id='word_1_111' title='bbox 1009 1448 1076 1488; x_wconf 82' lang='lat' dir='ltr'><strong>ex</strong></span> <span class='ocrx_word' id='word_1_112' title='bbox 1122 1433 1306 1488; x_wconf 80' lang='lat' dir='ltr'><strong>verbis</strong></span> <span class='ocrx_word' id='word_1_113' title='bbox 1356 1431 1602 1502; x_wconf 83' lang='lat' dir='ltr'><strong>ejusdem</strong></span> <span class='ocrx_word' id='word_1_114' title='bbox 1649 1431 1831 1488; x_wconf 86' lang='lat' dir='ltr'><strong>Patris</strong></span> <span class='ocrx_word' id='word_1_115' title='bbox 1856 1432 2100 1490; x_wconf 81' lang='lat' dir='ltr'><strong>Anselmi</strong></span> 
     </span>
    </p>
   </div>
   <div class='ocr_carea' id='block_1_17' title="bbox 520 1519 2101 1593">
    <p class='ocr_par' dir='ltr' id='par_1_17' title="bbox 520 1519 2101 1593">
     <span class='ocr_line' id='line_1_17' title="bbox 520 1519 2101 1593; baseline 0 -15"><span class='ocrx_word' id='word_1_116' title='bbox 520 1519 732 1592; x_wconf 79' lang='lat' dir='ltr'><strong>collegi.</strong></span> <span class='ocrx_word' id='word_1_117' title='bbox 765 1521 988 1578; x_wconf 85' lang='lat' dir='ltr'><strong>Solebat</strong></span> <span class='ocrx_word' id='word_1_118' title='bbox 1011 1523 1159 1577; x_wconf 87' lang='lat' dir='ltr'><strong>enim</strong></span> <span class='ocrx_word' id='word_1_119' title='bbox 1191 1534 1597 1590; x_wconf 83' lang='lat' dir='ltr'><strong>nonnunquam,</strong></span> <span class='ocrx_word' id='word_1_120' title='bbox 1623 1527 1683 1576; x_wconf 88' lang='lat' dir='ltr'><strong>ut</strong></span> <span class='ocrx_word' id='word_1_121' title='bbox 1723 1519 1890 1590; x_wconf 85' lang='lat' dir='ltr'><strong>homo</strong></span> <span class='ocrx_word' id='word_1_122' title='bbox 1907 1521 2101 1593; x_wconf 87' lang='lat' dir='ltr'><strong>jocun-</strong></span> 
     </span>
    </p>
   </div>
   <div class='ocr_carea' id='block_1_18' title="bbox 520 1610 2096 1682">
    <p class='ocr_par' dir='ltr' id='par_1_18' title="bbox 520 1610 2096 1682">
     <span class='ocr_line' id='line_1_18' title="bbox 520 1610 2096 1682; baseline 0 -14"><span class='ocrx_word' id='word_1_123' title='bbox 520 1613 690 1668; x_wconf 86' lang='lat' dir='ltr'><strong>ditate</strong></span> <span class='ocrx_word' id='word_1_124' title='bbox 752 1612 1253 1682; x_wconf 64' lang='lat' dir='ltr'><strong>prastautissimus.</strong></span> <span class='ocrx_word' id='word_1_125' title='bbox 1307 1614 1448 1665; x_wconf 86' lang='lat' dir='ltr'><strong>inter</strong></span> <span class='ocrx_word' id='word_1_126' title='bbox 1491 1610 1597 1665; x_wconf 89' lang='lat' dir='ltr'><strong>alia</strong></span> <span class='ocrx_word' id='word_1_127' title='bbox 1642 1611 1788 1666; x_wconf 88' lang='lat' dir='ltr'><strong>dicta</strong></span> <span class='ocrx_word' id='word_1_128' title='bbox 1809 1626 1907 1667; x_wconf 88' lang='lat' dir='ltr'><strong>sua</strong></span> <span class='ocrx_word' id='word_1_129' title='bbox 1941 1614 2096 1681; x_wconf 85' lang='lat' dir='ltr'><strong>quasi</strong></span> 
     </span>
    </p>
   </div>
   <div class='ocr_carea' id='block_1_19' title="bbox 516 1690 2180 1775">
    <p class='ocr_par' dir='ltr' id='par_1_19' title="bbox 516 1690 2180 1775">
     <span class='ocr_line' id='line_1_19' title="bbox 516 1690 2180 1775; baseline -0.006 -14"><span class='ocrx_word' id='word_1_130' title='bbox 516 1703 730 1773; x_wconf 83' lang='lat' dir='ltr'><strong>ludens,</strong></span> <span class='ocrx_word' id='word_1_131' title='bbox 766 1703 896 1774; x_wconf 89' lang='lat' dir='ltr'><strong>quid</strong></span> <span class='ocrx_word' id='word_1_132' title='bbox 918 1716 1078 1775; x_wconf 90' lang='lat' dir='ltr'><strong>puer,</strong></span> <span class='ocrx_word' id='word_1_133' title='bbox 1101 1703 1230 1774; x_wconf 89' lang='lat' dir='ltr'><strong>quid</strong></span> <span class='ocrx_word' id='word_1_134' title='bbox 1281 1701 1524 1774; x_wconf 87' lang='lat' dir='ltr'><strong>juvenis,</strong></span> <span class='ocrx_word' id='word_1_135' title='bbox 1559 1701 1692 1772; x_wconf 91' lang='lat' dir='ltr'><strong>quid</strong></span> <span class='ocrx_word' id='word_1_136' title='bbox 1733 1708 1862 1756; x_wconf 89' lang='lat' dir='ltr'><strong>ante</strong></span> <span class='ocrx_word' id='word_1_137' title='bbox 1919 1717 2105 1760; x_wconf 86' lang='lat' dir='ltr'><strong>susce—</strong></span> <span class='ocrx_word' id='word_1_138' title='bbox 2131 1690 2180 1751; x_wconf 83' lang='grc' dir='ltr'><strong>Β</strong></span> 
     </span>
    </p>
   </div>
   <div class='ocr_carea' id='block_1_20' title="bbox 515 1793 2101 1869">
    <p class='ocr_par' dir='ltr' id='par_1_20' title="bbox 515 1793 2101 1869">
     <span class='ocr_line' id='line_1_20' title="bbox 515 1793 2101 1869; baseline -0.001 -17"><span class='ocrx_word' id='word_1_139' title='bbox 515 1807 671 1869; x_wconf 84' lang='lat' dir='ltr'><strong>ptum</strong></span> <span class='ocrx_word' id='word_1_140' title='bbox 695 1795 942 1851; x_wconf 86' lang='lat' dir='ltr'><strong>monachi</strong></span> <span class='ocrx_word' id='word_1_141' title='bbox 959 1794 1230 1863; x_wconf 84' lang='lat' dir='ltr'><strong>habitum,</strong></span> <span class='ocrx_word' id='word_1_142' title='bbox 1257 1793 1389 1865; x_wconf 91' lang='lat' dir='ltr'><strong>quid</strong></span> <span class='ocrx_word' id='word_1_143' title='bbox 1428 1794 1482 1847; x_wconf 92' lang='lat' dir='ltr'><strong>in</strong></span> <span class='ocrx_word' id='word_1_144' title='bbox 1512 1793 1630 1863; x_wconf 85' lang='lat' dir='ltr'><strong>ipso</strong></span> <span class='ocrx_word' id='word_1_145' title='bbox 1659 1793 1848 1848; x_wconf 86' lang='lat' dir='ltr'><strong>habitu</strong></span> <span class='ocrx_word' id='word_1_146' title='bbox 1873 1794 2101 1863; x_wconf 88' lang='lat' dir='ltr'><strong>positus,</strong></span> 
     </span>
    </p>
   </div>
   <div class='ocr_carea' id='block_1_21' title="bbox 517 1881 2106 1957">
    <p class='ocr_par' dir='ltr' id='par_1_21' title="bbox 517 1881 2106 1957">
     <span class='ocr_line' id='line_1_21' title="bbox 517 1881 2106 1957; baseline 0 -18"><span class='ocrx_word' id='word_1_147' title='bbox 517 1884 648 1955; x_wconf 87' lang='lat' dir='ltr'><strong>quid</strong></span> <span class='ocrx_word' id='word_1_148' title='bbox 674 1885 842 1955; x_wconf 89' lang='lat' dir='ltr'><strong>prior,</strong></span> <span class='ocrx_word' id='word_1_149' title='bbox 867 1883 998 1954; x_wconf 84' lang='lat' dir='ltr'><strong>quid</strong></span> <span class='ocrx_word' id='word_1_150' title='bbox 1024 1885 1195 1941; x_wconf 80' lang='lat' dir='ltr'><strong>abbas</strong></span> <span class='ocrx_word' id='word_1_151' title='bbox 1243 1884 1442 1957; x_wconf 84' lang='lat' dir='ltr'><strong>egerit,</strong></span> <span class='ocrx_word' id='word_1_152' title='bbox 1470 1881 1700 1954; x_wconf 79' lang='lat' dir='ltr'><strong>simplici</strong></span> <span class='ocrx_word' id='word_1_153' title='bbox 1731 1897 1981 1939; x_wconf 89' lang='lat' dir='ltr'><strong>sermone</strong></span> <span class='ocrx_word' id='word_1_154' title='bbox 2017 1899 2106 1940; x_wconf 87' lang='lat' dir='ltr'><strong>re-</strong></span> 
     </span>
    </p>
   </div>
   <div class='ocr_carea' id='block_1_22' title="bbox 516 1971 2107 2041">
    <p class='ocr_par' dir='ltr' id='par_1_22' title="bbox 516 1971 2107 2041">
     <span class='ocr_line' id='line_1_22' title="bbox 516 1971 2107 2041; baseline -0.002 -10"><span class='ocrx_word' id='word_1_155' title='bbox 516 1974 684 2040; x_wconf 80' lang='lat' dir='ltr'><strong>ferre,</strong></span> <span class='ocrx_word' id='word_1_156' title='bbox 719 1983 1011 2030; x_wconf 81' lang='lat' dir='ltr'><strong>autumans</strong></span> <span class='ocrx_word' id='word_1_157' title='bbox 1055 1973 1336 2030; x_wconf 84' lang='lat' dir='ltr'><strong>audientes</strong></span> <span class='ocrx_word' id='word_1_158' title='bbox 1384 1972 1576 2029; x_wconf 89' lang='lat' dir='ltr'><strong>eadem</strong></span> <span class='ocrx_word' id='word_1_159' title='bbox 1628 1985 1734 2041; x_wconf 90' lang='lat' dir='ltr'><strong>qua</strong></span> <span class='ocrx_word' id='word_1_160' title='bbox 1784 1971 2107 2028; x_wconf 82' lang='lat' dir='ltr'><strong>ferebantur</strong></span> 
     </span>
    </p>
   </div>
   <div class='ocr_carea' id='block_1_23' title="bbox 519 2063 2104 2136">
    <p class='ocr_par' dir='ltr' id='par_1_23' title="bbox 519 2063 2104 2136">
     <span class='ocr_line' id='line_1_23' title="bbox 519 2063 2104 2136; baseline -0.001 -14"><span class='ocrx_word' id='word_1_161' title='bbox 519 2065 820 2122; x_wconf 89' lang='lat' dir='ltr'><strong>intentione</strong></span> <span class='ocrx_word' id='word_1_162' title='bbox 865 2075 920 2121; x_wconf 85' lang='lat' dir='ltr'><strong>et</strong></span> <span class='ocrx_word' id='word_1_163' title='bbox 974 2063 1344 2136; x_wconf 79' lang='lat' dir='ltr'><strong>perfunctorie</strong></span> <span class='ocrx_word' id='word_1_164' title='bbox 1373 2063 1462 2120; x_wconf 89' lang='lat' dir='ltr'><strong>illa</strong></span> <span class='ocrx_word' id='word_1_165' title='bbox 1505 2065 1804 2136; x_wconf 87' lang='lat' dir='ltr'><strong>suscipere.</strong></span> <span class='ocrx_word' id='word_1_166' title='bbox 1852 2063 1928 2118; x_wconf 83' lang='lat' dir='ltr'><strong>Ea</strong></span> <span class='ocrx_word' id='word_1_167' title='bbox 1973 2077 2104 2120; x_wconf 84' lang='lat' dir='ltr'><strong>vero</strong></span> 
     </span>
    </p>
   </div>
   <div class='ocr_carea' id='block_1_24' title="bbox 524 2143 2103 2228">
    <p class='ocr_par' dir='ltr' id='par_1_24' title="bbox 524 2143 2103 2228">
     <span class='ocr_line' id='line_1_24' title="bbox 524 2143 2103 2228; baseline -0.003 -15"><span class='ocrx_word' id='word_1_168' title='bbox 524 2173 647 2228; x_wconf 65' lang='lat' dir='ltr'><strong>qua</strong></span> <span class='ocrx_word' id='word_1_169' title='bbox 682 2159 828 2213; x_wconf 87' lang='lat' dir='ltr'><strong>inter</strong></span> <span class='ocrx_word' id='word_1_170' title='bbox 879 2156 1140 2212; x_wconf 82' lang='lat' dir='ltr'><strong>miracula</strong></span> <span class='ocrx_word' id='word_1_171' title='bbox 1190 2157 1245 2211; x_wconf 92' lang='lat' dir='ltr'><strong>in</strong></span> <span class='ocrx_word' id='word_1_172' title='bbox 1293 2157 1412 2226; x_wconf 89' lang='lat' dir='ltr'><strong>ipso</strong></span> <span class='ocrx_word' id='word_1_173' title='bbox 1466 2143 1658 2212; x_wconf 73' lang='lat' dir='ltr'><strong>libello</strong></span> <span class='ocrx_word' id='word_1_174' title='bbox 1691 2163 2103 2226; x_wconf 84' lang='lat' dir='ltr'><strong>computantur,</strong></span> 
     </span>
    </p>
   </div>
   <div class='ocr_carea' id='block_1_25' title="bbox 521 2246 2103 2323">
    <p class='ocr_par' dir='ltr' id='par_1_25' title="bbox 521 2246 2103 2323">
     <span class='ocr_line' id='line_1_25' title="bbox 521 2246 2103 2323; baseline -0.001 -21"><span class='ocrx_word' id='word_1_175' title='bbox 521 2250 767 2319; x_wconf 61' lang='lat' dir='ltr'><strong>quedam</strong></span> <span class='ocrx_word' id='word_1_176' title='bbox 794 2263 826 2302; x_wconf 88' lang='lat' dir='ltr'><strong>a</strong></span> <span class='ocrx_word' id='word_1_177' title='bbox 851 2246 1152 2312; x_wconf 84' lang='lat' dir='ltr'><strong>Baldwiuo,</strong></span> <span class='ocrx_word' id='word_1_178' title='bbox 1187 2249 1434 2318; x_wconf 64' lang='lat' dir='ltr'><strong>quaedam</strong></span> <span class='ocrx_word' id='word_1_179' title='bbox 1458 2261 1488 2301; x_wconf 91' lang='lat' dir='ltr'><strong>a</strong></span> <span class='ocrx_word' id='word_1_180' title='bbox 1517 2246 1747 2323; x_wconf 86' lang='lat' dir='ltr'><strong>Bosone,</strong></span> <span class='ocrx_word' id='word_1_181' title='bbox 1797 2246 2042 2316; x_wconf 61' lang='lat' dir='ltr'><strong>quaedam</strong></span> <span class='ocrx_word' id='word_1_182' title='bbox 2073 2259 2103 2300; x_wconf 91' lang='lat' dir='ltr'><strong>a</strong></span> 
     </span>
    </p>
   </div>
   <div class='ocr_carea' id='block_1_26' title="bbox 519 2339 2107 2409">
    <p class='ocr_par' dir='ltr' id='par_1_26' title="bbox 519 2339 2107 2409">
     <span class='ocr_line' id='line_1_26' title="bbox 519 2339 2107 2409; baseline -0.004 -11"><span class='ocrx_word' id='word_1_183' title='bbox 519 2340 754 2408; x_wconf 75' lang='lat' dir='ltr'><strong>Riculfo,</strong></span> <span class='ocrx_word' id='word_1_184' title='bbox 774 2341 1056 2396; x_wconf 86' lang='lat' dir='ltr'><strong>monachis</strong></span> <span class='ocrx_word' id='word_1_185' title='bbox 1083 2339 1467 2404; x_wconf 80' lang='lat' dir='ltr'><strong>Beceensibus,</strong></span> <span class='ocrx_word' id='word_1_186' title='bbox 1497 2352 1727 2409; x_wconf 87' lang='lat' dir='ltr'><strong>quorum</strong></span> <span class='ocrx_word' id='word_1_187' title='bbox 1758 2353 1847 2394; x_wconf 89' lang='lat' dir='ltr'><strong>me</strong></span> <span class='ocrx_word' id='word_1_188' title='bbox 1873 2339 2107 2393; x_wconf 82' lang='lat' dir='ltr'><strong>Eadme-</strong></span> 
     </span>
    </p>
   </div>
   <div class='ocr_carea' id='block_1_27' title="bbox 519 2411 2105 2486">
    <p class='ocr_par' dir='ltr' id='par_1_27' title="bbox 519 2411 2105 2486">
     <span class='ocr_line' id='line_1_27' title="bbox 519 2411 2105 2486; baseline -0.004 0"><span class='ocrx_word' id='word_1_189' title='bbox 519 2446 643 2486; x_wconf 85' lang='lat' dir='ltr'><strong>rum</strong></span> <span class='ocrx_word' id='word_1_190' title='bbox 665 2429 995 2486; x_wconf 80' lang='lat' dir='ltr'><strong>monachum</strong></span> <span class='ocrx_word' id='word_1_191' title='bbox 1018 2411 1290 2485; x_wconf 68' lang='lat' dir='ltr'><strong>Ecclesiae</strong></span> <span class='ocrx_word' id='word_1_192' title='bbox 1305 2427 1607 2483; x_wconf 87' lang='lat' dir='ltr'><strong>Salvatoris</strong></span> <span class='ocrx_word' id='word_1_193' title='bbox 1631 2426 1942 2482; x_wconf 64' lang='lat' dir='ltr'><strong>Cantuaria</strong></span> <span class='ocrx_word' id='word_1_194' title='bbox 1971 2425 2105 2480; x_wconf 90' lang='lat' dir='ltr'><strong>inibi</strong></span> 
     </span>
    </p>
   </div>
   <div class='ocr_carea' id='block_1_28' title="bbox 519 2503 2108 2592">
    <p class='ocr_par' dir='ltr' id='par_1_28' title="bbox 519 2503 2108 2592">
     <span class='ocr_line' id='line_1_28' title="bbox 519 2503 2108 2592; baseline -0.006 -15"><span class='ocrx_word' id='word_1_195' title='bbox 519 2521 842 2577; x_wconf 81' lang='lat' dir='ltr'><strong>meminisse</strong></span> <span class='ocrx_word' id='word_1_196' title='bbox 856 2518 1139 2583; x_wconf 87' lang='lat' dir='ltr'><strong>recordor,</strong></span> <span class='ocrx_word' id='word_1_197' title='bbox 1162 2518 1345 2587; x_wconf 87' lang='lat' dir='ltr'><strong>accepi</strong></span> <span class='ocrx_word' id='word_1_198' title='bbox 1371 2534 1385 2570; x_wconf 90' lang='lat'><strong>:</strong></span> <span class='ocrx_word' id='word_1_199' title='bbox 1412 2517 1630 2592; x_wconf 84' lang='lat' dir='ltr'><strong>quibus,</strong></span> <span class='ocrx_word' id='word_1_200' title='bbox 1659 2517 1801 2572; x_wconf 87' lang='lat' dir='ltr'><strong>sicut</strong></span> <span class='ocrx_word' id='word_1_201' title='bbox 1850 2503 1950 2584; x_wconf 82' lang='lat' dir='ltr'><strong>ipsi</strong></span> <span class='ocrx_word' id='word_1_202' title='bbox 1979 2529 2108 2570; x_wconf 89' lang='lat' dir='ltr'><strong>nar-</strong></span> 
     </span>
    </p>
   </div>
   <div class='ocr_carea' id='block_1_29' title="bbox 522 2603 2140 2676">
    <p class='ocr_par' dir='ltr' id='par_1_29' title="bbox 522 2603 2140 2676">
     <span class='ocr_line' id='line_1_29' title="bbox 522 2603 2140 2676; baseline -0.003 -12"><span class='ocrx_word' id='word_1_203' title='bbox 522 2611 738 2676; x_wconf 84' lang='lat' dir='ltr'><strong>rabant,</strong></span> <span class='ocrx_word' id='word_1_204' title='bbox 777 2618 872 2664; x_wconf 86' lang='lat' dir='ltr'><strong>aut</strong></span> <span class='ocrx_word' id='word_1_205' title='bbox 920 2606 1240 2671; x_wconf 77' lang='lat' dir='ltr'><strong>interfuere,</strong></span> <span class='ocrx_word' id='word_1_206' title='bbox 1298 2613 1392 2660; x_wconf 89' lang='lat' dir='ltr'><strong>aut</strong></span> <span class='ocrx_word' id='word_1_207' title='bbox 1447 2606 1502 2660; x_wconf 92' lang='lat' dir='ltr'><strong>in</strong></span> <span class='ocrx_word' id='word_1_208' title='bbox 1540 2605 1735 2676; x_wconf 87' lang='lat' dir='ltr'><strong>seipsis</strong></span> <span class='ocrx_word' id='word_1_209' title='bbox 1778 2620 1843 2660; x_wconf 90' lang='lat' dir='ltr'><strong>ea</strong></span> <span class='ocrx_word' id='word_1_210' title='bbox 1891 2603 2140 2673; x_wconf 80' lang='lat' dir='ltr'><strong>experti</strong></span> 
     </span>
    </p>
   </div>
   <div class='ocr_carea' id='block_1_30' title="bbox 521 2679 2109 2796">
    <p class='ocr_par' dir='ltr' id='par_1_30' title="bbox 521 2679 2109 2796">
     <span class='ocr_line' id='line_1_30' title="bbox 521 2679 2109 2796; baseline -0.004 -43"><span class='ocrx_word' id='word_1_211' title='bbox 521 2682 696 2765; x_wconf 74' lang='lat' dir='ltr'><strong>fuere,</strong></span> <span class='ocrx_word' id='word_1_212' title='bbox 736 2697 934 2796; x_wconf 44' lang='lat' dir='ltr'><strong>ant‘ab</strong></span> <span class='ocrx_word' id='word_1_213' title='bbox 964 2696 1070 2751; x_wconf 87' lang='lat' dir='ltr'><strong>illis</strong></span> <span class='ocrx_word' id='word_1_214' title='bbox 1129 2696 1220 2764; x_wconf 92' lang='lat' dir='ltr'><strong>qui</strong></span> <span class='ocrx_word' id='word_1_215' title='bbox 1251 2695 1432 2751; x_wconf 85' lang='lat' dir='ltr'><strong>testati</strong></span> <span class='ocrx_word' id='word_1_216' title='bbox 1477 2679 1605 2748; x_wconf 81' lang='lat' dir='ltr'><strong>sunt</strong></span> <span class='ocrx_word' id='word_1_217' title='bbox 1649 2708 1709 2748; x_wconf 89' lang='lat' dir='ltr'><strong>se</strong></span> <span class='ocrx_word' id='word_1_218' title='bbox 1763 2694 1891 2748; x_wconf 92' lang='lat' dir='ltr'><strong>dum</strong></span> <span class='ocrx_word' id='word_1_219' title='bbox 1910 2692 2109 2758; x_wconf 66' lang='lat' dir='ltr'><strong>tierent</strong></span> 
     </span>
    </p>
   </div>
   <div class='ocr_carea' id='block_1_31' title="bbox 523 2780 2108 2861">
    <p class='ocr_par' dir='ltr' id='par_1_31' title="bbox 523 2780 2108 2861">
     <span class='ocr_line' id='line_1_31' title="bbox 523 2780 2108 2861; baseline -0.007 -16"><span class='ocrx_word' id='word_1_220' title='bbox 523 2798 818 2861; x_wconf 60' lang='lat' dir='ltr'><strong>praesentes</strong></span> <span class='ocrx_word' id='word_1_221' title='bbox 841 2780 1034 2852; x_wconf 76' lang='lat' dir='ltr'><strong>fuisse,</strong></span> <span class='ocrx_word' id='word_1_222' title='bbox 1065 2799 1347 2853; x_wconf 88' lang='lat' dir='ltr'><strong>accepere.</strong></span> <span class='ocrx_word' id='word_1_223' title='bbox 1379 2783 1514 2850; x_wconf 70' lang='lat' dir='ltr'><strong>Qua:</strong></span> <span class='ocrx_word' id='word_1_224' title='bbox 1541 2791 1721 2861; x_wconf 82' lang='lat' dir='ltr'><strong>autem</strong></span> <span class='ocrx_word' id='word_1_225' title='bbox 1757 2780 1898 2837; x_wconf 89' lang='lat' dir='ltr'><strong>libro</strong></span> <span class='ocrx_word' id='word_1_226' title='bbox 1915 2796 2108 2836; x_wconf 87' lang='lat' dir='ltr'><strong>secun-</strong></span> 
     </span>
    </p>
   </div>
   <div class='ocr_carea' id='block_1_32' title="bbox 524 2855 2108 2946">
    <p class='ocr_par' dir='ltr' id='par_1_32' title="bbox 524 2855 2108 2946">
     <span class='ocr_line' id='line_1_32' title="bbox 524 2855 2108 2946; baseline -0.006 -11"><span class='ocrx_word' id='word_1_227' title='bbox 524 2855 596 2935; x_wconf 76' lang='lat' dir='ltr'><strong>do</strong></span> <span class='ocrx_word' id='word_1_228' title='bbox 623 2886 910 2942; x_wconf 86' lang='lat' dir='ltr'><strong>notantur,</strong></span> <span class='ocrx_word' id='word_1_229' title='bbox 931 2891 1068 2946; x_wconf 90' lang='lat' dir='ltr'><strong>pene</strong></span> <span class='ocrx_word' id='word_1_230' title='bbox 1101 2875 1284 2929; x_wconf 87' lang='lat' dir='ltr'><strong>omnia</strong></span> <span class='ocrx_word' id='word_1_231' title='bbox 1311 2882 1406 2927; x_wconf 89' lang='lat' dir='ltr'><strong>aut</strong></span> <span class='ocrx_word' id='word_1_232' title='bbox 1428 2872 1658 2943; x_wconf 81' lang='lat' dir='ltr'><strong>propriis</strong></span> <span class='ocrx_word' id='word_1_233' title='bbox 1680 2855 1850 2926; x_wconf 77' lang='lat' dir='ltr'><strong>oculis</strong></span> <span class='ocrx_word' id='word_1_234' title='bbox 1881 2870 2108 2926; x_wconf 88' lang='lat' dir='ltr'><strong>intuitus</strong></span> 
     </span>
    </p>
   </div>
   <div class='ocr_carea' id='block_1_33' title="bbox 523 2959 2102 3031">
    <p class='ocr_par' dir='ltr' id='par_1_33' title="bbox 523 2959 2102 3031">
     <span class='ocr_line' id='line_1_33' title="bbox 523 2959 2102 3031; baseline -0.006 -9"><span class='ocrx_word' id='word_1_235' title='bbox 523 2981 670 3031; x_wconf 75' lang='lat' dir='ltr'><strong>sum,</strong></span> <span class='ocrx_word' id='word_1_236' title='bbox 687 2973 780 3020; x_wconf 84' lang='lat' dir='ltr'><strong>aut</strong></span> <span class='ocrx_word' id='word_1_237' title='bbox 805 2965 992 3020; x_wconf 89' lang='lat' dir='ltr'><strong>auditu</strong></span> <span class='ocrx_word' id='word_1_238' title='bbox 1019 2963 1231 3018; x_wconf 88' lang='lat' dir='ltr'><strong>aurium</strong></span> <span class='ocrx_word' id='word_1_239' title='bbox 1263 2961 1431 3027; x_wconf 88' lang='lat' dir='ltr'><strong>sensi,</strong></span> <span class='ocrx_word' id='word_1_240' title='bbox 1461 2970 1557 3014; x_wconf 91' lang='lat' dir='ltr'><strong>aut</strong></span> <span class='ocrx_word' id='word_1_241' title='bbox 1582 2959 1689 3015; x_wconf 90' lang='lat' dir='ltr'><strong>alio</strong></span> <span class='ocrx_word' id='word_1_242' title='bbox 1716 2959 1900 3028; x_wconf 88' lang='lat' dir='ltr'><strong>aliquo</strong></span> <span class='ocrx_word' id='word_1_243' title='bbox 1923 2960 2102 3021; x_wconf 84' lang='lat' dir='ltr'><strong>modo,</strong></span> 
     </span>
    </p>
   </div>
   <div class='ocr_carea' id='block_1_34' title="bbox 504 3049 2110 3130">
    <p class='ocr_par' dir='ltr' id='par_1_34' title="bbox 504 3049 2110 3130">
     <span class='ocr_line' id='line_1_34' title="bbox 504 3049 2110 3130; baseline -0.006 -18"><span class='ocrx_word' id='word_1_244' title='bbox 504 3067 709 3130; x_wconf 72' lang='lat' dir='ltr'><strong>utpote</strong></span> <span class='ocrx_word' id='word_1_245' title='bbox 734 3057 824 3128; x_wconf 89' lang='lat' dir='ltr'><strong>qui</strong></span> <span class='ocrx_word' id='word_1_246' title='bbox 853 3054 969 3125; x_wconf 83' lang='lat' dir='ltr'><strong>ejus</strong></span> <span class='ocrx_word' id='word_1_247' title='bbox 1001 3055 1288 3126; x_wconf 70' lang='lat' dir='ltr'><strong>praesentia</strong></span> <span class='ocrx_word' id='word_1_248' title='bbox 1313 3051 1518 3123; x_wconf 84' lang='lat' dir='ltr'><strong>jugiter</strong></span> <span class='ocrx_word' id='word_1_249' title='bbox 1541 3065 1608 3105; x_wconf 83' lang='lat' dir='ltr'><strong>ex</strong></span> <span class='ocrx_word' id='word_1_250' title='bbox 1652 3064 1760 3118; x_wconf 92' lang='lat' dir='ltr'><strong>quo</strong></span> <span class='ocrx_word' id='word_1_251' title='bbox 1790 3049 2110 3119; x_wconf 80' lang='lat' dir='ltr'><strong>pontificatu</strong></span> 
     </span>
    </p>
   </div>
   <div class='ocr_carea' id='block_1_35' title="bbox 525 3139 2110 3216">
    <p class='ocr_par' dir='ltr' id='par_1_35' title="bbox 525 3139 2110 3216">
     <span class='ocr_line' id='line_1_35' title="bbox 525 3139 2110 3216; baseline -0.008 -12"><span class='ocrx_word' id='word_1_252' title='bbox 525 3149 743 3208; x_wconf 48' lang='lat' dir='ltr'><strong>tinctus</strong></span> <span class='ocrx_word' id='word_1_253' title='bbox 766 3155 852 3204; x_wconf 79' lang='lat' dir='ltr'><strong>est</strong></span> <span class='ocrx_word' id='word_1_254' title='bbox 872 3148 1078 3216; x_wconf 73' lang='lat' dir='ltr'><strong>potitus&quot;</strong></span> <span class='ocrx_word' id='word_1_255' title='bbox 1101 3159 1243 3210; x_wconf 88' lang='lat' dir='ltr'><strong>sum,</strong></span> <span class='ocrx_word' id='word_1_256' title='bbox 1265 3157 1364 3212; x_wconf 87' lang='lat' dir='ltr'><strong>per</strong></span> <span class='ocrx_word' id='word_1_257' title='bbox 1381 3141 1757 3210; x_wconf 89' lang='lat' dir='ltr'><strong>memetipsum</strong></span> <span class='ocrx_word' id='word_1_258' title='bbox 1782 3139 2110 3207; x_wconf 85' lang='lat' dir='ltr'><strong>Eadmerum</strong></span> 
     </span>
    </p>
   </div>
   <div class='ocr_carea' id='block_1_36' title="bbox 527 3227 2109 3297">
    <p class='ocr_par' dir='ltr' id='par_1_36' title="bbox 527 3227 2109 3297">
     <span class='ocr_line' id='line_1_36' title="bbox 527 3227 2109 3297; baseline -0.008 -4"><span class='ocrx_word' id='word_1_259' title='bbox 527 3238 784 3293; x_wconf 82' lang='lat' dir='ltr'><strong>addicere</strong></span> <span class='ocrx_word' id='word_1_260' title='bbox 819 3235 1011 3291; x_wconf 90' lang='lat' dir='ltr'><strong>merui.</strong></span> <span class='ocrx_word' id='word_1_261' title='bbox 1044 3232 1199 3288; x_wconf 80' lang='lat' dir='ltr'><strong>Falsa</strong></span> <span class='ocrx_word' id='word_1_262' title='bbox 1232 3245 1362 3286; x_wconf 90' lang='lat' dir='ltr'><strong>vero</strong></span> <span class='ocrx_word' id='word_1_263' title='bbox 1391 3230 1634 3285; x_wconf 78' lang='lat' dir='ltr'><strong>scienter</strong></span> <span class='ocrx_word' id='word_1_264' title='bbox 1655 3228 1889 3297; x_wconf 87' lang='lat' dir='ltr'><strong>aliquem</strong></span> <span class='ocrx_word' id='word_1_265' title='bbox 1937 3227 1992 3281; x_wconf 91' lang='lat' dir='ltr'><strong>in</strong></span> <span class='ocrx_word' id='word_1_266' title='bbox 2021 3242 2109 3282; x_wconf 86' lang='lat' dir='ltr'><strong>sa-</strong></span> 
     </span>
    </p>
   </div>
   <div class='ocr_carea' id='block_1_37' title="bbox 527 3316 2109 3396">
    <p class='ocr_par' dir='ltr' id='par_1_37' title="bbox 527 3316 2109 3396">
     <span class='ocr_line' id='line_1_37' title="bbox 527 3316 2109 3396; baseline -0.009 -12"><span class='ocrx_word' id='word_1_267' title='bbox 527 3327 638 3384; x_wconf 83' lang='lat' dir='ltr'><strong>eris</strong></span> <span class='ocrx_word' id='word_1_268' title='bbox 663 3326 907 3383; x_wconf 87' lang='lat' dir='ltr'><strong>historiis</strong></span> <span class='ocrx_word' id='word_1_269' title='bbox 958 3325 1224 3396; x_wconf 67' lang='lat' dir='ltr'><strong>scribere~</strong></span> <span class='ocrx_word' id='word_1_270' title='bbox 1259 3320 1412 3376; x_wconf 82' lang='lat' dir='ltr'><strong>nefas</strong></span> <span class='ocrx_word' id='word_1_271' title='bbox 1456 3333 1576 3376; x_wconf 90' lang='lat' dir='ltr'><strong>esse</strong></span> <span class='ocrx_word' id='word_1_272' title='bbox 1622 3318 1933 3389; x_wconf 85' lang='lat' dir='ltr'><strong>pronuntio.</strong></span> <span class='ocrx_word' id='word_1_273' title='bbox 1972 3316 2109 3372; x_wconf 82' lang='lat' dir='ltr'><strong>Nam</strong></span> 
     </span>
    </p>
   </div>
   <div class='ocr_carea' id='block_1_38' title="bbox 530 3406 2112 3488">
    <p class='ocr_par' dir='ltr' id='par_1_38' title="bbox 530 3406 2112 3488">
     <span class='ocr_line' id='line_1_38' title="bbox 530 3406 2112 3488; baseline -0.008 -15"><span class='ocrx_word' id='word_1_274' title='bbox 530 3410 741 3488; x_wconf 80' lang='lat' dir='ltr'><strong>quoties</strong></span> <span class='ocrx_word' id='word_1_275' title='bbox 787 3416 946 3473; x_wconf 89' lang='lat' dir='ltr'><strong>eavel</strong></span> <span class='ocrx_word' id='word_1_276' title='bbox 986 3417 1253 3484; x_wconf 83' lang='lat' dir='ltr'><strong>leguntur,</strong></span> <span class='ocrx_word' id='word_1_277' title='bbox 1283 3413 1371 3467; x_wconf 85' lang='lat' dir='ltr'><strong>vel</strong></span> <span class='ocrx_word' id='word_1_278' title='bbox 1429 3411 1741 3474; x_wconf 89' lang='lat' dir='ltr'><strong>audiuntur,</strong></span> <span class='ocrx_word' id='word_1_279' title='bbox 1775 3409 1955 3462; x_wconf 88' lang='lat' dir='ltr'><strong>anima</strong></span> <span class='ocrx_word' id='word_1_280' title='bbox 1977 3406 2112 3460; x_wconf 89' lang='lat' dir='ltr'><strong>scri-</strong></span> 
     </span>
    </p>
   </div>
   <div class='ocr_carea' id='block_1_39' title="bbox 531 3495 2110 3580">
    <p class='ocr_par' dir='ltr' id='par_1_39' title="bbox 531 3495 2110 3580">
     <span class='ocr_line' id='line_1_39' title="bbox 531 3495 2110 3580; baseline -0.008 -18"><span class='ocrx_word' id='word_1_281' title='bbox 531 3509 700 3580; x_wconf 82' lang='lat' dir='ltr'><strong>ptoris</strong></span> <span class='ocrx_word' id='word_1_282' title='bbox 724 3508 1014 3573; x_wconf 84' lang='lat' dir='ltr'><strong>occiditur,</strong></span> <span class='ocrx_word' id='word_1_283' title='bbox 1046 3520 1112 3560; x_wconf 90' lang='lat' dir='ltr'><strong>eo</strong></span> <span class='ocrx_word' id='word_1_284' title='bbox 1137 3503 1280 3574; x_wconf 89' lang='lat' dir='ltr'><strong>quod</strong></span> <span class='ocrx_word' id='word_1_285' title='bbox 1315 3501 1565 3558; x_wconf 89' lang='lat' dir='ltr'><strong>omnibus</strong></span> <span class='ocrx_word' id='word_1_286' title='bbox 1596 3514 1696 3570; x_wconf 89' lang='lat' dir='ltr'><strong>per</strong></span> <span class='ocrx_word' id='word_1_287' title='bbox 1729 3512 1795 3553; x_wconf 90' lang='lat' dir='ltr'><strong>ea</strong></span> <span class='ocrx_word' id='word_1_288' title='bbox 1821 3513 1938 3580; x_wconf 80' lang='lat' dir='ltr'><strong>quae</strong></span> <span class='ocrx_word' id='word_1_289' title='bbox 1974 3495 2110 3550; x_wconf 85' lang='lat' dir='ltr'><strong>falso</strong></span> 
     </span>
    </p>
   </div>
   <div class='ocr_carea' id='block_1_40' title="bbox 531 3574 1886 3668">
    <p class='ocr_par' dir='ltr' id='par_1_40' title="bbox 531 3574 1886 3668">
     <span class='ocr_line' id='line_1_40' title="bbox 531 3574 1886 3668; baseline -0.011 -15"><span class='ocrx_word' id='word_1_290' title='bbox 531 3598 749 3668; x_wconf 82' lang='lat' dir='ltr'><strong>scripsit</strong></span> <span class='ocrx_word' id='word_1_291' title='bbox 769 3595 989 3651; x_wconf 89' lang='lat' dir='ltr'><strong>infando</strong></span> <span class='ocrx_word' id='word_1_292' title='bbox 1014 3609 1112 3650; x_wconf 91' lang='lat' dir='ltr'><strong>ore</strong></span> <span class='ocrx_word' id='word_1_293' title='bbox 1146 3593 1431 3648; x_wconf 87' lang='lat' dir='ltr'><strong>mentitur.</strong></span> <span class='ocrx_word' id='word_1_294' title='bbox 1876 3574 1886 3582; x_wconf 74' lang='grc'><em>’</em></span> 
     </span>
    </p>
   </div>
   <div class='ocr_carea' id='block_1_41' title="bbox 602 3677 2107 3761">
    <p class='ocr_par' dir='ltr' id='par_1_41' title="bbox 602 3677 2107 3761">
     <span class='ocr_line' id='line_1_41' title="bbox 602 3677 2107 3761; baseline -0.009 -19"><span class='ocrx_word' id='word_1_295' title='bbox 602 3688 713 3759; x_wconf 68' lang='grc'><strong>(45)</strong></span> <span class='ocrx_word' id='word_1_296' title='bbox 741 3687 893 3761; x_wconf 66' lang='lat' dir='ltr'><strong>[Cm</strong></span> <span class='ocrx_word' id='word_1_297' title='bbox 925 3683 1158 3755; x_wconf 69' lang='lat' dir='ltr'><strong>LXVIM</strong></span> <span class='ocrx_word' id='word_1_298' title='bbox 1217 3682 1483 3738; x_wconf 78' lang='lat' dir='ltr'><strong>Praeterea</strong></span> <span class='ocrx_word' id='word_1_299' title='bbox 1519 3694 1643 3734; x_wconf 89' lang='lat' dir='ltr'><strong>cum</strong></span> <span class='ocrx_word' id='word_1_300' title='bbox 1688 3677 1840 3746; x_wconf 81' lang='lat' dir='ltr'><strong>Operi</strong></span> <span class='ocrx_word' id='word_1_301' title='bbox 1890 3689 2107 3729; x_wconf 90' lang='lat' dir='ltr'><strong>manum</strong></span> 
     </span>
    </p>
   </div>
   <div class='ocr_carea' id='block_1_42' title="bbox 530 3766 2112 3844">
    <p class='ocr_par' dir='ltr' id='par_1_42' title="bbox 530 3766 2112 3844">
     <span class='ocr_line' id='line_1_42' title="bbox 530 3766 2112 3844; baseline -0.009 -16"><span class='ocrx_word' id='word_1_302' title='bbox 530 3775 709 3844; x_wconf 81' lang='lat' dir='ltr'><strong>primo</strong></span> <span class='ocrx_word' id='word_1_303' title='bbox 739 3773 1111 3842; x_wconf 77' lang='lat' dir='ltr'><strong>imposuissem</strong></span> <span class='ocrx_word' id='word_1_304' title='bbox 1151 3778 1206 3823; x_wconf 91' lang='lat' dir='ltr'><strong>et</strong></span> <span class='ocrx_word' id='word_1_305' title='bbox 1236 3785 1355 3836; x_wconf 76' lang='lat' dir='ltr'><strong>qua:</strong></span> <span class='ocrx_word' id='word_1_306' title='bbox 1383 3768 1435 3821; x_wconf 91' lang='lat' dir='ltr'><strong>iu</strong></span> <span class='ocrx_word' id='word_1_307' title='bbox 1460 3782 1581 3822; x_wconf 88' lang='lat' dir='ltr'><strong>cera</strong></span> <span class='ocrx_word' id='word_1_308' title='bbox 1610 3766 1964 3827; x_wconf 86' lang='lat' dir='ltr'><strong>dictaveram,</strong></span> <span class='ocrx_word' id='word_1_309' title='bbox 1989 3770 2112 3830; x_wconf 81' lang='lat' dir='ltr'><strong>per-</strong></span> 
     </span>
    </p>
   </div>
   <div class='ocr_carea' id='block_1_43' title="bbox 533 3851 2112 3934">
    <p class='ocr_par' dir='ltr' id='par_1_43' title="bbox 533 3851 2112 3934">
     <span class='ocr_line' id='line_1_43' title="bbox 533 3851 2112 3934; baseline -0.008 -16"><span class='ocrx_word' id='word_1_310' title='bbox 533 3877 774 3934; x_wconf 72' lang='lat' dir='ltr'><strong>gamena:</strong></span> <span class='ocrx_word' id='word_1_311' title='bbox 809 3876 999 3931; x_wconf 86' lang='lat' dir='ltr'><strong>magna</strong></span> <span class='ocrx_word' id='word_1_312' title='bbox 1046 3873 1112 3914; x_wconf 82' lang='lat' dir='ltr'><strong>ex</strong></span> <span class='ocrx_word' id='word_1_313' title='bbox 1167 3867 1322 3928; x_wconf 89' lang='lat' dir='ltr'><strong>parte</strong></span> <span class='ocrx_word' id='word_1_314' title='bbox 1348 3857 1696 3912; x_wconf 87' lang='lat' dir='ltr'><strong>tradidissem</strong></span> <span class='ocrx_word' id='word_1_315' title='bbox 1749 3853 1981 3922; x_wconf 87' lang='lat' dir='ltr'><strong>qundam</strong></span> <span class='ocrx_word' id='word_1_316' title='bbox 2025 3851 2112 3906; x_wconf 89' lang='lat' dir='ltr'><strong>die</strong></span> 
     </span>
    </p>
   </div>
   <div class='ocr_carea' id='block_1_44' title="bbox 533 3940 2114 4022">
    <p class='ocr_par' dir='ltr' id='par_1_44' title="bbox 533 3940 2114 4022">
     <span class='ocr_line' id='line_1_44' title="bbox 533 3940 2114 4022; baseline -0.008 -16"><span class='ocrx_word' id='word_1_317' title='bbox 533 3954 648 4022; x_wconf 88' lang='lat' dir='ltr'><strong>ipse</strong></span> <span class='ocrx_word' id='word_1_318' title='bbox 691 3951 850 4006; x_wconf 80' lang='lat' dir='ltr'><strong>Pater</strong></span> <span class='ocrx_word' id='word_1_319' title='bbox 890 3949 1176 4004; x_wconf 85' lang='lat' dir='ltr'><strong>Anselmus</strong></span> <span class='ocrx_word' id='word_1_320' title='bbox 1199 3948 1460 4002; x_wconf 86' lang='lat' dir='ltr'><strong>secretius</strong></span> <span class='ocrx_word' id='word_1_321' title='bbox 1492 3960 1575 3998; x_wconf 89' lang='lat' dir='ltr'><strong>me</strong></span> <span class='ocrx_word' id='word_1_322' title='bbox 1621 3942 1893 4007; x_wconf 82' lang='lat' dir='ltr'><strong>convenit,</strong></span> <span class='ocrx_word' id='word_1_323' title='bbox 1922 3940 2114 3995; x_wconf 86' lang='lat' dir='ltr'><strong>scisci-</strong></span> 
     </span>
    </p>
   </div>
   <div class='ocr_carea' id='block_1_45' title="bbox 487 4031 2113 4111">
    <p class='ocr_par' dir='ltr' id='par_1_45' title="bbox 487 4031 2113 4111">
     <span class='ocr_line' id='line_1_45' title="bbox 487 4031 2113 4111; baseline -0.009 -15"><span class='ocrx_word' id='word_1_324' title='bbox 487 4099 490 4106; x_wconf 65' lang='grc'>,</span> <span class='ocrx_word' id='word_1_325' title='bbox 517 4054 652 4111; x_wconf 31' lang='lat' dir='ltr'><strong>‘tans</strong></span> <span class='ocrx_word' id='word_1_326' title='bbox 679 4041 807 4111; x_wconf 88' lang='lat' dir='ltr'><strong>quid</strong></span> <span class='ocrx_word' id='word_1_327' title='bbox 836 4042 1118 4102; x_wconf 86' lang='lat' dir='ltr'><strong>dictarem,</strong></span> <span class='ocrx_word' id='word_1_328' title='bbox 1151 4037 1279 4104; x_wconf 88' lang='lat' dir='ltr'><strong>quid</strong></span> <span class='ocrx_word' id='word_1_329' title='bbox 1308 4035 1698 4103; x_wconf 87' lang='lat' dir='ltr'><strong>scriptitarem.</strong></span> <span class='ocrx_word' id='word_1_330' title='bbox 1725 4031 1825 4086; x_wconf 90' lang='lat' dir='ltr'><strong>Cui</strong></span> <span class='ocrx_word' id='word_1_331' title='bbox 1855 4045 1975 4084; x_wconf 90' lang='lat' dir='ltr'><strong>cum</strong></span> <span class='ocrx_word' id='word_1_332' title='bbox 2000 4043 2113 4083; x_wconf 86' lang='lat' dir='ltr'><strong>rem</strong></span> 
     </span>
    </p>
   </div>
   <div class='ocr_carea' id='block_1_46' title="bbox 531 4123 2118 4204">
    <p class='ocr_par' dir='ltr' id='par_1_46' title="bbox 531 4123 2118 4204">
     <span class='ocr_line' id='line_1_46' title="bbox 531 4123 2118 4204; baseline -0.01 -14"><span class='ocrx_word' id='word_1_333' title='bbox 531 4134 700 4204; x_wconf 80' lang='lat' dir='ltr'><strong>magis</strong></span> <span class='ocrx_word' id='word_1_334' title='bbox 722 4131 936 4187; x_wconf 82' lang='lat' dir='ltr'><strong>silentio</strong></span> <span class='ocrx_word' id='word_1_335' title='bbox 960 4140 1141 4201; x_wconf 86' lang='lat' dir='ltr'><strong>tegere</strong></span> <span class='ocrx_word' id='word_1_336' title='bbox 1169 4143 1330 4197; x_wconf 88' lang='lat' dir='ltr'><strong>quam</strong></span> <span class='ocrx_word' id='word_1_337' title='bbox 1352 4129 1602 4196; x_wconf 83' lang='lat' dir='ltr'><strong>detegere</strong></span> <span class='ocrx_word' id='word_1_338' title='bbox 1625 4123 1955 4187; x_wconf 83' lang='lat' dir='ltr'><strong>maluissem,</strong></span> <span class='ocrx_word' id='word_1_339' title='bbox 1980 4135 2118 4190; x_wconf 61' lang='lat' dir='ltr'><strong>prae-</strong></span> 
     </span>
    </p>
   </div>
   <div class='ocr_carea' id='block_1_47' title="bbox 531 4214 2111 4294">
    <p class='ocr_par' dir='ltr' id='par_1_47' title="bbox 531 4214 2111 4294">
     <span class='ocr_line' id='line_1_47' title="bbox 531 4214 2111 4294; baseline -0.009 -16"><span class='ocrx_word' id='word_1_340' title='bbox 531 4223 674 4294; x_wconf 81' lang='lat' dir='ltr'><strong>cepit</strong></span> <span class='ocrx_word' id='word_1_341' title='bbox 704 4233 968 4291; x_wconf 75' lang='lat' dir='ltr'><strong>quatenus</strong></span> <span class='ocrx_word' id='word_1_342' title='bbox 991 4229 1084 4276; x_wconf 89' lang='lat' dir='ltr'><strong>aut</strong></span> <span class='ocrx_word' id='word_1_343' title='bbox 1113 4229 1292 4288; x_wconf 71' lang='lat' dir='ltr'><strong>empto</strong></span> <span class='ocrx_word' id='word_1_344' title='bbox 1311 4217 1578 4271; x_wconf 88' lang='lat' dir='ltr'><strong>desistens</strong></span> <span class='ocrx_word' id='word_1_345' title='bbox 1605 4215 1726 4269; x_wconf 82' lang='lat' dir='ltr'><strong>aliis</strong></span> <span class='ocrx_word' id='word_1_346' title='bbox 1756 4214 2111 4273; x_wconf 86' lang='lat' dir='ltr'><strong>intenderem,</strong></span> 
     </span>
    </p>
   </div>
   <div class='ocr_carea' id='block_1_48' title="bbox 531 4293 2112 4383">
    <p class='ocr_par' dir='ltr' id='par_1_48' title="bbox 531 4293 2112 4383">
     <span class='ocr_line' id='line_1_48' title="bbox 531 4293 2112 4383; baseline -0.009 -15"><span class='ocrx_word' id='word_1_347' title='bbox 531 4324 755 4383; x_wconf 72' lang='lat' dir='ltr'><strong>autqurr.</strong></span> <span class='ocrx_word' id='word_1_348' title='bbox 783 4313 1083 4366; x_wconf 85' lang='lat' dir='ltr'><strong>scribebam</strong></span> <span class='ocrx_word' id='word_1_349' title='bbox 1129 4309 1230 4364; x_wconf 82' lang='lat' dir='ltr'><strong>sibi</strong></span> <span class='ocrx_word' id='word_1_350' title='bbox 1261 4293 1625 4362; x_wconf 86' lang='lat' dir='ltr'><strong>ostenderem.</strong></span> <span class='ocrx_word' id='word_1_351' title='bbox 1675 4305 1785 4374; x_wconf 81' lang='lat' dir='ltr'><strong>Ego</strong></span> <span class='ocrx_word' id='word_1_352' title='bbox 1808 4311 1985 4356; x_wconf 85' lang='lat' dir='ltr'><strong>autem</strong></span> <span class='ocrx_word' id='word_1_353' title='bbox 2022 4300 2112 4369; x_wconf 85' lang='lat' dir='ltr'><strong>qui</strong></span> 
     </span>
    </p>
   </div>
   <div class='ocr_carea' id='block_1_49' title="bbox 527 4392 2117 4477">
    <p class='ocr_par' dir='ltr' id='par_1_49' title="bbox 527 4392 2117 4477">
     <span class='ocr_line' id='line_1_49' title="bbox 527 4392 2117 4477; baseline -0.009 -17"><span class='ocrx_word' id='word_1_354' title='bbox 527 4407 637 4477; x_wconf 83' lang='lat' dir='ltr'><strong>jam</strong></span> <span class='ocrx_word' id='word_1_355' title='bbox 679 4406 729 4460; x_wconf 76' lang='lat' dir='ltr'><strong>in</strong></span> <span class='ocrx_word' id='word_1_356' title='bbox 757 4403 1028 4458; x_wconf 72' lang='lat' dir='ltr'><strong>uoanullis</strong></span> <span class='ocrx_word' id='word_1_357' title='bbox 1051 4416 1170 4471; x_wconf 85' lang='lat' dir='ltr'><strong>quae</strong></span> <span class='ocrx_word' id='word_1_358' title='bbox 1217 4399 1544 4467; x_wconf 85' lang='lat' dir='ltr'><strong>scripseram</strong></span> <span class='ocrx_word' id='word_1_359' title='bbox 1577 4396 1696 4464; x_wconf 86' lang='lat' dir='ltr'><strong>ejus</strong></span> <span class='ocrx_word' id='word_1_360' title='bbox 1719 4410 1820 4464; x_wconf 84' lang='lat' dir='ltr'><strong>ope</strong></span> <span class='ocrx_word' id='word_1_361' title='bbox 1864 4392 2034 4447; x_wconf 81' lang='lat' dir='ltr'><strong>fretus</strong></span> <span class='ocrx_word' id='word_1_362' title='bbox 2061 4401 2117 4445; x_wconf 91' lang='lat' dir='ltr'><strong>et</strong></span> 
     </span>
    </p>
   </div>
   <div class='ocr_carea' id='block_1_50' title="bbox 533 4481 2110 4553">
    <p class='ocr_par' dir='ltr' id='par_1_50' title="bbox 533 4481 2110 4553">
     <span class='ocr_line' id='line_1_50' title="bbox 533 4481 2110 4553; baseline -0.011 -1"><span class='ocrx_word' id='word_1_363' title='bbox 533 4496 906 4552; x_wconf 77' lang='lat' dir='ltr'><strong>emendatione</strong></span> <span class='ocrx_word' id='word_1_364' title='bbox 960 4493 1168 4547; x_wconf 87' lang='lat' dir='ltr'><strong>fueram</strong></span> <span class='ocrx_word' id='word_1_365' title='bbox 1227 4490 1530 4550; x_wconf 86' lang='lat' dir='ltr'><strong>roboratus,</strong></span> <span class='ocrx_word' id='word_1_366' title='bbox 1579 4488 1754 4542; x_wconf 90' lang='lat' dir='ltr'><strong>libens</strong></span> <span class='ocrx_word' id='word_1_367' title='bbox 1785 4481 2110 4553; x_wconf 83' lang='lat' dir='ltr'><strong>parui,spe-</strong></span> 
     </span>
    </p>
   </div>
   <div class='ocr_carea' id='block_1_51' title="bbox 605 4615 2111 4698">
    <p class='ocr_par' dir='ltr' id='par_1_51' title="bbox 605 4615 2111 4698">
     <span class='ocr_line' id='line_1_51' title="bbox 605 4615 2111 4698; baseline -0.011 -14"><span class='ocrx_word' id='word_1_368' title='bbox 605 4630 715 4698; x_wconf 61' lang='lat'><strong>(45)</strong></span> <span class='ocrx_word' id='word_1_369' title='bbox 747 4628 986 4682; x_wconf 71' lang='lat' dir='ltr'><strong>llalietur</strong></span> <span class='ocrx_word' id='word_1_370' title='bbox 1009 4626 1062 4679; x_wconf 86' lang='lat' dir='ltr'><strong>in</strong></span> <span class='ocrx_word' id='word_1_371' title='bbox 1096 4622 1623 4698; x_wconf 28' lang='lat' dir='ltr'><strong>ma‘rginemalterius</strong></span> <span class='ocrx_word' id='word_1_372' title='bbox 1682 4616 1886 4698; x_wconf 74' lang='lat' dir='ltr'><strong>codicis</strong></span> <span class='ocrx_word' id='word_1_373' title='bbox 1923 4615 2111 4698; x_wconf 56' lang='lat' dir='ltr'><strong>istlttec</strong></span> 
     </span>
    </p>
   </div>
   <div class='ocr_carea' id='block_1_52' title="bbox 538 4683 2112 4762">
    <p class='ocr_par' dir='ltr' id='par_1_52' title="bbox 538 4683 2112 4762">
     <span class='ocr_line' id='line_1_52' title="bbox 538 4683 2112 4762; baseline -0.013 -7"><span class='ocrx_word' id='word_1_374' title='bbox 538 4683 658 4755; x_wconf 68' lang='lat' dir='ltr'><strong>nota</strong></span> <span class='ocrx_word' id='word_1_375' title='bbox 689 4683 713 4751; x_wconf 73' lang='grc' dir='ltr'><strong>ε’</strong></span> <span class='ocrx_word' id='word_1_376' title='bbox 739 4699 1033 4751; x_wconf 63' lang='grc' dir='ltr'><strong>ἰίίι..¹ηιεῖκε</strong></span> <span class='ocrx_word' id='word_1_377' title='bbox 1057 4696 1142 4762; x_wconf 77' lang='lat' dir='ltr'><strong>qui</strong></span> <span class='ocrx_word' id='word_1_378' title='bbox 1169 4683 1307 4744; x_wconf 55' lang='lat' dir='ltr'><strong>hunc</strong></span> <span class='ocrx_word' id='word_1_379' title='bbox 1333 4692 1582 4748; x_wconf 51' lang='lat' dir='ltr'><strong>librum.»</strong></span> <span class='ocrx_word' id='word_1_380' title='bbox 1615 4686 1924 4757; x_wconf 78' lang='lat' dir='ltr'><strong>composuit,</strong></span> <span class='ocrx_word' id='word_1_381' title='bbox 1951 4685 2033 4737; x_wconf 75' lang='lat' dir='ltr'><strong>hic</strong></span> <span class='ocrx_word' id='word_1_382' title='bbox 2046 4683 2112 4750; x_wconf 78' lang='lat' dir='ltr'><strong>ﬁ-</strong></span> 
     </span>
    </p>
   </div>
   <div class='ocr_carea' id='block_1_53' title="bbox 1886 4811 1890 4838">
    <p class='ocr_par' dir='ltr' id='par_1_53' title="bbox 1886 4811 1890 4838">
     <span class='ocr_line' id='line_1_53' title="bbox 1886 4811 1890 4838; baseline 0 0"><span class='ocrx_word' id='word_1_383' title='bbox 1886 4811 1890 4838; x_wconf 60' lang='grc' dir='ltr'>ι</span> 
     </span>
    </p>
   </div>
   <div class='ocr_carea' id='block_1_54' title="bbox 2203 450 3782 530">
    <p class='ocr_par' dir='ltr' id='par_1_54' title="bbox 2203 450 3782 530">
     <span class='ocr_line' id='line_1_54' title="bbox 2203 450 3782 530; baseline 0.006 -26"><span class='ocrx_word' id='word_1_384' title='bbox 2203 460 2597 530; x_wconf 82' lang='lat' dir='ltr'><strong>correcturum,</strong></span> <span class='ocrx_word' id='word_1_385' title='bbox 2629 467 2750 520; x_wconf 82' lang='lat' dir='ltr'><strong>quae</strong></span> <span class='ocrx_word' id='word_1_386' title='bbox 2773 450 2930 506; x_wconf 89' lang='lat' dir='ltr'><strong>aliter</strong></span> <span class='ocrx_word' id='word_1_387' title='bbox 2970 467 3030 508; x_wconf 89' lang='lat' dir='ltr'><strong>se</strong></span> <span class='ocrx_word' id='word_1_388' title='bbox 3066 453 3335 510; x_wconf 81' lang='lat' dir='ltr'><strong>habebant</strong></span> <span class='ocrx_word' id='word_1_389' title='bbox 3395 455 3602 528; x_wconf 87' lang='lat' dir='ltr'><strong>singula</strong></span> <span class='ocrx_word' id='word_1_390' title='bbox 3657 457 3782 514; x_wconf 84' lang='lat' dir='ltr'><strong>loco</strong></span> 
     </span>
    </p>
   </div>
   <div class='ocr_carea' id='block_1_55' title="bbox 2202 541 3782 618">
    <p class='ocr_par' dir='ltr' id='par_1_55' title="bbox 2202 541 3782 618">
     <span class='ocr_line' id='line_1_55' title="bbox 2202 541 3782 618; baseline 0.003 -23"><span class='ocrx_word' id='word_1_391' title='bbox 2202 541 2302 595; x_wconf 90' lang='lat' dir='ltr'><strong>sibi</strong></span> <span class='ocrx_word' id='word_1_392' title='bbox 2325 541 2649 618; x_wconf 78' lang='lat' dir='ltr'><strong>competenti</strong></span> <span class='ocrx_word' id='word_1_393' title='bbox 2673 542 3072 598; x_wconf 86' lang='lat' dir='ltr'><strong>ordinaturum.</strong></span> <span class='ocrx_word' id='word_1_394' title='bbox 3097 542 3206 599; x_wconf 80' lang='lat' dir='ltr'><strong>Nec</strong></span> <span class='ocrx_word' id='word_1_395' title='bbox 3225 551 3317 599; x_wconf 86' lang='lat' dir='ltr'><strong>aut</strong></span> <span class='ocrx_word' id='word_1_396' title='bbox 3341 541 3465 615; x_wconf 81' lang='lat' dir='ltr'><strong>spes</strong></span> <span class='ocrx_word' id='word_1_397' title='bbox 3479 555 3576 616; x_wconf 82' lang='lat' dir='ltr'><strong>aut</strong></span> <span class='ocrx_word' id='word_1_398' title='bbox 3592 547 3782 617; x_wconf 90' lang='lat' dir='ltr'><strong>opinio</strong></span> 
     </span>
    </p>
   </div>
   <div class='ocr_carea' id='block_1_56' title="bbox 2200 629 3779 705">
    <p class='ocr_par' dir='ltr' id='par_1_56' title="bbox 2200 629 3779 705">
     <span class='ocr_line' id='line_1_56' title="bbox 2200 629 3779 705; baseline 0.004 -21"><span class='ocrx_word' id='word_1_399' title='bbox 2200 645 2321 685; x_wconf 88' lang='lat' dir='ltr'><strong>mea</strong></span> <span class='ocrx_word' id='word_1_400' title='bbox 2351 629 2542 686; x_wconf 76' lang='lat' dir='ltr'><strong>fefellit</strong></span> <span class='ocrx_word' id='word_1_401' title='bbox 2576 647 2682 687; x_wconf 88' lang='lat' dir='ltr'><strong>me.</strong></span> <span class='ocrx_word' id='word_1_402' title='bbox 2699 630 2976 702; x_wconf 85' lang='lat' dir='ltr'><strong>Siquidem</strong></span> <span class='ocrx_word' id='word_1_403' title='bbox 3006 633 3058 688; x_wconf 93' lang='lat' dir='ltr'><strong>in</strong></span> <span class='ocrx_word' id='word_1_404' title='bbox 3083 633 3201 701; x_wconf 88' lang='lat' dir='ltr'><strong>ipso</strong></span> <span class='ocrx_word' id='word_1_405' title='bbox 3222 635 3482 705; x_wconf 89' lang='lat' dir='ltr'><strong>opusculo</strong></span> <span class='ocrx_word' id='word_1_406' title='bbox 3521 635 3779 692; x_wconf 86' lang='lat' dir='ltr'><strong>nonnulla</strong></span> 
     </span>
    </p>
   </div>
   <div class='ocr_carea' id='block_1_57' title="bbox 2201 715 3846 796">
    <p class='ocr_par' dir='ltr' id='par_1_57' title="bbox 2201 715 3846 796">
     <span class='ocr_line' id='line_1_57' title="bbox 2201 715 3846 796; baseline 0.004 -21"><span class='ocrx_word' id='word_1_407' title='bbox 2201 720 2458 784; x_wconf 79' lang='lat' dir='ltr'><strong>correxit,</strong></span> <span class='ocrx_word' id='word_1_408' title='bbox 2491 721 2744 778; x_wconf 89' lang='lat' dir='ltr'><strong>nonnulla</strong></span> <span class='ocrx_word' id='word_1_409' title='bbox 2773 721 3060 790; x_wconf 83' lang='lat' dir='ltr'><strong>subvertit,</strong></span> <span class='ocrx_word' id='word_1_410' title='bbox 3077 725 3324 793; x_wconf 81' lang='lat' dir='ltr'><strong>quaedam</strong></span> <span class='ocrx_word' id='word_1_411' title='bbox 3350 725 3603 792; x_wconf 86' lang='lat' dir='ltr'><strong>mutavit,</strong></span> <span class='ocrx_word' id='word_1_412' title='bbox 3633 742 3780 796; x_wconf 73' lang='lat' dir='ltr'><strong>quae-</strong></span> <span class='ocrx_word' id='word_1_413' title='bbox 3843 715 3846 717; x_wconf 22' lang='grc' dir='ltr'>λ</span> 
     </span>
    </p>
   </div>
   <div class='ocr_carea' id='block_1_58' title="bbox 2201 806 3778 884">
    <p class='ocr_par' dir='ltr' id='par_1_58' title="bbox 2201 806 3778 884">
     <span class='ocr_line' id='line_1_58' title="bbox 2201 806 3778 884; baseline 0.001 -15"><span class='ocrx_word' id='word_1_414' title='bbox 2201 813 2328 870; x_wconf 90' lang='lat' dir='ltr'><strong>dam</strong></span> <span class='ocrx_word' id='word_1_415' title='bbox 2366 813 2634 884; x_wconf 86' lang='lat' dir='ltr'><strong>probavit.</strong></span> <span class='ocrx_word' id='word_1_416' title='bbox 2667 813 2819 870; x_wconf 88' lang='lat' dir='ltr'><strong>Unde</strong></span> <span class='ocrx_word' id='word_1_417' title='bbox 2841 830 2965 870; x_wconf 90' lang='lat' dir='ltr'><strong>cum</strong></span> <span class='ocrx_word' id='word_1_418' title='bbox 3026 815 3275 871; x_wconf 86' lang='lat' dir='ltr'><strong>nonnihil</strong></span> <span class='ocrx_word' id='word_1_419' title='bbox 3311 817 3497 873; x_wconf 80' lang='lat' dir='ltr'><strong>corde</strong></span> <span class='ocrx_word' id='word_1_420' title='bbox 3521 806 3778 882; x_wconf 68' lang='lat' dir='ltr'><strong>laetarer,</strong></span> 
     </span>
    </p>
   </div>
   <div class='ocr_carea' id='block_1_59' title="bbox 2200 902 3868 972">
    <p class='ocr_par' dir='ltr' id='par_1_59' title="bbox 2200 902 3868 972">
     <span class='ocr_line' id='line_1_59' title="bbox 2200 902 3868 972; baseline 0.001 -14"><span class='ocrx_word' id='word_1_421' title='bbox 2200 910 2256 958; x_wconf 88' lang='lat' dir='ltr'><strong>et</strong></span> <span class='ocrx_word' id='word_1_422' title='bbox 2275 903 2420 972; x_wconf 92' lang='lat' dir='ltr'><strong>quod</strong></span> <span class='ocrx_word' id='word_1_423' title='bbox 2443 902 2719 959; x_wconf 89' lang='lat' dir='ltr'><strong>edideram</strong></span> <span class='ocrx_word' id='word_1_424' title='bbox 2756 910 2905 959; x_wconf 84' lang='lat' dir='ltr'><strong>tanta</strong></span> <span class='ocrx_word' id='word_1_425' title='bbox 2931 919 2996 959; x_wconf 91' lang='lat' dir='ltr'><strong>ac</strong></span> <span class='ocrx_word' id='word_1_426' title='bbox 3023 904 3117 959; x_wconf 90' lang='lat' dir='ltr'><strong>tali</strong></span> <span class='ocrx_word' id='word_1_427' title='bbox 3146 905 3468 961; x_wconf 83' lang='lat' dir='ltr'><strong>auctoritate</strong></span> <span class='ocrx_word' id='word_1_428' title='bbox 3493 905 3780 961; x_wconf 79' lang='lat' dir='ltr'><strong>sun‘ultum</strong></span> <span class='ocrx_word' id='word_1_429' title='bbox 3857 945 3868 953; x_wconf 63' lang='grc' dir='ltr'><em>ς</em></span> 
     </span>
    </p>
   </div>
   <div class='ocr_carea' id='block_1_60' title="bbox 2201 985 3782 1066">
    <p class='ocr_par' dir='ltr' id='par_1_60' title="bbox 2201 985 3782 1066">
     <span class='ocr_line' id='line_1_60' title="bbox 2201 985 3782 1066; baseline 0.001 -20"><span class='ocrx_word' id='word_1_430' title='bbox 2201 991 2344 1048; x_wconf 78' lang='lat' dir='ltr'><strong>forte</strong></span> <span class='ocrx_word' id='word_1_431' title='bbox 2364 991 2483 1062; x_wconf 89' lang='lat' dir='ltr'><strong>plus</strong></span> <span class='ocrx_word' id='word_1_432' title='bbox 2518 985 2674 1062; x_wconf 71' lang='lat' dir='ltr'><strong>aequo</strong></span> <span class='ocrx_word' id='word_1_433' title='bbox 2697 1007 2866 1063; x_wconf 86' lang='lat' dir='ltr'><strong>penes</strong></span> <span class='ocrx_word' id='word_1_434' title='bbox 2895 993 3270 1064; x_wconf 84' lang='lat' dir='ltr'><strong>memetipsum</strong></span> <span class='ocrx_word' id='word_1_435' title='bbox 3315 993 3640 1048; x_wconf 82' lang='lat' dir='ltr'><strong>Eadmerum</strong></span> <span class='ocrx_word' id='word_1_436' title='bbox 3664 993 3782 1066; x_wconf 83' lang='lat' dir='ltr'><strong>glo-</strong></span> 
     </span>
    </p>
   </div>
   <div class='ocr_carea' id='block_1_61' title="bbox 2201 1075 3777 1162">
    <p class='ocr_par' dir='ltr' id='par_1_61' title="bbox 2201 1075 3777 1162">
     <span class='ocr_line' id='line_1_61' title="bbox 2201 1075 3777 1162; baseline 0.001 -25"><span class='ocrx_word' id='word_1_437' title='bbox 2201 1075 2375 1162; x_wconf 77' lang='lat' dir='ltr'><strong>riarer</strong></span> <span class='ocrx_word' id='word_1_438' title='bbox 2401 1091 2523 1156; x_wconf 85' lang='lat' dir='ltr'><strong>post</strong></span> <span class='ocrx_word' id='word_1_439' title='bbox 2551 1098 2752 1152; x_wconf 89' lang='lat' dir='ltr'><strong>paucos</strong></span> <span class='ocrx_word' id='word_1_440' title='bbox 2769 1083 3001 1140; x_wconf 87' lang='lat' dir='ltr'><strong>correcti</strong></span> <span class='ocrx_word' id='word_1_441' title='bbox 3039 1083 3221 1152; x_wconf 88' lang='lat' dir='ltr'><strong>operis</strong></span> <span class='ocrx_word' id='word_1_442' title='bbox 3261 1083 3376 1138; x_wconf 89' lang='lat' dir='ltr'><strong>dies</strong></span> <span class='ocrx_word' id='word_1_443' title='bbox 3399 1091 3610 1138; x_wconf 46' lang='lat' dir='ltr'><strong>vocato.</strong></span> <span class='ocrx_word' id='word_1_444' title='bbox 3638 1083 3777 1139; x_wconf 84' lang='lat' dir='ltr'><strong>mihi</strong></span> 
     </span>
    </p>
   </div>
   <div class='ocr_carea' id='block_1_62' title="bbox 2201 1171 3782 1243">
    <p class='ocr_par' dir='ltr' id='par_1_62' title="bbox 2201 1171 3782 1243">
     <span class='ocr_line' id='line_1_62' title="bbox 2201 1171 3782 1243; baseline -0.001 -15"><span class='ocrx_word' id='word_1_445' title='bbox 2201 1173 2268 1228; x_wconf 91' lang='lat' dir='ltr'><strong>ad</strong></span> <span class='ocrx_word' id='word_1_446' title='bbox 2304 1188 2364 1229; x_wconf 90' lang='lat' dir='ltr'><strong>se</strong></span> <span class='ocrx_word' id='word_1_447' title='bbox 2392 1171 2656 1243; x_wconf 26' lang='lat' dir='ltr'><strong>pontifex,</strong></span> <span class='ocrx_word' id='word_1_448' title='bbox 2683 1173 2801 1243; x_wconf 86' lang='lat' dir='ltr'><strong>ipse</strong></span> <span class='ocrx_word' id='word_1_449' title='bbox 2841 1172 3095 1243; x_wconf 74' lang='lat' dir='ltr'><strong>praecepit</strong></span> <span class='ocrx_word' id='word_1_450' title='bbox 3142 1183 3407 1241; x_wconf 88' lang='lat' dir='ltr'><strong>quatenus</strong></span> <span class='ocrx_word' id='word_1_451' title='bbox 3462 1172 3782 1242; x_wconf 87' lang='lat' dir='ltr'><strong>quaternio-</strong></span> 
     </span>
    </p>
   </div>
   <div class='ocr_carea' id='block_1_63' title="bbox 2199 1260 3782 1335">
    <p class='ocr_par' dir='ltr' id='par_1_63' title="bbox 2199 1260 3782 1335">
     <span class='ocr_line' id='line_1_63' title="bbox 2199 1260 3782 1335; baseline -0.003 -14"><span class='ocrx_word' id='word_1_452' title='bbox 2199 1278 2297 1321; x_wconf 88' lang='lat' dir='ltr'><strong>nes</strong></span> <span class='ocrx_word' id='word_1_453' title='bbox 2321 1265 2374 1319; x_wconf 93' lang='lat' dir='ltr'><strong>in</strong></span> <span class='ocrx_word' id='word_1_454' title='bbox 2403 1264 2600 1335; x_wconf 91' lang='lat' dir='ltr'><strong>quibus</strong></span> <span class='ocrx_word' id='word_1_455' title='bbox 2639 1264 2814 1332; x_wconf 89' lang='lat' dir='ltr'><strong>ipsum</strong></span> <span class='ocrx_word' id='word_1_456' title='bbox 2841 1277 2978 1331; x_wconf 88' lang='lat' dir='ltr'><strong>opus</strong></span> <span class='ocrx_word' id='word_1_457' title='bbox 3010 1262 3368 1334; x_wconf 67' lang='lat' dir='ltr'><strong>conieceram,</strong></span> <span class='ocrx_word' id='word_1_458' title='bbox 3405 1260 3637 1332; x_wconf 89' lang='lat' dir='ltr'><strong>&#39;penitus</strong></span> <span class='ocrx_word' id='word_1_459' title='bbox 3680 1262 3782 1316; x_wconf 86' lang='lat' dir='ltr'><strong>de-</strong></span> 
     </span>
    </p>
   </div>
   <div class='ocr_carea' id='block_1_64' title="bbox 2200 1350 3780 1423">
    <p class='ocr_par' dir='ltr' id='par_1_64' title="bbox 2200 1350 3780 1423">
     <span class='ocr_line' id='line_1_64' title="bbox 2200 1350 3780 1423; baseline -0.004 -13"><span class='ocrx_word' id='word_1_460' title='bbox 2200 1363 2498 1410; x_wconf 85' lang='lat' dir='ltr'><strong>strueretn:</strong></span> <span class='ocrx_word' id='word_1_461' title='bbox 2524 1353 2796 1423; x_wconf 85' lang='lat' dir='ltr'><strong>indignum</strong></span> <span class='ocrx_word' id='word_1_462' title='bbox 2811 1352 3051 1422; x_wconf 89' lang='lat' dir='ltr'><strong>profecto</strong></span> <span class='ocrx_word' id='word_1_463' title='bbox 3071 1366 3191 1408; x_wconf 87' lang='lat' dir='ltr'><strong>sese</strong></span> <span class='ocrx_word' id='word_1_464' title='bbox 3207 1352 3458 1422; x_wconf 88' lang='lat' dir='ltr'><strong>judicans</strong></span> <span class='ocrx_word' id='word_1_465' title='bbox 3481 1351 3636 1422; x_wconf 78' lang='lat' dir='ltr'><strong>cujus</strong></span> <span class='ocrx_word' id='word_1_466' title='bbox 3655 1350 3780 1404; x_wconf 88' lang='lat' dir='ltr'><strong>lan-</strong></span> 
     </span>
    </p>
   </div>
   <div class='ocr_carea' id='block_1_65' title="bbox 2199 1431 3778 1512">
    <p class='ocr_par' dir='ltr' id='par_1_65' title="bbox 2199 1431 3778 1512">
     <span class='ocr_line' id='line_1_65' title="bbox 2199 1431 3778 1512; baseline -0.006 -11"><span class='ocrx_word' id='word_1_467' title='bbox 2199 1444 2321 1501; x_wconf 83' lang='lat' dir='ltr'><strong>de‘m</strong></span> <span class='ocrx_word' id='word_1_468' title='bbox 2352 1452 2602 1499; x_wconf 88' lang='lat' dir='ltr'><strong>secutura</strong></span> <span class='ocrx_word' id='word_1_469' title='bbox 2631 1442 2918 1512; x_wconf 89' lang='lat' dir='ltr'><strong>posteritas</strong></span> <span class='ocrx_word' id='word_1_470' title='bbox 2945 1457 3011 1497; x_wconf 80' lang='lat' dir='ltr'><strong>ex</strong></span> <span class='ocrx_word' id='word_1_471' title='bbox 3059 1431 3362 1496; x_wconf 83' lang='lat' dir='ltr'><strong>litterarum</strong></span> <span class='ocrx_word' id='word_1_472' title='bbox 3423 1434 3778 1498; x_wconf 82' lang='lat' dir='ltr'><strong>monimentis</strong></span> 
     </span>
    </p>
   </div>
   <div class='ocr_carea' id='block_1_66' title="bbox 2199 1529 3769 1608">
    <p class='ocr_par' dir='ltr' id='par_1_66' title="bbox 2199 1529 3769 1608">
     <span class='ocr_line' id='line_1_66' title="bbox 2199 1529 3769 1608; baseline -0.007 -15"><span class='ocrx_word' id='word_1_473' title='bbox 2199 1535 2374 1608; x_wconf 82' lang='lat' dir='ltr'><strong>praetli</strong></span> <span class='ocrx_word' id='word_1_474' title='bbox 2400 1534 2640 1608; x_wconf 86' lang='lat' dir='ltr'><strong>cujusvis</strong></span> <span class='ocrx_word' id='word_1_475' title='bbox 2663 1534 2910 1589; x_wconf 86' lang='lat' dir='ltr'><strong>haberet.</strong></span> <span class='ocrx_word' id='word_1_476' title='bbox 2967 1530 3120 1598; x_wconf 87' lang='lat' dir='ltr'><strong>Quod</strong></span> <span class='ocrx_word' id='word_1_477' title='bbox 3146 1531 3400 1586; x_wconf 89' lang='lat' dir='ltr'><strong>nimirum</strong></span> <span class='ocrx_word' id='word_1_478' title='bbox 3433 1545 3613 1601; x_wconf 67' lang='lat' dir='ltr'><strong>aegre</strong></span> <span class='ocrx_word' id='word_1_479' title='bbox 3645 1529 3769 1584; x_wconf 85' lang='lat' dir='ltr'><strong>tuli.</strong></span> 
     </span>
    </p>
   </div>
   <div class='ocr_carea' id='block_1_67' title="bbox 2204 1619 3781 1694">
    <p class='ocr_par' dir='ltr' id='par_1_67' title="bbox 2204 1619 3781 1694">
     <span class='ocr_line' id='line_1_67' title="bbox 2204 1619 3781 1694; baseline -0.005 -10"><span class='ocrx_word' id='word_1_480' title='bbox 2204 1627 2323 1684; x_wconf 84' lang='lat' dir='ltr'><strong>Non</strong></span> <span class='ocrx_word' id='word_1_481' title='bbox 2347 1626 2556 1691; x_wconf 76' lang='lat' dir='ltr'><strong>audens</strong></span> <span class='ocrx_word' id='word_1_482' title='bbox 2575 1633 2753 1680; x_wconf 89' lang='lat' dir='ltr'><strong>tamen</strong></span> <span class='ocrx_word' id='word_1_483' title='bbox 2776 1623 2876 1694; x_wconf 90' lang='lat' dir='ltr'><strong>ipsi</strong></span> <span class='ocrx_word' id='word_1_484' title='bbox 2901 1630 3171 1693; x_wconf 72' lang='lat' dir='ltr'><strong>pmepto</strong></span> <span class='ocrx_word' id='word_1_485' title='bbox 3192 1621 3433 1676; x_wconf 85' lang='lat' dir='ltr'><strong>funditus</strong></span> <span class='ocrx_word' id='word_1_486' title='bbox 3456 1619 3781 1677; x_wconf 85' lang='lat' dir='ltr'><strong>inobediens</strong></span> 
     </span>
    </p>
   </div>
   <div class='ocr_carea' id='block_1_68' title="bbox 2207 1711 3775 1785">
    <p class='ocr_par' dir='ltr' id='par_1_68' title="bbox 2207 1711 3775 1785">
     <span class='ocr_line' id='line_1_68' title="bbox 2207 1711 3775 1785; baseline -0.007 -10"><span class='ocrx_word' id='word_1_487' title='bbox 2207 1733 2329 1776; x_wconf 89' lang='lat' dir='ltr'><strong>esse</strong></span> <span class='ocrx_word' id='word_1_488' title='bbox 2373 1731 2474 1773; x_wconf 89' lang='lat' dir='ltr'><strong>nec</strong></span> <span class='ocrx_word' id='word_1_489' title='bbox 2524 1730 2684 1785; x_wconf 88' lang='lat' dir='ltr'><strong>opus,</strong></span> <span class='ocrx_word' id='word_1_490' title='bbox 2738 1712 2880 1784; x_wconf 91' lang='lat' dir='ltr'><strong>quod</strong></span> <span class='ocrx_word' id='word_1_491' title='bbox 2928 1712 3101 1768; x_wconf 75' lang='lat' dir='ltr'><strong>multo</strong></span> <span class='ocrx_word' id='word_1_492' title='bbox 3147 1711 3332 1767; x_wconf 83' lang='lat' dir='ltr'><strong>labere</strong></span> <span class='ocrx_word' id='word_1_493' title='bbox 3371 1725 3775 1781; x_wconf 82' lang='lat' dir='ltr'><strong>compegeram,</strong></span> 
     </span>
    </p>
   </div>
   <div class='ocr_carea' id='block_1_69' title="bbox 2205 1791 3841 1872">
    <p class='ocr_par' dir='ltr' id='par_1_69' title="bbox 2205 1791 3841 1872">
     <span class='ocr_line' id='line_1_69' title="bbox 2205 1791 3841 1872; baseline -0.007 -10"><span class='ocrx_word' id='word_1_494' title='bbox 2205 1808 2390 1864; x_wconf 87' lang='lat' dir='ltr'><strong>volens</strong></span> <span class='ocrx_word' id='word_1_495' title='bbox 2408 1804 2630 1861; x_wconf 85' lang='lat' dir='ltr'><strong>omnino</strong></span> <span class='ocrx_word' id='word_1_496' title='bbox 2649 1801 2920 1872; x_wconf 90' lang='lat' dir='ltr'><strong>perditum</strong></span> <span class='ocrx_word' id='word_1_497' title='bbox 2936 1800 3038 1866; x_wconf 89' lang='lat' dir='ltr'><strong>ire,</strong></span> <span class='ocrx_word' id='word_1_498' title='bbox 3066 1800 3268 1861; x_wconf 88' lang='lat' dir='ltr'><strong>notatis</strong></span> <span class='ocrx_word' id='word_1_499' title='bbox 3293 1791 3474 1854; x_wconf 86' lang='lat' dir='ltr'><strong>verbis</strong></span> <span class='ocrx_word' id='word_1_500' title='bbox 3496 1796 3613 1864; x_wconf 87' lang='lat' dir='ltr'><strong>ejus</strong></span> <span class='ocrx_word' id='word_1_501' title='bbox 3640 1812 3782 1868; x_wconf 84' lang='lat' dir='ltr'><strong>qua-</strong></span> <span class='ocrx_word' id='word_1_502' title='bbox 3834 1810 3841 1815; x_wconf 83' lang='lat'><strong><em>&#39;</em></strong></span> 
     </span>
    </p>
   </div>
   <div class='ocr_carea' id='block_1_70' title="bbox 2206 1887 3781 1974">
    <p class='ocr_par' dir='ltr' id='par_1_70' title="bbox 2206 1887 3781 1974">
     <span class='ocr_line' id='line_1_70' title="bbox 2206 1887 3781 1974; baseline -0.008 -20"><span class='ocrx_word' id='word_1_503' title='bbox 2206 1897 2484 1974; x_wconf 80' lang='lat' dir='ltr'><strong>terniones</strong></span> <span class='ocrx_word' id='word_1_504' title='bbox 2518 1895 2665 1964; x_wconf 81' lang='lat' dir='ltr'><strong>ipsos</strong></span> <span class='ocrx_word' id='word_1_505' title='bbox 2709 1890 2974 1960; x_wconf 76' lang='lat' dir='ltr'><strong>destruxi,</strong></span> <span class='ocrx_word' id='word_1_506' title='bbox 3012 1889 3090 1944; x_wconf 86' lang='lat' dir='ltr'><strong>iis</strong></span> <span class='ocrx_word' id='word_1_507' title='bbox 3137 1890 3334 1959; x_wconf 85' lang='lat' dir='ltr'><strong>quibus</strong></span> <span class='ocrx_word' id='word_1_508' title='bbox 3382 1887 3572 1956; x_wconf 89' lang='lat' dir='ltr'><strong>scripti</strong></span> <span class='ocrx_word' id='word_1_509' title='bbox 3615 1896 3781 1942; x_wconf 86' lang='lat' dir='ltr'><strong>erant</strong></span> 
     </span>
    </p>
   </div>
   <div class='ocr_carea' id='block_1_71' title="bbox 2191 1971 3781 2068">
    <p class='ocr_par' dir='ltr' id='par_1_71' title="bbox 2191 1971 3781 2068">
     <span class='ocr_line' id='line_1_71' title="bbox 2191 1971 3781 2068; baseline -0.008 -25"><span class='ocrx_word' id='word_1_510' title='bbox 2191 1971 2326 2068; x_wconf 73' lang='lat' dir='ltr'><strong>aliis</strong></span> <span class='ocrx_word' id='word_1_511' title='bbox 2371 1983 2822 2057; x_wconf 82' lang='lat' dir='ltr'><strong>quaternionibus</strong></span> <span class='ocrx_word' id='word_1_512' title='bbox 2867 1981 3044 2052; x_wconf 88' lang='lat' dir='ltr'><strong>primo</strong></span> <span class='ocrx_word' id='word_1_513' title='bbox 3066 1971 3370 2048; x_wconf 54' lang='lat' dir='ltr'><strong>inscriptis.“</strong></span> <span class='ocrx_word' id='word_1_514' title='bbox 3396 1976 3548 2044; x_wconf 86' lang='lat' dir='ltr'><strong>Quod</strong></span> <span class='ocrx_word' id='word_1_515' title='bbox 3596 1985 3781 2032; x_wconf 79' lang='lat' dir='ltr'><strong>tamen</strong></span> 
     </span>
    </p>
   </div>
   <div class='ocr_carea' id='block_1_72' title="bbox 2181 2066 3783 2148">
    <p class='ocr_par' dir='ltr' id='par_1_72' title="bbox 2181 2066 3783 2148">
     <span class='ocr_line' id='line_1_72' title="bbox 2181 2066 3783 2148; baseline -0.009 -15"><span class='ocrx_word' id='word_1_516' title='bbox 2181 2066 2406 2148; x_wconf 62' lang='lat' dir='ltr'><strong>factum</strong></span> <span class='ocrx_word' id='word_1_517' title='bbox 2440 2086 2619 2130; x_wconf 88' lang='lat' dir='ltr'><strong>meum</strong></span> <span class='ocrx_word' id='word_1_518' title='bbox 2644 2069 3023 2128; x_wconf 66' lang='lat' dir='ltr'><strong>inobalientia:</strong></span> <span class='ocrx_word' id='word_1_519' title='bbox 3048 2076 3265 2140; x_wconf 77' lang='lat' dir='ltr'><strong>peccato</strong></span> <span class='ocrx_word' id='word_1_520' title='bbox 3300 2066 3442 2122; x_wconf 90' lang='lat' dir='ltr'><strong>forte</strong></span> <span class='ocrx_word' id='word_1_521' title='bbox 3475 2080 3581 2120; x_wconf 91' lang='lat' dir='ltr'><strong>non</strong></span> <span class='ocrx_word' id='word_1_522' title='bbox 3605 2076 3783 2124; x_wconf 81' lang='lat' dir='ltr'><strong>caret.</strong></span> 
     </span>
    </p>
   </div>
   <div class='ocr_carea' id='block_1_73' title="bbox 2204 2154 3784 2235">
    <p class='ocr_par' dir='ltr' id='par_1_73' title="bbox 2204 2154 3784 2235">
     <span class='ocr_line' id='line_1_73' title="bbox 2204 2154 3784 2235; baseline -0.01 -9"><span class='ocrx_word' id='word_1_523' title='bbox 2204 2170 2378 2226; x_wconf 84' lang='lat' dir='ltr'><strong>Aliter</strong></span> <span class='ocrx_word' id='word_1_524' title='bbox 2395 2163 2539 2221; x_wconf 81' lang='lat' dir='ltr'><strong>enim</strong></span> <span class='ocrx_word' id='word_1_525' title='bbox 2576 2161 2788 2235; x_wconf 85' lang='lat' dir='ltr'><strong>impleri</strong></span> <span class='ocrx_word' id='word_1_526' title='bbox 2823 2168 3150 2233; x_wconf 72' lang='lat' dir='ltr'><strong>przeceptum</strong></span> <span class='ocrx_word' id='word_1_527' title='bbox 3172 2156 3291 2226; x_wconf 86' lang='lat' dir='ltr'><strong>ejus</strong></span> <span class='ocrx_word' id='word_1_528' title='bbox 3333 2155 3575 2212; x_wconf 86' lang='lat' dir='ltr'><strong>aeillum</strong></span> <span class='ocrx_word' id='word_1_529' title='bbox 3620 2154 3784 2210; x_wconf 82' lang='lat' dir='ltr'><strong>intel-</strong></span> 
     </span>
    </p>
   </div>
   <div class='ocr_carea' id='block_1_74' title="bbox 2205 2245 3798 2322">
    <p class='ocr_par' dir='ltr' id='par_1_74' title="bbox 2205 2245 3798 2322">
     <span class='ocr_line' id='line_1_74' title="bbox 2205 2245 3798 2322; baseline -0.011 -9"><span class='ocrx_word' id='word_1_530' title='bbox 2205 2259 2402 2316; x_wconf 79' lang='lat' dir='ltr'><strong>lexisse</strong></span> <span class='ocrx_word' id='word_1_531' title='bbox 2426 2256 2682 2313; x_wconf 87' lang='lat' dir='ltr'><strong>sciebam.</strong></span> <span class='ocrx_word' id='word_1_532' title='bbox 2709 2252 3046 2322; x_wconf 84' lang='lat' dir='ltr'><strong>Quapropter</strong></span> <span class='ocrx_word' id='word_1_533' title='bbox 3071 2249 3140 2304; x_wconf 91' lang='lat' dir='ltr'><strong>ab</strong></span> <span class='ocrx_word' id='word_1_534' title='bbox 3171 2247 3423 2304; x_wconf 87' lang='lat' dir='ltr'><strong>omnibus</strong></span> <span class='ocrx_word' id='word_1_535' title='bbox 3452 2245 3506 2300; x_wconf 89' lang='lat' dir='ltr'><strong>in</strong></span> <span class='ocrx_word' id='word_1_536' title='bbox 3536 2258 3771 2314; x_wconf 87' lang='lat' dir='ltr'><strong>quorum</strong></span> <span class='ocrx_word' id='word_1_537' title='bbox 3793 2297 3798 2306; x_wconf 68' lang='grc'><strong>,</strong></span> 
     </span>
    </p>
   </div>
   <div class='ocr_carea' id='block_1_75' title="bbox 2207 2332 3781 2407">
    <p class='ocr_par' dir='ltr' id='par_1_75' title="bbox 2207 2332 3781 2407">
     <span class='ocr_line' id='line_1_75' title="bbox 2207 2332 3781 2407; baseline -0.01 -5"><span class='ocrx_word' id='word_1_538' title='bbox 2207 2362 2400 2402; x_wconf 84' lang='lat' dir='ltr'><strong>manus</strong></span> <span class='ocrx_word' id='word_1_539' title='bbox 2454 2344 2594 2399; x_wconf 83' lang='lat' dir='ltr'><strong>forte</strong></span> <span class='ocrx_word' id='word_1_540' title='bbox 2641 2343 2742 2397; x_wconf 87' lang='lat' dir='ltr'><strong>ista</strong></span> <span class='ocrx_word' id='word_1_541' title='bbox 2761 2339 3072 2404; x_wconf 86' lang='lat' dir='ltr'><strong>ceciderint,</strong></span> <span class='ocrx_word' id='word_1_542' title='bbox 3098 2336 3366 2407; x_wconf 85' lang='lat' dir='ltr'><strong>siquidem</strong></span> <span class='ocrx_word' id='word_1_543' title='bbox 3394 2333 3555 2390; x_wconf 90' lang='lat' dir='ltr'><strong>isthic</strong></span> <span class='ocrx_word' id='word_1_544' title='bbox 3608 2332 3781 2402; x_wconf 88' lang='lat' dir='ltr'><strong>quid-</strong></span> 
     </span>
    </p>
   </div>
   <div class='ocr_carea' id='block_1_76' title="bbox 2207 2422 3781 2510">
    <p class='ocr_par' dir='ltr' id='par_1_76' title="bbox 2207 2422 3781 2510">
     <span class='ocr_line' id='line_1_76' title="bbox 2207 2422 3781 2510; baseline -0.011 -17"><span class='ocrx_word' id='word_1_545' title='bbox 2207 2453 2369 2510; x_wconf 90' lang='lat' dir='ltr'><strong>quam</strong></span> <span class='ocrx_word' id='word_1_546' title='bbox 2419 2435 2562 2504; x_wconf 91' lang='lat' dir='ltr'><strong>quod</strong></span> <span class='ocrx_word' id='word_1_547' title='bbox 2626 2447 2733 2486; x_wconf 91' lang='lat' dir='ltr'><strong>non</strong></span> <span class='ocrx_word' id='word_1_548' title='bbox 2781 2428 3002 2486; x_wconf 88' lang='lat' dir='ltr'><strong>omnino</strong></span> <span class='ocrx_word' id='word_1_549' title='bbox 3037 2435 3297 2498; x_wconf 88' lang='lat' dir='ltr'><strong>quantum</strong></span> <span class='ocrx_word' id='word_1_550' title='bbox 3355 2425 3423 2480; x_wconf 88' lang='lat' dir='ltr'><strong>ad</strong></span> <span class='ocrx_word' id='word_1_551' title='bbox 3473 2422 3781 2479; x_wconf 77' lang='lat' dir='ltr'><strong>fatuitatem</strong></span> 
     </span>
    </p>
   </div>
   <div class='ocr_carea' id='block_1_77' title="bbox 2207 2512 3788 2593">
    <p class='ocr_par' dir='ltr' id='par_1_77' title="bbox 2207 2512 3788 2593">
     <span class='ocr_line' id='line_1_77' title="bbox 2207 2512 3788 2593; baseline -0.01 -10"><span class='ocrx_word' id='word_1_552' title='bbox 2207 2525 2539 2584; x_wconf 88' lang='lat' dir='ltr'><strong>narrationis</strong></span> <span class='ocrx_word' id='word_1_553' title='bbox 2565 2523 2866 2593; x_wconf 82' lang='lat' dir='ltr'><strong>displiceat,</strong></span> <span class='ocrx_word' id='word_1_554' title='bbox 2898 2518 3219 2591; x_wconf 85' lang='lat' dir='ltr'><strong>repererint,</strong></span> <span class='ocrx_word' id='word_1_555' title='bbox 3257 2517 3486 2586; x_wconf 84' lang='lat' dir='ltr'><strong>petitum</strong></span> <span class='ocrx_word' id='word_1_556' title='bbox 3529 2512 3595 2570; x_wconf 88' lang='lat' dir='ltr'><strong>iri</strong></span> <span class='ocrx_word' id='word_1_557' title='bbox 3624 2528 3788 2570; x_wconf 80' lang='lat' dir='ltr'><strong>sum--</strong></span> 
     </span>
    </p>
   </div>
   <div class='ocr_carea' id='block_1_78' title="bbox 2209 2599 3785 2689">
    <p class='ocr_par' dir='ltr' id='par_1_78' title="bbox 2209 2599 3785 2689">
     <span class='ocr_line' id='line_1_78' title="bbox 2209 2599 3785 2689; baseline -0.011 -14"><span class='ocrx_word' id='word_1_558' title='bbox 2209 2632 2430 2689; x_wconf 88' lang='lat' dir='ltr'><strong>mopere</strong></span> <span class='ocrx_word' id='word_1_559' title='bbox 2457 2614 2669 2686; x_wconf 90' lang='lat' dir='ltr'><strong>postulo</strong></span> <span class='ocrx_word' id='word_1_560' title='bbox 2693 2599 2960 2684; x_wconf 88' lang='lat' dir='ltr'><strong>quatenus</strong></span> <span class='ocrx_word' id='word_1_561' title='bbox 2987 2623 3086 2680; x_wconf 91' lang='lat' dir='ltr'><strong>pro</strong></span> <span class='ocrx_word' id='word_1_562' title='bbox 3107 2607 3214 2663; x_wconf 84' lang='lat' dir='ltr'><strong>hoc</strong></span> <span class='ocrx_word' id='word_1_563' title='bbox 3237 2614 3293 2662; x_wconf 91' lang='lat' dir='ltr'><strong>et</strong></span> <span class='ocrx_word' id='word_1_564' title='bbox 3311 2619 3410 2675; x_wconf 88' lang='lat' dir='ltr'><strong>pro</strong></span> <span class='ocrx_word' id='word_1_565' title='bbox 3431 2604 3553 2660; x_wconf 88' lang='lat' dir='ltr'><strong>aliis</strong></span> <span class='ocrx_word' id='word_1_566' title='bbox 3586 2617 3785 2675; x_wconf 86' lang='lat' dir='ltr'><strong>pecca-</strong></span> 
     </span>
    </p>
   </div>
   <div class='ocr_carea' id='block_1_79' title="bbox 2209 2695 3778 2777">
    <p class='ocr_par' dir='ltr' id='par_1_79' title="bbox 2209 2695 3778 2777">
     <span class='ocr_line' id='line_1_79' title="bbox 2209 2695 3778 2777; baseline -0.011 -11"><span class='ocrx_word' id='word_1_567' title='bbox 2209 2710 2278 2765; x_wconf 90' lang='lat' dir='ltr'><strong>tis</strong></span> <span class='ocrx_word' id='word_1_568' title='bbox 2301 2708 2436 2764; x_wconf 90' lang='lat' dir='ltr'><strong>meis</strong></span> <span class='ocrx_word' id='word_1_569' title='bbox 2464 2706 2755 2777; x_wconf 77' lang='lat' dir='ltr'><strong>dignentur</strong></span> <span class='ocrx_word' id='word_1_570' title='bbox 2775 2699 3130 2765; x_wconf 88' lang='lat' dir='ltr'><strong>intercedere,</strong></span> <span class='ocrx_word' id='word_1_571' title='bbox 3153 2711 3220 2752; x_wconf 91' lang='lat' dir='ltr'><strong>ne</strong></span> <span class='ocrx_word' id='word_1_572' title='bbox 3252 2695 3422 2751; x_wconf 89' lang='lat' dir='ltr'><strong>moles</strong></span> <span class='ocrx_word' id='word_1_573' title='bbox 3451 2709 3638 2764; x_wconf 75' lang='lat' dir='ltr'><strong>eorum</strong></span> <span class='ocrx_word' id='word_1_574' title='bbox 3685 2706 3778 2749; x_wconf 82' lang='lat' dir='ltr'><strong>me</strong></span> 
     </span>
    </p>
   </div>
   <div class='ocr_carea' id='block_1_80' title="bbox 2209 2782 3782 2864">
    <p class='ocr_par' dir='ltr' id='par_1_80' title="bbox 2209 2782 3782 2864">
     <span class='ocr_line' id='line_1_80' title="bbox 2209 2782 3782 2864; baseline -0.01 -11"><span class='ocrx_word' id='word_1_575' title='bbox 2209 2805 2416 2853; x_wconf 89' lang='lat' dir='ltr'><strong>tantum</strong></span> <span class='ocrx_word' id='word_1_576' title='bbox 2447 2795 2716 2864; x_wconf 90' lang='lat' dir='ltr'><strong>deprimat</strong></span> <span class='ocrx_word' id='word_1_577' title='bbox 2739 2799 2798 2846; x_wconf 92' lang='lat' dir='ltr'><strong>ut</strong></span> <span class='ocrx_word' id='word_1_578' title='bbox 2843 2789 2911 2844; x_wconf 89' lang='lat' dir='ltr'><strong>ad</strong></span> <span class='ocrx_word' id='word_1_579' title='bbox 2951 2787 3100 2842; x_wconf 87' lang='lat' dir='ltr'><strong>illum</strong></span> <span class='ocrx_word' id='word_1_580' title='bbox 3146 2785 3300 2856; x_wconf 83' lang='lat' dir='ltr'><strong>cujus</strong></span> <span class='ocrx_word' id='word_1_581' title='bbox 3326 2782 3502 2839; x_wconf 82' lang='lat' dir='ltr'><strong>Vitam</strong></span> <span class='ocrx_word' id='word_1_582' title='bbox 3539 2789 3593 2838; x_wconf 89' lang='lat' dir='ltr'><strong>et</strong></span> <span class='ocrx_word' id='word_1_583' title='bbox 3622 2790 3782 2837; x_wconf 80' lang='lat' dir='ltr'><strong>actus</strong></span> 
     </span>
    </p>
   </div>
   <div class='ocr_carea' id='block_1_81' title="bbox 2209 2875 3782 2959">
    <p class='ocr_par' dir='ltr' id='par_1_81' title="bbox 2209 2875 3782 2959">
     <span class='ocr_line' id='line_1_81' title="bbox 2209 2875 3782 2959; baseline -0.013 -14"><span class='ocrx_word' id='word_1_584' title='bbox 2209 2887 2572 2959; x_wconf 81' lang='lat' dir='ltr'><strong>qnalicunque</strong></span> <span class='ocrx_word' id='word_1_585' title='bbox 2631 2883 2757 2937; x_wconf 89' lang='lat' dir='ltr'><strong>stilo</strong></span> <span class='ocrx_word' id='word_1_586' title='bbox 2807 2878 3036 2950; x_wconf 81' lang='lat' dir='ltr'><strong>digessi,</strong></span> <span class='ocrx_word' id='word_1_587' title='bbox 3093 2875 3401 2946; x_wconf 80' lang='lat' dir='ltr'><strong>pertingere</strong></span> <span class='ocrx_word' id='word_1_588' title='bbox 3449 2885 3608 2942; x_wconf 88' lang='lat' dir='ltr'><strong>posse</strong></span> <span class='ocrx_word' id='word_1_589' title='bbox 3669 2885 3782 2959; x_wconf 68' lang='lat' dir='ltr'><strong>non</strong></span> 
     </span>
    </p>
   </div>
   <div class='ocr_carea' id='block_1_82' title="bbox 2211 2944 3777 3033">
    <p class='ocr_par' dir='ltr' id='par_1_82' title="bbox 2211 2944 3777 3033">
     <span class='ocr_line' id='line_1_82' title="bbox 2211 2944 3777 3033; baseline -0.015 0"><span class='ocrx_word' id='word_1_590' title='bbox 2211 2944 2375 3033; x_wconf 71' lang='lat' dir='ltr'><strong>sinat.</strong></span> <span class='ocrx_word' id='word_1_591' title='bbox 2418 2944 2709 3030; x_wconf 74' lang='lat' dir='ltr'><strong>Nec-enim</strong></span> <span class='ocrx_word' id='word_1_592' title='bbox 2763 2944 2946 3023; x_wconf 76' lang='lat' dir='ltr'><strong>animo</strong></span> <span class='ocrx_word' id='word_1_593' title='bbox 2991 2944 3128 3020; x_wconf 84' lang='lat' dir='ltr'><strong>elabi</strong></span> <span class='ocrx_word' id='word_1_594' title='bbox 3161 2944 3339 3032; x_wconf 86' lang='lat' dir='ltr'><strong>potest</strong></span> <span class='ocrx_word' id='word_1_595' title='bbox 3379 2959 3613 3029; x_wconf 87' lang='lat' dir='ltr'><strong>qualiter</strong></span> <span class='ocrx_word' id='word_1_596' title='bbox 3641 2944 3777 3013; x_wconf 80' lang='lat' dir='ltr'><strong>mihi</strong></span> 
     </span>
    </p>
   </div>
   <div class='ocr_carea' id='block_1_83' title="bbox 2216 3048 3787 3134">
    <p class='ocr_par' dir='ltr' id='par_1_83' title="bbox 2216 3048 3787 3134">
     <span class='ocr_line' id='line_1_83' title="bbox 2216 3048 3787 3134; baseline -0.015 -13"><span class='ocrx_word' id='word_1_597' title='bbox 2216 3061 2571 3134; x_wconf 86' lang='lat' dir='ltr'><strong>responderit,</strong></span> <span class='ocrx_word' id='word_1_598' title='bbox 2635 3072 2756 3113; x_wconf 92' lang='lat' dir='ltr'><strong>cum</strong></span> <span class='ocrx_word' id='word_1_599' title='bbox 2785 3053 3016 3125; x_wconf 84' lang='lat' dir='ltr'><strong>quadam</strong></span> <span class='ocrx_word' id='word_1_600' title='bbox 3067 3051 3184 3121; x_wconf 87' lang='lat' dir='ltr'><strong>vice</strong></span> <span class='ocrx_word' id='word_1_601' title='bbox 3243 3048 3390 3103; x_wconf 90' lang='lat' dir='ltr'><strong>illum</strong></span> <span class='ocrx_word' id='word_1_602' title='bbox 3433 3059 3678 3117; x_wconf 86' lang='lat' dir='ltr'><strong>rogarem</strong></span> <span class='ocrx_word' id='word_1_603' title='bbox 3723 3051 3787 3098; x_wconf 83' lang='lat' dir='ltr'><strong>ut</strong></span> 
     </span>
    </p>
   </div>
   <div class='ocr_carea' id='block_1_84' title="bbox 2215 3134 3784 3212">
    <p class='ocr_par' dir='ltr' id='par_1_84' title="bbox 2215 3134 3784 3212">
     <span class='ocr_line' id='line_1_84' title="bbox 2215 3134 3784 3212; baseline -0.016 0"><span class='ocrx_word' id='word_1_604' title='bbox 2215 3157 2356 3212; x_wconf 88' lang='lat' dir='ltr'><strong>sicut</strong></span> <span class='ocrx_word' id='word_1_605' title='bbox 2401 3152 2469 3208; x_wconf 84' lang='lat' dir='ltr'><strong>in&#39;</strong></span> <span class='ocrx_word' id='word_1_606' title='bbox 2507 3139 2630 3205; x_wconf 84' lang='lat' dir='ltr'><strong>imis</strong></span> <span class='ocrx_word' id='word_1_607' title='bbox 2659 3161 2745 3204; x_wconf 89' lang='lat' dir='ltr'><strong>me</strong></span> <span class='ocrx_word' id='word_1_608' title='bbox 2789 3151 3096 3200; x_wconf 87' lang='lat' dir='ltr'><strong>consortem</strong></span> <span class='ocrx_word' id='word_1_609' title='bbox 3144 3137 3344 3193; x_wconf 90' lang='lat' dir='ltr'><strong>laboris</strong></span> <span class='ocrx_word' id='word_1_610' title='bbox 3389 3136 3672 3198; x_wconf 86' lang='lat' dir='ltr'><strong>habuerat,</strong></span> <span class='ocrx_word' id='word_1_611' title='bbox 3705 3134 3784 3188; x_wconf 82' lang='lat' dir='ltr'><strong>ita</strong></span> 
     </span>
    </p>
   </div>
   <div class='ocr_carea' id='block_1_85' title="bbox 2213 3215 3782 3309">
    <p class='ocr_par' dir='ltr' id='par_1_85' title="bbox 2213 3215 3782 3309">
     <span class='ocr_line' id='line_1_85' title="bbox 2213 3215 3782 3309; baseline -0.016 -8"><span class='ocrx_word' id='word_1_612' title='bbox 2213 3253 2268 3302; x_wconf 90' lang='lat' dir='ltr'><strong>et</strong></span> <span class='ocrx_word' id='word_1_613' title='bbox 2299 3245 2350 3298; x_wconf 90' lang='lat' dir='ltr'><strong>in</strong></span> <span class='ocrx_word' id='word_1_614' title='bbox 2387 3238 2601 3309; x_wconf 87' lang='lat' dir='ltr'><strong>superis</strong></span> <span class='ocrx_word' id='word_1_615' title='bbox 2629 3234 2946 3306; x_wconf 85' lang='lat' dir='ltr'><strong>participem</strong></span> <span class='ocrx_word' id='word_1_616' title='bbox 2974 3245 3084 3287; x_wconf 84' lang='lat' dir='ltr'><strong>suae</strong></span> <span class='ocrx_word' id='word_1_617' title='bbox 3109 3215 3482 3284; x_wconf 82' lang='lat' dir='ltr'><strong>retributionis</strong></span> <span class='ocrx_word' id='word_1_618' title='bbox 3523 3223 3782 3279; x_wconf 65' lang='lat' dir='ltr'><strong>ediceret.</strong></span> 
     </span>
    </p>
   </div>
   <div class='ocr_carea' id='block_1_86' title="bbox 2210 3313 3784 3406">
    <p class='ocr_par' dir='ltr' id='par_1_86' title="bbox 2210 3313 3784 3406">
     <span class='ocr_line' id='line_1_86' title="bbox 2210 3313 3784 3406; baseline -0.017 -14"><span class='ocrx_word' id='word_1_619' title='bbox 2210 3337 2304 3392; x_wconf 82' lang='lat' dir='ltr'><strong>Ait</strong></span> <span class='ocrx_word' id='word_1_620' title='bbox 2335 3329 2620 3406; x_wconf 71' lang='lat' dir='ltr'><strong>nempe&#39;jd</strong></span> <span class='ocrx_word' id='word_1_621' title='bbox 2657 3341 2716 3383; x_wconf 88' lang='lat' dir='ltr'><strong>se</strong></span> <span class='ocrx_word' id='word_1_622' title='bbox 2753 3322 2971 3394; x_wconf 78' lang='lat' dir='ltr'><strong>quidem</strong></span> <span class='ocrx_word' id='word_1_623' title='bbox 2993 3320 3223 3376; x_wconf 87' lang='lat' dir='ltr'><strong>libenter</strong></span> <span class='ocrx_word' id='word_1_624' title='bbox 3244 3333 3309 3372; x_wconf 90' lang='lat' dir='ltr'><strong>ac</strong></span> <span class='ocrx_word' id='word_1_625' title='bbox 3343 3315 3464 3371; x_wconf 73' lang='lat' dir='ltr'><strong>laete</strong></span> <span class='ocrx_word' id='word_1_626' title='bbox 3487 3313 3784 3378; x_wconf 83' lang='lat' dir='ltr'><strong>facturum,</strong></span> 
     </span>
    </p>
   </div>
   <div class='ocr_carea' id='block_1_87' title="bbox 2209 3400 3786 3499">
    <p class='ocr_par' dir='ltr' id='par_1_87' title="bbox 2209 3400 3786 3499">
     <span class='ocr_line' id='line_1_87' title="bbox 2209 3400 3786 3499; baseline -0.016 -16"><span class='ocrx_word' id='word_1_627' title='bbox 2209 3400 2916 3499; x_wconf 39' lang='lat' dir='ltr'><strong>providerem&#39;solummodo</strong></span> <span class='ocrx_word' id='word_1_628' title='bbox 2981 3425 3050 3466; x_wconf 89' lang='lat' dir='ltr'><strong>ne</strong></span> <span class='ocrx_word' id='word_1_629' title='bbox 3099 3408 3283 3463; x_wconf 52' lang='lat' dir='ltr'><strong>in‘boc</strong></span> <span class='ocrx_word' id='word_1_630' title='bbox 3325 3405 3475 3460; x_wconf 91' lang='lat' dir='ltr'><strong>nimii</strong></span> <span class='ocrx_word' id='word_1_631' title='bbox 3523 3400 3786 3499; x_wconf 70' lang='lat' dir='ltr'><strong>ponderis</strong></span> 
     </span>
    </p>
   </div>
   <div class='ocr_carea' id='block_1_88' title="bbox 2209 3490 3789 3583">
    <p class='ocr_par' dir='ltr' id='par_1_88' title="bbox 2209 3490 3789 3583">
     <span class='ocr_line' id='line_1_88' title="bbox 2209 3490 3789 3583; baseline -0.018 -12"><span class='ocrx_word' id='word_1_632' title='bbox 2209 3490 2466 3583; x_wconf 63' lang='lat' dir='ltr'><strong>iacerem.</strong></span> <span class='ocrx_word' id='word_1_633' title='bbox 2525 3509 2583 3562; x_wconf 93' lang='lat' dir='ltr'><strong>lu</strong></span> <span class='ocrx_word' id='word_1_634' title='bbox 2624 3515 2736 3577; x_wconf 86' lang='lat' dir='ltr'><strong>quo</strong></span> <span class='ocrx_word' id='word_1_635' title='bbox 2785 3503 2830 3558; x_wconf 84' lang='lat' dir='ltr'><strong>si</strong></span> <span class='ocrx_word' id='word_1_636' title='bbox 2882 3509 3228 3570; x_wconf 87' lang='lat' dir='ltr'><strong>peccatorum</strong></span> <span class='ocrx_word' id='word_1_637' title='bbox 3279 3507 3520 3549; x_wconf 90' lang='lat' dir='ltr'><strong>meorum</strong></span> <span class='ocrx_word' id='word_1_638' title='bbox 3565 3490 3789 3562; x_wconf 86' lang='lat' dir='ltr'><strong>pondus</strong></span> 
     </span>
    </p>
   </div>
   <div class='ocr_carea' id='block_1_89' title="bbox 2204 3587 3787 3676">
    <p class='ocr_par' dir='ltr' id='par_1_89' title="bbox 2204 3587 3787 3676">
     <span class='ocr_line' id='line_1_89' title="bbox 2204 3587 3787 3676; baseline -0.014 -17"><span class='ocrx_word' id='word_1_639' title='bbox 2204 3605 2334 3676; x_wconf 86' lang='lat' dir='ltr'><strong>justi</strong></span> <span class='ocrx_word' id='word_1_640' title='bbox 2361 3600 2558 3671; x_wconf 87' lang='lat' dir='ltr'><strong>judicis</strong></span> <span class='ocrx_word' id='word_1_641' title='bbox 2584 3595 2811 3665; x_wconf 73' lang='lat' dir='ltr'><strong>aequitas</strong></span> <span class='ocrx_word' id='word_1_642' title='bbox 2831 3592 3032 3662; x_wconf 90' lang='lat' dir='ltr'><strong>pietate</strong></span> <span class='ocrx_word' id='word_1_643' title='bbox 3053 3593 3259 3643; x_wconf 89' lang='lat' dir='ltr'><strong>remota</strong></span> <span class='ocrx_word' id='word_1_644' title='bbox 3288 3587 3604 3676; x_wconf 80' lang='lat' dir='ltr'><strong>appenderit</strong></span> <span class='ocrx_word' id='word_1_645' title='bbox 3651 3593 3787 3650; x_wconf 83' lang='lat' dir='ltr'><strong>pro-</strong></span> 
     </span>
    </p>
   </div>
   <div class='ocr_carea' id='block_1_90' title="bbox 2211 3671 3787 3760">
    <p class='ocr_par' dir='ltr' id='par_1_90' title="bbox 2211 3671 3787 3760">
     <span class='ocr_line' id='line_1_90' title="bbox 2211 3671 3787 3760; baseline -0.019 -11"><span class='ocrx_word' id='word_1_646' title='bbox 2211 3671 2352 3749; x_wconf 80' lang='lat' dir='ltr'><strong>fecto</strong></span> <span class='ocrx_word' id='word_1_647' title='bbox 2405 3689 2586 3744; x_wconf 87' lang='lat' dir='ltr'><strong>anima</strong></span> <span class='ocrx_word' id='word_1_648' title='bbox 2636 3699 2756 3741; x_wconf 89' lang='lat' dir='ltr'><strong>mea</strong></span> <span class='ocrx_word' id='word_1_649' title='bbox 2793 3695 2902 3737; x_wconf 88' lang='lat' dir='ltr'><strong>non</strong></span> <span class='ocrx_word' id='word_1_650' title='bbox 2946 3691 3160 3760; x_wconf 81' lang='lat' dir='ltr'><strong>sursum</strong></span> <span class='ocrx_word' id='word_1_651' title='bbox 3210 3674 3301 3727; x_wconf 89' lang='lat' dir='ltr'><strong>sed</strong></span> <span class='ocrx_word' id='word_1_652' title='bbox 3356 3674 3409 3728; x_wconf 92' lang='lat' dir='ltr'><strong>in</strong></span> <span class='ocrx_word' id='word_1_653' title='bbox 3461 3671 3787 3744; x_wconf 82' lang='lat' dir='ltr'><strong>profundum</strong></span> 
     </span>
    </p>
   </div>
   <div class='ocr_carea' id='block_1_91' title="bbox 2211 3762 3791 3856">
    <p class='ocr_par' dir='ltr' id='par_1_91' title="bbox 2211 3762 3791 3856">
     <span class='ocr_line' id='line_1_91' title="bbox 2211 3762 3791 3856; baseline -0.016 -16"><span class='ocrx_word' id='word_1_654' title='bbox 2211 3783 2388 3856; x_wconf 88' lang='lat' dir='ltr'><strong>abyssi</strong></span> <span class='ocrx_word' id='word_1_655' title='bbox 2411 3793 2651 3850; x_wconf 85' lang='lat' dir='ltr'><strong>praeceps</strong></span> <span class='ocrx_word' id='word_1_656' title='bbox 2681 3776 2798 3832; x_wconf 90' lang='lat' dir='ltr'><strong>ibit.</strong></span> <span class='ocrx_word' id='word_1_657' title='bbox 2840 3773 2994 3831; x_wconf 83' lang='lat' dir='ltr'><strong>Unde</strong></span> <span class='ocrx_word' id='word_1_658' title='bbox 3019 3769 3471 3843; x_wconf 84' lang='lat' dir='ltr'><strong>quemadmodum</strong></span> <span class='ocrx_word' id='word_1_659' title='bbox 3501 3779 3606 3856; x_wconf 81' lang='lat' dir='ltr'><strong>ego</strong></span> <span class='ocrx_word' id='word_1_660' title='bbox 3635 3762 3791 3856; x_wconf 65' lang='lat' dir='ltr'><strong>Ead-</strong></span> 
     </span>
    </p>
   </div>
   <div class='ocr_carea' id='block_1_92' title="bbox 2213 3852 3791 3938">
    <p class='ocr_par' dir='ltr' id='par_1_92' title="bbox 2213 3852 3791 3938">
     <span class='ocr_line' id='line_1_92' title="bbox 2213 3852 3791 3938; baseline -0.016 -7"><span class='ocrx_word' id='word_1_661' title='bbox 2213 3852 2397 3931; x_wconf 83' lang='lat' dir='ltr'><strong>merus</strong></span> <span class='ocrx_word' id='word_1_662' title='bbox 2425 3868 2585 3938; x_wconf 70' lang='lat' dir='ltr'><strong>coepi,</strong></span> <span class='ocrx_word' id='word_1_663' title='bbox 2610 3866 2787 3925; x_wconf 88' lang='lat' dir='ltr'><strong>adhuc</strong></span> <span class='ocrx_word' id='word_1_664' title='bbox 2829 3864 3026 3934; x_wconf 89' lang='lat' dir='ltr'><strong>quibus</strong></span> <span class='ocrx_word' id='word_1_665' title='bbox 3073 3875 3289 3931; x_wconf 87' lang='lat' dir='ltr'><strong>possum</strong></span> <span class='ocrx_word' id='word_1_666' title='bbox 3316 3856 3566 3928; x_wconf 87' lang='lat' dir='ltr'><strong>precibus</strong></span> <span class='ocrx_word' id='word_1_667' title='bbox 3594 3852 3791 3907; x_wconf 88' lang='lat' dir='ltr'><strong>insisto</strong></span> 
     </span>
    </p>
   </div>
   <div class='ocr_carea' id='block_1_93' title="bbox 2213 3945 3789 4039">
    <p class='ocr_par' dir='ltr' id='par_1_93' title="bbox 2213 3945 3789 4039">
     <span class='ocr_line' id='line_1_93' title="bbox 2213 3945 3789 4039; baseline -0.017 -16"><span class='ocrx_word' id='word_1_668' title='bbox 2213 3964 2481 4039; x_wconf 87' lang='lat' dir='ltr'><strong>quatenus</strong></span> <span class='ocrx_word' id='word_1_669' title='bbox 2513 3975 2668 4030; x_wconf 59' lang='lat' dir='ltr'><strong>quam</strong></span> <span class='ocrx_word' id='word_1_670' title='bbox 2690 3957 2796 4014; x_wconf 89' lang='lat' dir='ltr'><strong>sibi</strong></span> <span class='ocrx_word' id='word_1_671' title='bbox 2822 3953 3057 4025; x_wconf 89' lang='lat' dir='ltr'><strong>impendi</strong></span> <span class='ocrx_word' id='word_1_672' title='bbox 3079 3953 3406 4016; x_wconf 85' lang='lat' dir='ltr'><strong>desiderant,</strong></span> <span class='ocrx_word' id='word_1_673' title='bbox 3447 3945 3580 4000; x_wconf 86' lang='lat' dir='ltr'><strong>mihi</strong></span> <span class='ocrx_word' id='word_1_674' title='bbox 3599 3957 3789 4000; x_wconf 89' lang='lat' dir='ltr'><strong>secum</strong></span> 
     </span>
    </p>
   </div>
   <div class='ocr_carea' id='block_1_94' title="bbox 2215 4037 3793 4128">
    <p class='ocr_par' dir='ltr' id='par_1_94' title="bbox 2215 4037 3793 4128">
     <span class='ocr_line' id='line_1_94' title="bbox 2215 4037 3793 4128; baseline -0.017 -15"><span class='ocrx_word' id='word_1_675' title='bbox 2215 4037 2379 4113; x_wconf 83' lang='lat' dir='ltr'><strong>aDeo</strong></span> <span class='ocrx_word' id='word_1_676' title='bbox 2402 4055 2645 4128; x_wconf 82' lang='lat' dir='ltr'><strong>levamen</strong></span> <span class='ocrx_word' id='word_1_677' title='bbox 2690 4058 2745 4104; x_wconf 92' lang='lat' dir='ltr'><strong>et</strong></span> <span class='ocrx_word' id='word_1_678' title='bbox 2766 4047 2978 4128; x_wconf 86' lang='lat' dir='ltr'><strong>veniam</strong></span> <span class='ocrx_word' id='word_1_679' title='bbox 3031 4044 3348 4099; x_wconf 88' lang='lat' dir='ltr'><strong>delictorum</strong></span> <span class='ocrx_word' id='word_1_680' title='bbox 3382 4037 3664 4093; x_wconf 87' lang='lat' dir='ltr'><strong>obtineant</strong></span> <span class='ocrx_word' id='word_1_681' title='bbox 3714 4047 3793 4087; x_wconf 85' lang='lat' dir='ltr'><strong>ne</strong></span> 
     </span>
    </p>
   </div>
   <div class='ocr_carea' id='block_1_95' title="bbox 2216 4118 3832 4211">
    <p class='ocr_par' dir='ltr' id='par_1_95' title="bbox 2216 4118 3832 4211">
     <span class='ocr_line' id='line_1_95' title="bbox 2216 4118 3832 4211; baseline -0.017 -8"><span class='ocrx_word' id='word_1_682' title='bbox 2216 4146 2398 4203; x_wconf 88' lang='lat' dir='ltr'><strong>nimiis</strong></span> <span class='ocrx_word' id='word_1_683' title='bbox 2426 4119 2514 4197; x_wconf 75' lang='lat' dir='ltr'><strong>me</strong></span> <span class='ocrx_word' id='word_1_684' title='bbox 2537 4138 2770 4211; x_wconf 87' lang='lat' dir='ltr'><strong>peccatis</strong></span> <span class='ocrx_word' id='word_1_685' title='bbox 2807 4125 3089 4200; x_wconf 83' lang='lat' dir='ltr'><strong>oneratum</strong></span> <span class='ocrx_word' id='word_1_686' title='bbox 3137 4145 3244 4201; x_wconf 91' lang='lat' dir='ltr'><strong>quo</strong></span> <span class='ocrx_word' id='word_1_687' title='bbox 3265 4127 3538 4199; x_wconf 88' lang='lat' dir='ltr'><strong>pollicitus</strong></span> <span class='ocrx_word' id='word_1_688' title='bbox 3560 4131 3644 4178; x_wconf 91' lang='lat' dir='ltr'><strong>est</strong></span> <span class='ocrx_word' id='word_1_689' title='bbox 3663 4121 3797 4191; x_wconf 87' lang='lat' dir='ltr'><strong>pius</strong></span> <span class='ocrx_word' id='word_1_690' title='bbox 3825 4118 3832 4122; x_wconf 17' lang='grc' dir='ltr'><strong>κ</strong></span> 
     </span>
    </p>
   </div>
   <div class='ocr_carea' id='block_1_96' title="bbox 2217 4212 3795 4291">
    <p class='ocr_par' dir='ltr' id='par_1_96' title="bbox 2217 4212 3795 4291">
     <span class='ocr_line' id='line_1_96' title="bbox 2217 4212 3795 4291; baseline -0.018 -1"><span class='ocrx_word' id='word_1_691' title='bbox 2217 4230 2377 4291; x_wconf 81' lang='lat' dir='ltr'><strong>Pater</strong></span> <span class='ocrx_word' id='word_1_692' title='bbox 2398 4230 2683 4287; x_wconf 90' lang='lat' dir='ltr'><strong>sublevare</strong></span> <span class='ocrx_word' id='word_1_693' title='bbox 2707 4240 2812 4280; x_wconf 92' lang='lat' dir='ltr'><strong>non</strong></span> <span class='ocrx_word' id='word_1_694' title='bbox 2839 4222 3036 4278; x_wconf 89' lang='lat' dir='ltr'><strong>valeat.</strong></span> <span class='ocrx_word' id='word_1_695' title='bbox 3057 4219 3208 4289; x_wconf 84' lang='lat' dir='ltr'><strong>Quod</strong></span> <span class='ocrx_word' id='word_1_696' title='bbox 3231 4233 3325 4274; x_wconf 91' lang='lat' dir='ltr'><strong>sua</strong></span> <span class='ocrx_word' id='word_1_697' title='bbox 3360 4212 3645 4271; x_wconf 80' lang='lat' dir='ltr'><strong>clementia</strong></span> <span class='ocrx_word' id='word_1_698' title='bbox 3658 4223 3795 4280; x_wconf 86' lang='lat' dir='ltr'><strong>pro-</strong></span> 
     </span>
    </p>
   </div>
   <div class='ocr_carea' id='block_1_97' title="bbox 2219 4301 3798 4388">
    <p class='ocr_par' dir='ltr' id='par_1_97' title="bbox 2219 4301 3798 4388">
     <span class='ocr_line' id='line_1_97' title="bbox 2219 4301 3798 4388; baseline -0.017 -7"><span class='ocrx_word' id='word_1_699' title='bbox 2219 4324 2307 4381; x_wconf 90' lang='lat' dir='ltr'><strong>cul</strong></span> <span class='ocrx_word' id='word_1_700' title='bbox 2332 4328 2541 4378; x_wconf 81' lang='lat' dir='ltr'><strong>avertat</strong></span> <span class='ocrx_word' id='word_1_701' title='bbox 2568 4318 2658 4388; x_wconf 89' lang='lat' dir='ltr'><strong>qui</strong></span> <span class='ocrx_word' id='word_1_702' title='bbox 2695 4329 2858 4385; x_wconf 90' lang='lat' dir='ltr'><strong>super</strong></span> <span class='ocrx_word' id='word_1_703' title='bbox 2893 4311 3075 4367; x_wconf 91' lang='lat' dir='ltr'><strong>omnia</strong></span> <span class='ocrx_word' id='word_1_704' title='bbox 3106 4311 3248 4365; x_wconf 89' lang='lat' dir='ltr'><strong>Deus</strong></span> <span class='ocrx_word' id='word_1_705' title='bbox 3274 4307 3430 4371; x_wconf 88' lang='lat' dir='ltr'><strong>vivit,</strong></span> <span class='ocrx_word' id='word_1_706' title='bbox 3483 4301 3798 4358; x_wconf 88' lang='lat' dir='ltr'><strong>dominatur</strong></span> 
     </span>
    </p>
   </div>
   <div class='ocr_carea' id='block_1_98' title="bbox 2218 4402 2731 4484">
    <p class='ocr_par' dir='ltr' id='par_1_98' title="bbox 2218 4402 2731 4484">
     <span class='ocr_line' id='line_1_98' title="bbox 2218 4402 2731 4484; baseline -0.025 -13"><span class='ocrx_word' id='word_1_707' title='bbox 2218 4425 2273 4471; x_wconf 84' lang='lat' dir='ltr'><strong>et</strong></span> <span class='ocrx_word' id='word_1_708' title='bbox 2307 4402 2511 4484; x_wconf 77' lang='lat' dir='ltr'><strong>regnat.</strong></span> <span class='ocrx_word' id='word_1_709' title='bbox 2539 4413 2731 4463; x_wconf 86' lang='lat' dir='ltr'><strong>Amen.</strong></span> 
     </span>
    </p>
   </div>
   <div class='ocr_carea' id='block_1_99' title="bbox 2220 4582 3799 4674">
    <p class='ocr_par' dir='ltr' id='par_1_99' title="bbox 2220 4582 3799 4674">
     <span class='ocr_line' id='line_1_99' title="bbox 2220 4582 3799 4674; baseline -0.016 -13"><span class='ocrx_word' id='word_1_710' title='bbox 2220 4623 2333 4662; x_wconf 62' lang='lat' dir='ltr'><strong>nam</strong></span> <span class='ocrx_word' id='word_1_711' title='bbox 2360 4603 2521 4674; x_wconf 81' lang='lat' dir='ltr'><strong>ponit.</strong></span> <span class='ocrx_word' id='word_1_712' title='bbox 2551 4600 2660 4674; x_wconf 61' lang='lat' dir='ltr'><strong>Qui</strong></span> <span class='ocrx_word' id='word_1_713' title='bbox 2684 4594 3213 4674; x_wconf 35' lang='lat' dir='ltr'><strong>viditutestimoninnt</strong></span> <span class='ocrx_word' id='word_1_714' title='bbox 3252 4586 3537 4668; x_wconf 49' lang='lat' dir='ltr'><strong>perhibuit.</strong></span> <span class='ocrx_word' id='word_1_715' title='bbox 3558 4582 3625 4638; x_wconf 79' lang='lat' dir='ltr'><strong>Et</strong></span> <span class='ocrx_word' id='word_1_716' title='bbox 3649 4597 3799 4652; x_wconf 69' lang='lat' dir='ltr'><strong>prc-</strong></span> 
     </span>
    </p>
   </div>
   <div class='ocr_carea' id='block_1_100' title="bbox 2219 4662 3376 4746">
    <p class='ocr_par' dir='ltr' id='par_1_100' title="bbox 2219 4662 3376 4746">
     <span class='ocr_line' id='line_1_100' title="bbox 2219 4662 3376 4746; baseline -0.018 -15"><span class='ocrx_word' id='word_1_717' title='bbox 2219 4662 2370 4746; x_wconf 57' lang='lat' dir='ltr'><strong>cepto&#39;</strong></span> <span class='ocrx_word' id='word_1_718' title='bbox 2392 4662 2650 4739; x_wconf 65' lang='lat' dir='ltr'><strong>lladulplii</strong></span> <span class='ocrx_word' id='word_1_719' title='bbox 2681 4665 2940 4736; x_wconf 78' lang='lat' dir='ltr'><strong>pontiﬁcis</strong></span> <span class='ocrx_word' id='word_1_720' title='bbox 2973 4662 3202 4733; x_wconf 78' lang='lat' dir='ltr'><strong>perfecit.</strong></span> <span class='ocrx_word' id='word_1_721' title='bbox 3371 4665 3376 4668; x_wconf 82' lang='lat'>&#39;</span> 
     </span>
    </p>
   </div>
   <div class='ocr_carea' id='block_1_101' title="bbox 3483 4858 3798 4878">
    <p class='ocr_par' dir='ltr' id='par_1_101' title="bbox 3483 4858 3798 4878">
     <span class='ocr_line' id='line_1_101' title="bbox 3483 4858 3798 4878; baseline -0.01 -1"><span class='ocrx_word' id='word_1_722' title='bbox 3483 4858 3798 4878; x_wconf 45' lang='grc' dir='ltr'><strong>...ι-α</strong></span> 
     </span>
    </p>
   </div>
   <div class='ocr_carea' id='block_1_102' title="bbox 539 4866 3586 4927">
    <p class='ocr_par' dir='ltr' id='par_1_102' title="bbox 539 4866 3586 4927">
     <span class='ocr_line' id='line_1_102' title="bbox 1305 4866 3586 4913; baseline -0.012 -9"><span class='ocrx_word' id='word_1_723' title='bbox 1305 4866 3586 4913; x_wconf 58' lang='grc' dir='ltr'>Μ..-</span> 
     </span>
     <span class='ocr_line' id='line_1_103' title="bbox 539 4902 3586 4927; baseline -0.011 -4"><span class='ocrx_word' id='word_1_724' title='bbox 539 4902 1304 4927; x_wconf 55' lang='grc' dir='ltr'><strong>..ιυι-σν-φνς--ιιί-ννσ-η--ιρ-σ-υαο-ι-</strong></span> <span class='ocrx_word' id='word_1_725' title='bbox 3583 4908 3586 4910; x_wconf 22' lang='grc' dir='ltr'><em>Ἴ</em></span> 
     </span>
    </p>
   </div>
   <div class='ocr_carea' id='block_1_103' title="bbox 1488 5000 2838 5115">
    <p class='ocr_par' dir='ltr' id='par_1_103' title="bbox 1488 5000 2838 5115">
     <span class='ocr_line' id='line_1_104' title="bbox 1488 5000 2838 5115; baseline -0.021 -1"><span class='ocrx_word' id='word_1_726' title='bbox 1488 5019 1936 5115; x_wconf 83' lang='lat' dir='ltr'><strong>MIBACU</strong></span> <span class='ocrx_word' id='word_1_727' title='bbox 1956 5013 2098 5103; x_wconf 84' lang='lat' dir='ltr'><strong>LA</strong></span> <span class='ocrx_word' id='word_1_728' title='bbox 2163 5011 2254 5102; x_wconf 87' lang='lat' dir='ltr'><strong>S.</strong></span> <span class='ocrx_word' id='word_1_729' title='bbox 2319 5000 2838 5096; x_wconf 55' lang='lat' dir='ltr'><strong>A&#39;NSELMI</strong></span> 
     </span>
    </p>
   </div>
   <div class='ocr_carea' id='block_1_104' title="bbox 681 5203 3636 5316">
    <p class='ocr_par' dir='ltr' id='par_1_104' title="bbox 681 5203 3636 5316">
     <span class='ocr_line' id='line_1_105' title="bbox 681 5203 3636 5316; baseline -0.015 -14"><span class='ocrx_word' id='word_1_730' title='bbox 681 5250 775 5316; x_wconf 50' lang='lat' dir='ltr'><strong>(iis;</strong></span> <span class='ocrx_word' id='word_1_731' title='bbox 833 5245 947 5300; x_wconf 67' lang='lat' dir='ltr'><strong>ms.‘</strong></span> <span class='ocrx_word' id='word_1_732' title='bbox 983 5244 1178 5315; x_wconf 66' lang='lat' dir='ltr'><strong>reginae</strong></span> <span class='ocrx_word' id='word_1_733' title='bbox 1209 5240 1418 5296; x_wconf 68' lang='lat' dir='ltr'><strong>Suecia:</strong></span> <span class='ocrx_word' id='word_1_734' title='bbox 1448 5238 1586 5294; x_wconf 84' lang='lat' dir='ltr'><strong>eruit</strong></span> <span class='ocrx_word' id='word_1_735' title='bbox 1619 5237 2001 5290; x_wconf 62' lang='grc' dir='ltr'><strong>Μλιιιιιοκιυς.</strong></span> <span class='ocrx_word' id='word_1_736' title='bbox 2051 5222 2230 5279; x_wconf 79' lang='lat' dir='ltr'><strong>Edidit</strong></span> <span class='ocrx_word' id='word_1_737' title='bbox 2287 5221 2349 5274; x_wconf 90' lang='lat' dir='ltr'><strong>D.</strong></span> <span class='ocrx_word' id='word_1_738' title='bbox 2381 5217 2666 5280; x_wconf 65' lang='lat' dir='ltr'><strong>Matutae,</strong></span> <span class='ocrx_word' id='word_1_739' title='bbox 2704 5212 2865 5270; x_wconf 76' lang='lat' dir='ltr'><strong>amnt.</strong></span> <span class='ocrx_word' id='word_1_740' title='bbox 2900 5210 3124 5306; x_wconf 60' lang='lat' dir='ltr'><strong>Cellach.</strong></span> <span class='ocrx_word' id='word_1_741' title='bbox 3151 5220 3187 5263; x_wconf 93' lang='lat' dir='ltr'><strong>t.</strong></span> <span class='ocrx_word' id='word_1_742' title='bbox 3228 5207 3324 5300; x_wconf 47' lang='lat' dir='ltr'><strong>i&#39;l,</strong></span> <span class='ocrx_word' id='word_1_743' title='bbox 3351 5204 3454 5261; x_wconf 91' lang='lat' dir='ltr'><strong>col.</strong></span> <span class='ocrx_word' id='word_1_744' title='bbox 3488 5203 3636 5274; x_wconf 78' lang='lat'><strong>983.)</strong></span> 
     </span>
    </p>
   </div>
   <div class='ocr_carea' id='block_1_105' title="bbox 1930 5361 2134 5381">
    <p class='ocr_par' dir='ltr' id='par_1_105' title="bbox 1930 5361 2134 5381">
     <span class='ocr_line' id='line_1_106' title="bbox 1930 5361 2134 5381; baseline -0.005 -6"><span class='ocrx_word' id='word_1_745' title='bbox 1930 5361 2134 5381; x_wconf 39' lang='grc' dir='ltr'><em>β</em></span> 
     </span>
    </p>
   </div>
   <div class='ocr_carea' id='block_1_106' title="bbox 536 5455 1894 5525">
    <p class='ocr_par' dir='ltr' id='par_1_106' title="bbox 536 5455 1894 5525">
     <span class='ocr_line' id='line_1_107' title="bbox 536 5455 1894 5525; baseline -0.015 -4"><span class='ocrx_word' id='word_1_746' title='bbox 536 5471 668 5521; x_wconf 77' lang='lat' dir='ltr'><strong>Cum</strong></span> <span class='ocrx_word' id='word_1_747' title='bbox 698 5467 870 5518; x_wconf 54' lang='lat' dir='ltr'><strong>i’aiz&#39;fs</strong></span> <span class='ocrx_word' id='word_1_748' title='bbox 899 5464 1136 5518; x_wconf 74' lang='lat' dir='ltr'><strong>Ausclmi</strong></span> <span class='ocrx_word' id='word_1_749' title='bbox 1162 5459 1420 5514; x_wconf 83' lang='lat' dir='ltr'><strong>miracula</strong></span> <span class='ocrx_word' id='word_1_750' title='bbox 1449 5457 1598 5525; x_wconf 79' lang='lat' dir='ltr'><strong>plura</strong></span> <span class='ocrx_word' id='word_1_751' title='bbox 1632 5455 1894 5512; x_wconf 80' lang='lat' dir='ltr'><strong>feruntur,</strong></span> 
     </span>
    </p>
   </div>
   <div class='ocr_carea' id='block_1_107' title="bbox 539 5546 1965 5625">
    <p class='ocr_par' dir='ltr' id='par_1_107' title="bbox 539 5546 1965 5625">
     <span class='ocr_line' id='line_1_108' title="bbox 539 5546 1965 5625; baseline -0.012 -19"><span class='ocrx_word' id='word_1_752' title='bbox 539 5563 666 5610; x_wconf 72' lang='lat' dir='ltr'><strong>tum:</strong></span> <span class='ocrx_word' id='word_1_753' title='bbox 696 5572 780 5625; x_wconf 67' lang='lat' dir='ltr'><strong>p13.</strong></span> <span class='ocrx_word' id='word_1_754' title='bbox 823 5570 942 5620; x_wconf 78' lang='lat' dir='ltr'><strong>cum</strong></span> <span class='ocrx_word' id='word_1_755' title='bbox 972 5553 1219 5610; x_wconf 69' lang='lat' dir='ltr'><strong>Christus</strong></span> <span class='ocrx_word' id='word_1_756' title='bbox 1247 5547 1556 5619; x_wconf 64' lang='lat' dir='ltr'><strong>specialiter</strong></span> <span class='ocrx_word' id='word_1_757' title='bbox 1583 5552 1665 5598; x_wconf 79' lang='lat' dir='ltr'><strong>cst</strong></span> <span class='ocrx_word' id='word_1_758' title='bbox 1691 5546 1965 5609; x_wconf 77' lang='lat' dir='ltr'><strong>operatus,</strong></span> 
     </span>
    </p>
   </div>
   <div class='ocr_carea' id='block_1_108' title="bbox 2135 5352 2408 5371">
    <p class='ocr_par' dir='ltr' id='par_1_108' title="bbox 2135 5352 2408 5371">
     <span class='ocr_line' id='line_1_109' title="bbox 2135 5352 2408 5371; baseline -0.011 0"><span class='ocrx_word' id='word_1_759' title='bbox 2135 5352 2408 5371; x_wconf 53' lang='grc' dir='ltr'><strong>’.ι-..4</strong></span> 
     </span>
    </p>
   </div>
   <div class='ocr_carea' id='block_1_109' title="bbox 2225 5419 3602 5502">
    <p class='ocr_par' dir='ltr' id='par_1_109' title="bbox 2225 5419 3602 5502">
     <span class='ocr_line' id='line_1_110' title="bbox 2225 5419 3602 5502; baseline -0.017 -11"><span class='ocrx_word' id='word_1_760' title='bbox 2225 5439 2331 5491; x_wconf 73' lang='lat' dir='ltr'><strong>lies</strong></span> <span class='ocrx_word' id='word_1_761' title='bbox 2353 5442 2408 5489; x_wconf 87' lang='lat' dir='ltr'><strong>et</strong></span> <span class='ocrx_word' id='word_1_762' title='bbox 2435 5433 2574 5502; x_wconf 89' lang='lat' dir='ltr'><strong>apud</strong></span> <span class='ocrx_word' id='word_1_763' title='bbox 2605 5444 2805 5499; x_wconf 88' lang='lat' dir='ltr'><strong>paucos</strong></span> <span class='ocrx_word' id='word_1_764' title='bbox 2826 5428 2936 5495; x_wconf 82' lang='lat' dir='ltr'><strong>jam</strong></span> <span class='ocrx_word' id='word_1_765' title='bbox 2967 5423 3179 5494; x_wconf 88' lang='lat' dir='ltr'><strong>cognita</strong></span> <span class='ocrx_word' id='word_1_766' title='bbox 3206 5420 3293 5472; x_wconf 86' lang='lat' dir='ltr'><strong>vix</strong></span> <span class='ocrx_word' id='word_1_767' title='bbox 3322 5419 3602 5479; x_wconf 79' lang='lat' dir='ltr'><strong>habentur,</strong></span> 
     </span>
    </p>
   </div>
   <div class='ocr_carea' id='block_1_110' title="bbox 2227 5511 3431 5594">
    <p class='ocr_par' dir='ltr' id='par_1_110' title="bbox 2227 5511 3431 5594">
     <span class='ocr_line' id='line_1_111' title="bbox 2227 5511 3431 5594; baseline -0.019 -12"><span class='ocrx_word' id='word_1_768' title='bbox 2227 5527 2292 5582; x_wconf 88' lang='lat' dir='ltr'><strong>Ut</strong></span> <span class='ocrx_word' id='word_1_769' title='bbox 2327 5533 2507 5594; x_wconf 84' lang='lat' dir='ltr'><strong>pateat</strong></span> <span class='ocrx_word' id='word_1_770' title='bbox 2541 5520 2734 5591; x_wconf 84' lang='lat' dir='ltr'><strong>quanti</strong></span> <span class='ocrx_word' id='word_1_771' title='bbox 2761 5516 2938 5573; x_wconf 84' lang='lat' dir='ltr'><strong>meriti</strong></span> <span class='ocrx_word' id='word_1_772' title='bbox 2973 5515 3068 5568; x_wconf 81' lang='lat' dir='ltr'><strong>luit</strong></span> <span class='ocrx_word' id='word_1_773' title='bbox 3099 5513 3196 5566; x_wconf 87' lang='lat' dir='ltr'><strong>iste</strong></span> <span class='ocrx_word' id='word_1_774' title='bbox 3225 5511 3431 5571; x_wconf 79' lang='lat' dir='ltr'><strong>beatus,</strong></span> 
     </span>
    </p>
   </div>
  </div>
