4174 6194
410 250 507 304 121

409 358 664 424 Quoniam
695 354 938 420 distinxi,
968 369 1087 423 qua:
1116 346 1332 426 dignum
1362 353 1605 407 scribere
1631 349 1781 414 duxi,

408 447 743 501 Snbnectens
770 444 950 512 operis
980 442 1219 511 praedicti
1250 442 1493 497 materiei
1533 441 1670 510 (46).

480 535 576 589 Vir
600 532 700 586 fuit
729 531 784 585 in
815 547 954 602 pago
984 529 1167 584 Pontif
1188 530 1277 600 qui
1302 531 1545 599 jungitur
1572 529 1740 601 Augo,

406 620 580 674 Notus
602 619 826 683 divitiis,
858 619 953 673 sed
984 618 1253 673 marcidus
1281 619 1459 673 ulcere
1485 619 1692 683 carnis,

324 760 339 783 κ
406 709 593 763 Servis
620 708 869 773 vallatus,
900 710 993 763 sed
1022 707 1169 778 lepra
1199 709 1628 787 contaminatus.

404 798 631 853 Actibus
660 798 771 867 ipse
798 798 953 851 bonis
978 798 1231 852 insistens
1253 798 1599 867 quotidianis,

404 885 645 942 Fletibus
671 887 937 954 admistis,
964 890 1216 957 precibus
1243 904 1366 944 cum
1392 889 1761 958 multiplicatis

403 972 679 1028 Christum
702 974 988 1043 pulsabat,
1021 976 1304 1030 Dominum
1334 977 1413 1030 sic
1438 975 1763 1047 efﬂagitabat

403 1065 562 1130 Quod
589 1079 751 1134 super
774 1064 984 1120 allisum
1012 1066 1258 1137 dignetur
1282 1066 1500 1123 ﬂectere
1526 1069 1698 1122 visum
1717 1109 1732 1133 ,

402 1154 508 1218 Qui
538 1155 845 1209 mundando
870 1164 1049 1210 cutem
1076 1156 1177 1211 sibi
1203 1156 1449 1211 conferat
1469 1157 1586 1228 ipse
1613 1158 1867 1229 salutem.

401 1243 475 1294 At
506 1242 596 1310 qui
625 1243 919 1299 contritum
952 1260 1045 1299 cor
1078 1246 1300 1313 respicit
1323 1254 1378 1300 et
1398 1245 1500 1300 sibi
1525 1254 1813 1314 structum,

401 1330 575 1400 Ipsius
597 1335 781 1410 aegroti
810 1349 914 1388 non
950 1332 1118 1389 defuit
1148 1335 1445 1400 anxietati,

402 1420 523 1476 lmo
551 1421 653 1476 sibi
692 1423 830 1476 mira
866 1424 1118 1477 subvenit
1146 1432 1201 1478 et
1236 1424 1413 1479 indice
1438 1439 1590 1480 cura.

402 1511 461 1565 ln
488 1514 693 1568 somnis
721 1507 887 1583 igitur
913 1516 1144 1585 quadam
1170 1516 1269 1572 sub
1297 1525 1454 1572 nocte
1478 1525 1745 1581 mouetur,

400 1604 557 1670 Quod
586 1606 631 1660 si
662 1607 775 1675 jam
808 1606 923 1661 fieri
953 1622 1115 1663 sanus
1142 1607 1273 1664 velit
1306 1616 1469 1679 atque
1498 1607 1695 1672 videri,

400 1694 541 1751 ilinc
563 1696 698 1753 bene
728 1713 952 1752 securus
996 1708 1191 1769 surgat
1218 1699 1448 1755 Beccum
1474 1699 1762 1769 petiturus,

399 1785 581 1855 Atque
611 1789 926 1843 monasterii
958 1788 1173 1847 Patrem
1205 1789 1467 1844 secretius
1500 1797 1640 1855 oret,

399 1874 668 1953 Omnibus
696 1872 810 1948 ipse
845 1879 1019 1934 modis
1046 1881 1218 1950 magis
1248 1868 1570 1949 extorquere
1608 1880 1831 1946 laboret,

353 1966 359 1972 '
398 1966 555 2031 Quod
584 1968 837 2037 dignetur
862 1984 1031 2038 aquas
1061 1970 1162 2023 sibi
1206 1970 1455 2025 conferre
1487 1969 1788 2035 bibendus,

395 2054 585 2110 Abluit
608 2057 748 2111 unde
787 2074 973 2112 manus
1003 2060 1129 2112 dum
1180 2062 1359 2149 missae
1384 2060 1627 2114 concinit
1660 2059 1835 2114 actusi

395 2142 662 2199 Credulus
706 2147 794 2201 hic
823 2149 1059 2213 monitis,
1093 2158 1147 2204 et
1175 2142 1354 2204 factus
1388 2150 1591 2205 certior
1613 2149 1765 2219 ipsis,

395 2233 903 2303 lmpigeraseeudit
930 2238 1086 2304 illuc,
1120 2241 1214 2293 sed
1242 2248 1299 2295 et
1329 2234 1474 2294 illico
1504 2241 1690 2294 tendit.

304 2347 313 2357 ι
396 2322 627 2397 Iudicat.
656 2326 913 2380 Anselmo
939 2329 1250 2381 summatim
1284 2329 1526 2397 suggerit
1555 2328 1697 2382 almo

396 2412 532 2478 Quae
558 2414 660 2468 sibi
686 2430 783 2484 per
814 2416 985 2469 visum
1020 2408 1233 2471 fuerant
1272 2426 1487 2472 ostensa
1514 2432 1829 2487 supernum.

396 2500 505 2565 Qui
532 2510 795 2571 stupetex
835 2504 1015 2558 verbis
1043 2506 1323 2580 primoque
1366 2505 1575 2574 repellit
1605 2506 1816 2569 acerbis

397 2588 654 2657 Vocibus,
682 2601 845 2662 atque
878 2605 1062 2647 monet
1091 2609 1159 2647 ne
1201 2594 1394 2649 talibus
1431 2595 1543 2664 ipse
1570 2594 1774 2656 laboret
1796 2635 1811 2660 ,

394 2676 522 2733 Non
553 2694 685 2749 Opus
713 2695 831 2749 esse
857 2696 1012 2735 suum
1060 2691 1366 2751 protestans
1407 2684 1551 2751 quod
1596 2685 1730 2753 petit
1778 2686 1974 2753 ipsum,

398 2764 517 2821 lino
550 2767 830 2823 beatorum
860 2770 951 2839 qui
981 2784 1308 2837 praeces-sere
1336 2771 1573 2824 virorum
1593 2780 1623 2839 ;‘
1722 2810 1725 2811 ν
1833 2756 1839 2765 ’

399 2855 479 2911 Se
513 2867 873 2924 peccatorem,
902 2857 1087 2927 procul
1122 2858 1207 2911 his
1231 2858 1323 2913 sed
1345 2867 1400 2914 et
1431 2858 1761 2924 inferiorem,

399 2945 617 3015 Quique
646 2962 808 3015 super
838 2949 1003 3002 tantis
1027 2949 1111 3002 his
1145 2949 1317 3015 audiri
1355 2965 1458 3003 non
1493 2962 1763 3004 mereatur

397 3035 613 3105 Quippe
638 3038 749 3093 suis
779 3038 949 3107 culpis
968 3038 1317 3106 poscentibus
1347 3039 1689 3107 impediatur.

394 3126 471 3179 At
506 3126 675 3195 magis
713 3126 768 3181 in
810 3127 1363 3197 precibus-perstabat
1409 3130 1569 3191 homo
1618 3131 1973 3187 miserandus.

392 3215 581 3270 Altius
608 3215 967 3285 ingeminans,
998 3219 1140 3287 quod
1182 3218 1352 3274 ferret
1385 3234 1541 3289 Opem
1571 3223 1939 3290 venerandus,

395 3305 514 3359 Nec
548 3314 823 3374 pateretur
847 3320 909 3360 ea
942 3300 1181 3371 fraudari
1211 3324 1267 3363 se
1298 3309 1593 3382 medicina,

398 3391 559 3448 Unde
586 3393 686 3447 sibi
714 3392 941 3447 celerem
975 3394 1227 3449 credebat
1255 3396 1445 3451 adesse
1480 3398 1759 3452 medelam.

400 3480 503 3535 Vir
533 3480 744 3534 tandem
771 3480 1006 3546 Domini,
1035 3482 1363 3553 clamoribus
1388 3484 1473 3539 his
1502 3485 1828 3553 stimulatus,

395 3570 472 3624 Et
503 3584 666 3638 super
692 3567 947 3625 afﬂictum
982 3572 1050 3625 de
1082 3586 1229 3626 more
1259 3588 1358 3628 suo
1386 3573 1698 3640 miseratus,

394 3661 577 3715 Intrat
616 3661 669 3714 in
703 3662 1010 3729 ecclesiam,
1041 3664 1293 3731 precibus
1326 3668 1641 3721 conscendit
1672 3668 1739 3722 ad
1767 3683 1937 3731 aram,

393 3746 562 3802 Mane
594 3760 875 3819 rogaturus
896 3764 994 3817 pro
1015 3765 1155 3805 cura‘
1184 3752 1429 3821 corporis
1458 3740 1652 3823 hujus,

401 3834 658 3891 Vedibus
687 3846 848 3905 atque
884 3838 1059 3893 sacris
1090 3839 1337 3906 indutus,
1368 3840 1523 3896 miles
1561 3850 1618 3895 ut
1650 3846 1837 3919 armis,

392 3922 759 3996 Concelebrat
789 3924 1031 3989 missam,
1065 3926 1159 3979 sed
1183 3922 1442 3981 nonsine
1473 3927 1685 3997 fletibus
1714 3933 1902 4001 ipsam.

392 4011 565 4064 Astat
590 4019 643 4063 et
679 4022 935 4080 aegrotus,
969 4014 1333 4081 prosternitur
1369 4015 1423 4068 in
1452 4020 1613 4083 prece
1654 4026 1815 4087 totus,

397 4098 586 4155 Or'ans
620 4116 681 4154 ex
710 4102 830 4157 imis
860 4102 1023 4156 animi
1052 4103 1338 4174 cordisque
1367 4106 1633 4173 medullis,

390 4191 525 4249 Jam
548 4192 646 4245 sibi
676 4194 997 4261 promissum
1024 4195 1279 4264 compleri
1317 4197 1529 4252 caelitus
1560 4198 1752 4267 ipsum.

392 4287 585 4351 Atque
621 4285 890 4353 mysteriis
917 4286 1305 4341 consummatis
1335 4276 1697 4346 sacrosanctis

392 4376 562 4449 (Mira
591 4376 861 4431 relaturus
879 4392 1019 4444 sum,
1052 4378 1184 4431 mira
1212 4380 1307 4434 sed
1335 4380 1725 4452 expositurus),

389 4468 617 4535 Accipit
651 4483 683 4523 e
713 4468 963 4524 manibus
988 4469 1199 4524 abbatis
1223 4473 1393 4539 aquas
1425 4471 1751 4537 sitibundus,

392 4562 572 4630 Queis
593 4561 886 4631 degustatis
913 4563 1123 4625 devote,
1155 4562 1307 4630 queis
1332 4562 1502 4633 magis
1534 4563 1760 4632 haustis,

390 4654 530 4709 Mox
559 4660 740 4721 optata
768 4651 913 4706 salus
946 4653 1203 4708 membris
1232 4653 1531 4731 infunditur
1554 4654 1692 4725 ejus.

388 4743 555 4821 Nam,
587 4756 715 4796 caro
750 4743 1061 4808 mandatur,
1099 4759 1223 4797 nam
1262 4759 1458 4815 spurca
1488 4746 1624 4800 cutis
1669 4758 1972 4818 reparatur,

1852 4114 1861 4123 ο
1924 4092 1975 4135 σμ’.

286 4896 289 4905 ,
386 4834 467 4889 Ει
492 4832 573 4886 sic
607 4831 661 4884 in
688 4830 905 4886 laudem
936 4822 1303 4901 puerumpens
1326 4833 1741 4905 Omnipotentis,

386 4922 523 4979 Non
554 4920 740 4976 minus
762 4921 1077 4977 Anselmum
1115 4924 1335 4979 tollebat
1369 4926 1593 4981 vocibus
1628 4928 1770 4983 altis.

387 5012 577 5079 Quem
604 5010 982 5079 compcscebat
1005 5012 1086 5065 vir
1115 5022 1368 5078 sanctus,
1393 5029 1623 5085 eumque
1650 5018 1903 5073 monebat

385 5100 478 5158 Ne
504 5099 608 5153 sibi
632 5098 759 5166 quid
786 5098 910 5153 facti
940 5100 1070 5154 velit
1098 5102 1222 5156 huic
1248 5104 1516 5158 ascribere
1542 5105 1703 5173 tanti,

386 5187 660 5264 [moneo
684 5188 782 5242 soli
810 5189 1079 5257 persolvat
1112 5193 1288 5245 munia
1322 5192 1493 5247 laudis
1514 5234 1527 5258 ,

385 5282 439 5336 Δ
469 5294 585 5349 quo
622 5280 864 5348 procedit
894 5284 1056 5335 totius
1082 5298 1211 5336 cura
1244 5282 1452 5337 salutis.
1499 5278 1503 5282 ’

388 5368 631 5423 Talibus
654 5366 967 5435 instructus,
1002 5371 1129 5426 hinc
1158 5382 1213 5426 et
1253 5373 1414 5427 nimis
1444 5375 1792 5442 exhilaratus,

436 5482 600 5555 ,(46)
632 5482 689 5534 in
712 5497 821 5555 _ms.
861 5484 1055 5555 codice,
1077 5486 1271 5554 regina:
1302 5484 1507 5542 Suecia:
1533 5497 1742 5542 exstant
1765 5491 1816 5544 hi
1851 5506 1970 5545 ver-

386 5551 498 5611 sus
534 5551 603 5607 ad
644 5551 844 5606 calcem
876 5551 1007 5609 Vitae
1039 5554 1094 5609 S.
1140 5551 1381 5610 Anselmi
1430 5557 1494 5610 ab
1530 5556 1792 5615 Eadmero
1845 5576 1969 5615 con-

1802 214 2230 293 ‘tnuACULA.

3548 232 3651 289 ιη

2012 349 2060 411 Α
2088 350 2315 405 Mundus
2342 359 2396 404 et
2421 350 2699 406 incolumis
2734 351 2872 406 redit
2900 350 2967 405 ad
2995 364 3089 404 sua
3120 347 3257 419 pelle
3293 330 3537 419 novatus.

2147 426 2411 511 Tempore
2439 456 2546 510 quo
2575 451 2792 496 sanctus
2815 457 2998 496 curam
3028 440 3260 510 pastoris
3294 443 3506 509 agebat,

2079 530 2147 583 Et
2165 545 2327 599 super
2353 531 2679 602 Angligenas
2720 534 2983 601 primatus
3013 532 3135 601 jure
3175 532 3409 597 elucbat,

2079 620 2329 676 Pluribus
2363 637 2428 675 ex
2455 624 2635 675 causis
2673 623 2722 676 in
2768 622 2913 692 regni
2937 622 3135 685 finibus
3161 622 3299 677 ortis

2076 710 2352 780 Praecipue
2383 711 2524 779 regis
2542 696 2834 775 Guillelmi,
2866 711 2959 765 sed
2984 710 3217 781 junioris

2077 798 2277 869 lmpete
2305 800 2510 855 saevitia
2538 800 2745 854 cerebri
2788 801 3081 858 comitante
3112 801 3308 864 mania,

2064 889 2350 945 Ecclesias
2378 890 2527 961 regni
2556 906 2663 959 qua
2696 906 2898 945 vexans
2931 890 3259 960 diripiendo,
3292 896 3295 899 '
3390 946 3393 949 _
3506 936 3521 943 -

2077 979 2194 1036 Non
2224 989 2341 1035 erat
2366 980 2454 1035 ille
2491 980 2659 1034 Deum
2702 996 2956 1036 reverens
2985 973 3299 1035 hominesve
3327 980 3575 1037 furendo.

2078 1067 2200 1123 Haec
2234 1083 2329 1138 per
2350 1083 2408 1125 se
2434 1068 2688 1143 quoniam
2718 1068 2910 1123 sedare
2940 1069 3195 1138 nequibat
3222 1071 3289 1123 ad
3320 1085 3572 1139 unguem,

2080 1158 2221 1213 Exiit
2246 1173 2277 1214 e
2306 1158 2443 1213 dulci
2473 1146 2646 1227 patria
2680 1157 2905 1212 Romam
2934 1159 3220 1230 petiturus,

2076 1245 2370 1301 Consilium
2396 1246 2596 1300 domini
2624 1261 2773 1315 papa:
2802 1261 2966 1319 super
2992 1247 3096 1301 hoc
3132 1246 3433 1311 habiturus,

2066 1339 2119 1393 Δ
2143 1352 2251 1407 quo
2273 1337 2565 1406 suscipitur
2600 1337 2766 1391 nimio
2797 1345 3106 1406 prmventus
3136 1332 3367 1391 honore"

2078 1428 2242 1484 Urbis
2269 1436 2325 1482 et
2350 1442 2379 1480 a
2423 1436 2532 1481 tota
2558 1435 2847 1481 veneratur
2886 1425 3190 1480 nobilitate.

2077 1518 2207 1590 Ejus
2236 1519 2289 1573 in
2320 1532 2603 1576 occursum
2635 1532 2891 1587 pompose
2924 1532 3046 1570 nam
3078 1504 3442 1586 properabat,”

2076 1608 2328 1663 Prassulis
2348 1609 2415 1661 ad
2447 1607 2584 1661 tanti
2615 1606 2814 1661 famam
2845 1619 3073 1660 currens
3101 1602 3437 1669 manidabat,

2001 1670 2051 1731 Β
2079 1698 2212 1753 Tum
2236 1699 2360 1768 quia
2390 1697 2612 1752 semotis
2640 1696 2766 1751 illuc
2794 1696 2860 1751 de
2893 1696 3138 1765 partibus
3160 1695 3308 1751 orbis

2076 1788 2309 1857 Venerat
2345 1788 2391 1843 is
2424 1787 2596 1843 sancti
2632 1792 2891 1857 repetens”
2912 1786 3167 1855 suffragia
3196 1784 3364 1849 Petri,

2078 1879 2213 1933 Tum
2258 1878 2381 1947 quia
2416 1886 2576 1932 notus
2604 1885 2722 1932 erat
2747 1876 3005 1930 mirandae
3040 1874 3395 1945 relligionis._

2058 1969 2301 2037 ,Actibus
2327 1968 2449 2023 hinc
2480 1967 2650 2021 multo
2679 1968 2810 2020 satis
2836 1976 3071 2034 expertre
3099 1964 3346 2018 rationis.

2077 2058 2175 2113 Ast
2200 2058 2289 2113 ubi
2317 2072 2477 2112 causa
2523 2058 2604 2110 sui
2639 2056 2740 2111 fuit
2765 2058 3027 2110 adventus
3058 2053 3370 2118 manifesta,

2080 2147 2300 2203 Summo
2329 2146 2567 2217 pontifici
2595 2162 2691 2216 per
2718 2146 2967 2200 eumdem
3010 2145 3209 2214 quippe
3240 2143 3431 2206 relata,

2079 2241 2156 2294 Ex
2182 2249 2307 2294 tunc
2337 2240 2592 2308 majorem
2619 2238 2720 2292 sibi
2751 2236 3118 2306 praetendebat
3155 2236 3438 2300 honorem,

2084 2327 2153 2381 Ut
2188 2327 2366 2380 decuit
2394 2326 2485 2381 tali
2519 2341 2764 2395 persona:
2797 2335 2904 2379 tam
2938 2322 3182 2395 speciali.
3516 2393 3533 2403 .

2079 2417 2211 2470 Nam
2252 2417 2490 2481 retinens
2518 2431 2722 2476 secum,
2750 2415 2966 2469 sibimet
2995 2412 3126 2467 facit
3166 2426 3286 2467 esse
3327 2411 3651 2475 secundum,

2083 2503 2305 2557 Actibus
2335 2504 2388 2557 in
2429 2504 2637 2577 cunctis
2664 2503 2887 2557 secretis
2919 2510 2975 2556 et
3010 2499 3312 2573 manifestis
3334 2537 3351 2563 ,

2052 2582 2250 2661 'lpsius
2282 2592 2348 2647 ad
2370 2591 2579 2645 laudem
2606 2589 3000 2660 quamplurima
3032 2604 3172 2657 saepe
3195 2592 3479 2657 perorans,‘

2080 2683 2233 2737 Nunc
2254 2684 2317 2736 in
2339 2682 2569 2753 privato,
2598 2682 2756 2735 modo
2782 2691 2924 2736 ecetu
2950 2680 3333 2748 multiplicato,

2080 2772 2170 2829 Sic
2199 2783 2256 2828 ut
2281 2773 2550 2827 multoties
2572 2770 3024 2826 verccundaretur
3060 2771 3112 2823 in
3155 2768 3369 2822 iisdem.

2078 2867 2240 2923 Urbis
2273 2883 2402 2922 vero
2430 2866 2585 2932 situs,
2617 2865 2743 2934 quia
2792 2862 3072 2945 morbidus
3100 2862 3353 2931 haudque
3381 2856 3617 2913 salubris

2079 2955 2326 3011 Noscitur
2356 2955 2671 3022 :estivosub
2706 2962 2965 3022 tempore,
2997 2952 3125 3021 quin
3168 2948 3466 3019 peregrinis
3486 2986 3504 3012 ,

2076 3046 2156 3101 Ex
2179 3046 2380 3102 domini
2413 3060 2561 3115 papae
2602 3058 2871 3099 consensu
2896 3041 3228 3110 consilioque

2071 3135 2401 3190 .Transiitad
2426 3131 2605 3187 villam
2633 3147 2752 3207 quae
2790 3130 3002 3185 Selavia
3042 3128 3273 3193 dicitur,
3307 3143 3359 3181 tn
3399 3142 3506 3195 qua

2077 3223 2229 3293 Saepe
2258 3221 2590 3293 quiescebat,
2616 3233 2810 3287 corpus
2840 3217 3134 3273 recreando
3165 3214 3404 3269 fovebat.
3442 3287 3447 3291 θ

2079 3317 2204 3371 Haec
2239 3315 2492 3383 quoniam
2522 3310 2614 3364 alti
2647 3318 2858 3364 constat
2886 3308 2989 3361 sita
3023 3307 3221 3359 montis
3253 3305 3307 3358 in
3336 3304 3451 3373 ipso

2078 3410 2276 3464 Sanior
2305 3406 2429 3461 inde
2460 3405 2637 3465 datur,
2667 3401 2900 3469 clivique
2937 3396 3173 3452 salubris
3220 3395 3470 3457 habetur,

2076 3500 2192 3555 Nec
2217 3490 2458 3567 procula
2494 3492 2661 3545 llllll‘iS
2699 3490 2955 3543 Romana:
2982 3485 3196 3541 sistitur
3233 3482 3402 3537 urbis.

2076 3593 2194 3659 Quo
2222 3586 2396 3642 Patris
2427 3586 2493 3638 ad
2512 3582 2723 3652 jussum
2760 3579 3036 3647 remeabat
3062 3585 3116 3630 et
3143 3575 3256 3665 ipse
3284 3572 3617 3641 frequenter,

2076 3679 2313 3739 Grandia
2343 3675 2441 3732 sed
2468 3674 2679 3743 quoties
2710 3668 2975 3725 tractabat
3002 3674 3056 3720 et
3087 3666 3201 3736 ipse
3233 3670 3505 3747 patenter.
3562 3722 3569 3730 ,

2074 3769 2247 3839 lpsius
2276 3754 2334 3820 at
2360 3761 2554 3818 montis
2585 3758 2833 3813 homines
2862 3753 3087 3825 penuria
3118 3751 3339 3821 grandis
3557 3752 3567 3761 '

2074 3855 2413 3927 Conliciebat
2440 3866 2590 3918 aqua}
2614 3848 2724 3915 jam
2751 3845 3007 3914 temporis
3043 3843 3168 3896 illud
3212 3842 3277 3895 ad
3316 3856 3506 3927 usque.

2076 3924 2395 4012 Quod‘beue
2424 3938 2759 4010 perpendens
2799 3934 2956 4002 huius
2999 3931 3241 3988 custodia
3266 3924 3438 3995 villae,
3516 4004 3519 4005 γ

2076 4034 2299 4103 insuper
2336 4040 2391 4088 et
2425 4030 2590 4083 vitam
2622 4035 2842 4081 sanctus
2883 4033 3045 4092 quam
3088 4020 3320 4077 duxerat
3345 4021 3435 4078 ille
3457 4060 3475 4086 ,

2076 4124 2144 4179 Et
2168 4122 2292 4191 quia
2324 4120 2478 4189 plura
2505 4118 2617 4172 suis
2649 4115 2899 4184 precibus
2920 4112 3033 4181 jam
3075 4112 3355 4168 commoda
3394 4111 3579 4166 multis

2075 4206 2675 4265 Prmstiterit‘Cbristus
2706 4204 3017 4258 morborum
3059 4202 3181 4257 tabe
3211 4196 3468 4272 gravatis,

1997 4306 2051 4365 Ι)
2075 4298 2378 4368 Alloquitur
2396 4305 2641 4352 sanctum
2664 4333 2677 4358 ,
2712 4292 2964 4363 precibus
2991 4291 3352 4346 circumvenit
3378 4289 3578 4359 ipsum,

2078 4390 2147 4445 Ut
2174 4390 2386 4459 signare
2412 4387 2585 4441 locum
2615 4384 2760 4454 putei
2793 4384 3044 4453 dignetur
3069 4382 3288 4447 ibidem,

2073 4480 2225 4546 Quod
2259 4492 2411 4543 mage
2428 4474 2753 4530 conveniens
2780 4472 2925 4527 latici
2954 4472 3252 4527 decreverit
3274 4472 3435 4538 idem,

2075 4571 2268 4623 Dicens
2294 4566 2428 4621 velle
2452 4579 2611 4638 suum
2642 4562 2777 4628 fore,
2808 4564 2853 4617 si
2878 4561 2991 4629 jam
3033 4564 3169 4616 forte
3193 4562 3400 4616 valeret

2072 4660 2129 4716 ld
2166 4657 2307 4721 lieri,
2333 4654 2690 4726 precibusque
2705 4651 2963 4721 juvamen
2993 4655 3135 4708 ferre
3163 4649 3403 4721 placeret

2074 4747 2225 4814 Quod
2253 4760 2357 4799 non
2384 4752 2525 4800 esset
2550 4758 2685 4813 opus
2727 4742 3060 4797 descendere
3084 4741 3241 4797 vallis
3265 4741 3333 4795 ad
3372 4742 3540 4797 imutn

2073 4836 2313 4905 Gurgitis
2360 4834 2429 4889 ad
2477 4834 2725 4905 lymphas
2778 4830 3093 4887 referendas
3138 4832 3336 4887 montis
3368 4832 3421 4886 in
3456 4833 3647 4895 altum.

2071 4926 2252 4985 Audiit
2279 4923 2599 4988 Anselmus,
2640 4921 2969 4990 tandemque
2996 4921 3304 4991 precatibus
3334 4922 3451 4991 ejus

2071 5017 2292 5081 Annuit,
2319 5024 2373 5068 et
2405 5013 2589 5068 laudat
2625 5012 2767 5082 quod
2800 5012 3130 5081 disposuisse
3158 5011 3353 5065 fatetur
3393 5031 3407 5066 :

2072 5106 2486 5175 Assumptisque
2516 5102 2619 5183 sibi
2646 5102 2833 5166 sociis,
2865 5102 3248 5173 monachisque
3275 5102 3510 5170 duobus,

2072 5197 2217 5253 Exiit
2245 5204 2463 5250 acturus
2500 5192 2677 5247 fuerat
2714 5191 2855 5261 quod
2882 5206 3023 5261 δειερο
3056 5200 3293 5259 rogatus.

2074 5289 2178 5345 Sed
2210 5303 2362 5363 mons
2390 5286 2631 5346 sublimis
2655 5294 2771 5340 erat
2797 5286 2997 5340 arduus
3025 5294 3078 5339 et
3108 5284 3266 5356 nimis
3292 5282 3426 5353 ipse,

2073 5382 2313 5450 Desuper
2334 5387 2388 5432 et
2415 5393 2574 5447 rupes
2602 5392 2709 5446 quo
2734 5392 2890 5431 mons
2920 5384 3035 5431 erat
3066 5376 3273 5431 obsitus
3312 5376 3423 5442 ipse
3446 5393 3463 5439 ;

2002 2991 2043 3046 C

2075 5493 2306 5561 scriptze.
2339 5488 2473 5543 llinc
2500 5488 2969 5561 conjiciesjtorum
2999 5489 3156 5541 etiam
3182 5501 3429 5541 versuum
3457 5498 3646 5543 auclo-

2079 5557 2200 5617 rem'
2226 5560 2389 5613 luisse
2416 5557 2727 5628 prmdictum
2754 5557 3099 5611 Eadmcrum.
