4174 6190
517 284 622 341 123

513 391 665 453 Unde
700 394 985 451 videbatur
1015 397 1281 453 dementia
1306 414 1509 452 summa
1543 403 1757 469 probari

513 484 668 549 Quod
703 485 825 553 quis
855 485 927 539 ibi
960 486 1120 541 vellet
1160 496 1379 555 puteum
1418 488 1910 561 saltem.meditari.

514 576 767 635 Attamen
802 578 1049 641 antistes,
1081 578 1267 645 scripti
1298 593 1400 631 non
1442 579 1727 634 immemor
1767 592 1988 636 exstans

513 664 665 732 Quod
702 668 792 735 qui
830 668 1031 722 habens
1059 668 1181 721 fidei
1206 678 1463 736 quantum
1495 670 1565 723 sit
1609 686 1821 737 sperma
1866 672 2089 741 sinapis,

512 755 747 827 Imperat
776 760 899 813 hinc
929 759 1099 812 monti
1135 760 1431 821 transferri,
1460 761 1673 827 citoque
1712 761 1983 827 movebit;

515 846 595 899 Ac
623 855 751 901 tunc
781 848 897 915 ipse
925 846 1099 903 fretus
1127 846 1222 917 spe
1254 834 1393 903 sicut
1432 856 1549 901 erat
1578 848 1717 903 bene
1742 858 1949 917 suetus,

496 933 849 1005 ,lnspiciendo
878 934 1077 1000 locum,
1110 937 1403 1006 perlustrat
1431 936 1675 991 strictius
1702 938 1895 1005 ipsum.

518 1023 671 1079 Tunc
697 1040 862 1094 prece
885 1028 1164 1096 praemissa
1185 1067 1200 1091 ,
1236 1041 1356 1096 qua:
1382 1041 1597 1096 semper
1630 1034 1750 1082 erat
1777 1028 1878 1081 sibi
1910 1043 2094 1096 prom-

1772 1164 1775 1165 ,
1853 1115 2016 1187 [pta,

514 1201 693 1271 Atque
718 1203 1021 1271 genuﬂexo,
1050 1204 1235 1258 crucis
1263 1203 1506 1257 exhibito
1527 1218 1742 1272 quoque
1773 1205 1946 1275 signo,

516 1290 623 1346 Ter
662 1290 857 1363 'eriens
888 1286 1274 1359 terramlapidi
1300 1307 1556 1360 saxoque
1585 1278 1967 1363 propinquam,

514 1380 682 1437 Jussit
705 1392 763 1435 ut
786 1382 1052 1436 instarent
1079 1382 1227 1455 aperi
1251 1390 1576 1452 puteumque
1604 1393 1875 1453 pararent.

518 1472 633 1526 Non
660 1470 981 1538 dilﬁdentes,
1010 1475 1101 1528 sed
1128 1475 1180 1527 in
1206 1474 1321 1541 ipso
1347 1488 1495 1542 spem
1533 1474 1855 1537 statuentes,

517 1560 618 1627 Qui
649 1562 845 1631 populo
885 1562 1155 1632 quondam
1190 1578 1286 1631 per
1312 1563 1583 1616 desertum
1614 1563 1879 1632 gradienti

516 1652 699 1707 Flrnta
739 1654 804 1707 de
837 1663 989 1723 petra
1020 1654 1282 1722 produxit
1312 1668 1482 1723 aquas
1513 1654 1739 1708 sitienti.

520 1743 809 1820 Per-paucis
848 1745 1011 1815 igitur
1048 1745 1345 1800 transactis.
1378 1745 1503 1799 inde
1548 1745 1757 1809 diebus,

519 1833 597 1888 Ex
627 1849 735 1911 quo
770 1848 1051 1905 coeperunt
1080 1838 1132 1891 in
1158 1837 1363 1892 vertice
1388 1836 1629 1906 scalpere
1665 1836 1885 1902 montis,

1567 288 1622 344 s.
1660 287 1955 347 ANSELMI
1997 290 2343 348 CANTUAR.
2380 276 2708 367 Auernae;

3645 292 3761 352 128

2110 415 2155 468 Α
2184 405 2323 459 Fons
2351 421 2382 460 e
2407 406 2631 475 vestigio
2673 420 3033 476 prorumpens
3062 406 3223 471 cotis,
3248 414 3304 461 et
3338 406 3477 460 unda

2194 495 2427 549 Perculit
2459 504 2697 550 astantes
2725 495 2903 551 subito
2944 486 3243 563 grandique
3278 505 3517 564 stupore.

2194 584 2328 639 llinc
2357 602 2453 654 pro
2484 585 2664 639 lzetitia
2694 586 2887 639 mentis
2917 600 3039 639 cum
3069 584 3242 641 laudis
3280 584 3484 639 honore

2192 674 2463 728 Christum
2503 674 2868 743 magnillcant,
2904 683 3260 743 sanctumque
3288 674 3381 727 Dei
3420 673 3664 742 repetitis

2194 764 2424 821 Vocibus
2461 764 2782 829 acclamant,
2822 775 2931 817 tum
2964 763 3086 818 facti
3116 780 3214 834 pro
3243 764 3482 819 novitate

2192 854 2447 919 Muneris,
2479 863 2534 910 et
2559 856 2664 909 divi
2696 863 2803 908 tam
2838 854 2973 908 mira
3002 870 3101 922 pro
3134 855 3390 909 novitate.

2192 946 2303 1000 Hoc
2331 955 2385 999 et
2412 946 2638 1000 habetur
2674 945 2742 998 ibi
2784 959 2879 1013 pro
2915 944 3076 1007 miro,
3106 959 3231 997 nam
3257 951 3404 1011 patet
3429 941 3575 996 omni

2189 1037 2323 1091 Cum
2355 1052 2508 1090 mons
2542 1050 2796 1104 procerus
2822 1044 3037 1089 constet
3063 1034 3382 1102 modiceque
3408 1040 3653 1095 cavatus,

2190 1125 2361 1181 Fonte
2392 1126 2623 1201 salubris
2659 1140 2796 1193 aqua
2826 1125 2972 1194 jugis
2994 1136 3049 1179 et
3077 1123 3157 1189 ﬁt,
3193 1132 3247 1177 et
3277 1124 3390 1193 ipse
3415 1122 3669 1192 repletus.

2191 1214 2323 1268 Nam
2359 1214 2709 1270 febrientibus
2735 1216 2848 1285 haec
2880 1216 2934 1269 in
2975 1224 3159 1284 potum
3183 1223 3394 1284 sumpta
3424 1212 3690 1275 medetur,

2181 1302 2414 1373 ,lnsuper
2435 1314 2489 1358 et
2516 1305 2679 1359 variis
2712 1305 3062 1374 languoribus
3095 1313 3215 1374 apta
3252 1304 3531 1374 probatur.

2189 1392 2270 1446 Ad
2294 1393 2517 1455 §Domini
2550 1394 2759 1469 laudem
2796 1395 2937 1463 quod
2974 1395 3207 1462 pertinet
3236 1393 3605 1448 indubitanter

2191 1480 2338 1535 Talia
2362 1481 2451 1549 qui
2484 1468 2675 1550 pepulo
2697 1482 2792 1535 dat
2829 1483 2967 1537 dona
3007 1496 3106 1537 suo
3132 1482 3475 1537 miseranter.

2192 1569 2390 1623 Prtesul
2416 1579 2468 1623 et
2498 1571 2608 1639 ipse
2636 1572 2852 1638 quidem
2881 1587 2986 1626 non
3014 1585 3208 1641 expers
3244 1570 3416 1624 lau‘dis
3439 1569 3690 1633 habetur,

2192 1655 2355 1724 Cujus
2390 1672 2574 1710 amore
2602 1658 2741 1713 Deus
2770 1673 2903 1727 opus
2934 1659 3034 1713 hoc
3072 1667 3315 1727 patrasse
3342 1654 3572 1723 videtur,

2120 1734 2165 1792 Β
2196 1744 2331 1799 llinc
2362 1744 2587 1801 Sclavire
2620 1734 2814 1815 puteus
2847 1748 3020 1816 patria
3062 1748 3330 1802 vocitatur
3352 1747 3404 1803 in
3437 1745 3582 1801 omni

2150 1839 2156 1848 '
2196 1834 2450 1890 Prresulis
2480 1830 2720 1890 Anselmi
2766 1846 2960 1906 puteus
3001 1837 3066 1891 de
3106 1836 3261 1890 laude
3290 1835 3533 1906 perenni.

922 2166 1437 2278 SANCTI
1555 2090 2177 2276 ANSELMI
2286 2161 2639 2277 VITA
2750 2092 3367 2279 BllEVIOR

1331 2381 1435 2440 Ex
1469 2381 1896 2459 manuscripto
1935 2378 2146 2440 codice
2174 2377 2553 2439 bibliothecw
2593 2377 2953 2439 Victorinm.

593 2690 877 2747 Anselmus
902 2704 968 2744 ex
996 2688 1233 2759 Augusta
1266 2688 1587 2758 Burgundios
1633 2686 1854 2741 civitate
1897 2685 1964 2738 ad
1997 2684 2087 2738 Al-

519 2784 669 2853 pium
696 2779 907 2835 radices
934 2779 1105 2850 posita
1136 2778 1414 2843 oriundus,
1440 2793 1504 2832 ac
1532 2776 1831 2833 illustribus
1852 2776 2091 2844 parenti-

520 2871 645 2935 bus,
675 2868 947 2924 Gundulfo
975 2876 1127 2938 patre
1156 2882 1218 2922 ac
1231 2856 1632 2937 Hermenberga
1664 2876 1840 2923 matre
1859 2881 2094 2938 progna-

523 2972 633 3024 tus,
663 2970 717 3013 et
747 2975 775 3013 a
806 2959 1035 3028 pueritia
1064 2958 1290 3025 ingenue
1346 2957 1746 3025 liberaliterque
1794 2959 2091 3022 institutus,

490 3054 591 3119 ad
615 3051 882 3106 Beccense
904 3050 1232 3114 ctenobinm,
1270 3059 1544 3118 permotus
1593 3047 1878 3103 Lanfranci
1914 3049 2053 3103 fama
2076 3088 2093 3115 ,

520 3141 872 3209 discendique
899 3140 1099 3206 studio,
1137 3140 1303 3193 venit.
1335 3140 1409 3194 lbi
1438 3140 1753 3194 :etatis‘suae
1781 3156 1922 3197 anno
1951 3134 2095 3196 vice-
2129 3134 2134 3203 ἶ

520 3247 659 3287 ωηο
686 3231 913 3301 septimo
927 3231 1161 3300 primum
1188 3231 1574 3297 litmonachus,
1588 3229 1781 3285 deinde
1795 3218 2105 3284 Lanfranco'

524 3323 589 3376 al
648 3322 1036 3375 Cadomensem
1092 3321 1363 3376 abbatiam
1407 3319 1682 3389 praefecto,
1736 3322 1788 3374 in
1842 3320 2094 3376 Beccensi

520 3397 764 3481 prioratu
792 3409 1090 3466 successit:
1133 3409 1184 3462 in
1216 3423 1322 3477 quo
1368 3394 1577 3463 ordine
1608 3406 1913 3477 quindecim
1941 3408 2097 3461 annis

521 3499 676 3554 stetit
712 3515 726 3551 :
765 3498 902 3554 Tum
931 3498 1152 3552 Erluino
1181 3498 1432 3553 Becccnsi
1460 3497 1655 3551 abbate
1704 3506 1936 3561 mortuo,
1980 3496 2094 3549 An-

520 3583 725 3642 seltnus
767 3588 938 3641 abbas
995 3596 1246 3651 creatur;
1295 3602 1453 3656 quem
1496 3586 1732 3656 'gradum
1786 3575 2131 3654 quindecim‘

520 3677 685 3731 etiam
747 3675 904 3729 annis
945 3677 1129 3745 gessit.
1176 3676 1415 3730 Tandem
1469 3675 1537 3728 ab
1597 3678 1821 3745 Hugone
1870 3674 2093 3729 Cestria:

521 3764 722 3819 comite
753 3766 990 3835 graviter
1018 3775 1332 3836 aegrotante,
1367 3766 1682 3820 celebritate
1728 3767 1807 3819 sui
1865 3766 2095 3821 nominis

529 3852 859 3922 pervulgata,
890 3854 942 3906 in
966 3854 1212 3921 Angliam
1248 3855 1541 3909 accersitus
1566 3856 1734 3922 venit,
1762 3864 1820 3908 ut
1842 3856 2087 3924 quaedam

496 3996 501 4001 .
524 3943 667 4001 illius
686 3946 900 4001 cornitis
916 3946 1125 4016 negotia
1143 3956 1477 4016 procuraret,
1494 3956 1547 4000 et
1572 3947 1873 4001 Cestrensis
1904 3963 2093 4001 monti-

521 4036 675 4115 sterii
704 4045 926 4101 cretum,
952 4037 1183 4091 exclusis
1218 4039 1611 4101 sacerdotibus,
1644 4039 1922 4092 monachis
1944 4054 2093 4115 com-

522 4112 715 4197 pleret.
768 4128 846 4184 De
894 4144 1002 4197 quo
1031 4145 1151 4183 eum
1186 4129 1502 4184 Guillelmus
1532 4130 1702 4185 Rufus
1756 4112 2089 4198 accepisset,

520 4236 645 4273 eum
706 4220 1149 4275 Cantuariensem
1236 4220 1699 4289 archiepiscopum
1774 4221 2089 4276 nominavit.

436 4300 445 4309 ’
522 4308 725 4363 Omnes
750 4312 893 4364 enim
951 4310 1447 4380 archiepiscopatus
1470 4321 1762 4381 proventus
1812 4321 1919 4366 toto
1960 4328 2095 4382 qua-

2199 2698 2303 2751 que
2357 2682 2550 2737 divinis
2602 2682 2802 2745 dedito,
2851 2680 3072 2750 perferri
3101 2696 3165 2738 ac
3209 2686 3496 2740 sustentari
3540 2674 3754 2755 posset.

2200 2770 2305 2825 Sed
2326 2785 2449 2825 cum
2478 2784 2653 2839 neque
2673 2770 2777 2824 hac
2804 2769 3054 2857 suasione
3095 2770 3382 2839 quidquam
3424 2768 3768 2842 profecisset,

2196 2873 2400 2929 proque
2426 2867 2575 2913 certo
2600 2858 2953 2926 comperisset
2979 2872 3233 2926 proceres
3257 2859 3622 2932 populumque
3648 2862 3769 2916 An-

2197 2950 2317 3020 glia‘.
2344 2950 2601 3005 adversos
2628 2958 2721 3002 aut
2749 2950 2951 3003 minus
2975 2948 3109 3003 fidos
3128 2950 3252 3015 sibi,
3278 2951 3531 3007 Anselmo
3582 2952 3773 3011 favere
3821 2948 3845 3001 -’

2198 3052 2428 3106 eumque
2454 3038 2520 3091 ad
2555 3037 2942 3107 archiepiscopi
2972 3024 3165 3092 munus
3188 3037 3300 3106 jam
3331 3039 3573 3095 oblatum
3599 3040 3763 3112 flagi-

2197 3139 2345 3195 tare,
2391 3136 2576 3195 aperte
2614 3127 2984 3183 contradicere
3006 3127 3195 3188 noluit.
3234 3128 3613 3187 Verumtamen
3664 3146 3769 3188 ex-

2197 3219 2341 3287 cepit
2382 3218 2774 3287 possessionem
2818 3231 3001 3271 rerum
3056 3216 3581 3287 ecclesiasticarum,
3622 3235 3765 3290 quas

2198 3308 2288 3364 illo
2312 3308 2607 3364 vacationis
2638 3307 2996 3377 quadriennio
3025 3306 3248 3373 fecerat,
3275 3316 3333 3362 ut
3354 3308 3594 3362 Anselmi
3624 3323 3765 3378 que-

2197 3414 2301 3469 que
2345 3400 2663 3453 auctoritate
2708 3405 2764 3453 et
2800 3396 3065 3452 sententia
3096 3406 3229 3451 rata:
3261 3407 3463 3452 essent.
3520 3397 3603 3452 Ad
3644 3413 3771 3467 qua

2195 3489 2481 3543 Anselmus
2504 3488 2639 3542 dixit
2669 3488 2743 3541 illi
2773 3486 2914 3541 nolle
2943 3500 3002 3541 se
3024 3473 3277 3543 Ecclesiae
3302 3501 3499 3543 nocere
3530 3474 3767 3557 inqu'am

2195 3578 2350 3632 cilicii
2378 3577 2509 3631 nihil
2536 3577 2866 3631 contulisset.
2890 3576 3076 3646 itaque
3104 3577 3375 3632 abbatiam
3403 3576 3761 3645 Beccensem,

2195 3670 2411 3723 obtenta
2466 3666 2913 3735 Rothomagensis
2959 3668 3194 3737 episcopi
3228 3668 3442 3721 licentia
3468 3667 3543 3738 (in
3593 3664 3754 3734 cujus

2196 3755 2414 3818 diweesi
2448 3754 2568 3823 fuit)
2600 3755 2884 3819 deserens,
2930 3754 3366 3823 archiepiscopus
3392 3754 3758 3809 Cantuarien-

2196 3845 2271 3898 sis
2309 3860 2337 3896 a
2387 3844 2719 3898 Walchelino
2768 3844 3133 3907 Wintoniensi,
3174 3853 3284 3898 tum
3331 3832 3583 3915 episcopo
3632 3838 3767 3899 con;

2200 3937 2446 3987 lirtnatur
2477 3974 2491 3997 ,
2532 3933 2956 4004 ﬁdelitatemque
2993 3932 3132 3988 Rufo
3165 3934 3276 4004 regi
3324 3935 3390 3990 de
3427 3949 3577 4010 more
3611 3934 3763 3990 fecit.

2264 4125 2395 4181 Tum
2419 4142 2547 4183 vero
2566 4129 2616 4183 in
2643 4144 2705 4183 ea
2743 4132 2867 4185 sede
2896 4130 3101 4185 locatus
3127 4138 3179 4183 et
3210 4130 3556 4195 constitutus,
3586 4130 3758 4200 cmpit

2195 4230 2373 4286 regem
2399 4216 2619 4271 liberius
2645 4227 2805 4287 atque
2820 4220 3059 4273 severius
3085 4219 3150 4272 de
3179 4228 3285 4271 tam
3309 4211 3615 4287 inexplebili
3664 4233 3765 4274 cu-

2193 4305 2414 4375 piditate
2440 4315 2495 4362 et
2517 4308 2703 4375 rapina
2719 4309 2974 4361 bonorum
3000 4307 3483 4361 ecclesiasticarum
3500 4307 3762 4363 admone-

454 4390 458 4395 ’
522 4397 768 4473 driennio
800 4415 893 4452 rex
923 4407 1258 4467 perceperat,
1286 4399 1659 4468 plurimasque
1688 4399 1958 4455 Ecclesias
1999 4417 2093 4456 ve-
2125 4424 2170 4479 Ι)
2196 4412 2275 4462 re,
2301 4412 2407 4466 qua
2448 4399 2580 4452 nihil
2604 4399 2771 4467 possit
2791 4412 2912 4453 esse
2934 4383 3133 4452 certius
3157 4399 3299 4466 quod
3344 4407 3421 4452 tot
3448 4398 3764 4453 cremeteria

521 4487 672 4542 nales
725 4488 1099 4553 habnt-rauet
1132 4488 1349 4557 triginta
1391 4490 1703 4543 coemeteria
1749 4490 1803 4543 in
1856 4491 2088 4546 ferarum

520 4588 719 4643 pascua
752 4578 1056 4646 redegerat,
1083 4587 1137 4630 et
1165 4576 1516 4630 ecclesiarum
1546 4580 1851 4633 vacantium
1887 4579 2093 4636 fructus

518 4663 620 4715 sibi
648 4674 1035 4719 reservaverat.
1070 4665 1233 4733 Cujus
1270 4665 1403 4718 lucri
1433 4666 1812 4732 suavitatem,‘
1846 4684 1965 4723 cum
2011 4671 2093 4724 vel

516 4770 741 4824 prorsus
780 4758 1156 4819 amittendam,
1194 4757 1276 4809 vel
1310 4757 1462 4809 valde
1511 4758 1855 4829 minuendam
1904 4776 1967 4813 ex
2006 4776 2092 4814 ar-

517 4844 951 4913 chiepiscopatus
980 4844 1327 4897 concessione
1356 4856 1627 4912 senserat,
1651 4848 1900 4916 pmnituit
1940 4848 2090 4901 illum

518 4934 659 4990 illico
688 4934 846 5001 hujus
876 4945 982 4987 tam
1014 4945 1272 5003 promptae
1296 4944 1350 4987 et
1375 4950 1651 5003 propensa
1692 4938 1742 4989 in
1778 4939 2086 4993 Anselmum

516 5025 908 5081 beneficentize.
938 5025 1122 5090 Itaque
1170 5033 1227 5075 ut
1248 5024 1363 5093 ejus
1411 5024 1669 5078 animum.
1697 5042 1726 5078 a
1757 5030 2091 5099 suscipiendo

521 5119 703 5172 oblato
768 5115 1232 5182 archiepiscopatu
1280 5123 1568 5180 averteret,
1608 5117 1859 5173 simulate
1914 5121 2086 5188 primo

516 5206 785 5276 exposuit,
816 5204 916 5257 etsi
945 5217 1127 5255 amore
1175 5211 1229 5256 et
1262 5204 1467 5258 meritis
1496 5206 1611 5273 ejus
1640 5206 1829 5261 ductus
1855 5207 2089 5263 Cantua-

518 5298 750 5351 rienscm
809 5295 1328 5363 archiepiSCOpatum
1385 5298 1741 5364 contulisset,
1803 5310 1976 5355 tamen
2030 5318 2089 5357 se

520 5385 625 5451 jam
659 5398 883 5436 cernere
911 5382 1226 5450 gravitatem
1252 5392 1305 5439 et
1332 5386 1750 5454 magnitudineno
1804 5390 2088 5457 provincia:

519 5474 924 5527 Cantuariensis
968 5473 1222 5541 majorem
1255 5491 1374 5531 esse
1430 5493 1731 5546 quamane
1755 5479 1821 5531 ab
1872 5480 2088 5538 homine

524 5564 835 5618 monasticis
865 5564 1321 5633 occupationibus,
1356 5568 1567 5635 vigiliis,
1605 5568 2086 5625 lucnln‘ationibns-

2198 4487 2324 4541 feris
2346 4488 2478 4557 ipsis
2492 4489 2560 4542 ob
2587 4489 2792 4542 ruinam
2814 4488 3163 4542 ecclesiarum
3180 4502 3500 4556 compascua
3523 4485 3761 4543 fecisset.

2198 4577 2301 4633 Sed
2330 4593 2453 4634 cum
2476 4580 2588 4633 suis
2631 4579 2877 4647 precibus
2907 4588 2961 4632 et
3009 4578 3493 4645 exhortationibus,
3518 4579 3585 4633 de
3613 4577 3763 4648 regis

2197 4669 2377 4723 animo
2432 4683 2580 4738 spem
2626 4668 2825 4721 nullam
2891 4667 3171 4737 concipere
3220 4667 3501 4737 potuisset,
3547 4665 3765 4721 veniam

2196 4758 2346 4828 petiit
2379 4759 2602 4812 Romam
2632 4759 2789 4813 eundi
2815 4773 2912 4826 pro
2935 4757 3222 4813 obtinendo
3260 4758 3327 4811 ah
3363 4755 3581 4811 Urbano
3625 4769 3772 4825 papa

2198 4849 2376 4916 pallio.
2410 4850 2523 4914 Qua
2554 4849 2665 4902 sive
2691 4848 2966 4917 petitione,
2994 4846 3105 4901 sive
3127 4846 3491 4901 nominatione
3516 4845 3769 4901 turbatus

2194 4949 2247 4993 et
2277 4955 2536 4993 accensus
2567 4938 2915 4991 vehementer
2947 4952 3041 4991 rex
3075 4935 3307 4990 asseruit
3336 4946 3389 4989 et
3414 4934 3615 4989 acriter
3635 4920 3771 4987 c‘on-

2194 5032 2362 5085 tendit
2385 5031 2487 5084 hoc
2509 5028 2818 5082 Ansclmum
2851 5038 3037 5082 contra
3070 5043 3177 5083 sua:
3206 5026 3479 5081 ﬁdelitatis
3522 5025 3765 5095 promis-

2191 5138 2263 5175 sa:
2286 5122 2457 5174 foedus
2485 5119 2700 5182 fecisse;
2738 5118 2899 5172 fuisse
2920 5119 3061 5173 enim
3086 5134 3115 5171 a
3142 5127 3293 5186 patre
3323 5132 3420 5171 suo
3463 5106 3746 5171 decretum

2193 5229 2259 5267 ne
2282 5212 2586 5281 quisquam,
2618 5210 2706 5278 qui
2741 5224 2769 5261 a
2801 5223 2923 5279 rege
2962 5204 3298 5277 nuncupatus
3324 5222 3432 5262 non
3482 5216 3648 5273 esset,
3704 5205 3763 5261 in

2196 5302 2398 5369 Angliae
2422 5316 2585 5369 regno
2614 5312 2763 5367 papae
2793 5298 3008 5352 nomine
3039 5306 3375 5358 censeretur,
3403 5306 3459 5351 et
3483 5296 3573 5364 qui
3601 5310 3766 5351 secus

2197 5390 2416 5443 fecisset
2450 5388 2587 5443 ltesa:
2618 5388 2913 5456 rnajestatis
2967 5401 3115 5440 reum
3166 5386 3412 5454 regisque
3457 5384 3764 5453 inimicum,

2196 5478 2335 5546 quod
2391 5478 2539 5547 regni
2594 5477 3038 5531 consuetudinem
3094 5474 3318 5528 violaret
3381 5472 3767 5543 judicandurn.

2198 5568 2361 5636 llnjus
2385 5581 2511 5621 vero
2527 5568 2597 5619 rei
2626 5566 2904 5620 veritatem
2929 5563 3221 5618 Eadmems
3248 5560 3331 5617 his
3357 5560 3532 5617 verbis
3548 5560 3763 5615 descri-
