4174 6218
533 402 641 464 ω

1894 399 2050 462 νιτΑ
2090 405 2405 462 Βιιενιοῐι.

3671 412 3771 470 HG

531 517 716 576 bitu
767 517 968 585 Regem
1016 517 1086 570 oe
1133 525 1429 573 transmare
1482 510 1787 589 regressum
1815 518 2102 575 Anselmus
2130 524 2173 577 Α
2202 520 2268 573 ad
2299 520 2437 589 regis
2474 517 2809 575 Murierdach
2836 522 3128 592 populique
3167 522 3507 578 in'iiibernia
3555 526 3768 593 petitio-

536 608 691 674 adiit,
712 617 764 663 et
790 617 849 661 ut
896 607 999 662 sibi
1032 606 1261 681 Romam
1286 608 1353 662 ad
1406 623 1596 678 papam
1657 609 1951 677 Urbanum,
2006 626 2103 681 pro

536 700 672 755 stola
722 698 802 752 sui
862 684 1373 767 archiepiswpatus,
1416 700 1576 754 eundi
1628 700 1896 756 licentiam
1927 702 2100 767 daret,

536 789 810 844 humiliter
844 789 1017 857 petiit.
1043 788 1217 843 Atille
1240 789 1307 842 ad
1338 804 1531 843 nomen
1572 788 1772 847 Urbani
1825 792 2093 858 turbatus,

536 879 673 933 dixit
698 878 931 933 se’illum
957 894 1054 947 pro
1084 877 1217 950 papa
1242 894 1348 934 non
1383 889 1585 947 tenere,
1617 895 1718 935 nec
1743 896 1854 935 suae
1872 896 2104 936 consue-

538 969 741 1025 tudinis
773 984 893 1024 esse
922 978 981 1024 ut
1012 972 1218 1040 absque
1241 985 1340 1025 sua
1366 970 1625 1026 electione
1648 970 1807 1025 alicui
1836 964 2023 1027 liceret
2048 971 2102 1026 in

536 1069 704 1130 regno
733 1075 829 1115 suo
857 1061 1046 1131 papam
1078 1058 1373 1116 nominare.
1408 1079 1429 1114 ι
1463 1059 1599 1116 Hinc
1626 1062 1792 1131 igitur
1815 1072 1931 1115 orta
1953 1077 2103 1132 qum-

536 1154 660 1209 dam
688 1154 868 1224 gravis
898 1154 1158 1210 dissensio
1191 1161 1297 1218 est,
1328 1153 1421 1208 sed
1443 1153 1495 1207 in
1522 1152 1667 1207 aliud
1697 1162 1905 1221 tempus
1928 1152 2102 1206 discu-

536 1242 718 1296 tienda
744 1252 829 1297 est
856 1226 1053 1296 delata.
1079 1241 1241 1296 Jubet
1278 1256 1407 1309 ergo
1439 1248 1502 1295 ut
1539 1241 1704 1297 totius
1748 1240 1954 1311 Anglia:
1996 1242 2105 1311 epi-

538 1333 716 1400 scopi,
741 1332 985 1397 abbates,
1019 1343 1074 1387 et
1099 1332 1377 1402 principes
1398 1332 1466 1385 ad
1514 1331 1902 1386 discussionem
1942 1332 2105 1386 όὶεεὶιε

537 1421 613 1477 dii
661 1422 815 1490 hujus
843 1423 982 1491 apud
1014 1430 1279 1486 castrum,
1337 1420 1479 1490 quod
1510 1419 1842 1489 Rocbingam
1884 1420 2133 1498 dicitur,‘

535 1526 645 1565 una
671 1510 910 1565 veniant.
928 1510 1146 1569 Factum
1167 1520 1270 1577 est,
1284 1520 1339 1565 et
1365 1512 1523 1566 tertia
1545 1513 1845 1583 septimana
1861 1512 2117 1579 Quadra‘

535 1599 774 1668 gesima‘,
802 1598 951 1669 juxta
976 1596 1237 1665 edictum,
1258 1601 1645 1656 cenvenerunt.
1676 1601 1852 1657 Causa
1903 1601 1954 1656 in
1986 1616 2117 1657 me—

535 1688 685 1742 dium
702 1688 932 1752 ducitur,
950 1696 1005 1761 et
1022 1687 1307 1744 Auselmus
1334 1690 1560 1745 diversis
1575 1690 1806 1759 querelis
1832 1691 1956 1747 hinc
1980 1692 2104 1746 inde

535 1781 873 1843 concutitur;
901 1778 1176 1848 siquidem.
1190 1779 1366 1856 multi,
1382 1782 1725 1835 sedmaxime
1741 1780 2000 1851 episcopi,
2016 1796 2097 1845 re-

532 1869 637 1950 gia:
650 1868 805 1921 volun
815 1858 911 1921 tati
929 1843 1107 1923 favere
1121 1843 1379 1931 volentes,
1394 1870 1577 1939 spreto
1587 1843 1852 1941 aequitatis
1870 1843 2092 1942 judicio,
2127 1843 2172 1903 Β

496 1976 499 1977 ν
534 1953 591 2009 id
612 1956 838 2024 probare
856 1957 1166 2017 nitebantur
1177 1958 1318 2035 quod
1338 1959 1643 2025 Anselmus,
1659 1960 1804 2015 salva
1820 1961 1922 2016 fide
1935 1976 2095 2030 quam

534 2046 647 2112 regi
677 2045 925 2109 debebat,
946 2045 1264 2101 nullatenus
1305 2038 1486 2116 posset
1512 2048 1564 2102 in
1600 2063 1767 2118 regno
1796 2048 1963 2119 ipsius
1992 2048 2098 2103 Ur-

534 2130 735 2186 banum
766 2132 912 2187 sedis
945 2133 1250 2202 apostolica:
1284 2134 1563 2207 prmsulem
1596 2150 1693 2204 pro
1720 2151 1858 2205 papa
1888 2146 2091 2191 tenere.

533 2220 739 2287 Quibus
775 2238 898 2277 cum
935 2223 1087 2292 plura
1125 2239 1244 2293 qua:
1272 2226 1415 2279 ratio
1445 2226 1659 2291 tulerat,
1698 2227 1908 2294 objecta
1953 2225 2096 2281 fuis-

532 2322 677 2377 sent,
729 2322 783 2366 et
817 2313 1102 2369 Anselmus
1146 2329 1241 2369 eos
1263 2330 1329 2369 ex
1377 2316 1552 2371 verbis
1582 2316 1791 2371 Dommi
1831 2335 1845 2371 :
1878 2315 2097 2371 Reddite

529 2398 651 2469 (me
675 2410 794 2453 sunt
819 2400 1067 2465 Cwsuris,
1114 2400 1337 2468 Cmari,
1364 2412 1412 2457 et
1437 2420 1552 2473 quae
1586 2395 1701 2471 Dei,
1733 2404 1841 2459 Deo
1878 2404 2093 2474 (Matth.

531 2504 675 2555 1m,
698 2482 792 2559 2|)
813 2507 827 2555 ;
854 2490 1081 2558 aliisque
1102 2491 1393 2556 nonnullis,
1408 2508 1525 2561 qua:
1538 2494 1677 2549 ratio
1695 2494 1836 2547 nulla
1852 2494 2097 2549 refellere

530 2587 733 2651 posset,
746 2580 959 2649 penitus
974 2579 1056 2634 inf
1058 2591 1295 2636 renasset
1310 2597 1324 2647 ;
1336 2582 1416 2649 illi
1430 2592 1669 2659 econtga,
1682 2584 1823 2655 quod
1837 2584 2095 2649 dicerent,

531 2682 642 2722 non
668 2665 1100 2732 habentes,‘eum
1128 2669 1182 2723 in
1212 2683 1392 2739 regem
1418 2670 1788 2740 blasphemare
1817 2686 1925 2726 uno
1949 2680 2093 2726 stre-

530 2756 649 2823 pitu
671 2745 1504 2832 claqmaverunt,quandoquidem
1520 2774 1683 2814 ausus
1710 2752 1828 2815 erat
1856 2761 1909 2815 in
1928 2772 2099 2831 regno

531 2836 787 2919 «ᾔειδωίςί
811 2849 1236 2918 eoconcedente)
1250 2848 1537 2919 quidquam
1560 2848 1644 2905 vel
1667 2848 1775 2905 Deo
1798 2851 2093 2907 ascribere.

530 2933 729 3002 Igitur,
761 2936 828 2989 ad
856 2948 1031 3013 .Unam
1064 2937 1225 3006 regite
1253 2938 1634 3007 indignationis
1662 2939 1849 2993 vocem
1880 2942 2095 3008 quidam

530 3034 603 3080 ex
625 3026 891 3096 episcOpis
910 3022 1431 3098 archiepiscoposuo
1454 3037 1614 3098 atque
1639 3030 1851 3097 primati
1881 3046 2095 3085 omnem

533 3113 951 3183 subjection'em;
974 3126 1137 3186 atque
1176 3112 1474 3185 professam
1494 3119 1851 3201 obedientiam
1877 3134 1984 3174 uno
1997 3120 2095 3174 im-
2122 3156 2167 3216 ο

532 3204 965 3276 petu'abnegant,
982 3200 1137 3273 eique
1150 3206 1295 3262 unita
1303 3215 1406 3259 tem
1420 3204 1673 3273 fraterna:
1686 3198 1958 3263 Societatis
1979 3209 2093 3278 pari

532 3301 663 3346 voto
694 3292 986 3347 miserandi
1019 3292 1288 3363 abiurant.
1308 3294 1756 3368 Quidam'veroin
1783 3295 1862 3350 eis
1890 3304 2092 3350 tantum

534 3395 658 3451 quae
685 3395 751 3435 ex
778 3390 932 3451 parte
966 3382 1326 3453 Urbanipap‘aa
1348 3385 1665 3453 prmciperet
1699 3386 1772 3439 illi
1808 3402 1865 3441 se
1898 3395 2095 3454 negant

533 3469 870 3527 obedituros.
920 3472 1165 3543 Episcopi
1202 3478 1384 3543 itaque
1430 3490 1617 3530 omnes
1663 3475 1922 3545 (Roii'ensi
1980 3478 2094 3533 solo

512 3565 794 3639 excepto)
823 3575 918 3618 aut
951 3580 1057 3619 uno
1083 3574 1175 3619 aut
1203 3566 1309 3620 alio
1338 3567 1519 3631 modo,
1548 3567 1780 3622 debitam
1808 3567 1885 3621 illi
1912 3568 2093 3641 subje-

535 3655 772 3709 ctionem
808 3664 864 3709 et
887 3656 1249 3731 obedientiam
1274 3657 1565 3727 abnegput.
1614 3658 1729 3713 Rex
1777 3661 1939 3713 etiam
1978 3661 2093 3728 ipse

531 3751 783 3802 Curictam
805 3745 853 3799 ei
877 3744 1248 3800 confidentiam
1294 3756 1349 3799 et
1370 3747 1723 3802 securitatem
1744 3749 1796 3802 in
1827 3749 1939 3803 suis
1962 3750 2091 3804 'om-
2120 3780 2125 3785 κ

534 3833 695 3891 nibus
760 3835 983 3898 ademit,
1033 3849 1212 3890 necse
1257 3836 1404 3891 illum
1438 3838 1535 3905 pro
1579 3838 1978 3907 archiepiscopo
2011 3838 2092 3893 vel

534 3932 694 3993 patre
737 3924 965 3991 amplius
1019 3924 1327 3977 habiturum
1377 3924 1542 4003 jurat,
1571 3914 1689 3980 nisi.
1727 3928 1841 3995 ipse
1889 3928 2092 3983 vicario

535 4013 683 4069 beati
732 4013 874 4068 Petri
902 4014 1128 4069 ulterius
1172 4016 1514 4073 obcditurum
1546 4018 1790 4087 deneget.
1822 4018 1955 4071 Tres
1980 4018 2094 4073 dies

536 4104 599 4159 in
632 4089 733 4158 isto
759 4105 971 4173 negotio
1014 4103 1339 4159 clamoribus
1378 4104 1431 4158 in
1469 4105 1802 4169 Anselmum,
1824 4115 1878 4159 et
1906 4117 2093 4161 contu-

536 4191 716 4249 meliis
740 4194 941 4264 gravidi
964 4194 1186 4263 expensi
1206 4203 1353 4260 sunt,
1380 4194 1591 4248 tandem
1619 4195 1800 4250 in'hoc
1821 4195 1925 4251 line
1964 4209 2096 4249 con-

533 4283 771 4341 eludun't.
1212 4327 1220 4336 .

600 4372 672 4426 At
698 4372 981 4428 Anselmus
1008 4374 1062 4427 in
1084 4389 1183 4429 suo
1208 4374 1481 4444 proposito
1509 4380 1764 4428 constans
1790 4374 2029 4443 postulat
2061 4388 2091 4427 a

2206 608 2347 671 nem,
2377 608 2621 678 aliosque
2641 610 2943 680 episcopos,
2973 622 3194 683 accepta
3234 612 3584 683 subjectiouis
3634 629 3765 684 pro.

2204 702 2437 757 fessioue
2464 701 2741 756 Lambetbi
2771 704 3128 758 consecravit.
3162 704 3268 760 Sed
3309 712 3431 773 post
3470 704 3767 761 Cambren-

2204 803 2315 843 seut
2364 790 2760 860 expeditionem
2815 798 3065 847 reversus
3113 808 3226 859 rex,
3261 793 3587 865 expostulari
3643 808 3767 849 cum

2203 880 2455 933 Anselmo
2482 882 2663 949 cmpit,
2689 882 2755 936 de
2783 882 3039 937 militibus
3067 882 3135 937 ab
3161 899 3226 939 eo
3247 886 3427 940 missis
3455 884 3521 939 ad
3551 888 3759 940 tantum

2205 969 2494 1040 gerendum
2525 970 2722 1025 bellum
2768 985 2957 1040 parum
3002 971 3229 1037 idoneis,
3271 983 3328 1029 et
3355 989 3490 1028 nova
3518 974 3767 1044 :crimina

2210 1059 2410 1115 inferre
2444 1061 2508 1115 de
2540 1062 2625 1116 his
2653 1076 2775 1131 quae
2796 1062 3173 1144 Anselmusde
3193 1064 3562 1120 ecclesiastica
3592 1064 3761 1119 liber-
3832 1070 3833 1073 ‘

2204 1156 2313 1203 tate
2336 1142 2697 1220 recuperanda
2730 1159 2892 1220 atque
2913 1142 3217 1218 retinenda,
3238 1166 3341 1208 nec
3370 1168 3474 1207 non
3502 1154 3763 1209 devesti-

2201 1243 2311 1291 tate
2329 1248 2384 1292 et
2416 1239 2569 1292 ruina
2605 1234 2983 1305 ecclesiarum,
3009 1253 3131 1310 qua:
3170 1242 3313 1310 regis
3365 1235 3641 1298 invasione
3674 1257 3766 1296 ac-

2200 1326 2460 1393 ciderant,
2492 1327 2711 1387 liberius
2734 1336 2789 1383 et
2803 1328 2989 1396 palam
3012 1336 3068 1384 et
3097 1345 3279 1385 secum
3321 1331 3570 1399 privatim
3623 1330 3771 1401 egis-

2202 1424 2303 1471 set.
2328 1416 2533 1483 Quibus
2558 1418 2676 1472 suis
2706 1415 2864 1480 iactis
2894 1418 3194 1484 recensitis,
3217 1420 3373 1473 datur
3401 1420 3544 1474 illico
3572 1418 3771 1475 Ansel-

2202 1522 2291 1561 mo
2320 1508 2599 1577 utriusque
2620 1510 2696 1563 rei
2724 1509 2950 1565 facultas
2973 1519 3142 1579 atque
3162 1510 3332 1580 optio,
3357 1496 3477 1565 sive]
3514 1510 3769 1567 manendi

2202 1596 2255 1650 in
2280 1612 2442 1667 regno
2460 1597 2684 1667 Angliae,
2734 1614 2856 1652 cum
2905 1611 2967 1653 ea
3014 1592 3360 1673 praestatione
3390 1598 3675 1655 tidelitatis
3713 1605 3773 1655 et

2202 1684 2445 1755 obsequii
2467 1688 2598 1759 regi,
2633 1702 2794 1757 quam
2822 1685 3174 1759 jurisjurandi
3208 1688 3773 1760 sacramentopromi-

2204 1783 2370 1839 serat,
2391 1784 2447 1828 et
2466 1790 2496 1830 a
2526 1778 2894 1845 superioribus
2917 1777 3337 1851 archiepiscopis
3358 1778 3603 1849 prtestari
3625 1792 3767 1834 con-

2199 1864 2389 1927 suevit,
2423 1855 2593 1920 etne
2656 1880 2975 1937 quacunque
3014 1866 3080 1922 de
3106 1883 3166 1922 re
3186 1868 3484 1943 adpapam
3527 1866 3596 1922 de
3643 1880 3771 1938 rege

2197 1960 2538 2024 provocaret,
2563 1966 2618 2012 et
2668 1958 2734 2011 ad
2758 1959 2942 2014 sedem
3008 1959 3361 2026 apostolicam
3410 1956 3705 2029 appellaret
3748 1974 3767 2012 :

2199 2044 2282 2099 vel
2306 2060 2371 2099 ex
2392 2046 2595 2117 Anglia:
2622 2051 2787 2117 regno
2813 2048 3141 2114 discedendi,
3176 2048 3321 2119 quod
3366 2048 3568 2104 homini
3607 2062 3768 2118 pere-

2198 2138 2353 2207 grine
2378 2147 2432 2193 et
2454 2140 2670 2194 advenae
2692 2139 2902 2195 ditiicile
2925 2132 3028 2196 non
3053 2141 3247 2196 fuerat.
3279 2125 3467 2210 itaque
3481 2139 3769 2195 Anselmus

2198 2228 2504 2282 constitutis
2526 2227 2626 2283 sibi
2652 2227 2900 2284 undecim
2923 2228 3129 2285 dierum
3153 2228 3403 2292 induciis,
3447 2222 3591 2282 intra
3613 2240 3768 2297 quos

2197 2315 2459 2371 confectis
2482 2317 2949 2381 rationibus-suis,
2978 2318 3391 2374 transfr’etaret:
3424 2316 3535 2385 Ego
3569 2316 3769 2386 (inquit

2197 2404 2307 2474 regi
2334 2414 2388 2459 et
2417 2405 2751 2475 proceribus)
2766 2408 2922 2472 vado,
2953 2406 3106 2463 vobis
3132 2414 3313 2459 tamen
3337 2404 3767 2459 benedictionem

2198 2502 2395 2559 meam,
2418 2495 2589 2555 sinon
2614 2496 2978 2561 contemnitis,
3001 2488 3302 2567 impertiar.
3326 2494 3495 2561 Quam
3539 2508 3661 2549 cum
3708 2506 3771 2549 se

2197 2593 2294 2633 rex
2320 2594 2426 2634 non
2448 2593 2753 2651 spreturum
2776 2583 2934 2648 dixit,
2953 2582 3240 2636 Anselutus
3278 2582 3325 2636 ei
3351 2581 3524 2635 levata
3538 2581 3767 2635 dextera

2195 2667 2493 2732 benedixit,
2518 2678 2573 2725 et
2593 2654 2883 2724 Cantuaria
2934 2668 3217 2735 discessit,
3246 2670 3319 2724 ibi
3348 2668 3759 2739 quatuordecim

2199 2756 2321 2830 dies,
2338 2758 2565 2823 mansit,
2589 2767 2662 2823 et,
2687 2759 2949 2831 postridie
2984 2774 3175 2814 navem
3196 2759 3391 2814 Doveri
3438 2768 3779 2815 conscensuo‘

2199 2860 2312 2913 rus,
2344 2855 2596 2915 tanquam
2625 2848 2854 2919 insignis
2886 2847 3115 2918 alicujus
3143 2848 3385 2903 criminis
3418 2863 3543 2902 reus
3563 2863 3594 2902 a
3633 2862 3771 2919 quo-

2199 2936 2318 2991 dam
2346 2931 2627 2991 Guillclmo
2648 2938 2848 2992 clerico
2878 2940 3017 3009 regis
3044 2938 3110 2991 ad
3135 2938 3434 2992 idnuntio
3463 2938 3763 3006 detinetur,

2199 3026 2369 3080 donec
2408 3042 2600 3095 magna
2629 3027 2797 3096 plebis
2825 3036 3035 3082 astante
3057 3042 3277 3093 corona,
3308 3026 3654 3098 supellectile
3668 3042 3767 3083 sua

2200 3121 2307 3167 tota
2339 3125 2719 3185 perscrutata,‘
2762 3116 2916 3171 bonis
2963 3118 3212 3172 omnibus
3254 3126 3466 3181 exutus,
3512 3126 3771 3187 superato

2200 3205 2360 3271 mari,
2394 3206 2570 3260 alieno
2601 3206 2768 3260 littori
2809 3207 2983 3261 nudus
3024 3206 3313 3276 expositus
3336 3213 3440 3261 est.
3466 3207 3593 3262 Post
3649 3203 3768 3264 eius

2194 3295 2509 3359 discessum,
2538 3312 2630 3351 rex
2657 3298 2973 3368 proscripsit
2997 3298 3175 3353 omnia
3199 3300 3318 3368 quae
3337 3296 3575 3353 Anselmi
3616 3297 3760 3369 juris

2196 3394 2375 3449 erant,
2411 3386 2545 3440 etin
2574 3399 2732 3441 suum
2783 3388 3076 3442 dominium
3122 3387 3769 3463 transtulit,'etqupcun-

2193 3485 2296 3537 que
2326 3478 2608 3537 statuerat,
2636 3472 2788 3526 irrita
2804 3473 3199 3541 pronuntiavit.
3234 3470 3525 3527 Anselmus
3582 3467 3763 3527 autem

2180 3559 2503 3630 Lugdunum
2533 3560 2791 3630 perrexit,
2826 3563 2949 3618 inde
2984 3563 3206 3618 Romam
3230 3578 3258 3615 a
3281 3578 3417 3633 papa
3444 3562 3762 3631 accersitus,

2193 3651 2283 3719 qui
2324 3650 2652 3719 perbenigno
2681 3666 2805 3705 eum
2846 3651 3080 3720 hospitio
3104 3652 3337 3720 accepit.

2263 3738 2469 3793 interea
2496 3738 2722 3793 Romam
2749 3740 2898 3795 Venit
2938 3736 3276 3806 Guilleltnus,
3320 3740 3409 3810 qui
3446 3740 3761 3796 Anselmum

2194 3828 2246 3883 in
2269 3828 2446 3883 littore
2476 3828 2838 3885 discedentem
2869 3837 3143 3884 scrutatus
3162 3838 3265 3892 est,
3297 3829 3437 3899 regis
3466 3829 3532 3882 ad
3561 3844 3760 3899 papam

2192 3915 2399 3985 legatus
2422 3956 2437 3981 ,
2478 3925 2537 3970 ut
2558 3917 2623 3971 de
2676 3910 3129 3972 Anselmi'causa
3156 3918 3495 3982 induciasad
3524 3932 3759 3987 sequens

2192 4005 2463 4060 Michaelis
2502 4006 2808 4077 archangeli
2858 4006 3052 4060 festum
3083 4004 3417 4076 impetraret.
3460 4006 3576 4073 Quo
3634 3996 3761 4062 oon-

2192 4110 2365 4163 cesso,
2394 4097 2676 4152 Anselmus
2711 4098 2763 4152 id
2791 4113 2931 4169 aegre
2966 4097 3159 4160 ferens,
3188 4098 3506 4169 Lugdunum
3558 4097 3758 4153 reverti

2192 4187 2471 4241 constituit
2496 4228 2512 4253 ,
2541 4189 2635 4243 sed
2665 4204 2694 4242 ι
2720 4203 2856 4258 papa
2882 4189 2946 4244 ad
2968 4188 3253 4244 concilium
3293 4188 3435 4258 quod
3466 4196 3577 4241 tum
3622 4200 3758 4242 con—

2194 4286 2441 4332 vocatum
2465 4278 2585 4345 fuit,
2617 4288 2857 4335 retentus
2879 4288 2979 4333 est.
3004 4278 3155 4334 Inter
3184 4288 3406 4334 steteras
3429 4278 3589 4348 hujus
3618 4291 3757 4333 con-

2193 4367 2303 4421 cilii
2351 4370 2680 4435 sanctiones,
2728 4368 3432 4425 excommunicationisiata
3487 4366 3756 4445 sententia

534 4474 663 4534 rege
690 4474 748 4518 ut
778 4473 921 4521 tutus
946 4480 1111 4534 regno
1133 4467 1389 4521 discedat,
1412 4464 1528 4531 Quo
1545 4465 1643 4520 sibi
1662 4475 1852 4534 negato
1878 4506 1892 4530 ,
1935 4466 2091 4520 tactae
2122 4473 2165 4527 ι)
2191 4466 2293 4521 est,
2326 4466 2433 4511 tam
2473 4459 2525 4512 in
2568 4458 2733 4513 laicos
2766 4460 3112 4514 investituras
3168 4459 3518 4514 ecclesiarum
3566 4452 3782 4512 dantes

532 4563 662 4610 sunt
689 4557 940 4625 utrinque
980 4556 1189 4611 indicia:
1204 4557 1269 4611 ad
1296 4557 1690 4627 Pentecostem,
1713 4567 1764 4611 et
1806 4557 1960 4625 plena
1984 4570 2090 4626 pax

533 4645 959 4715 ettranquillitas
982 4648 1263 4716 promissa.
1288 4648 1643 4703 Nihilominus
1657 4648 1961 4710 Anselmus,
1982 4647 2077 4703 ho-

531 4734 768 4789 minibus
796 4736 907 4793 suis
927 4737 1115 4806 captis,
1133 4746 1188 4791 et
1208 4737 1451 4807 spoliatis
1485 4738 1748 4806 terrisque
1770 4736 2016 4802 vastatis,
2033 4737 2088 4791 in

530 4822 852 4877 immensum
881 4821 1109 4877 afﬂictus
1134 4832 1239 4879 est.
1266 4824 1394 4879 Post
1433 4824 1548 4878 inec
1597 4831 1775 4877 tamen
1816 4822 2092 4893 Urbanum

530 4926 632 4982 per
655 4910 948 4966 Walterum
978 4914 1332 4968 Albanensem
1362 4915 1675 4983 episcopum
1705 4914 1818 4984 (qui
1870 4914 2091 4982 pallium

529 4999 784 5056 Anselmo
812 5016 840 5054 a
881 5001 1049 5056 Roma
1077 5002 1421 5059 Cantuariam
1453 5004 1664 5073 detulit)
1690 5018 1785 5072 pro
1814 5018 1949 5073 papa
1976 5018 2095 5057 sus-

523 5092 694 5163 cepit.
720 5093 775 5148 ln
804 5093 905 5147 hac
930 5104 1107 5148 autem
1136 5096 1413 5148 tractanda
1437 5088 1808 5149 controversia
1840 5109 1934 5147 rex
1969 5108 2091 5148 cum

531 5178 752 5238 Urbano
803 5190 938 5251 papa
980 5184 1228 5252 privatim
1276 5184 1474 5254 egitde
1515 5183 1768 5239 Anseimo
1797 5185 1865 5238 ab
1895 5184 2086 5252 Anglia

530 5269 746 5341 penitus
770 5271 1105 5326 abducendo.
1137 5271 1243 5326 Sed
1278 5272 1508 5328 ’cum‘ob
1552 5274 1805 5327 eximiam
1856 5274 1958 5327 viri
1997 5275 2091 5329 du-

528 5359 766 5415 'ctrinam
799 5376 1114 5431 morumque
1137 5364 1459 5432 probitatem
1486 5365 1537 5420 id
1584 5363 1795 5419 efﬁcere
1823 5380 1929 5418 non
1969 5379 2092 5432 pos-

531 5458 643 5515 set,
665 5450 951 5505 Anselmus
975 5452 1085 5522 jam
1113 5462 1332 5523 accepto
1353 5454 1532 5522 pallio,
1573 5453 2089 5523 archiepiscopalem

534 5555 726 5596 curam
752 5549 807 5596 et
830 5542 1205 5598 auctoritatem
1246 5559 1369 5615 rege
1390 5545 1709 5598 connivente
1731 5546 2008 5609 exercuit,
2037 5554 2092 5598 ct

429 5648 433 5659 ι
529 5625 834 5684 Samuelcm
864 5632 1149 5699 quemdam
1183 5630 2107 5701 Dublinensem‘archiepiscopttm,.

508 5717 872 5795 «Malcumque
926 5720 1415 5778 Vaterfordienscm
1474 5721 1712 5791 primum
1752 5723 2083 5793 episcopum,

288 6018 307 6027 υ

308 6060 335 6067 ..
412 6062 425 6067 -

416 6084 429 6089 ς
434 6088 443 6095 η
532 6080 533 6087 l

2168 4562 2351 4617 quam
2405 4548 2456 4601 in
2479 4548 2707 4604 clericos
2755 4551 2972 4605 easdem
3021 4566 3049 4604 a
3096 4550 3249 4605 laicis
3295 4549 3640 4617 accipientes.
3690 4548 3759 4603 Et

2190 4640 2544 4711 pendentibus
2596 4641 2662 4695 de
2688 4642 2925 4697 Anselmi
2972 4656 3133 4711 causa
3156 4641 3408 4703 induciis,
3435 4640 3566 4695 obiit
3588 4654 3750 4710 papa,

2192 4736 2250 4784 et
2269 4727 2427 4799 paulo
2448 4737 2570 4799 post
2599 4729 2769 4785 Rufus
2794 4746 2912 4795 rex,
2941 4730 3115 4799 qui-se
3137 4730 3368 4795 vivente,
3395 4743 3493 4783 nec
3523 4728 3757 4809 synodos

2175 4819 2590 4877 ecclesiasticas
2618 4823 2685 4877 ad
2708 4821 2835 4876 vitia
2867 4822 3179 4891 corrigenda
3204 4819 3487 4884 celebrari,
3512 4834 3610 4874 nec
3631 4818 3754 4889 plu-

2194 4915 2363 4969 rimas
2413 4913 2728 4967 ecclesiasa
2793 4912 3005 4967 clericis
3056 4911 3313 4981 possideri
3360 4909 3630 4980 permisit-
3660 4911 3757 4966 sed

2195 5018 2380 5059 earum
2410 5002 2613 5059 fructus
2636 5003 2890 5071 percepit,
2914 5000 3097 5066 jocose
3118 5015 3329 5069 semper
3362 5000 3463 5054 hoc
3507 5014 3661 5063 versu
3687 4998 3754 5052 ilo

2194 5093 2383 5147 ludens
2425 5092 2520 5145 toti
2569 5092 2716 5145 clero
2760 5106 2773 5141 :
2818 5090 2981 5142 Panis
3002 5088 3217 5153 Christi,
3240 5090 3387 5157 panis
3409 5089 3614 5157 pinguis
3654 5097 3752 5142 est.

2196 5183 2337 5237 Rufo
2358 5193 2533 5237 autem
2558 5190 2788 5246 mortuo,
2813 5181 3068 5236 successit
3091 5179 3257 5233 frater
3284 5176 3419 5245 ejus,
3457 5166 3755 5242 Henricus,

2194 5289 2222 5327 a
2248 5273 2505 5327 Mauricio
2558 5271 2909 5326 Londinensis
2947 5270 3199 5339 episcopo
3253 5276 3619 5332 consecratus,
3660 5267 3753 5335 qui

2189 5361 2563 5423 calamitosum
2587 5367 2641 5412 et
2672 5360 2999 5428 discerptum
3032 5373 3061 5409 a
3089 5356 3257 5411 fratre
3284 5354 3522 5410 ecclesiae
3549 5362 3751 5407 statum

2194 5451 2512 5515 resarcivit,
2559 5450 2868 5503 Anselulum
2924 5448 2994 5502 ab
3039 5447 3229 5502 exsilio
3268 5446 3558 5509 revocavit,
3596 5444 3753 5513 eique

2193 5542 2621 5610 procurationem
2672 5539 3091 5594 ecclesiasticam
3141 5536 3428 5593 commisit.
3480 5535 3748 5601 Quantum

2194 5638 2372 5684 autem
2419 5629 2671 5685 Anselmo
2695 5627 2907 5692 faverit,
2952 5642 3015 5682 ex
3054 5641 3155 5681 suo
3184 5626 3249 5679 ad
3288 5623 3658 5678 Londinenses
3683 5620 3751 5677 de

2194 5722 2428 5777 Anselmi
2454 5735 2729 5779 servorum
2753 5718 3136 5777 etfatuulorum
3167 5716 3525 5781 innnunitate,
3548 5723 3747 5777 eosqrte
