4174 6196
488 267 601 325 "7'

1550 268 1609 322 S.
1650 267 1947 323 ANSELMI
1984 267 2332 325 CANTUAR.
2372 268 2690 325 ARCIIIEP.

3630 279 3733 334 128

486 384 624 438 bene
654 382 1069 450 humaniter-que
1098 381 1397 445 tractando,
1432 381 1599 436 misso
1627 382 1921 451 diplomate
1950 396 2057 450 quo
2089 384 2137 442 Α
2165 380 2419 435 Eeclesiis
2443 382 2777 447 vacantibus,
2806 397 2900 437 rex
2921 382 3184 438 arbitratu
3212 398 3310 440 suo
3356 384 3500 442 viros
3551 392 3730 444 eccle-

488 473 624 541 pctit
651 479 709 523 ttt
734 470 1020 525 Anselmus
1050 485 1111 523 ac
1138 469 1354 542 suigtam
1382 469 1536 524 liberi
1556 485 1676 525 esse
1712 470 1941 540 possint,
2001 484 2065 523 ac

492 562 830 616 Laul‘rancns
860 576 979 613 cum
1037 561 1147 613 suis
1178 558 1361 625 fuerit,
1394 573 1453 612 ut
1486 576 1515 614 e
1544 560 1896 614 concessione
1920 558 2067 614 Guil-

492 650 637 703 h-l.ni
663 648 1067 716 Conqttmstoris
1096 648 1323 717 intelligi
1348 657 1541 717 potest.
1576 648 1724 703 Et‘ut
1772 648 2065 718 perspicia~

494 757 615 793 nttts
666 756 826 807 quam
866 739 1024 792 fuerit
1052 738 1137 791 illa
1178 749 1308 793 tetas
1333 748 1515 807 aperta
1546 751 1601 794 et
1623 739 1872 810 simplex,
1905 739 2065 792 mini-

494 845 686 900 meque
717 829 923 898 prolixa
956 839 1009 882 et
1036 831 1250 885 curiosa
1283 831 1482 893 verbis,
1531 846 1636 885 non
1692 832 1799 884 erit
1827 830 2065 884 alienum

492 922 665 987 i'lSillll
695 920 962 988 diploma,
997 921 1187 974 Latine
1217 921 1549 991 Angliceque
1591 924 1851 991 scriptum
1874 923 2068 976 verba—

494 1013 587 1063 tim
624 1011 881 1066 inserere.
909 1011 1060 1076 Quod
1113 1019 1284 1064 totum
1341 1013 1392 1064 in
1424 1022 1649 1082 utraque
1696 1013 1875 1083 lingua
1918 1028 2069 1067 com-

492 1114 527 1167 p
550 1100 849 1165 'ehcnsum,
877 1115 943 1153 ne
973 1100 1164 1168 palma:
1188 1101 1525 1155 latitudinem
1549 1103 1785 1172 attingit.
1817 1102 2068 1171 Magnum

490 1197 671 1244 auten
698 1190 835 1257 regis
860 1189 1117 1258 sigillum,
1146 1193 1285 1260 quod
1315 1192 1533 1246 nuncin
1566 1191 1672 1246 fine
1715 1192 2066 1261 diplomatnm

490 1294 574 1347 ap.
595 1278 716 1333 enJi
757 1279 915 1341 solet,
932 1280 983 1332 in
1018 1282 1119 1334 hoc
1142 1281 1367 1349 antiquo
1384 1282 1675 1351 diplomate
1696 1284 1764 1337 ad
1793 1274 2065 1339 modicam

494 1384 545 1420 ιιι
585 1370 827 1423 uibrans:
862 1379 1071 1438 partem
1101 1370 1359 1439 paulatim
1396 1380 1679 1426 extensam
1729 1382 1785 1427 et
1827 1374 2065 1429 excisam

492 1473 556 1510 cx
593 1458 897 1526 diplomatis
955 1459 1177 1515 sinistro
1209 1461 1378 1515 latere
1429 1464 1687 1518 adbznret.
1726 1464 1911 1533 Sigilla
1940 1480 2069 1521 vero

495 1552 792 1619 antiquitus
820 1553 1205 1621 diplomatibus
1219 1556 1332 1609 suis
1352 1572 1504 1626 rcges
1532 1572 1639 1610 non
1669 1555 2065 1626 appettdebaut;

496 1642 637 1707 quod
661 1632 840 1696 tamen
869 1645 937 1697 ab
960 1644 1208 1699 Eduardo
1235 1663 1417 1716 regum
1458 1648 1665 1718 Angliae
1692 1648 1865 1718 primo
1913 1648 2068 1702 indu-

2165 470 2410 527 siasticos
2454 472 2765 541 przeposuit,
2808 486 3102 542 earumque
3146 476 3580 543 possessionem,
3637 493 3736 548 per

2168 561 2557 625 investituram,
2590 571 2646 615 et
2675 561 2847 617 baculi
2876 562 3160 631 pastoralis
3182 571 3236 617 et
3264 565 3447 619 annuli
3490 567 3739 622 donatio—

2168 669 2289 707 nem
2348 654 2586 707 tradidit.
2643 653 2793 720 Quod
2822 653 3041 723 quidem
3091 654 3409 710 investiondi
3437 672 3501 711 ac
3530 656 3582 710 in
3614 673 3742 727 pos-

2167 743 2459 798 Scssionem
2488 743 2774 799 inducendi
2798 742 2904 812 jus,
2934 743 3231 800 Christiani
3273 745 3547 814 principes
3607 756 3740 800 tunc

2170 832 2423 902 temporis
2451 832 2551 887 sibi
2580 832 2939 893 vindicarunt.
2968 832 3047 886 Ex
3068 833 3153 888 his
3176 834 3342 902 igitur
3363 834 3455 904 qui
3502 835 3745 888 auctori-

2170 922 2279 976 tate
2303 922 2451 993 regia
2471 922 2874 994 episcOpatibus
2899 931 2957 977 et
2979 922 3237 979 Ecclesiis
3266 922 3471 977 inducti
3496 922 3738 987 fuerunt,

2167 1010 2321 1078 petiit
2358 1024 2451 1064 rex
2482 1019 2540 1063 ut
2589 1012 2681 1079 qui
2733 1010 2930 1064 sacrati
2980 1025 3086 1066 non
3112 1018 3316 1074 essent,
3366 1011 3436 1065 ab
3482 1010 3738 1065 Anselmo

2168 1110 2645 1166 consecrarentur;
2670 1100 2761 1170 qui
2786 1114 2913 1155 vero
2944 1102 3171 1156 absente
3201 1115 3269 1157 eo
3290 1100 3360 1155 ab
3383 1099 3504 1156 aliis
3528 1100 3743 1169 episco-

2167 1192 2253 1261 pis
2270 1192 2573 1247 consecrati
2602 1199 2806 1255 essent,
2855 1191 2909 1245 in
2956 1193 3287 1246 consortium
3317 1201 3372 1245 et
3395 1191 3741 1249 consuetudi-

2170 1298 2291 1335 nem
2317 1296 2489 1336 suam»
2514 1290 2570 1335 et
2614 1282 2989 1350 episcoporum
3032 1288 3232 1335 coetum
3265 1281 3623 1357 permitteret.
3681 1280 3743 1335 ln

2168 1381 2403 1440 utroque
2448 1371 2644 1425 borum
2691 1369 2983 1425 Anselmus
3030 1370 3141 1440 regi
3174 1370 3411 1435 resistit,
3449 1379 3560 1424 tum
3598 1369 3746 1440 quod

2170 1459 2506 1529 cmterijaici
2529 1458 2671 1529 regis
2695 1457 2962 1528 exemplo,
2988 1459 3312 1513 auctoritate
3333 1462 3562 1528 privata,
3621 1473 3749 1529 pre-
3822 1482 3825 1483 ν

2172 1550 2579 1622 sbyterossiue
2625 1550 2866 1621 legitima
2907 1551 3282 1631 episcoporum
3331 1548 3745 1621 approbatione,

2171 1640 2489 1696 sacerdotiis
2526 1640 2861 1709 praaficerent
2888 1655 2906 1695 :
2950 1646 3062 1694 tum
3093 1640 3236 1710 quod
3265 1638 3743 1716 Urbanus.‘Roma-

493 1740 638 1782 ctum
672 1729 802 1791 fuit,
832 1734 922 1801 qui
947 1734 1151 1787 chartis
1179 1712 1385 1789 suis—ad
1422 1712 1669 1791 veritatis
1692 1712 2070 1793 iestimonium
2102 1712 2145 1765 Β
2175 1746 2277 1783 nus
2301 1728 2541 1799 pontifex
2567 1722 2833 1795 superiori
2857 1728 3088 1784 concilio
3115 1729 3397 1784 statuisset
3430 1712 3652 1798 nequis
3674 1729 3744 1783 de

491 1832 671 1871 ceram
698 1818 1014 1887 impressam
1042 1823 1400 1891 appendebat.

952 1946 1195 2014 Diploma
1233 1948 1449 2001 Ilenrici
1490 1950 1635 2017 regis
1696 2014 1701 2021 ί

573 2097 591 2129 α
634 2079 916 2145 Henricus,
952 2098 1061 2151 rex,
1090 2083 1404 2152 Anglorum,
1448 2084 1677 2153 llugode
1703 2084 1993 2150 Boclattde,
2016 2093 2074 2139 et

495 2166 582 2221 W.
620 2169 937 2237 llaignardo,
968 2180 1023 2225 et
1052 2172 1302 2225 omnibus
1329 2173 1590 2239 ministris
1615 2176 1752 2227 meis
1785 2174 2074 2229 Lundonia:

498 2260 553 2310 ὃ.
585 2260 842 2327 l’raceipio
866 2267 921 2313 et
947 2260 1064 2313 volo
1089 2271 1145 2313 ιιι
1177 2277 1367 2316 omnes
1398 2263 1642 2318 homines
1670 2264 1907 2319 Anselmi
1932 2265 2073 2318 Cau-

498 2350 786 2403 tuaiiensis
816 2353 1229 2425 archiepiscopi,
1249 2368 1391 2422 quos
1426 2355 1479 2408 in
1509 2356 1781 2412 Lundonia
1807 2357 1872 2410 ha
1932 2366 1987 2422 τι,
2021 2367 2075 2412 et

494 2454 685 2493 omnes
714 2442 796 2494 sui
828 2442 881 2494 in
910 2442 996 2495 illa
1026 2443 1147 2496 villa
1169 2454 1358 2500 euntes
1373 2454 1427 2498 et
1451 2447 1755 2509 redeuntes,
1802 2447 1873 2499 ita
1906 2449 2074 2516 quieti

495 2531 561 2582 de
590 2532 841 2585 omnibus
855 2534 1337 2589 consuetudinibus
1359 2535 1489 2602 sint;
1514 2537 1658 2591 sicut
1682 2552 1917 2607 unquam
1933 2536 2075 2591 Lan-

496 2619 523 2673 f
526 2635 721 2675 rancus
755 2624 1193 2693 archiepisc0pus
1219 2611 1346 2681 suos
1381 2626 1433 2680 in
1461 2642 1523 2681 ea
1550 2628 1741 2683 melius
1769 2630 2075 2699 etquietius

496 2709 685 2763 habuit
716 2719 956 2779 tempore
1012 2713 1182 2781 patris
1237 2714 1366 2779 mei,
1396 2723 1453 2769 et
1485 2715 1661 2770 videte
1690 2732 1759 2774 tte
1779 2718 1861 2772 eis
1909 2718 2072 2772 ullam

498 2801 752 2869 injuriam
793 2802 1026 2860 faciatis.
1056 2806 1219 2861 Teste
1233 2806 1371 2875 llug.
1399 2808 1602 2863 comite
1625 2810 1690 2863 de
1721 2808 1908 2863 Cestra
1933 2810 2072 2879 apud

408 2936 411 2937 ν
494 2886 916 2947 Westmonster.
936 2912 969 2943 J

509 3024 513 3028 .
568 2977 856 3034 Anselmus
889 2995 1017 3035 vero
1075 2981 1497 3039 ecclesiasticam
1539 3000 1691 3039 suam
1732 2988 2071 3054 procuratio-

499 3083 620 3120 nem
651 3068 939 3138 diligenter
964 3085 1245 3137 exercens,
1284 3074 1444 3128 totius
1479 3075 1611 3128 cleri
1643 3075 1902 3145 synodum
1932 3074 2073 3131 Lon-

436 3182 442 3189 ·
498 3157 609 3211 ἀξιιί
664 3161 1003 3213 convocavit.
1058 3161 1235 3229 lnqna
1304 3162 1565 3231 plurimos
1589 3165 1657 3219 ab
1688 3165 2075 3219 ecclesiasticis

497 3246 864 3315 dignitatibus,
904 3250 975 3302 ob
997 3248 1338 3306 Simoniaeas
1362 3254 1641 3320 pactiones
1693 3256 1904 3324 aliaque
1929 3254 2076 3325 ﬂagi-

502 3335 574 3388 tia
640 3336 880 3406 dejecit,
945 3338 1245 3394 Guidonem
1315 3343 1565 3398 abbatem
1637 3345 2073 3401 Wimondensem

502 3423 913 3495 lildwinumque
958 3428 1311 3485 Ramsensem
1344 3428 1704 3499 Simoniaeos,
1756 3434 2071 3490 Galfricium

498 3515 996 3585 Pelt'ibttrgcnscm,
1038 3519 1369 3588 Haymonem
1412 3521 1833 3587 Cervellensem,
1860 3535 1914 3579 et
1965 3526 2071 3582 Ro-

501 3608 547 3657 ln
570 3615 713 3658 rtnm
745 3605 929 3661 Sancti
970 3608 1254 3674 Edmunrli,
1298 3612 1365 3664 ob
1394 3614 1573 3667 varios
1603 3614 1843 3669 defectus
1884 3622 1937 3668 et
1971 3630 2071 3670 ex-

484 3709 703 3776 cessus.
732 3697 1093 3767 Synodnsista
1114 3700 1470 3759 Londinensis’
1498 3707 1687 3774 synodi
1715 3708 2073 3776 appellatione

497 3785 664 3837 etiam
696 3786 853 3855 vulgo
902 3787 1197 3855 ferebatur,
1243 3793 1417 3861 cujus-
1442 3796 1859 3852 constitutiones
1889 3800 2069 3853 statim

499 3884 697 3941 spreta:
750 3886 912 3945 atque
953 3890 1272 3950 contempta:
1313 3882 1551 3939 fuerunt.
1620 3886 1754 3941 Nam
1812 3888 2072 3945 Girardus

497 3961 856 4033 Eboracensis
886 3971 1343 4041 archiepiscopus,
1374 3991 1495 4031 cum
1542 3978 1661 4033 illos
1693 3994 1933 4036 canones
1962 3982 2074 4035 edi-

495 4054 665 4109 sisset
686 4061 1001 4123 servandos,
1030 4071 1172 4133 totus
1200 4063 1342 4121 illius
1383 4068 1676 4135 provinciae
1723 4071 1900 4124 clerus
1928 4086 2076 4126 recuo

494 4146 654 4200 savit.
688 4146 840 4204 Unde
870 4150 1127 4208 Anselmo
1174 4157 1396 4226 scripsit
1452 4176 1465 4212 :
1520 4177 1538 4208 ι
1576 4158 1715 4213 Sitio
1751 4160 2072 4215 clericorum

494 4250 736 4291 tueorun
765 4240 1161 4311 integritatem;
1195 4248 1288 4301 sed
1327 4258 1521 4316 prmter
1564 4249 1618 4301 itt
1648 4250 1836 4317 paucis
1883 4250 2071 4303 admo-

2176 1834 2334 1874 ntanu
2361 1820 2503 1889 regis
2539 1828 2633 1874 aut
2660 1816 2783 1874 la‘ici
2809 1819 3066 1875 Ecclesia:
3091 1817 3320 1887 alicujus
3366 1818 3745 1875 investituram

2172 1911 2463 1979 acciperet,
2505 1920 2599 1966 aut
2640 1910 2763 1967 laici
2816 1911 3136 1966 auctoritate
3187 1917 3511 1980 potestatem
3548 1924 3748 1981 appre-

2176 1992 2458 2055 henderet.
2803 2008 2827 2029 '
3038 2026 3041 2029 π
3716 1988 3719 1989 ⁷

2244 2092 2314 2147 At
2342 2108 2431 2146 rex
2462 2092 2721 2161 regnique
2750 2105 3021 2160 proceres,
3042 2090 3303 2161 episc0pi,
3341 2098 3399 2146 et
3446 2087 3740 2160 cujuscuno

2175 2196 2280 2252 que
2304 2182 2518 2251 generis
2544 2182 2724 2245 aulici,
2760 2183 2861 2237 hoc
2884 2190 3081 2252 praeter
3110 2181 3263 2252 regni
3298 2181 3746 2237 consuetudinem

2176 2274 2512 2328 abAnselmo
2533 2272 2835 2327 factitatum
2863 2271 3080 2343 indigne
3109 2271 3364 2336 ferentes,
3414 2273 3749 2327 asserebant

2176 2376 2492 2417 assensnros
2518 2375 2640 2417 sese
2665 2375 2937 2430 nunquam
2963 2367 3072 2415 tam
3101 2359 3288 2427 iniquo
3316 2373 3466 2434 papae
3503 2360 3744 2425 decreto,

2176 2461 2231 2508 et
2247 2452 2426 2522 p0tius
2458 2461 2567 2506 tam
2590 2451 2903 2509 Anselmum
2932 2465 3097 2521 regno
3120 2449 3747 2514 exterminaturos,etab

2176 2540 2417 2598 Ecclesia
2453 2541 2695 2596 Romana
2739 2539 2954 2610 penitus
2999 2538 3335 2593 discessuros
3380 2537 3733 2606 quam'hanc

2177 2647 2325 2702 papa:
2346 2630 2693 2697 sententiam,
2707 2644 2736 2684 a
2757 2627 2882 2697 jure
2904 2628 3057 2698 regio
3074 2627 3331 2709 regnique
3359 2625 3749 2681 consuetudine

2176 2737 2399 2790 prorsus
2421 2721 2675 2785 alienam,
2706 2729 2880 2773 ratam
2903 2717 3185 2773 haberent.
3238 2714 3407 2783 Quem
3457 2730 3744 2785 procerum

2176 2820 2231 2864 et
2258 2811 2639 2880 episcoporum
2665 2822 2849 2864 secum
2863 2808 3265 2877 conspirantem
3281 2816 3336 2861 et
3358 2814 3746 2876 congruentem

2177 2916 2395 2957 sensum
2424 2914 2548 2954 eum
2576 2896 3060 2959 animadvertisset
3085 2910 3181 2949 rex
3202 2935 3217 2961 ,
3250 2893 3482 2949 Girardo
3532 2894 3744 2948 Ebora-

2178 2988 2322 3045 censi
2354 2988 2765 3057 archiepiscopo
2815 2985 2989 3042 suasit
3025 2992 3081 3040 et
3120 2984 3397 3040 mandavit
3419 2992 3479 3039 ut
3503 2984 3614 3054 ipse
3644 2983 3749 3037 hoc

2176 3078 2616 3136 consecrationis
2642 3091 2841 3131 munus
2889 3076 3189 3142 susciperet
3225 3081 3281 3128 et
3300 3073 3622 3128 absolveret.
3653 3070 3749 3126 Gio

2174 3172 2369 3225 rardus
2400 3169 2503 3221 hoc
2526 3164 2711 3221 oneris
2736 3165 2788 3219 in
2812 3178 2870 3219 se
2896 3163 3210 3233 assumpsit,
3238 3162 3489 3231 diemque
3525 3161 3589 3213 ad
3616 3174 3751 3215 con~

2175 3259 2492 3314 secrationis
2523 3258 2683 3324 hujus
2707 3256 3123 3311 celebrationem
3168 3253 3398 3309 Londini
3445 3254 3496 3306 in
3521 3251 3747 3306 Paulina

2174 3347 2401 3403 ecclesia
2424 3345 2774 3415 praescripsit.
2808 3344 2925 3411 Quo
2960 3359 3086 3398 cum
3136 3342 3326 3411 plures
3364 3341 3751 3396 convenissent

2174 3435 2509 3497 Cuitlehuns,
2537 3433 2931 3487 Wintoniensis
2984 3432 3268 3502 episcopus
3291 3438 3418 3484 tunc
3432 3427 3747 3496 sacrandus,

2173 3526 2427 3580 bacuium
2440 3522 2707 3594 pastorale
2733 3533 2787 3576 et
2805 3521 3088 3584 annulum,
3106 3535 3225 3590 quae
3239 3534 3270 3573 a
3289 3517 3746 3589 regefaecepisset,

2176 3617 2367 3671 iterum
2408 3615 2521 3684 regi
2545 3613 2797 3684 tradidit;
2832 3612 3071 3680 dixitque
3089 3624 3209 3681 quae
3255 3608 3449 3678 injuste
3505 3608 3749 3676 accepis-

2175 3713 2275 3769 set,
2308 3680 2536 3775 amplius
2562 3717 2620 3758 se
2648 3680 2755 3756 neri
2780 3716 2936 3771 posse
2964 3680 3220 3755 retinere.
3253 3697 3422 3767 Cujus
3453 3694 3581 3749 facti
3631 3710 3733 3750 no-

2175 3794 2541 3865 vitate,'fquod
2596 3802 2795 3865 praater
2822 3792 3065 3847 omnium
3109 3788 3571 3859 exspectationem
3626 3794 3735 3840 tam

2176 3886 2353 3941 subito
2376 3892 2430 3940 et
2459 3883 2741 3954 inepinato
2765 3880 2992 3944 accidit,
3024 3878 3303 3948 perculSus
3334 3870 3435 3929 rex
3469 3869 3745 3928 Guillelmi

2174 3978 2316 4032 bona
2356 3972 2698 4044 proscripsit,
2728 3984 2959 4039 eumque
2985 3983 3149 4038 regno
3174 3966 3352 4035 ejeeit.
3383 3967 3576 4045 Postea
3601 3960 3745 4016 mul-

2176 4067 2246 4120 tis
2278 4067 2331 4118 in
2360 4074 2645 4128 utramque
2677 4069 2889 4131 partem
2918 4058 3059 4114 sicut
3088 4059 3139 4111 in
3172 4056 3321 4111 omni
3363 4052 3593 4111 dissidio
3622 4050 3744 4106 fieri

2176 4156 2328 4217 solet,
2358 4154 2602 4207 hucilluc
2631 4148 3023 4204 inclinantibus
3046 4146 3113 4201 ad
3137 4153 3344 4198 tantam
3384 4142 3735 4205 discordiam,

2175 4260 2294 4315 qua)
2326 4244 2435 4313 regi
2467 4240 2702 4298 recentis
2732 4239 2885 4309 regni
2916 4236 3139 4307 victoris
3172 4235 3282 4287 tilio
3319 4232 3625 4302 periculosa
3658 4230 3739 4284 fo-

493 4328 620 4384 dutn
652 4333 732 4385 vel
764 4334 967 4400 aspidis
1021 4338 1366 4401 surditatem,
1391 4340 1472 4393 vel
1515 4340 1741 4413 faltttlosi
1792 4340 2070 4408 cujusdam
2102 4356 2147 4414 ῃ
2177 4333 2591 4394 relsedaltdamo
2649 4337 2973 4387 conventum
3030 4332 3114 4379 εει
3137 4322 3306 4414 υίᾼθΑό
3357 4319 3744 4414 δεῖ-θξίιδίξάυω

496 4416 711 4475 l’t'otbei
773 4420 1182 4478 mutabilitatem
1232 4428 1464 4481 invenio.
1528 4428 1703 4481 Variis
1765 4428 2068 4497 linguarttm

495 4508 699 4561 aculeis
723 4512 880 4565 modo
910 4514 1103 4577 minus,
1136 4516 1292 4567 modo
1321 4517 1561 4569 convicia
1620 4515 1883 4583 inﬂigunt.
1940 4516 2070 4569 Pro-

494 4588 760 4653 feSsittttes
785 4617 910 4657 vero
953 4605 1079 4656 mihi
1112 4606 1324 4671 penitus
1366 4608 1636 4673 ahuegant
1672 4607 1917 4659 canonici
1973 4608 2067 4671 illi,

494 4688 584 4754 qni
610 4690 725 4742 sine
755 4692 1085 4758 professione
1112 4696 1177 4746 ad
1201 4710 1383 4749 sacros
1406 4696 1621 4749 ordines
1641 4696 2072 4752 inordinahilitcr

494 4788 616 4831 sunt
643 4784 903 4851 provecti.
934 4784 995 4837 lli
1030 4786 1188 4837 etiam
1214 4788 1300 4853 qui
1327 4786 1378 4839 in
1408 4788 1741 4855 presbyterio
1770 4787 1849 4841 vel
1882 4789 2065 4841 diaco-

496 4879 626 4922 natu
654 4876 956 4937 constituti,
991 4886 1043 4929 et
1067 4892 1261 4930 uxores
1292 4878 1403 4931 sive
1424 4878 1752 4932 concubinas
1784 4879 1835 4931 itt
1856 4878 2068 4945 publi‘co

493 4955 755 5017 hactenus
788 4965 1109 5028 habuerunt,
1140 4977 1192 5018 et
1222 4968 1289 5021 ab
1321 4967 1475 5020 altari
1509 4967 1652 5020 nulla
1682 4984 1739 5020 se
1766 4968 2068 5021 reverentia

496 5054 901 5107 continuerunt.
934 5056 1066 5108 Cum
1094 5070 1223 5107 vero
1271 5058 1336 5109 ad
1366 5058 1585 5111 ordines
1612 5058 1822 5127 aliquos
1868 5059 2065 5123 invito,

496 5144 631 5194 dura
663 5144 873 5196 cervice
900 5145 1223 5208 renituntur,
1248 5162 1313 5199 ne
1346 5148 1396 5200 in
1420 5148 1719 5201 ordinando
1750 5149 2059 5201 castitatem

494 5234 872 5299 profiteantur.
910 5253 927 5283 ι
958 5234 1175 5287 Obstitit
1203 5236 1365 5288 etiam
1421 5252 1486 5289 ne
1518 5251 1752 5291 canones
1798 5235 1954 5301 hujus
1982 5251 2069 5305 sy-

494 5324 616 5377 nodi
651 5323 824 5390 legum
872 5324 976 5376 vim
1020 5334 1075 5378 ct
1119 5335 1434 5393 potestatem
1480 5327 1823 5390 sortirentur,
1882 5327 2068 5393 ingens

494 5418 637 5469 inter
670 5430 849 5483 regem
880 5424 931 5468 et
959 5416 1272 5470 Anselmuut
1300 5418 1569 5473 discordia
1598 5428 1649 5471 et
1701 5416 1975 5470 contentio
2002 5416 2067 5468 de

497 5504 855 5557 lim-lednrtnu
888 5505 1217 5557 investituris
1237 5516 1375 5559 orta.
1414 5506 1546 5560 Nam
1595 5515 1703 5558 toto
1735 5502 2067 5557 illotricunio

495 5610 599 5662 quo
646 5594 888 5649 athfucrat
942 5595 1251 5662 Anselmus,
1313 5598 1527 5652 sedibus
1580 5595 1975 5667 episcopalibus
2015 5604 2063 5649 et

2177 4438 2326 4494 papae
2355 4420 2653 4484 oraculum,
2696 4416 2983 4471 Anselmus
3017 4412 3400 4469 etGuillclmns
3432 4409 3746 4464 Warelvast

2177 4514 2317 4583 regis
2342 4513 2549 4581 legatus
2573 4509 2665 4579 qui
2689 4523 2903 4577 semper
2930 4505 3171 4562 Ansehni
3199 4502 3442 4571 partibus
3476 4502 3745 4556 adversus

2175 4607 2295 4670 fuit,
2330 4605 2555 4659 Romam
2580 4600 3075 4672 proficiscerentur.
3102 4598 3196 4651 llis
3220 4597 3401 4649 Romae
3429 4604 3568 4649 ante
3593 4607 3746 4663 papae

2176 4695 2413 4750 tribunal
2458 4695 2601 4747 hanc
2641 4706 2862 4745 causam
2920 4688 3224 4757 agentibus,
3255 4686 3547 4741 Anselmus
3590 4699 3743 4753 papa:

2173 4802 2416 4849 causam,
2444 4799 2626 4837 coram
2667 4797 2801 4851 papa
2832 4788 3097 4849 praesente
3121 4788 3175 4833 et
3194 4778 3373 4847 judice
3401 4775 3744 4841 ,Guillelmus

2176 4876 2317 4943 regis
2340 4874 2420 4927 sui
2449 4872 2709 4934 absentis,
2768 4884 2867 4923 nec
2925 4868 3142 4937 judicis,
3196 4881 3413 4919 causam
3462 4864 3768 4938 tractavit.‘

2175 4964 2414 5030 Cumque
2436 4960 2755 5016 Guillelmus
2797 4958 3170 5014 vehementius
3226 4957 3277 5009 in
3304 4955 3442 5025 regis
3494 4954 3741 5022 proposi-

2175 5067 2285 5107 tum
2316 5052 2539 5105 affectus
2568 5051 2793 5103 dixisset
2814 5063 2993 5119 regem
3019 5062 3196 5110 suum,
3228 5061 3293 5099 ne
3320 5061 3415 5113 pro
3442 5043 3591 5113 regni
3618 5045 3730 5096 An-

2172 5144 2288 5213 glim
2312 5139 2723 5206 amissione,jus
2754 5138 3021 5191 Ecclesias
3051 5134 3283 5189 donandi
3316 5142 3368 5187 et
3393 5148 3580 5187 earum
3608 5146 3731 5200 pos-

2172 5232 2463 5286 sessionem
2489 5229 2731 5283 tradendi
2776 5228 3119 5287 amissurum,
3145 5222 3421 5292 respondit
3460 5217 3736 5273 Paschalis

2172 5338 2306 5391 papa
2351 5321 2430 5388 (ut
2453 5320 2632 5371 verbis
2689 5316 2935 5371 Eadmcri
2985 5315 3224 5369 auctoris
3249 5313 3430 5379 utar):
3463 5310 3724 5376 Siquem-

2175 5412 2462 5467 admodum
2522 5411 2690 5475 dicis,
2742 5424 2833 5461 rex
2862 5417 2983 5459 tuns
3009 5421 3105 5459 nec
3130 5419 3227 5473 pro
3259 5402 3405 5471 regni
3442 5399 3523 5453 sui
3570 5398 3734 5449 amis-

2174 5505 2325 5557 sione
2353 5502 2585 5569 patietur
2633 5499 2993 5552 Rcclesiarntu
3042 5495 3383 5549 donationem
3445 5491 3731 5551 amittere,

2175 5594 2335 5657 scias,
2363 5606 2487 5646 cccc
2518 5606 2697 5644 coram
2724 5588 2831 5643 Deo
2857 5588 2995 5650 dico,
3034 5584 3158 5654 quia
3186 5597 3284 5639 nec
3308 5597 3403 5652 pro
3441 5579 3522 5635 sui
3545 5576 3740 5647 capitis
