4174 6258
622 214 655 225 ..ι

422 252 528 308 £29
1164 226 1165 229 γ
1372 242 1397 265 ‘

1764 241 1915 295 VITA
1958 240 2275 296 ιιιικγιυη.

3568 210 3699 304 1507

422 363 820 435 redemptione,
864 373 959 414 eas
1024 356 1099 412 illi
1162 353 1453 425 aliquando
1497 352 1776 408 Paschalis
1846 369 1984 423 papa
2028 362 2075 417 Α
2108 356 2267 406 nilms
2296 366 2391 418 per
2432 353 2777 408 investiturae'
2808 356 3143 426 privilegium
3196 357 3523 424 composita,
3573 378 3670 430 per

428 456 652 524 impune
665 450 949 522 permittet
971 449 1035 501 ba
1044 449 1191 502 bere.

498 544 611 597 Hoc
635 541 820 609 itaque
846 553 998 609 papa:
1028 550 1317 605 responso,
1348 548 1512 589 causa
1557 532 1851 609 secundum
1894 532 2003 587 An-

424 631 656 686 selmum
685 639 874 686 contra
902 641 1083 695 regem
1110 625 1331 680 deﬁnita
1356 633 1457 679 est.
1484 623 1589 677 Alii
1617 622 1861 678 scribunt
1892 624 2004 677 An-

423 721 649 775 selmum
678 718 951 773 audivisse
977 715 1290 772 Pa'schalem
1312 729 1503 785 papam
1526 713 1673 767 illam
1700 728 2004 768 excommu-

424 810 710 865 nicationis
751 808 1077 864 sententiam
1123 808 1177 861 in
1223 807 1393 862 laieos
1419 807 1764 863 iuvestituras
1792 806 2000 869 dantes,

421 907 483 952 et
516 898 743 953 clericos
763 910 856 951 eas
875 911 905 948 a
929 894 1077 949 laicis
1103 895 1380 964 capientes
1405 895 1801 958 fulminantem,
1832 907 2003 961 eaque

423 984 794 1055 perterritum,
824 983 1053 1054 principi
1081 998 1201 1048 suo,
1247 999 1279 1038 a
1310 984 1606 1052 majoribus
1630 998 1742 1037 suts
1763 980 1852 1050 jus
1873 995 2003 1044 ven-

422 1074 651 1140 dicanti,
681 1074 990 1130 consentire
1021 1086 1126 1125 non
1157 1088 1369 1129 ausum.
1402 1073 1533 1127 Nam
1576 1073 1629 1125 in
1672 1071 1761 1127 illa
1788 1085 2005 1125 excom-

423 1162 799 1218 municatione
828 1174 963 1230 papa
993 1157 1296 1227 ltujusmodi
1326 1160 1508 1214 verbis
1535 1174 1665 1214 usus
1696 1171 1777 1213 est
1803 1175 1815 1211 :
1848 1173 2004 1212 exsc-

423 1252 633 1310 crabile
676 1252 847 1308 videri
879 1268 1091 1319 manus,
1134 1266 1256 1320 qua:
1309 1251 1361 1305 in
1409 1259 1611 1304 tantam
1655 1249 2003 1304 eminentiam

421 1353 803 1410 extzreverant,
833 1353 910 1411 ut,
934 1343 1076 1414 quod
1100 1343 1228 1397 nulli
1254 1341 1544 1413 Anglorum
1558 1355 1875 1395 concessum
1896 1349 1999 1404 est,

422 1432 711 1489 Dominum
742 1444 938 1489 cuncta
966 1444 1239 1489 creantcm
1263 1449 1360 1488 suo
1389 1434 1687 1488 ministerio
1715 1441 1918 1497 creent,
1948 1440 2002 1487 et

422 1523 676 1577 eumdem
721 1524 896 1593 ipsum
953 1539 1052 1593 pro
1103 1524 1471 1593 redemptione
1524 1534 1578 1578 et
1619 1523 1793 1577 salute
1837 1510 2003 1576 totius

423 1610 615 1664 mundi
634 1604 834 1669 sumini
870 1611 973 1665 Dei
993 1611 1173 1666 Patris
1197 1612 1477 1667 obtutibus
1502 1609 1755 1677 oﬂerant,
1782 1611 1835 1665 in
1863 1611 2001 1665 hanc

2105 442 2233 495 illud
2259 442 2464 511 papalis
2505 458 2611 496 ara:
2657 455 3047 499 sacramentum
3080 448 3157 499 sic
3204 446 3520 503 conﬁrmata
3566 461 3669 507 est.

2105 530 2244 599 Papa
2281 530 2560 585 celebrans
2598 532 2907 601 imperatori
2940 546 3342 591 sacramentum
3382 539 3466 592 his
3496 542 3673 593 verbis

2103 622 2344 688 porrexit
2379 638 2392 674 :
2426 623 2651 676 Domine
2694 625 3020 693 imperator,
3066 627 3168 681 hoc
3218 645 3411 698 corpus
3459 630 3675 685 Dotniui

2104 722 2288 767 natum
2320 729 2387 767 ex
2433 714 2599 768 Maria
2633 714 2871 783 Virgine.
2905 731 3123 784 passum
3155 720 3206 773 in
3235 736 3396 775 cruce
3424 737 3523 791 pro
3568 738 3672 783 no-

2103 803 2187 858 bis
2211 804 2351 856 sicut
2383 814 2567 869 sancta
2601 814 2656 857 et
2682 807 3153 873 apostolica‘tenct
3186 808 3449 877 Ecclesia,
3481 815 3669 865 damus
3714 810 3717 813 λ

2106 893 2198 947 tibi
2247 894 2298 945 in
2336 894 2796 948 confirmationem
2843 912 2983 951 vera:
3026 898 3175 966 pacis
3216 898 3355 953 inter
3393 914 3477 953 me
3516 911 3569 955 et
3599 910 3669 956 te.

2105 985 2435 1056 Sumptoque
2470 996 2830 1055 sacramento,
2884 988 3228 1057 imperatoris
3264 1006 3473 1058 pacem,
3510 994 3673 1047 amis-

2102 1078 2252 1133 sione
2281 1077 2718 1131 investiturarmn
2751 1080 2885 1147 papa
2925 1090 3250 1134 consecutus
3281 1090 3383 1135 est.

2173 1166 2323 1221 Nune
2346 1167 2411 1220 ad
2429 1166 2738 1220 Anselmum
2764 1166 3066 1232 redeamus,
3094 1170 3183 1239 qui
3209 1169 3375 1224 Roma
3390 1171 3674 1227 discedens

2102 1255 2421 1325 Lugdunum
2454 1250 2718 1323 pervenit.
2750 1254 2844 1310 Cui
2871 1272 2971 1308 una
2993 1257 3133 1311 ’illuc
3162 1258 3509 1327 proﬁciscens
3530 1263 3675 1328 regis

2103 1346 2310 1417 legatus
2356 1344 2690 1410 Guillelmus,
2722 1360 2789 1399 ex
2828 1329 2980 1415 regis
3027 1346 3281 1403 mandato
3315 1331 3593 1402 interdixit
3620 1349 3673 1404 in

2102 1435 2345 1507 Angliam
2371 1436 2622 1498 reditum,
2656 1435 2757 1489 nisi
2795 1449 2984 1490 omnes
3015 1436 3165 1507 regni
3197 1440 3612 1495 consuetudines
3642 1457 3673 1494 a

2102 1535 2255 1595 patre
2284 1538 2346 1576 ac
2378 1522 2545 1577 fratre
2574 1523 2715 1591 regis
2742 1532 2980 1578 retentas
3003 1539 3067 1578 ac
3091 1524 3429 1588 observatas,
3452 1542 3510 1582 se
3531 1545 3663 1596 qun-

2104 1626 2209 1683 que
2245 1602 2586 1666 servaturum
2636 1621 2787 1665 certo
2819 1620 3182 1682 promitteret,
3231 1617 3527 1682 postposita
3560 1617 3677 1672 sedi

424 1698 777 1767 ignominiam
807 1702 946 1757 tradi
978 1710 1036 1757 ut
1081 1701 1290 1757 ancillae
1321 1703 1452 1757 ﬁant
1490 1718 1675 1757 earum
1723 1717 2000 1765 manuum,
2034 1686 2077 1741 Β
2104 1704 2357 1757 Romame
2380 1703 2721 1772 subiectione
2749 1711 2803 1756 et
2838 1702 3165 1758 obedientia.
3202 1703 3308 1759 Sed
3334 1704 3620 1761 Anseltnus
3646 1722 3677 1762 a

420 1805 549 1859 quae
593 1792 682 1846 die
731 1806 796 1845 ac
830 1802 990 1848 nocte
1040 1794 1288 1848 obscenis
1330 1791 1596 1860 contagiis
1633 1791 1999 1860 inquinantur,

423 1881 635 1949 rapinis
663 1892 721 1937 et
750 1880 962 1952 injustas
1002 1883 1285 1954 sanguinis
1328 1881 1573 1937 eﬁ'nsioni
1603 1881 1830 1936 addicta:
1856 1896 2004 1935 com-

417 1965 793 2037 fmaculantur.
843 1972 1064 2035 Certum
1101 1974 1244 2028 enim
1298 1961 1381 2028 est
1435 1972 1725 2028 Henricum
1776 1974 2004 2042 impera-

426 2060 602 2117 torem
631 2062 858 2123 Romam
902 2066 968 2118 ad
998 2065 1297 2133 sedandam
1335 2065 1477 2119 hanc
1512 2064 1837 2127 discordiam
1876 2078 2003 2133 qua:

426 2154 577 2213 inter
621 2173 799 2231 regem
846 2160 903 2215 et
946 2160 1149 2215 clerum
1176 2169 1356 2230 empta
1382 2168 1542 2223 esset,
1573 2169 1826 2229 tanquam
1854 2160 2003 2214 orbis
2030 2218 2033 2221 ,

424 2248 725 2305 Christiani
777 2249 1115 2317 scandalum,
1169 2250 1401 2305 venisse.
1452 2248 1564 2303 Hoc
1618 2256 1798 2325 autem
1856 2250 2005 2303 inve-

425 2339 626 2395 stiendi
666 2338 757 2410 jus
806 2356 836 2393 a
866 2340 1127 2409 Gregorio
1170 2340 1399 2409 septimo
1443 2338 1589 2393 dicto
1643 2337 2003 2392 llildebrando

427 2428 652 2503 regibus
684 2430 893 2485 detrahi
916 2431 1097 2500 erepit.
1132 2429 1333 2484 Deinde
1366 2444 1398 2484 a
1424 2428 1827 2483 successoribus
1863 2426 2002 2495 ejus,

427 2518 735 2576 Victore'et
768 2519 1003 2597 Urbano,
1033 2520 1265 2575 maxime
1313 2529 1491 2573 autem
1533 2533 1565 2575 a
1610 2517 1874 2584 Paschali,
1907 2516 2027 2571 sub'

426 2609 1010 2664 excommunicationis
1035 2623 1264 2665 censura
1294 2608 1640 2662 interdictum
1672 2606 1801 2673 fuit;
1838 2608 1932 2661 sed
1975 2622 2007 2662 a

438 2702 638 2760 Carolo
658 2717 852 2775 magno
872 2686 1118 2758 Francia:
1136 2716 1261 2773 rege
1286 2702 1628 2770 imperatore,
1651 2708 1705 2754 et
1730 2717 1760 2753 a
1777 2714 2007 2769 sequen-

429 2793 583 2850 tibus
634 2793 1075 2865 imperatoribus,
1127 2793 1218 2863 qui
1279 2792 1532 2846 trecentis
1578 2791 1808 2861 amplius
1851 2792 2007 2845 annis

424 2882 797 2965 imperabant,
834 2882 1031 2952 quibus
1057 2897 1318 2937 annorum
1346 2881 1559 2950 saeculis
1593 2882 2008 2954 sexagintatres

2102 1795 2365 1856 sententia
2388 1794 2671 1849 discedere
2688 1792 2875 1847 noluit.
2890 1793 3073 1862 Itaque
3100 1794 3340 1863 Lugduni
3363 1812 3485 1869 cum
3500 1795 3674 1852 archi-

2102 1885 2353 1955 episcopo
2379 1883 2600 1952 llugone
2633 1883 2867 1937 triennio
2894 1897 3031 1952 pene
3062 1893 3173 1938 toto
3218 1886 3528 1954 permansit.
3562 1885 3677 1939 Rex

2103 1990 2290 2029 omnes
2349 1974 2843 2043 archiepiscopatus
2891 1974 3095 2029 reditus
3161 1973 3213 2028 in
3270 1976 3459 2030 ﬁscum
3483 1975 3679 2033 deferri

2096 2064 2279 2133 jussit,
2314 2062 2535 2116 tandem
2586 2078 2682 2132 per
2724 2063 2949 2117 Adelam
3004 2063 3337 2119 comitissam
3370 2065 3676 2135 Blesensem

2104 2154 2247 2223 regis
2278 2167 2540 2217 sororem,
2596 2153 2697 2207 hoc
2722 2168 2850 2207 casu
2881 2138 3166 2210 Ansel‘mus
3198 2157 3307 2223 regi
3358 2158 3680 2211 rccnncilia-
3748 2152 3749 2155 “

2107 2254 2213 2311 tur,
2242 2253 2295 2300 et
2325 2246 2393 2300 ad
2421 2243 2912 2312 archiepiscopatus
2927 2244 3049 2312 jura
3076 2246 3356 2299 restitutus
3378 2256 3481 2301 est.
3503 2247 3671 2302 Ade'a

2107 2340 2424 2410 graviSsimo
2473 2350 2528 2394 et
2575 2338 3029 2409 periculosissimo
3083 2340 3270 2393 morbo
3321 2339 3409 2393 diu
3465 2339 3678 2393 labora-

2094 2412 2271 2492 .verat,
2310 2430 2376 2483 ad
2418 2429 2558 2504 hanc
2587 2429 2637 2481 in
2670 2437 2815 2482 tanta
2852 2428 3093 2497 corporis
3121 2427 3433 2481 inﬁrmitate
3482 2444 3676 2482 conso-

2105 2519 2317 2587 landam
2350 2519 2578 2574 accessit
2626 2518 2932 2595 Anselmus.
2984 2517 3148 2593 Cujus
3179 2519 3442 2572 adventus
3470 2529 3677 2572 tantum

2103 2622 2160 2664 et
2192 2618 2301 2663 tam
2358 2608 2694 2679 repentinum
2735 2610 2987 2679 gaudium
3030 2608 3317 2662 comitissm
3369 2620 3474 2661 tant
3503 2602 3677 2678 ’ωδε-αξ

2104 2700 2286 2753 attulit
2310 2706 2366 2753 ut
2412 2699 2698 2769 proﬂigato
2745 2698 2936 2752 morbo
2987 2697 3342 2774 valetudinem
3393 2713 3678 2766 rerupera-
3754 2740 3759 2749 .

2106 2792 2265 2845 verit.
2288 2788 2477 2857 Itaque
2514 2804 2693 2859 regem
2751 2788 2973 2842 fratrem
3016 2787 3420 2842 Northmanniae
3463 2805 3575 2842 sum
3602 2790 3683 2842 di-

2109 2880 2239 2935 tioni
2267 2881 2569 2948 redigenda:
2592 2889 2912 2950 occupatum
2952 2895 3047 2948 pro
3079 2879 3506 2945 Anselmo'atliit,
3538 2890 3592 2935 et
3627 2882 3680 2934 in

427 2970 663 3026 Romani
685 2964 1169 3040 pentillcesordine
1191 2964 1361 3025 secuti
1378 2979 1523 3036 sunt,
1541 2970 1999 3038 hocinvestiendi,
2029 3007 2072 3064 ρ
2108 2970 2251 3037 regis
2276 2969 2601 3038 colloquium
2629 2969 2873 3023 adduxit.
2904 2967 3145 3022 Tandem
3190 2970 3240 3021 in
3286 2971 3424 3038 regis
3451 2970 3682 3040 gratiam

424 3057 569 3113 etin
597 3057 991 3128 possessionem
1022 3058 1269 3113 mittendi
1296 3057 1525 3119 clericos
1552 3056 1605 3113 in
1635 3056 2001 3125 ecclesiastica

428 3146 696 3203 beneﬁcia
726 3162 824 3218 per
848 3147 1013 3218 virgae
1035 3157 1091 3202 et
1115 3146 1295 3201 annuli
1323 3146 1667 3213 traditionem
1698 3146 2008 3216 frequenta-

433 3245 553 3290 tum
575 3244 629 3289 et
659 3243 925 3301 retentum
954 3234 1075 3289 fuit.
1110 3235 1307 3289 Contra
1332 3232 1471 3288 hanc
1500 3233 1773 3288 Casarum
1802 3234 2006 3302 princi-

429 3325 674 3395 pumque
712 3326 1094 3380 auCtoritatem
1141 3332 1195 3381 et
1224 3322 1670 3379 consuetudinem
1714 3324 2011 3378 censebant

427 3413 673 3484 synodali
694 3414 899 3483 judicio
924 3412 1204 3482 pontifices
1241 3399 1341 3477 ne‘e
1369 3428 1528 3483 posse
1555 3427 1657 3471 nec
1681 3413 1881 3469 debere
1912 3428 2011 3483 per

428 3503 642 3573 virgam
658 3516 759 3558 nec
770 3517 869 3573 per
888 3502 1145 3556 annulum
1164 3501 1509 3571 episcopatus
1528 3510 1621 3555 aut
1634 3500 1887 3567 Ecclesia:
1913 3502 2023 3555 ali-.

431 3591 997 3671 ettjusiinvestituram
1027 3593 1527 3671 possessionemque
1557 3606 1587 3644 a
1631 3590 1887 3661 principis
1918 3598 2014 3645 aut

431 3682 566 3739 laici
581 3670 737 3739 manu
750 3682 1097 3755 apprehendi,
1113 3670 1169 3738 et
1180 3684 1271 3752 qui
1292 3683 1345 3739 id
1364 3683 1606 3738 facerent
1620 3684 1889 3737 sententia
1901 3682 2008 3736 lata

430 3773 996 3831 escommuuicamnt.
1025 3771 1176 3828 Hane
1202 3770 1365 3842 igitur
1390 3771 1725 3843 potissimam
1763 3770 1833 3826 ob
1877 3786 2012 3826 cau-

435 3879 580 3929 sam,
611 3861 877 3919 Henricus
908 3862 1201 3932 imperator
1229 3861 1455 3916 Romam
1492 3869 1764 3931 properat,
1804 3858 2014 3931 Longo-

436 3951 747 4021 bardosque
780 3950 833 4006 in
860 3951 947 4007 via
988 3951 1087 4006 sibi
1122 3950 1435 4007 resistentes
1458 3948 1673 4005 fortiter
1694 3951 2011 4020 prosternit.

437 4042 582 4096 Tum
608 4040 833 4097 Romam
878 4041 1177 4111 ingressus,
1205 4048 1425 4110 accepto
1452 4039 1776 4106 diademate,
1819 4055 2012 4110 papam

440 4147 568 4186 eum
611 4132 969 4202 episcopis'et
1006 4132 1370 4189 eardinalibus
1417 4132 1582 4202 capit,
1634 4141 1693 4187 et
1735 4133 1836 4188 sub
1862 4121 2013 4190 arcta

440 4217 690 4276 custodia
737 4221 962 4276 detinet.
1012 4222 1107 4276 Die
1156 4221 1378 4298 Paschae
1426 4221 1793 4294 reconciliatio
1841 4224 2011 4279 inter-

2107 3071 2328 3127 aceepto
2354 3059 2627 3131 Anselmo,
2651 3060 2800 3128 prior
2836 3058 2927 3112 illa
2961 3060 3026 3113 de
3056 3059 3420 3114 Eeelesiarum
3460 3061 3683 3125 inch‘i-

2106 3151 2245 3205 turis
2269 3151 2659 3215 controversia,
2709 3165 2829 3219 quae
2872 3165 2966 3205 eos
3011 3160 3170 3204 antea
3201 3150 3552 3219 disjunxerat,
3580 3151 3682 3204 Pa-

2106 3239 2528 3305 schalisjudicio
2557 3239 2752 3293 iterum
2781 3238 2959 3292 relata
2977 3248 3075 3292 est.
3106 3238 3154 3292 ls
3178 3254 3243 3293 ne
3268 3240 3407 3310 regis
3440 3242 3679 3293 animum

2109 3344 2269 3397 quem
2306 3327 2626 3381 irritabilem
2655 3336 2812 3379 antea
2843 3335 3110 3389 senserat,
3144 3330 3196 3381 in
3239 3330 3550 3382 Anselmum
3580 3330 3683 3381 itc-

2111 3431 2233 3471 rum
2280 3417 2622 3479 aceeuderet,
2679 3430 2778 3469 nec
2829 3426 3007 3468 tamen
3061 3415 3521 3480 deinvestiturae
3560 3414 3683 3482 jure
3742 3450 3773 3478 ⁴.

2109 3507 2399 3576 quidquam
2434 3506 2755 3571 discederet,
2806 3506 3036 3558 mediam
3090 3508 3378 3573 quamdam
3433 3507 3485 3559 in
3528 3506 3685 3572 hujus

2111 3614 2289 3655 causa:
2316 3598 2589 3652 deeisione
2620 3597 2760 3649 viam
2786 3605 3002 3650 secutus
3028 3605 3132 3660 est,
3158 3604 3213 3648 ut
3244 3594 3478 3666 episc0pi
3502 3612 3531 3655 a
3558 3613 3684 3666 rege
3730 3592 3733 3593 ⁷

2112 3698 2236 3741 ante
2283 3686 2546 3750 investiti,
2590 3688 2727 3753 qu‘os
2772 3683 3054 3738 Paschalis
3098 3679 3677 3749 excontmunicaverat,

2113 3779 2181 3834 ab
2230 3777 2315 3832 illa
2366 3776 2631 3830 sententia
2678 3775 3041 3839 solverentur,
3088 3782 3143 3829 et
3195 3774 3247 3828 in
3299 3774 3517 3829 sedibus
3567 3771 3681 3830 suis

2112 3866 2597 3927 conﬁrmarentur;
2647 3862 2763 3926 sed,
2806 3862 3019 3916 ne‘talc
3063 3861 3191 3930 quid
3233 3862 3284 3915 in
3341 3871 3614 3931 posterum
3650 3880 3679 3916 a

2113 3970 2239 4027 rege
2264 3965 2358 4009 aut
2387 3955 2523 4009 laico
2562 3967 2880 4023 quocunque
2924 3951 3039 4018 ﬁat,
3077 3953 3217 4007 cavit
3266 3962 3427 4019 atque
3464 3954 3674 4008 statuit.

2114 4044 2232 4110 Quo
2253 4058 2406 4113 papm
2435 4043 2654 4096 decreto
2682 4056 2772 4095 rex
2803 4041 3097 4109 acquievit,
3132 4049 3187 4109 et
3207 4039 3523 4095 Anselmum
3565 4058 3681 4095 om-

2114 4133 2274 4187 nibus
2318 4132 2471 4186 bonis
2516 4138 2570 4185 et
2622 4129 2889 4184 fructibus
2920 4128 3096 4183 exsilii
3130 4141 3372 4199 tempore
3399 4144 3428 4182 a
3459 4145 3517 4185 se
3562 4146 3682 4199 per-

2115 4225 2286 4295 ccptis
2331 4232 2387 4277 et
2434 4223 2661 4277 retentis
2717 4222 2875 4291 plene
2925 4221 3182 4276 restituit.
3223 4221 3379 4276 Redit
3416 4221 3580 4291 igitur
3628 4223 3681 4275 in

440 4298 750 4380 venit.quo
785 4311 873 4366 die
898 4322 1019 4384 post
1044 4310 1253 4365 lectum.
1282 4312 1337 4365 in
1374 4311 1656 4366 missarum
1686 4311 2014 4368 solemnibus
2044 4324 2089 4380 Ι)
2112 4315 2359 4387 Angliam
2390 4313 2694 4377 Anselmus,
2720 4327 2930 4367 summo
2953 4312 3118 4367 totius
3146 4312 3323 4381 populi
3365 4312 3621 4381 applausu
3650 4331 3681 4368 a

445 4400 817 4472 Evangelium,
847 4403 914 4456 ad
941 4402 1112 4457 altare
1152 4402 1517 4471 apostolorum
1565 4398 1711 4459 Petri
1742 4411 1796 4459 et
1840 4404 2013 4482 Pauli,

434 4492 505 4547 in
533 4492 704 4548 oculis
756 4508 918 4564 quam
960 4492 1311 4562 plurimorum
1364 4480 1693 4565 principum,
1738 4480 2015 4551 Paschalis

444 4595 589 4651 papa
611 4574 829 4637 tradidit
850 4581 1161 4651 imperatori
1209 4582 1571 4652 privilegium,
1603 4592 1663 4637 ut
1691 4584 1740 4640 is
1767 4583 1913 4639 solus
1960 4586 2013 4640 in

444 4682 552 4726 uno
578 4684 741 4742 regno
795 4657 1147 4728 investituras
1191 4672 1574 4739 Ecclesiarum,
1621 4686 1725 4743 per
1753 4674 1921 4746 virga:
1961 4682 2018 4729 et

444 4757 636 4813 annuli
677 4758 1021 4815 traditionem
1070 4760 1125 4815 in
1177 4761 1407 4818 clericos
1446 4762 1803 4829 transferret,
1858 4764 1930 4819 ita
1969 4764 2014 4820 si

446 4855 575 4918 post
615 4847 989 4905 investituram
1038 4850 1109 4905 ab
1137 4850 1412 4921 episcopo,
1445 4848 1600 4919 cujus
1629 4852 1881 4908 dimcesis
1909 4854 2019 4908 sint

444 4937 695 4995 adesim
722 4941 1183 4997 consecrationem
1217 4942 1480 4997 canonice
1502 4942 1790 5013 accipiant.
1818 4944 1890 5001 At
1918 4945 2020 5001 hoc

452 5026 618 5083 modo
640 5028 952 5085 investie‘ndi
982 5028 1094 5099 jus,
1124 5030 1368 5101 synodali
1397 5039 1603 5085 tantum
1630 5033 2020 5090 constitutione

452 5131 485 5170 a
515 5130 679 5187 papa,
706 5120 918 5174 casteria
946 5119 1222 5190 demptum
1263 5120 1631 5191 principibus,
1652 5121 1704 5176 lu
1736 5122 1826 5176 illo
1852 5137 2019 5194 regno

452 5205 631 5263 solum
647 5208 928 5271 retinetur,
958 5219 1166 5266 tantum
1180 5212 1531 5270 tamterroris
1543 5213 1945 5267 anathematun.
1965 5224 2022 5270 et

446 5299 1069 5357 excommunicationum
1084 5316 1115 5357 a
1140 5316 1274 5373 papa
1302 5302 1541 5373 projecta
1568 5302 1787 5357 fulmina
1806 5304 2021 5375 regibus

451 5392 804 5474 incusserunt
843 5401 903 5447 ut
952 5394 1146 5466 pavido
1197 5402 1253 5451 et
1290 5395 1545 5451 trementi
1589 5395 1751 5450 alicui
1804 5394 2021 5452 Herculi

447 5483 690 5551 clavum,
717 5493 779 5540 ut
804 5483 1022 5553 dicitur,
1072 5487 1449 5543 extorsissent.
1482 5486 1589 5543 Sed
1638 5486 1904 5543 Henricus
1930 5488 2021 5543 illa

450 5573 697 5631 tonitrua
734 5576 1084 5647 compescuit.
1117 5576 1241 5633 llaec
1279 5593 1379 5648 pax
1419 5578 1474 5633 in
1514 5578 1798 5634 missarum
1828 5577 2022 5634 solem-

76 6122 99 6145 n.
112 6022 483 6145 Lais
508 6108 515 6113 '

2119 4404 2300 4474 regina
2325 4404 2381 4457 et
2421 4401 2769 4472 optimatibus
2815 4401 3205 4469 perhonoriﬁee
3232 4402 3283 4454 in
3330 4416 3548 4471 regnum
3584 4418 3685 4467 ac-

2117 4503 2339 4561 ceptus;
2387 4505 2480 4545 rex
2535 4491 2679 4545 enim
2752 4489 3177 4555 Northmannico
3242 4499 3386 4545 motu
3434 4494 3685 4550 detentus

2115 4590 2251 4645 erat,
2275 4595 2382 4650 quo
2404 4575 2611 4641 sedato,
2636 4577 3087 4641 Northmanuiam
3117 4578 3311 4632 iterum
3336 4594 3433 4634 suo
3455 4578 3684 4647 subjecit

2115 4668 2802 4744 imperio.‘.Reversusque
2870 4668 3159 4723 concilium
3210 4670 3357 4739 regni
3410 4670 3683 4738 publicum

2118 4760 2343 4816 Londini
2398 4757 2611 4827 indixit,
2662 4760 2716 4815 in
2765 4775 2873 4829 quo
2910 4768 3170 4814 statutum
3220 4760 3319 4813 fuit
3368 4772 3471 4815 non
3518 4760 3687 4819 licere

2119 4853 2256 4922 regi,
2290 4851 2373 4907 vel
2396 4851 2703 4920 cuicunque
2748 4851 2888 4906 laico
2931 4866 3026 4920 per
3056 4849 3305 4904 baculum
3345 4860 3400 4906 et
3430 4851 3682 4911 annulum

2119 4942 2428 5011 episcopum
2460 4940 2544 4995 vel
2573 4922 2944 5011 presbyterum
2988 4956 3362 5011 quemcunque
3395 4941 3685 5008 investire;

2118 5032 2253 5086 satis
2281 5044 2402 5085 esse
2433 5038 2487 5085 ut
2520 5031 2829 5099 bomagium
2873 5031 2942 5085 ab
2980 5031 3244 5102 episcopis
3269 5031 3378 5101 regi
3414 5032 3537 5095 ﬁat,
3587 5047 3687 5101 pro

2119 5120 2549 5191 possessionibus
2593 5122 2992 5197 temporalibus.
3034 5122 3129 5177 llis
3169 5138 3235 5177 ex
3277 5122 3514 5176 Anselmi
3564 5137 3687 5175 scn-

2122 5212 2286 5266 tentia
2327 5210 2513 5282 gestis,
2555 5211 2721 5281 erepit
2750 5210 2946 5280 prioris
2976 5210 3119 5265 illius
3161 5209 3519 5266 Londinensis
3564 5215 3591 5261 a
3624 5224 3686 5262 se

2121 5304 2407 5359 celebrata:
2449 5294 2639 5373 synodi
2682 5302 2898 5357 decreta
2946 5302 3279 5359 essecutioni
3315 5301 3593 5364 mandare,
3630 5308 3684 5353 ct

2121 5395 2461 5451 sacerdotum
2492 5393 2705 5461 nuptias
2729 5392 3040 5447 dissolvere.

2194 5486 2307 5541 Sub
2350 5487 2464 5541 haec
2516 5494 2757 5555 tempora
2808 5492 3021 5539 mortuo
3072 5480 3303 5538 Girardo
3360 5476 3684 5535 Eboracensi

2127 5571 2558 5641 archiepiscopo,
2592 5570 2831 5627 Thomas
2880 5569 3317 5641 archiepiscopus
3350 5568 3552 5623 electus
3577 5574 3679 5619 est.
