4174 6262
557 277 663 337 tas
1134 308 1144 321 ι
1350 312 1353 321 ι
1608 278 1666 333 s.
1698 277 1996 334 ANSELMI
2039 277 2387 336 CANTUAR.
2419 278 2736 334 ARCIIIEP.

565 442 1217 466 WW5

1154 588 1625 679 CARMEN
1708 590 1831 675 IN
1905 587 2387 678 LAUDEM
2454 589 2547 676 s.
2625 588 3183 678 ANSELMI.

2524 134 2551 177 κ

550 944 704 999 Haud
733 939 982 1005 habituro
1018 949 1203 1004 parem
1242 944 1442 991 sumas,
1468 927 1628 981 Pater
1671 921 1832 984 alme,
1889 916 2116 972 salutent
2146 917 2195 974 Α
2297 916 2573 998 Ettamen
2600 923 2652 975 in
2679 924 2839 981 terris
2865 928 2980 995 ipse
3001 939 3276 1001 superstes
3302 934 3430 1001 eris,

620 1033 791 1100 Quam
827 1042 945 1083 mea
972 1024 1278 1094 disparibus
1304 1034 1452 1072 musa
1478 1014 1625 1070 vehit
1648 1010 1891 1080 pedibus.

549 1121 703 1190 Quod
724 1135 843 1173 mea
858 1130 1009 1170 musa
1027 1113 1187 1183 pedes
1213 1110 1305 1163 tibi
1325 1103 1567 1163 scribens
1592 1118 1696 1156 non
1725 1100 1890 1154 habet
1918 1110 2125 1165 atquos,

622 1212 947 1280 Paupertate
968 1205 1074 1259 mei
1096 1200 1324 1270 contigit
1358 1197 1583 1283 ingenii.

548 1300 781 1356 Laudari
803 1297 984 1369 proles
1010 1291 1462 1385 procerumpedc
1487 1288 1647 1385 debet
1674 1283 1913 1385 Homeri.

613 1392 694 1446 Da
734 1389 969 1451 veniam,
1000 1385 1151 1441 timui
1180 1382 1415 1452 pondera
1456 1377 1602 1432 tanta
1640 1377 1770 1447 pati.

546 1478 807 1541 Materiae,
827 1478 1025 1539 fateor,
1060 1488 1175 1527 sum
1208 1479 1368 1525 tanta:
1398 1469 1631 1539 pondere
1661 1479 1879 1535 pressus
1902 1505 1915 1528 ,

616 1569 729 1625 Nec
757 1582 874 1621 mea
906 1580 1057 1623 musa
1089 1564 1167 1619 rei
1191 1562 1419 1616 sustinet
1443 1558 1604 1629 hujus
1628 1574 1789 1614 onus.

549 1657 875 1715 lndefective
900 1653 1013 1722 jam
1040 1654 1084 1707 si
1111 1668 1227 1707 mea
1252 1660 1470 1722 pectora
1499 1649 1766 1728 clament,
1804 1690 1805 1693 η

556 1802 561 1807 ,
590 1750 685 1811 ,Er
706 1763 822 1802 mea
844 1746 1090 1801 centenis
1118 1742 1341 1797 vocibus
1363 1755 1459 1795 ora
1493 1746 1711 1821 sonent,

543 1839 714 1895 Fonte
734 1836 1013 1893 Caballino
1036 1835 1079 1889 si
1113 1850 1200 1889 me
1224 1839 1498 1902 respergat
1521 1828 1730 1899 Apollo,

628 1929 711 1983 Ad
741 1934 793 1982 te
819 1920 1145 1980 laudandum
1177 1938 1282 1976 non
1309 1922 1441 1987 satis
1463 1924 1602 1973 unus
1624 1934 1738 1973 ero.

541 2019 621 2075 Tu
648 2032 942 2089 generosus
968 2018 1149 2075 homo,
1176 2012 1495 2082 magnisque
1524 2007 1838 2080 parentibus
1858 2016 2007 2060 ortus
2032 2046 2047 2071 ,

612 2108 918 2174 Exsuperas
942 2116 1152 2156 morum
1191 2100 1472 2155 nobilitate
1498 2111 1685 2165 genus.

540 2196 658 2251 Jant
685 2204 776 2250 tua
805 2195 949 2249 fama
976 2194 1196 2248 domum
1222 2190 1354 2245 solis
1382 2188 1608 2258 replevit
1636 2198 1951 2252 utramque,

612 2288 680 2342 Et
703 2268 864 2341 talem
889 2289 1121 2339 mundus
1147 2282 1344 2353 gaudet
1370 2282 1570 2361 habere
1591 2279 1829 2333 Patrem.

454 2383 464 2393 '
540 2375 671 2448 .{txis
691 2385 746 2432 et
766 2375 1032 2432 australes
1058 2384 1109 2429 te
1137 2375 1285 2428 novit
1318 2370 1810 2442 hyperboreusqne,

611 2466 854 2536 Parsque
881 2465 986 2520 tuis
1008 2464 1191 2519 mundi
1223 2463 1551 2536 nullalcaret
1583 2460 1812 2515 meritis.

538 2554 695 2610 Fulta
730 2555 838 2610 tuis
865 2554 1074 2609 meritis
1097 2553 1140 2607 si
1166 2568 1271 2607 non
1322 2552 1462 2607 foret
1481 2549 1700 2620 Anglica
1731 2559 1896 2615 terra,

614 2648 905 2704 Corrueret
929 2648 1044 2701 vitii
1074 2648 1307 2716 pondere
1328 2657 1523 2714 quassa
1559 2644 1663 2696 sui.

545 2740 641 2809 Illa
682 2740 788 2795 tuis
812 2738 1038 2803 meritis,
1069 2738 1261 2803 fateor,
1296 2736 1437 2810 valet
1471 2744 1635 2804 atque
1664 2732 1884 2797 valebit,

560 2854 566 2859 ι
611 2830 784 2900 Atque
819 2830 926 2884 tuis
953 2828 1204 2899 precibus
1232 2841 1300 2882 ne
1330 2826 1487 2881 cadat
1514 2824 1770 2879 efficitur.

539 2922 672 2990 Quis
711 2931 764 2976 te
793 2936 900 2975 non
928 2920 1068 2973 norit
1096 2933 1345 2973 mensura
1370 2916 1555 2970 vivere
1581 2914 1756 2969 recti?

608 3010 739 3077 Quis
764 3020 815 3066 te
845 3018 1155 3064 sanctorum
1181 3007 1353 3060 nescit
1378 3006 1575 3061 habere
1608 3004 1798 3059 ﬁdem?

540 3102 620 3156 Tu
657 3100 1029 3168 delinquentes
1055 3098 1286 3167 castigas
1316 3097 1539 3151 verbere
1569 3097 1743 3154 dulci:

607 3188 685 3245 Ne
711 3203 937 3258 peccare
966 3188 1159 3251 velint,
1195 3188 1308 3255 ipse
1338 3200 1522 3240 mones
1553 3185 1819 3253 homines.

534 3281 732 3349 Arguis
771 3288 829 3333 ut
869 3279 1032 3333 debes
1058 3279 1301 3331 homines
1332 3287 1553 3345 peccata
1583 3276 1873 3331 luci-antes.

607 3370 684 3427 Te
707 3372 955 3426 mercede
986 3378 1135 3423 caret
1158 3368 1341 3437 judice
1368 3378 1520 3423 curta
1554 3368 1705 3423 fides.
1806 3366 1811 3372 ’

534 3460 721 3529 Judice
757 3470 811 3515 te
838 3456 992 3514 dives
1020 3466 1279 3527 peccator
1300 3458 1430 3511 vivit
1460 3473 1679 3544 egenus,
1734 3514 1737 3516 ,

606 3556 672 3610 Et
704 3554 949 3611 dominus
979 3567 1207 3621 nequam
1240 3561 1323 3606 sat
1346 3551 1509 3606 miser
1538 3561 1620 3605 est
1650 3549 1899 3604 fanmlus.

536 3646 697 3702 Solus
720 3646 771 3698 in
799 3645 899 3697 hoc
928 3658 1065 3706 :evo,
1094 3641 1273 3704 Pater,
1297 3655 1355 3695 es
1380 3640 1661 3694 laudabilis
1690 3656 1821 3693 :evo.

604 3735 762 3789 Solus
786 3731 954 3787 habes
983 3733 1127 3794 vitm,
1153 3732 1235 3784 vir
1261 3732 1586 3795 venerande,
1620 3729 1858 3783 modum.

484 3826 489 3831 ’
536 3825 697 3881 Solus
717 3839 776 3879 es
799 3824 851 3877 in
883 3824 1046 3877 terris
1081 3821 1283 3877 deﬂens
1312 3832 1533 3891 peccata
1563 3820 1848 3874 malorum.

606 3915 687 3968 Tu
721 3914 865 3968 solus
896 3913 1096 3966 timidis
1118 3926 1176 3965 es
1209 3912 1471 3966 medicina
1511 3911 1637 3965 reis.

535 4002 634 4058 His
663 4000 998 4071 quoqueer
1035 4000 1242 4054 meritis
1267 4002 1478 4060 merito,
1508 3999 1666 4061 Pater
1690 3998 1894 4068 optime
1926 4007 2034 4053 toto

602 4091 698 4146 Est
721 4098 1072 4162 propagatum
1099 4104 1293 4144 nomen
1322 4090 1374 4143 in
1401 4092 1532 4143 crhe
1558 4098 1728 4143 tuum.

531 4182 810 4239 Intereaut
830 4196 962 4236 casu
987 4196 1105 4250 qua:
1131 4180 1362 4249 primum
1396 4195 1585 4249 magna
1606 4179 1842 4243 fuerunt,

601 4271 711 4325 Nec
733 4286 1057 4340 quemquam
1084 4279 1235 4323 certo
1266 4270 1433 4324 limite
1458 4269 1566 4323 fata
1594 4278 1802 4337 regunt.

490 4420 497 4433 υ
532 4360 630 4429 Qui
656 4360 815 4415 modo
847 4361 996 4414 dives
1017 4368 1152 4422 erat,
1181 4356 1407 4413 fortuna:
1429 4360 1631 4413 corruit
1656 4360 1785 4412 ictu.

608 4452 784 4519 Atque
812 4450 971 4504 modo
1000 4464 1120 4503 cum
1146 4449 1269 4511 sim,
1297 4464 1400 4502 non
1425 4463 1549 4503 reor
1575 4464 1693 4505 esse
1712 4451 1820 4504 diu.

529 4539 643 4595 Hoc
667 4554 773 4591 non
808 4538 1090 4593 attendunt
1116 4550 1251 4606 quos
1279 4538 1460 4592 mundi
1495 4538 1663 4607 gloria
1696 4539 1863 4611 ducit,

600 4620 852 4698 Quosque
883 4629 1069 4683 fefellit
1108 4643 1261 4683 amor
1297 4644 1400 4683 non
1438 4630 1663 4685 satiatus
1689 4631 1895 4699 opum!

521 4721 595 4774 'At
639 4728 717 4786 tu,
741 4719 1013 4789 praeterita
1041 4718 1129 4786 qui
1156 4730 1369 4787 spectas
1401 4720 1540 4787 quod
1568 4721 1952 4791 sequiturque,

600 4811 720 4863 Scis
751 4810 874 4878 quia
911 4824 1030 4877 qua:
1060 4808 1217 4862 modo
1252 4816 1378 4863 sunt
1419 4809 1694 4864 interitum
1726 4812 1956 4881 capient.

529 4907 655 4963 Haec
680 4922 800 4977 quae
822 4922 917 4976 per
938 4906 1167 4975 spatium
1191 4907 1277 4961 vix
1310 4908 1508 4963 durant
1545 4908 1704 4963 unius
1728 4909 1872 4965 horae

600 5000 788 5054 Credis
828 4997 1101 5069 perpetuis
1130 4999 1513 5068 :equiparanda
1534 5001 1711 5066 bonis,

530 5089 745 5142 Naturae
774 5096 927 5155 paret
941 5087 1201 5157 quidquid
1232 5086 1459 5142 mortale
1488 5097 1735 5155 creatur;

599 5178 859 5247 Quodque
887 5176 987 5229 fuit
1014 5179 1305 5245 quondam,
1339 5179 1536 5235 desinit
1558 5194 1676 5234 esse
1703 5180 1882 5235 modo.

529 5267 607 5321 Tu
640 5280 852 5337 quoque
879 5267 1093 5335 parebis
1122 5269 1301 5334 morti,
1325 5270 1420 5325 sed
1461 5271 1676 5340 dispare
1703 5279 1915 5339 tractu;

602 5360 709 5413 Nec
729 5368 782 5412 tu
804 5374 926 5413 cum
952 5360 1194 5428 reprobis
1226 5361 1341 5431 ipse
1368 5362 1625 5418 locandus
1653 5364 1778 5417 eris.
1903 5366 1908 5374 ‘

530 5450 606 5504 Tu
638 5464 760 5505 cum
785 5449 1018 5505 mutabis
1044 5459 1240 5505 terram
1266 5452 1403 5507 caelo
1423 5453 1667 5523 potieris,

598 5578 712 5647 (Π)
749 5577 984 5640 ’Δϐουλος
1022 5560 1366 5647 inconsultus,
1394 5600 1553 5653 pravo
1578 5583 1795 5638 consilio
1816 5586 2081 5639 incitatur.

2122 4917 2175 4976 Ι)
2268 4896 2375 4949 Aut
2402 4896 2547 4952 nullo
2585 4908 2730 4954 certe
2759 4907 3001 4970 tempore
3031 4921 3196 4963 sanus
3223 4913 3348 4967 erit.

2198 1006 2473 1076 ‘Excipiet
2498 1012 2673 1081 primo
2707 1019 2961 1084 quoniam
2990 1028 3040 1074 te
3068 1023 3308 1090 gaudens
3337 1028 3482 1082 curia
3512 1033 3658 1099 caeli,

2297 1099 2364 1153 Et
2390 1100 2483 1154 tibi
2514 1105 2779 1171 promissa
2804 1108 2933 1161 sede
2954 1109 3159 1167 locatus
3186 1115 3335 1189 eris.
3541 1173 3545 1181 ε

2226 1188 2403 1245 Credo
2433 1192 2539 1246 tuis
2572 1196 2850 1251 hominum
2875 1198 3052 1256 nullus
3090 1206 3345 1261 succedet
3382 1209 3610 1267 habenis

2294 1281 2351 1351 ln
2381 1281 2623 1338 bonitate
2652 1296 2741 1341 tua
2768 1289 2858 1357 qui
2894 1294 3204 1350 moderetur
3230 1311 3343 1351 eas.

2222 1369 2358 1472 Cum
2389 1372 2529 1427 Deus
2550 1377 2887 1472 omnipotens
2913 1384 3303 1454 protoplastum
3332 1389 3462 1446 fecit
3491 1391 3827 1469 abyle(47),r
3911 1462 3915 1472 ι

2296 1461 2373 1515 Te
2402 1465 2607 1520 nostris
2639 1470 2788 1525 nasci
2818 1475 3145 1541 temporibus
3166 1478 3353 1534 voluit.

2221 1551 2333 1609 Cur
2353 1562 2527 1610 tamen
2569 1560 2670 1614 hoc
2692 1561 2876 1629 voluit,
2904 1565 3007 1620 nisi
3032 1569 3175 1636 quod
3203 1578 3255 1625 te
3276 1583 3498 1628 noverat
3528 1560 3656 1632 ante

2222 1660 2225 1665 ·
2291 1643 2461 1701 Posse
2490 1654 2785 1709 cruentatis
2830 1656 2979 1711 frena
3005 1675 3201 1735 parare
3214 1663 3402 1734 ,lupis?

2220 1733 2360 1829 Ecce
2386 1750 2699 1798 cruentatus
2737 1745 2891 1814 lupus
2920 1733 3143 1817 assistit,
3172 1758 3588 1829 aggretliturque

2288 1824 2503 1892 Caulas,
2532 1846 2650 1898 qua:
2673 1832 2844 1889 firma:
2875 1846 2926 1890 te
2962 1841 3213 1910 vigilante
3242 1858 3482 1903 manent.

2220 1911 2276 2010 §i
2289 1930 2470 2010 _quam
2506 1913 2712 1978 crudus
2742 1940 2895 1980 ovem
2915 1944 3045 1985 casu
3066 1932 3219 2002 lupus
3249 1953 3342 1993 ore
3367 1952 3640 2010 cruentat,

2165 2063 2177 2075 ο
2288 2003 2482 2060 Evadit
2506 2008 2691 2066 fauces
2720 2023 2773 2067 te
2806 2030 3129 2086 properante
3158 2024 3285 2094 lupi.

2218 2091 2407 2147 Mundi
2431 2104 2723 2167 tempestas
2753 2104 2986 2173 aliquem
3012 2109 3056 2164 si
3089 2091 3376 2180 depulitad
3416 2128 3487 2183 te,

2285 2185 2635 2243 Armamenta
2665 2194 2831 2259 ratis,
2856 2212 2923 2251 ne
2947 2212 3150 2275 pereat,
3186 2206 3385 2261 relicis.‘

2218 2270 2424 2329 Divinis
2449 2278 2615 2333 armis
2654 2270 3210 2355 instantemperculis
3241 2292 3469 2350 hostem.

2288 2364 2497 2422 Divinis
2529 2371 2699 2425 armis
2722 2379 2833 2425 tuta
2853 2374 3077 2444 quiescit
3109 2382 3243 2436 ovis.

2217 2453 2368 2543 Quod
2411 2457 2806 2524 nolles,'ovium
2846 2466 3007 2533 periit
3040 2478 3216 2525 tamen
3252 2490 3355 2529 una
3401 2487 3644 2543 tuarum;

2286 2542 2399 2599 Nec
2425 2549 2567 2614 perit
2602 2564 2665 2604 ex
2698 2560 2833 2620 toto“,
2865 2557 2909 2609 si
2939 2558 3161 2626 vigilare
3189 2563 3341 2619 velis.

2216 2632 2345 2731 "me
2364 2636 2429 2690 de
2457 2652 2564 2731 qua
2592 2640 2747 2705 dico,‘
2769 2644 3136 2704 babalans-est
3157 2658 3443 2725 presbyter
3467 2658 3637 2731 Hugo,

2283 2726 2518 2783 Abstulit
2545 2732 2593 2784 in
2624 2735 2871 2803 scopulos
2899 2754 3055 2807 quem
3081 2757 3175 2797 sua
3204 2748 3451 2804 stultitia.

2214 2816 2320 2873 Sed
2345 2814 2595 2889 quoniam
2615 2862 2630 2888 ,
2657 2822 2835 2892 Pater,
2859 2838 2942 2883 est
2970 2833 3181 2889 miseris
3210 2836 3380 2905 pietas
3410 2850 3498 2896 tua
3524 2844 3718 2901 vallant
3742 2888 3759 2913 ,

2282 2909 2577 2977 Auxilium,
2607 2930 2809 2983 quzeso,
2841 2918 3038 2975 sentiat
3070 2923 3157 2980 ille
3191 2935 3359 2981 tuum.

2213 2996 2494 3095 Hocquod
2528 3002 2658 3057 vivit
2691 3007 2885 3073 adhuc,
2912 3015 3054 3078 quod
3096 3031 3201 3089 non
3241 3016 3323 3073 est
3351 3020 3551 3077 lumina
3589 3024 3735 3082 fossu
3758 3043 3795 3095 ',

2282 3089 2539 3145 Eli‘ectutn
2568 3108 2693 3147 cura
2728 3096 2847 3166 quis
2876 3112 3032 3170 neget
3058 3120 3179 3159 esse
3210 3110 3334 3161 tua?

2211 3178 2342 3233 Nam
2375 3181 2474 3234 nisi
2506 3190 2556 3236 te
2586 3184 2763 3239 rabies
2796 3187 3065 3246 timuisset
3094 3208 3231 3248 saeva
3270 3197 3555 3267 luporum,

2193 3311 2195 3314 .
2279 3269 2449 3337 Quem
2480 3288 2585 3327 non
2615 3288 2803 3330 career
2835 3280 3030 3344 habet,
3062 3298 3194 3338 crux
3224 3286 3471 3345 habitura
3501 3292 3660 3349 foret.

2211 3358 2306 3414 Est
2327 3355 2510 3431 grave,
2540 3367 2822 3431 conliteor,
2855 3372 2997 3437 quod
3029 3377 3299 3430 commisit
3332 3380 3496 3436 miser
3518 3383 3643 3451 ille,

2284 3450 2386 3505 Sed
2424 3468 2529 3507 non
2560 3457 2771 3510 excedit
2798 3459 2951 3528 culpa
2980 3466 3159 3532 graﬁs
3190 3470 3420 3523 veniam.

2134 3583 2179 3643 C
2211 3540 2528 3651 Quisquam
2556 3546 2949 3639 primushonto
2971 3556 3213 3623 peccavit
3238 3561 3485 3618 acerbius
3515 3571 3791 3651 unquami

2280 3631 2424 3687 Illius
2453 3636 2658 3691 interiit
2683 3640 2841 3711 culpa
2869 3636 3069 3699 tamen
3116 3649 3289 3703 venia.

2206 3722 2383 3811 Altius
2413 3726 2664 3795 incipiam
2695 3747 2710 3783 :
2740 3734 2861 3800 quis
2886 3735 3157 3791 eritJudze
3182 3740 3367 3795 sceleri
3396 3734 3529 3811 par?

2244 3874 2247 3875 ν
2280 3810 2431 3876 Huic,
2460 3830 2599 3879 reor,
2625 3829 2745 3872 esse
2783 3834 2963 3877 comes
2988 3824 3134 3878 nulla
3168 3810 3545 3901 potestvenia.

2207 3898 2364 3955 Caede
2396 3912 2571 3957 tamen
2598 3920 2751 3960 sacra
2784 3910 3027 3967 madidus
3053 3915 3097 3969 si
3128 3918 3497 3990 paenituisset,

2278 3989 2376 4057 Qui
2402 3992 2520 4061 pius
2551 4004 2634 4048 est
2658 4000 2887 4062 cunctis,
2920 4016 3024 4056 non
3044 4002 3191 4059 ferus
3220 4016 3366 4063 esset
3389 4012 3459 4065 ei.

2142 4108 2157 4119 ς
2207 4078 2287 4133 Tu
2318 4080 2518 4139 debere
2541 4076 2755 4139 manum
2779 4087 2913 4143 dicis
2942 4105 3243 4162 supponere
3265 4100 3434 4165 nanti,

2275 4168 2355 4224 Ne
2378 4170 2656 4237 demergat
2678 4189 2799 4229 eum
2826 4193 2945 4247 qua:
2983 4184 3131 4237 venit
3160 4189 3299 4241 unda
3330 4190 3516 4245 maris.
3599 4254 3606 4262 ,

2206 4254 2464 4329 Mergitur
2484 4260 2591 4324 hic,
2618 4264 2836 4333 puppim
2875 4282 3066 4338 magna
3100 4270 3328 4331 feriente
3366 4254 3632 4348 procella;

2276 4349 2343 4402 Et
2366 4349 2417 4403 ni
2446 4349 2559 4419 jam
2595 4367 2871 4424 properes,
2897 4358 3002 4413 vita
3032 4361 3287 4435 relinquit
3325 4385 3468 4425 eum.
3508 4386 3518 4392 ‘

2204 4436 2283 4491 Ex
2321 4438 2411 4492 illo
2442 4449 2550 4497 toto
2576 4444 2746 4498 solum
2775 4458 2935 4515 caput
2965 4452 3168 4508 eminet
3206 4458 3395 4526 undis;

2273 4530 2425 4596 Quod
2452 4533 2495 4586 si
2524 4545 2812 4605 mergatur,
2844 4538 2929 4592 hei
2955 4540 3115 4596 mihi!
3144 4546 3250 4599 vita
3284 4547 3438 4620 fugit.

2203 4618 2348 4675 Illius
2370 4636 2498 4692 ergo
2520 4638 2711 4692 precor
2735 4625 2908 4681 fracto
2937 4643 3191 4687 succurre
3228 4618 3477 4706 phaselo,

2271 4709 2400 4776 Qua:
2422 4712 2643 4780 nullum,
2677 4715 2779 4769 nisi
2820 4716 2935 4783 des,
2960 4718 3110 4778 littus
3140 4724 3338 4783 habere
3363 4740 3555 4799 potest.

2200 4800 2308 4855 Aut
2332 4802 2497 4872 igitur
2520 4819 2816 4887 properans
2843 4817 2931 4863 tua
2970 4826 3100 4867 cura
3129 4818 3433 4877 medebitur
3456 4823 3566 4909 illi,I

2201 4983 2291 5039 Ille
2320 4984 2417 5040 fuit
2446 4987 2628 5042 multis
2652 4997 2705 5043 et
2728 4992 2938 5058 magnis
2959 4993 3123 5050 fultus
3147 5000 3354 5068 amicis,

2271 5073 2404 5128 Dum
2430 5075 2641 5130 ridebat
2666 5077 2715 5130 ei
2738 5092 2856 5146 quae
2878 5089 2986 5134 stat
3012 5082 3064 5135 in
3089 5087 3219 5143 orbe
3243 5091 3340 5145 dea
3366 5108 3382 5145 :

2198 5164 2328 5231 Quae
2349 5174 2631 5233 postquam
2668 5166 2835 5219 risum
2861 5169 3092 5225 subitam
3122 5179 3391 5231 contraxit
3413 5179 3463 5233 in
3494 5182 3629 5238 iram

2268 5254 2389 5307 lllos
2415 5270 2518 5308 non
2550 5256 2883 5326 puduitquin
2910 5270 3055 5317 retro
3085 5274 3233 5334 terga
3258 5268 3466 5324 darent.

2202 5344 2352 5399 Illum
2380 5347 2616 5400 nonnulli
2644 5364 2749 5401 non
2786 5364 2905 5404 cum
2938 5354 3148 5408 ratione
3184 5360 3516 5430 remordent,
3598 5390 3609 5403 ι

2274 5434 2401 5501 Nec,
2423 5436 2546 5505 quia
2581 5437 2832 5508 desipuit,
2861 5456 3019 5496 nosse
3038 5442 3276 5501 fatentur
3308 5464 3452 5507 eum.

3700 287 3804 342 156

3834 90 3843 97 ’
3862 110 3867 113 ,
3916 88 3971 113 ν’·
