4174 6200
371 107 474 175 ηδτ
1110 69 1112 72 ’
1301 104 1303 106 ’
1443 114 1725 172 CAMIEN
1767 111 1830 166 tN
1862 112 2140 168 LAL'DE‘M
2179 116 2234 168 s.
2271 111 2588 169 ANSELHI.
3509 117 3606 174 tas

353 233 448 295 At,
479 239 625 299 puto,
654 245 775 286 eum
802 237 1010 298 poterat
1037 242 1200 283 sanus
1225 228 1400 281 vitare
1435 226 1678 292 ruinam.
1886 269 1890 272 .
1948 229 1998 285 Α
2097 223 2270 285 Illum.
2297 233 2484 278 sancte
2512 222 2691 281 Pater.
2717 237 2897 290 qnteso
2935 232 3084 276 tuere
3115 237 3282 276 reum.

430 320 540 376 Hac
562 321 748 375 incede
772 321 880 383 via,
910 321 1092 373 dicere
1115 319 1432 391 debuerant:
1567 343 1569 345 -
1674 349 1676 351 ›
2033 315 2229 369 Sancte
2257 316 2346 368 Dei
2369 314 2562 376 cultor,
2593 312 2714 366 fidei
2743 313 2882 382 fons,
2915 325 3336 381 pecnsamator,

335 409 509 465 ’Nunc
543 412 614 465 illi
648 411 816 465 fracta
844 411 966 465 nasi
993 409 1121 478 quid
1155 409 1337 484 dicere
1364 407 1602 476 prodest.
1871 443 1873 450 ι
2103 405 2260 472 Spes,
2294 405 2476 470 decus,
2510 403 2792 464 auxilium,
2823 405 2953 464 vita.
2985 404 3130 457 salus
3161 405 3479 464 ltotttiutttn,.

425 500 656 552 Cﬁfrere
678 503 895 554 cautius
925 499 1026 552 boc
1049 513 1146 566 per
1171 511 1319 552 mare
1347 497 1636 550 debueras.
2030 493 2209 562 Usque
2240 493 2381 562 quod
2411 502 2496 546 est
2525 493 2722 554 dicam,
2757 489 2947 558 patria:
2977 494 3138 546 totius
3162 491 3392 562 asylum.

352 587 500 657 Ergo
523 591 823 644 communis
853 601 973 645 cum
995 589 1069 644 sis
1099 587 1264 643 tutela
1298 602 1542 650 reorum,
2105 587 2269 638 Unica
2307 585 2450 639 scala
2478 584 2606 652 poli,
2635 599 2732 638 nec
2757 570 2985 647 rnitur'a,
3015 583 3150 636 vale.
3175 609 3182 638 ι

827 858 830 860 ⁷
970 874 1623 1022 EPICEDION
1706 863 1826 1007 1N
1890 919 2356 1010 OBITUM
2427 878 3003 1004 EJUSDEM.

348 1207 602 1278 Praesulis
625 1209 882 1284 bnselmi,
905 1235 1065 1289 quem
1095 1233 1263 1288 nuper
1291 1216 1470 1273 obisse
1490 1215 1752 1280 dolemus,
1801 1201 1804 1204 ί
2027 1214 2266 1284 Denique
2295 1215 2336 1266 si
2372 1213 2599 1266 referant
2633 1223 2833 1282 quanto
2864 1211 3149 1280 splendore
3175 1213 3376 1282 sophiae

421 1311 693 1366 Laudibus
715 1311 888 1380 aptari
917 1311 1096 1364 littera
1126 1317 1306 1362 nostra
1337 1307 1506 1376 cupit.
1956 1322 1957 1325 ‘
2097 1303 2186 1357 Ille
2221 1305 2422 1357 niteret
2452 1305 2630 1365 homo,
2661 1303 2783 1371 quis
2813 1301 2943 1356 mihi
2975 1303 3156 1356 credet
3192 1297 3386 1357 homo?

347 1401 443 1452 Est
471 1409 648 1455 tamen
683 1413 713 1453 a
744 1409 892 1455 tanto
912 1399 1053 1468 quod
1090 1413 1174 1452 me
1201 1398 1474 1452 deterreat
1507 1412 1672 1459 ausu,
1829 1461 1831 1464 η
2021 1391 2224 1447 Omnes
2245 1394 2295 1446 tti
2330 1393 2502 1457 fallor,
2532 1407 2667 1460 quos
2693 1401 2932 1460 tempore
2961 1392 3235 1446 cernimus
3258 1393 3361 1446 isto

415 1482 497 1545 Ne
529 1507 616 1545 res
637 1491 797 1546 chara
826 1502 1000 1545 meum
1043 1504 1146 1542 non
1170 1497 1314 1542 amet
1338 1488 1632 1556 ingenium.
2099 1483 2314 1536 Vicerat
2347 1483 2550 1537 electos
2579 1483 2935 1550 egregiosque
2972 1482 3135 1536 viros.

342 1576 647 1650 Aggrediar
671 1594 820 1646 vero,
849 1580 916 1633 de
947 1578 1147 1633 Christi
1178 1572 1402 1632 munere
1429 1578 1619 1641 fidens,
1953 1617 1992 1671 Β
2024 1573 2078 1626 Si
2112 1573 2243 1628 ntihi
2278 1590 2382 1628 non
2412 1574 2609 1638 credis,
2641 1575 2782 1628 illius
2819 1574 3075 1641 opuscula
3106 1575 3296 1630 saltem

419 1669 610 1724 Dicere
647 1672 789 1738 quod
810 1682 1025 1740 possum
1052 1669 1118 1722 de
1145 1668 1383 1742 bonitate
1408 1667 1530 1720 viri.
1953 1656 1992 1671 ”
2091 1664 2205 1718 Non
2237 1666 2367 1719 ntihi
2395 1682 2499 1720 non
2530 1675 2783 1734 poterunt
2810 1666 2926 1720 visa
2952 1667 3356 1741 negareﬁdem.
3427 1656 3429 1658 ’

341 1747 455 1813 nes
484 1758 715 1827 pretiosa
744 1754 922 1821 nitnis,
957 1772 1041 1812 res
1070 1756 1217 1810 utilis
1247 1764 1410 1824 atque
1436 1747 1652 1818 decora,
1960 1785 1963 1788 -
2018 1753 2117 1818 Qui
2149 1752 2339 1824 legisse
2364 1757 2501 1809 volet
2525 1771 2660 1822 quos
2685 1757 2980 1824 scripserat
3014 1757 3101 1810 ille
3125 1758 3360 1819 libellus,

420 1844 516 1898 Vir
541 1845 740 1909 clarus,
771 1845 984 1914 sapiens
1010 1844 1097 1898 hic
1122 1854 1177 1898 et
1207 1845 1466 1898 honestus
1495 1852 1633 1908 erat,
2089 1845 2200 1901 Illic
2227 1851 2515 1918 perspiciet
2543 1866 2706 1918 quam
2740 1851 2959 1918 sapiens
2989 1849 3175 1904 fuerit.

337 1934 517 1989 Notus
536 1944 591 1988 et
617 1935 851 2004 ignotus,
874 1934 1092 2003 sapiens
1116 1933 1276 1987 simul
1304 1933 1654 2003 insipiensve,
1726 1969 1727 1972 η
2019 1937 2084 1991 Et
2111 1948 2258 1992 recte
2280 1941 2458 2008 sapuit
2491 1941 2581 2009 qui
2610 1940 2886 1994 Christum
2919 1953 3135 2010 semper
3166 1941 3391 2003 amavit,

415 2023 483 2079 Et
505 2033 646 2078 touts
677 2025 881 2093 pariter
903 2023 1129 2078 mundus
1148 2025 1363 2078 amabat
1387 2038 1531 2078 eum.
2086 2029 2184 2093 Qui
2213 2039 2484 2099 utinquam
2515 2031 2703 2084 sceleri
2732 2031 2960 2098 praebuit
2992 2031 3336 2097 obsequium.

339 2114 472 2185 Ejus
499 2129 652 2170 amor
679 2114 854 2170 dulcis
885 2115 1101 2170 fastidia
1128 2115 1274 2169 nulla
1298 2117 1542 2185 gerebat.
2017 2121 2160 2175 Talis
2189 2122 2387 2190 quippe
2413 2119 2812 2191 Deo‘sapientia
2847 2132 2999 2192 grata
3033 2121 3303 2191 probatur

412 2205 623 2275 Cuique
649 2222 837 2276 parum
872 2206 1048 2261 fuerat
1068 2207 1327 2276 quidquid
1361 2215 1569 2260 amaret.
1589 2219 1734 2260 eum.
2083 2209 2214 2272 Quae
2239 2209 2424 2262 vitium
2455 2210 2706 2278 prohibet
2734 2208 3111 2278 jttstitiatuque
3134 2209 3308 2262 docet.

337 2295 567 2365 Quoque
589 2296 760 2366 magis
785 2295 1003 2350 virtutis
1027 2311 1184 2364 opem
1211 2297 1426 2351 mireris
1456 2298 1508 2350 in
1544 2296 1664 2363 illo,
1886 2287 1890 2294 τ
2015 2296 2121 2351 Sed
2151 2298 2216 2352 de
2231 2298 2466 2365 iustitia,
2505 2313 2609 2368 qua
2637 2299 2848 2368 plenius
2880 2299 2966 2352 ille
3001 2298 3246 2368 vigebat,

409 2383 621 2440 Charus
650 2386 948 2440 habebatur
981 2386 1228 2440 hostibus
1259 2387 1371 2455 ipse
1400 2387 1533 2440 suis.
1575 2368 1591 2378 ⁷
2084 2387 2349 2453 Quiddam
2383 2390 2594 2444 dicendi
2625 2397 2835 2458 tempus
2865 2391 3056 2443 adesse
3090 2403 3231 2442 reor.

335 2474 547 2546 Nempe
574 2475 724 2530 fuere
742 2476 840 2552 viri
870 2477 981 2546 (48)
1006 2491 1139 2544 quos
1160 2473 1276 2542 ejus
1303 2491 1463 2530 causa
1479 2479 1770 2544 gravabat;
2013 2475 2058 2529 Ο
2091 2492 2252 2544 quam
2273 2475 2451 2544 justus
2478 2489 2597 2532 erat
2621 2478 2712 2548 qui
2739 2495 2848 2543 non
2877 2479 3102 2531 adversa
3143 2478 3380 2538 timeret,

410 2564 835 2633 Laudabautque
887 2575 1064 2620 tamen
1105 2565 1248 2633 quod
1280 2567 1451 2640 bonus
1477 2566 1593 2633 ipse
1631 2565 1792 2620 foret.
2083 2563 2193 2620 Nec
2219 2566 2341 2632 plus
2377 2581 2537 2634 quam
2568 2569 2700 2621 satis
2729 2575 2812 2620 est
2839 2581 3096 2636 prospera
3127 2565 3399 2634 diligeret.

331 2654 610 2722 Quidquid
635 2651 916 2722 erat'quod
939 2655 1019 2708 eis
1041 2670 1205 2721 super
1230 2655 1320 2711 illo
1345 2655 1734 2723 displicuisset,
2015 2651 2128 2706 Non
2167 2663 2285 2706 erat
2313 2654 2364 2707 in
2395 2655 2553 2708 rebus
2589 2656 2904 2724 quidquam,
2936 2668 3287 2723 quascunque
3311 2655 3550 2708 videmus
3567 2695 3585 2723 ,

412 2743 625 2798 lllorttm
648 2745 826 2812 plane,
867 2759 973 2796 non
997 2733 1127 2797 suus
1152 2758 1304 2805 error
1332 2754 1467 2798 erat.
2083 2743 2232 2808 Quod
2266 2743 2501 2798 levitatis
2535 2760 2658 2798 eum
2686 2755 2902 2814 cogeret
2932 2746 2983 2796 in
3019 2745 3230 2798 vitium.

333 2832 474 2886 Tota
505 2833 720 2901 quidem
752 2832 898 2904 (quiti
922 2833 1065 2886 enim
1095 2833 1176 2886 vir
1204 2834 1352 2901 pravi
1387 2843 1573 2888 tantus
1610 2834 1910 2901 haberet?)
2013 2831 2158 2884 Inter
2182 2831 2420 2896 divitias,
2447 2848 2583 2904 quas
2619 2832 2948 2888 sufﬁcienter
2969 2833 3224 2898 habebat,

409 2922 544 2988 Ejus
573 2924 738 2976 odore
769 2923 913 2976 bono
935 2924 1038 2974 vita
1068 2924 1246 2995 suavis
1275 2932 1410 2976 erat.
1937 2936 1980 2994 ρ
2086 2917 2351 2972 Virtutum
2380 2919 2587 2988 plenus,
2614 2921 2776 2973 rebus
2797 2935 2997 2989 egenus
3019 2927 3158 2972 eral-

286 3020 292 3028 ‘
333 3014 564 3070 D'mcile
593 3015 784 3069 credas
810 3025 1067 3084 quantum
1093 3015 1174 3082 vir
1195 3014 1387 3069 claruit
1407 3014 1514 3079 ille,
2014 3008 2103 3060 Sic
2133 3009 2230 3060 sibi
2259 3009 2470 3062 vivebat
2499 3018 2557 3062 ul
2578 3009 2652 3062 nil
2685 3009 2934 3062 habuisse
2964 3021 3204 3078 putares.

408 3104 523 3158 Nec
561 3104 654 3158 tibi
689 3105 864 3173 lingua
895 3105 1194 3174 potestulla
1228 3107 1431 3160 referre
1460 3108 1613 3160 satis.

1549 3108 1613 3160 is.
2084 3095 2328 3150 “terebat
2367 3097 2566 3150 mundo
2589 3112 2833 3165 corpore,
2860 3112 2966 3152 non
2994 3098 3195 3150 animo.

330 3197 459 3265 Ipse
491 3196 631 3250 Deus
657 3197 806 3249 ηονίι
836 3195 960 3264 quia
992 3210 1148 3263 spero
1177 3209 1300 3248 vera
1333 3195 1489 3250 fateri
2011 3181 2198 3235 Omnia
2227 3185 2516 3252 prudenter
2544 3195 2599 3237 Cl
2629 3185 2841 3238 IOI‘IIICI‘
2861 3185 3040 3236 omnia
3081 3199 3336 3254 pensans,

317 3318 326 3322 -
407 3284 520 3340 Nec
556 3284 824 3340 laudando
849 3284 1021 3337 virum
1064 3282 1251 3337 fallere
1278 3299 1548 3354 quemque
1579 3287 1716 3339 volo.

1579 3287 1716 3339 νοιο,
2081 3272 2306 3325 Nolebat
2335 3273 2435 3326 sibi
2470 3274 2809 3343 displicuisse
2838 3275 2966 3327 Deo.
3217 3269 3226 3290 ⁵

331 3373 534 3427 Testor
557 3373 699 3426 enim
724 3371 925 3434 Iesum,
960 3386 1060 3425 nee
1087 3371 1262 3425 inanis
1287 3373 1470 3440 opinio
1505 3365 1670 3437 fallit,
1886 3435 1892 3440 _

2012 3361 2155 3414 Inter
2185 3373 2471 3430 utrumque
2495 3379 2718 3417 manens
2737 3371 2756 3428 ,'
2783 3364 3057 3416 moderate
3084 3374 3275 3418 cuneta
3314 3368 3553 3434 πονοι-ιιι.

402 3459 564 3525 Quod
593 3461 728 3514 satis
756 3461 1015 3514 innocuos
1039 3460 1267 3514 duxerat
1305 3462 1393 3516 ille
1418 3462 1554 3516 dies.
1732 3522 1734 3524 _

1732 3522 1734 3524 _
2081 3449 2259 3503 Odivit
2284 3451 2449 3504 nimio
2485 3450 2743 3517 quidquid
2766 3460 2881 3504 erat
2914 3451 3163 3504 nimium.

327 3550 511 3616 Quem
540 3549 675 3603 laesit
696 3550 893 3611 verbo,
917 3550 1017 3602 nisi
1045 3563 1204 3616 quem
1232 3565 1488 3618 peccasse
1511 3551 1769 3619 putaret?
2011 3539 2150 3592 Sunt
2183 3549 2363 3594 autem
2394 3540 2612 3607 quidam
2646 3541 2734 3608 qui
2769 3555 2853 3592 me
2886 3539 3118 3593 fortasse
3144 3542 3409 3593 notahuut

407 3638 525 3692 "ne
554 3652 765 3708 ηιιοῖυε
790 3653 1000 3706 aquam
1024 3638 1202 3692 sobrie
1233 3625 1434 3692 (eccm;
1458 3642 1619 3708 atque
1641 3640 1760 3707 ρῖρε
2079 3626 2230 3692 Quod
2263 3629 2421 3681 tantis
2450 3627 2597 3680 illum
2628 3627 2870 3680 laudibus
2900 3627 3202 3681 extulerim.

326 3726 698 3796 opprobrium
723 3727 912 3781 dum".
942 3727 1064 3796 quis
1086 3727 1154 3780 ab
1179 3726 1324 3781 imus
1353 3741 1448 3781 ore
1480 3731 1726 3797 recepit?
2012 3715 2143 3767 Nam
2174 3716 2351 3770 dicent
2382 3731 2396 3768 :
2427 3717 2574 3770 Adeo
2597 3732 2700 3768 non
2724 3715 2906 3768 debuit
2933 3717 3020 3770 ille
3040 3715 3223 3778 levari,

404 3819 562 3882 Quod
587 3817 782 3872 rideret
808 3833 930 3872 eum
963 3818 1141 3871 dicere
1172 3817 1292 3884 quis
1319 3818 1525 3884 potuit?
2079 3807 2179 3870 Qui
2219 3807 2440 3859 Nimim“
2473 3807 2697 3875 εοῑηψιεκ
2726 3816 2886 3873 ειψιε
2918 3806 3173 3881 remissi“
3207 3817 3342 3860 οιύι-

326 3908 510 3974 Qnem
535 3907 669 3961 male
706 3907 981 3969 tractavit,
1001 3906 1087 3960 vel
1115 3906 1296 3974 inique
1329 3908 1494 3959 movit
1529 3909 1596 3960 ad
1631 3908 1802 3961 iratn?

1652 3908 1802 3961 mm?
2008 3896 2130 3962 Qui,
2161 3897 2300 3952 sicut
2328 3897 2538 3964 legitur,
2569 3898 2805 3951 seducta:
2835 3912 2984 3952 more
3012 3897 3294 3963 columbae,

403 3998 581 4064 Quem
612 3997 797 4049 vivens
825 3995 1098 4050 hominum
1130 3993 1319 4047 fraude
1341 4009 1436 4047 sua
1465 3998 1665 4048 nocuit.

1630 4006 1665 4048 ι,
2080 3985 2208 4050 Qua:
2238 3985 2344 4037 cito
2376 3985 2673 4052 decipitur,
2705 3985 2783 4038 sic
2823 3987 2937 4038 siue
2959 3986 3123 4040 corde
3155 3987 3271 4048 fuit,

330 4089 445 4142 Nec
478 4087 702 4140 multum
728 4085 902 4139 fuerat
927 4086 1043 4139 sine
1069 4084 1299 4137 crimine
1330 4076 1742 4148 dttccre'vitaut,

2009 4076 2106 4142 Qui
2141 4076 2424 4142 prohibere
2462 4075 2614 4127 nefas
2645 4084 2701 4126 ιιι
2728 4073 2920 4143 praesul
2954 4090 3059 4128 non
3103 4078 3401 4141 satagebat,

411 4180 474 4232 Si
513 4193 616 4230 non
645 4176 862 4229 virtutis
885 4175 1039 4243 plena
1071 4174 1264 4245 decore
1301 4172 1416 4226 fuit.
2081 4165 2186 4220 Nec
2210 4167 2384 4234 populi
2411 4165 2665 4217 miserunt
2697 4167 3019 4232 corripiebat
3051 4177 3224 4232 opus;

330 4270 390 4323 Si
426 4268 622 4336 placet,
647 4266 829 4319 audito
856 4263 1225 4317 sanctissimus
1251 4261 1339 4315 i'le
1361 4262 1597 4314 virorum
1941 4246 1982 4297 Ι)
2011 4255 2109 4321 Qui
2141 4255 2330 4322 dignos
2356 4256 2540 4322 sapido
2570 4269 2673 4307 non
2703 4255 2925 4326 protulit
2949 4268 3044 4307 ore
3076 4254 3318 4319 latratus,
3375 4267 3381 4275 '

403 4357 680 4410 Virtutum
709 4352 900 4406 merito
923 4365 1084 4419 quam
1118 4351 1387 4418 pretiosus
1419 4360 1558 4402 erat.
2084 4344 2188 4398 Sed
2213 4360 2332 4398 sese
2362 4355 2566 4396 mutum
2591 4344 2814 4412 protulit
2841 4357 2961 4411 esse
2985 4358 3203 4396 canent:

329 4449 425 4502 Est
453 4456 636 4500 tamen
664 4443 948 4502 incertum,
981 4441 1105 4508 quia
1137 4439 1364 4508 plurima
1396 4437 1548 4508 copia
1590 4435 1760 4501 fallit,
2011 4433 2111 4498 Qui
2139 4433 2244 4486 sibi
2277 4433 2619 4486 commissum
2650 4448 2754 4485 non
2780 4433 3068 4486 custoJivit
3091 4435 3248 4494 ovile,

347 4524 356 4531 ’
399 4533 547 4600 Quid
569 4532 718 4601 prius
751 4529 1004 4597 incipiam
1035 4528 1368 4596 posteriusve
1397 4527 1604 4595 loquar.
2082 4521 2189 4574 Into
2216 4521 2391 4575 locum
2419 4521 2608 4574 sceleri
2632 4519 3014 4573 dissimulauit)
3038 4521 3205 4574 dedit.

322 4627 440 4678 Cen
469 4623 658 4675 videas
692 4619 924 4686 aliquem
960 4618 1051 4685 qui
1080 4627 1321 4682 tempore
1347 4616 1488 4670 veris
1520 4630 1816 4678 ammuum,
2009 4610 2052 4664 Ο
2083 4611 2240 4663 nimis
2265 4611 2450 4663 insane
2481 4625 2717 4677 praeceps
2747 4610 2967 4662 audacia
2997 4611 3221 4663 meritis!

399 4689 673 4767 Lecturus
700 4708 880 4770 flores,
911 4706 1244 4774 ingrediatur
1265 4719 1474 4773 agrum.
2079 4700 2122 4753 Ο
2146 4715 2320 4752 caecus
2347 4699 2546 4752 tumida
2577 4715 2674 4767 pro
2710 4701 2908 4766 pietate
2939 4699 3086 4752 furor
3113 4702 3125 4752 !

323 4779 573 4872 Cogitat,
604 4803 746 4854 hunc
774 4796 1026 4864 carpam?
1058 4795 1153 4848 sed
1182 4795 1336 4848 valde
1365 4794 1641 4861 pulchrior
1675 4796 1772 4848 iste
1797 4805 1898 4848 est.
2011 4789 2088 4841 Tu
2115 4789 2237 4856 quis
2262 4802 2320 4842 es
2349 4798 2405 4841 ut
2431 4803 2641 4841 servum
2673 4789 2928 4841 damnare
2952 4775 3120 4856 queas
3141 4788 3338 4842 alientu
3359 4791 3418 4840 t?

397 4894 556 4947 Illum
582 4889 902 4958 decerpam?
927 4885 1021 4939 sed
1047 4893 1304 4952 superant
1329 4883 1437 4937 alii.
1513 4900 1521 4906 ·
2084 4876 2197 4929 Non
2225 4878 2340 4939 tibi,
2375 4879 2466 4930 sed
2492 4877 2715 4930 Domino
2739 4878 2984 4930 subditur
3005 4878 3182 4930 omnis
3209 4877 3387 4930 hmuo.

325 4987 702 5054 lgnoransque
731 4979 818 5031 ditt
854 4976 982 5044 quid
1006 4984 1151 5042 agat,
1184 4974 1454 5028 desiderat
1480 4989 1687 5036 omnes,
2014 4966 2150 5031 Quid
2173 4967 2388 5033 prodest
2417 4967 2550 5020 alios
2581 4968 2623 5019 si
2653 4967 2852 5019 lumine
2877 4967 3055 5020 cernis
3087 4975 3264 5020 acuto.

403 5073 656 5132 nimim,
685 5067 851 5122 nescit
875 5081 1033 5132 quem
1065 5064 1234 5132 magis
1253 5063 1502 5131 accipiat.
2085 5055 2219 5108 Cum
2252 5067 2427 5109 tamen
2461 5056 2572 5123 ipse
2606 5065 2749 5108 tuam
2775 5072 2877 5108 non
2903 5056 3082 5109 videas
3104 5056 3388 5109 nebulam?

328 5166 424 5220 Sic
455 5178 559 5233 ego
596 5158 760 5216 multa
789 5159 876 5210 diu
905 5169 1110 5207 mecum
1145 5155 1368 5206 dicenda
1394 5155 1698 5216 revolvens,
2019 5143 2243 5210 neSili“
2271 5157 2364 5196 Cor
2395 5143 2670 5210 PVOPIIUI“
2692 5143 2780 5210 τιιιῑ
2811 5144 2888 5195 Sic
2911 5141 3104 5195 delic‘a
3136 5144 3433 5233 Γθφονάω,

404 5225 604 5320 cui“,
637 5248 702 5300 ac
732 5245 912 5307 munis
938 5258 1055 5310 qua;
1085 5243 1313 5294 ret-imre
1360 5232 1536 5295 ςςυιίηι,
2089 5231 2244 5298 Nigra
2267 5233 2590 5284 videbuntur
2617 5246 2841 5300 qna-que
2873 5241 3129 5299 geruntur
3172 5225 3264 5284 illi.

403 5400 522 5469 (£8)
566 5397 679 5449 Rex
702 5402 756 5446 et
786 5391 1067 5458 compliccs
1094 5387 1231 5452 ejus.
1406 5419 1443 5446 ..
3082 5444 3084 5446 γ

630 5491 876 5548 Ρηιιοι.
945 5484 1207 5543 CLVIII.

3105 5489 3137 5543 5

159 5887 238 5904 ιν
311 5883 384 5902 ιρι-

201 5933 226 5944 ι’

141 5951 236 5986 εἰη*
355 5981 368 5990 ⁸

159 5987 186 5996 ._
263 5993 296 6008 ε,
