4174 6214
571 178 673 234 139
1069 180 1124 233 S.
1184 139 1480 234 ANSELMI
1526 178 1869 245 CANTUAR.
1906 178 2217 232 ARCIIIEI’.
2260 178 2407 231 OPI’.
2439 173 2681 232 I’AllS'I.
2710 210 2778 221 --
2816 161 3223 238 DOCMA'I’ICA.
3700 183 3797 238 ΗΟ

588 291 810 346 Difﬁcile
830 293 1100 363 propriam
1133 292 1333 360 poteris
1363 283 1677 358 dignoscere
1702 292 1901 353 vitam.
1934 326 1937 329 -

641 379 741 445 Qui
773 381 916 433 solus
935 380 1158 433 damnas
1182 377 1439 445 quidquid
1468 386 1634 446 agunt
1658 378 1768 431 alii.

526 474 528 477 ’
574 468 696 522 Otia
725 476 1020 521 sectantem
1052 464 1124 519 nil
1157 465 1383 532 impedit
1408 454 1857 533 esse'lotruacem.

639 554 931 624 Pugnantia
958 554 1145 607 vitium
1178 553 1433 623 plangere
1457 554 1607 606 novit
1644 553 1809 606 iners.

569 642 758 705 Parce,
785 642 970 706 miser,
991 642 1196 717 justum
1231 656 1409 696 morsu
1443 640 1685 694 lacerare
1705 640 1938 702 canino;

643 727 752 783 Nec
782 728 938 784 dabis
961 730 1157 785 insonti
1181 729 1321 798 quod
1345 742 1579 783 nocuere
1608 727 1753 781 mali.

568 817 820 882 Foedera,
850 820 996 886 jura,
1027 818 1184 872 ﬁdem
1212 818 1509 872 contemnit
1536 818 1718 872 nescia
1751 816 1885 870 veri.

498 964 501 967 ,
568 904 571 905 ⁷
627 903 767 959 ΔΟιίἱι
798 906 1075 974 majorem,
1108 918 1212 969 non
1250 912 1398 957 ainat
1423 904 1508 956 illa
1532 918 1739 972 parem.

569 989 678 1045 Ilos
704 991 869 1061 igitur
895 990 1111 1059 quando
1134 990 1369 1046 delectet
1408 992 1608 1047 habere
1636 991 1982 1061 magistrum,

640 1080 741 1146 Qui
774 1094 959 1135 mores
979 1080 1256 1134 hominum
1289 1080 1526 1150 corrigat
1558 1080 1865 1140 indomitos,

574 1167 673 1232 Qui
698 1168 889 1222 doceat
912 1182 1016 1220 non
1047 1182 1166 1222 esse
1193 1168 1390 1222 bonum
1414 1176 1768 1221 contemnere
1798 1166 1991 1235 legem,

640 1257 740 1323 Qui
784 1259 1032 1313 mandata
1062 1259 1154 1312 Dei
1186 1257 1437 1325 praedicet
1460 1271 1525 1309 ac
1545 1245 1763 1331 teneat?

567 1347 737 1402 Porro
761 1350 952 1421 limere
985 1351 1148 1403 Deum
1184 1348 1402 1418 quando
1429 1364 1533 1402 non
1562 1350 1651 1411 ille
1686 1350 1974 1405 monebat?

640 1440 744 1492 Aut
771 1440 986 1509 quando
1016 1440 1175 1493 latuit
1196 1438 1314 1506 ejus
1343 1439 1395 1493 in
1418 1454 1512 1494 ore
1541 1440 1710 1494 Deus?

574 1526 630 1581 Si
664 1529 805 1581 misit
838 1543 1061 1582 vacuum
1099 1542 1259 1596 quem
1283 1528 1448 1582 sciret
1478 1527 1611 1581 velle
1641 1528 1845 1599 doceri,

640 1614 791 1672 Tunc
809 1618 953 1686 juste
979 1618 1157 1685 potuit
1181 1616 1519 1685 displicuisse
1551 1614 1686 1670 tibi:

572 1706 630 1759 Si
653 1708 904 1775 cuiquam
936 1708 1156 1760 verbum
1187 1706 1253 1760 de
1284 1721 1343 1759 re
1368 1718 1685 1774 quacunque
1715 1705 1913 1774 petenti

640 1792 754 1847 Non
785 1795 967 1848 statim
997 1795 1209 1862 plenam
1237 1796 1466 1849 reddidit
1494 1795 1606 1862 ipse
1630 1794 1801 1847 vicem
1826 1810 1839 1857 ;

572 1881 853 1951 Indignum
892 1884 1053 1937 nimis
1079 1892 1164 1937 est
1183 1883 1226 1937 si
1268 1890 1320 1937 te
1370 1883 1768 1950 reprehendere
1795 1881 2014 1947 frustra,

642 1969 749 2023 Aut
782 1971 926 2024 illum
958 1970 1095 2025 falso
1120 1971 1470 2040 magniﬁcare
1494 1972 1676 2025 velim.

576 2060 770 2115 Verum
801 2063 931 2132 quid
958 2072 1147 2117 noceat
1178 2078 1289 2116 rem
1322 2063 1364 2115 si
1395 2062 1731 2131 descripsero
1757 2070 1961 2132 gestam
1984 2105 1999 2129 ,

642 2152 771 2214 Quae
795 2164 919 2204 vere
945 2151 1192 2204 meritum
1220 2149 1526 2219 pontiﬁcale
1548 2151 1776 2218 probet?

574 2239 759 2293 Multis
780 2241 975 2309 quippe
999 2240 1165 2307 liquet
1189 2241 1329 2308 quod
1362 2236 1504 2308 regia
1538 2240 1689 2309 jussa
1727 2240 1977 2294 volebant

600 2376 605 2381 .
648 2325 716 2382 Ut
739 2321 990 2395 quiddam
1024 2326 1174 2381 ﬁeret
1196 2329 1336 2396 quod
1371 2328 1547 2381 minus
1579 2342 1701 2382 esse
1731 2328 1931 2382 bonum

572 2415 682 2469 Lex
715 2417 893 2469 divina
919 2416 1097 2470 uocet.
1133 2416 1238 2470 Sed
1263 2417 1457 2484 pratsul
1486 2417 1699 2472 fortiter
1725 2417 1864 2471 idem
1902 2404 1905 2405 ⁷

590 2554 595 2557 ι
644 2505 883 2569 Restitit,
915 2513 970 2560 et
996 2506 1109 2560 ﬁeri
1143 2504 1413 2559 multoties
1443 2508 1631 2559 vetuit.

572 2592 727 2653 Unde
751 2601 925 2647 ratum
955 2593 1168 2647 tandem
1200 2601 1468 2661 praecepto
1491 2593 1622 2662 legis
1652 2594 1878 2647 habetur

645 2681 925 2748 Quatenus
956 2680 1131 2734 exsilii
1166 2681 1360 2735 debeat
1388 2694 1509 2738 esse
1541 2695 1684 2735 reus.

575 2769 713 2837 Quid
738 2770 940 2825 faceret
962 2778 1083 2839 post
1107 2772 1219 2823 hmc
1249 2779 1449 2823 sanctae
1475 2770 1756 2838 prudentia
1781 2772 2010 2825 mentis?
2072 2775 2075 2779 ‘

644 2857 807 2929 Regis
830 2860 900 2913 ob
936 2860 1217 2928 imperium
1247 2859 1614 2926 despiceretue
1644 2858 1849 2913 Deum?

572 2946 762 3003 Maluit
787 2960 914 3017 ergo
939 2946 1055 2999 loco
1077 2947 1331 3000 secedere
1358 2961 1519 3016 quam
1554 2947 1749 3001 vitioso

643 3036 841 3092 Contra
865 3037 998 3091 velle
1030 3037 1121 3090 Dei
1148 3036 1375 3091 subdere
1415 3038 1551 3089 colla
1586 3038 1722 3091 viro.

576 3124 711 3193 Quid
742 3126 953 3179 moror?
981 3126 1022 3178 Ε
1046 3126 1219 3191 patria
1251 3124 1557 3190 depellitur,
1589 3126 1944 3195 exsiliumque

648 3215 867 3275 Passus.
899 3216 1214 3283 longinquas
1236 3216 1447 3282 cogitur
1470 3215 1547 3267 ire
1577 3216 1710 3269 vius.

580 3304 694 3360 Hoc
723 3304 905 3367 semel,
933 3304 1034 3357 hoc
1062 3303 1275 3365 iterum,
1308 3302 1524 3356 virtutis
1549 3317 1732 3358 amore
1764 3314 2007 3370 coactus,

647 3392 879 3447 Felicem
908 3405 1137 3461 pugnam
1165 3391 1357 3444 ducere
1389 3393 1701 3459 promeruit.

576 3482 674 3537 Est
693 3486 879 3545 etiam,
910 3481 1095 3543 fateor,
1120 3481 1262 3533 dictu
1292 3480 1540 3533 mirabile
1570 3482 1840 3547 quiddam,

650 3573 799 3635 Quod
831 3569 1038 3622 titulum
1077 3569 1243 3621 nostri
1270 3568 1512 3636 praesulis
1549 3569 1858 3636 ampliﬁcet.

579 3663 713 3720 Nam
750 3664 834 3717 cui
864 3678 967 3716 non
998 3662 1202 3730 placeat
1228 3662 1365 3728 quod
1392 3663 1636 3730 quamvis
1663 3663 1871 3732 dignior
1902 3674 2043 3718 esset

652 3752 911 3807 Omnibus
935 3760 1259 3833 essetamen
1294 3750 1482 3803 maluit
1518 3751 1770 3804 inferior?

586 3846 807 3899 Inferior
825 3859 979 3897 nemo
1009 3853 1171 3910 quam
1210 3842 1457 3894 subditus
1490 3840 1753 3901 inferiori.
1798 3868 1801 3869 ν

654 3936 755 4000 Qui
784 3948 841 3987 se
871 3949 968 3987 nec
992 3933 1209 3985 minimo
1234 3929 1438 3996 iudicat
1468 3945 1585 3983 esse
1631 3945 1833 3997 parem.

587 4023 677 4078 Sic
703 4019 965 4091 bonisille
990 4036 1099 4074 suae
1126 4020 1297 4072 cultor
1327 4028 1617 4086 custosque
1644 4018 1852 4082 salutis,

653 4111 794 4178 Quot
818 4126 1003 4165 servos
1035 4110 1240 4172 habuit,
1275 4117 1352 4162 tot
1380 4108 1623 4162 dominos
1655 4108 1875 4170 habuit,

591 4203 795 4258 Utilius
818 4215 1072 4271 reputans
1098 4200 1369 4269 proprium
1399 4200 1441 4251 si
1465 4198 1601 4254 velle
1630 4197 1958 4265 relinquens,

661 4292 865 4346 Pronus
895 4286 959 4343 ad
982 4290 1201 4342 alterius
1226 4295 1467 4340 curreret
1499 4286 1800 4338 arbitrium.

588 4384 731 4436 Laus
762 4382 856 4434 soli
894 4382 1134 4441 Domino,
1168 4379 1231 4431 de
1262 4376 1413 4443 cujus
1445 4390 1663 4428 munere
1701 4383 1861 4428 tanta:

661 4472 843 4527 Gratia
865 4470 1089 4523 'virtutis
1122 4467 1265 4520 venit
1296 4467 1347 4517 in
1374 4466 1517 4517 hunc
1550 4462 1839 4524 hominem,

593 4562 759 4628 Quem
791 4561 1008 4612 laudare
1033 4556 1278 4625 pium,de
1313 4568 1417 4621 quo
1444 4551 1754 4604 meminisse
1790 4550 2025 4603 salubre.

676 4652 808 4702 Nam
833 4648 1047 4716 pietatis
1069 4660 1220 4711 opus,
1250 4643 1447 4695 mentio
1475 4641 1593 4693 talis
1614 4642 1735 4693 erit.

594 4737 697 4791 Sed
732 4737 901 4791 fateor
928 4735 1157 4802 culpam,
1182 4732 1305 4797 quia
1325 4743 1620 4796 sensusque
1655 4742 1953 4794 manusque

663 4824 791 4889 Quae
820 4824 940 4875 novi
972 4823 1157 4874 saltem
1192 4810 1428 4871 scribere
1456 4818 1699 4871 deﬁciun‘
1721 4854 1733 4867 .

599 4914 681 4967 Me
704 4928 915 4982 quoque
943 4912 1105 4963 multa
1132 4912 1332 4971 latent;
1364 4909 1482 4974 quis
1508 4908 1650 4959 enim
1682 4922 1737 4960 se
1766 4920 1919 4959 nosse
1950 4914 2161 4973 putaret

666 5002 851 5055 Omnia
884 5014 999 5067 qua:
1028 5000 1130 5050 vita
1160 5004 1395 5064 gesserat
1426 4994 1512 5047 ille
1542 4995 1673 5047 sua?

598 5086 821 5140 Charius
853 5086 937 5137 ille
959 5084 1170 5150 quidem
1199 5091 1344 5135 Certa
1382 5081 1585 5132 ratione
1618 5079 1827 5133 valebat

669 5175 837 5238 Quum
872 5174 1025 5239 plene
1054 5173 1332 5237 quisquam
1356 5185 1577 5221 eernere
1606 5168 1773 5234 possit
1807 5170 1985 5220 homo.

587 5250 707 5315 Τίυιτ
734 5264 923 5314 merito
947 5263 1136 5327 dignus
1180 5260 1372 5324 privari
1404 5259 1555 5309 laude
1596 5258 1803 5308 videtur
1843 5301 1846 5305 .

672 5354 767 5416 Qui
806 5362 960 5402 tnntze
992 5351 1185 5401 meruit
1215 5349 1383 5399 laudis
1433 5346 1628 5399 habere
1659 5346 1834 5395 ﬁdem.

603 5444 737 5507 Quid
770 5454 924 5505 porro
950 5440 1160 5490 miraris
1190 5452 1329 5487 eum.
1359 5437 1397 5485 si
1425 5435 1591 5500 piehis
1623 5434 1815 5497 iniquus

2166 293 2211 349 Α
2313 290 2423 344 Non
2448 293 2627 346 statim
2644 295 2818 361 potuit
2844 293 3037 362 pellere
3057 295 3258 362 grande
3291 294 3503 349 scelus?

2244 381 2363 433 chi
2372 394 2435 433 ne
2459 381 2664 434 mirari.
2699 382 2838 437 Deus
2858 392 2941 436 est
2962 382 3049 450 qui
3067 381 3265 448 judicat
3294 384 3501 437 orbem.

2239 468 2353 521 Non
2379 470 2537 522 homo
2559 484 2652 522 cor
2679 478 2940 531 nostrum,
2965 470 3061 524 sed
3090 470 3228 523 Deus
3250 470 3362 537 ipse
3391 472 3577 524 trahit.

2239 555 2585 624 Corripuisse
2609 557 2831 619 malum,
2859 558 2944 611 vel
2970 560 3133 612 verba
3156 560 3367 613 dedisse
3389 560 3578 631 salutis
3624 594 3627 597 -

2244 646 2245 649 “
2310 645 2543 712 Erranti,
2570 644 2769 713 passim
2795 646 3024 715 quisque
3042 656 3219 713 potest
3245 648 3557 712 hominum;

2241 728 2347 784 Sed
2374 729 2645 798 plantasse
2668 728 2821 795 nihil,
2848 732 2978 784 nihil
3004 740 3087 786 est
3111 730 3346 800 plantata
3391 734 3621 803 rlgasse,

2309 818 2643 872 Incrementa
2670 820 2773 872 nisi
2794 819 3041 874 conferat
3069 821 3182 890 ipse
3207 821 3364 875 Deus.

2239 905 2409 973 Quem
2439 906 2579 969 Deus
2599 907 2835 971 indurat,
2868 906 3064 961 nullius
3090 923 3218 961 cura
3248 907 3444 964 levabit
3478 926 3492 961 :

2310 996 2527 1064 Absque
2553 996 2642 1049 Dei
2670 1005 2802 1049 nutu
2830 995 2903 1049 nil
2928 996 3070 1050 valet
3101 997 3279 1049 omnis
3302 998 3483 1051 homo.

2240 1085 2399 1138 Arida
2421 1100 2633 1154 semper
2670 1094 2829 1139 erunt
2851 1086 3095 1139 humana:
3116 1085 3351 1153 germina
3375 1087 3589 1152 mentis,

2310 1172 2366 1226 Si
2397 1188 2501 1228 non
2542 1186 2664 1225 rore
2690 1187 2788 1225 suo
2810 1172 3082 1240 compleat
3117 1172 3204 1224 illa
3234 1173 3393 1226 Deus.
3528 1236 3531 1237 ν

2241 1261 2338 1315 llic
2360 1276 2488 1330 ergo
2517 1261 2653 1320 talis.
2680 1269 2787 1313 tam
2821 1260 2957 1315 ﬁdus
2993 1269 3199 1314 a‘mator
3222 1261 3453 1324 honesti,

2186 1338 2189 1341 ’
2313 1349 2408 1403 llic
2432 1349 2552 1403 ﬁdei
2572 1350 2819 1419 princeps
2835 1358 2889 1403 et
2911 1350 3071 1403 decus
3094 1340 3379 1413 Ecclesiae;

2242 1438 2340 1493 Hie
2368 1438 2508 1492 aries
2534 1437 2764 1508 geminis
2788 1438 3056 1505 depellens
3076 1439 3333 1493 cornibus
3356 1439 3586 1505 hostem,

2313 1525 2410 1579 IIic
2436 1525 2559 1579 vitis
2579 1524 2804 1593 palmes,
2838 1524 2926 1578 hic
2954 1513 3173 1592 pietatis
3187 1526 3343 1590 odor,

2164 1591 2215 1649 ’Β
2244 1614 2341 1668 Hic
2367 1614 2500 1683 lapis
2535 1591 2719 1668 aeterni
2746 1591 2972 1668 rutilans
2998 1614 3049 1666 in
3082 1615 3313 1685 imagine
3336 1615 3520 1684 Regis,

2312 1703 2566 1771 Corporis
2591 1703 2813 1756 exuvias
2833 1703 3041 1770 grande
3059 1703 3275 1771 reliquit
3295 1718 3451 1757 onus.
3490 1732 3491 1741 ι

2242 1793 2354 1848 Heu
2375 1808 2537 1861 quam
2564 1791 2830 1857 ﬂebiliter,
2858 1806 3018 1860 quam
3058 1792 3225 1847 multo
3260 1793 3375 1847 l'usa
3407 1794 3609 1857 dolore,

2313 1882 2603 1936 Menstanti
2638 1882 2823 1936 recolit
2845 1882 3087 1948 praesulis
3110 1884 3425 1952 exsequias!

2245 1970 2289 2026 Ο
2320 1986 2480 2039 quam
2496 1970 2763 2039 pretiosus
2784 1979 2970 2032 erat,o
2999 1986 3157 2039 quam
3202 1971 3444 2039 pluribus
3464 1970 3637 2026 utilis!
3665 1970 3813 2041 Ergo

2324 2059 2467 2113 Illius
2492 2059 2688 2133 multos
2725 2067 2977 2127 aggravat
3005 2058 3276 2113 interitus.

2244 2145 2392 2200 Felix
2429 2145 2579 2199 ltalia
2600 2159 2729 2223 prae
2753 2145 2961 2199 cunctis
2990 2147 3232 2214 partibus
3253 2147 3422 2213 orbis,

2315 2236 2443 2302 Quae
2476 2235 2672 2288 meruit
2702 2234 2861 2289 talem
2890 2236 3237 2305 progenuisse
3263 2237 3457 2288 virum.

2247 2324 2433 2379 Infelix
2465 2326 2659 2379 iterum
2689 2339 2807 2393 qua:
2841 2324 2998 2379 talem
3027 2326 3202 2393 perdit
3230 2326 3541 2392 alumnum,

2317 2414 2505 2468 Infelix
2537 2414 2693 2487 plane
2713 2414 2951 2483 pignoris
2975 2414 3107 2468 orba
3133 2416 3235 2468 sui.

2247 2505 2327 2557 'I‘u
2354 2519 2567 2573 quoque
2591 2488 2895 2558 etenobium
2922 2505 3188 2572 quondam
3217 2505 3481 2559 Beccense
3498 2504 3737 2574 vigebas,

2294 2593 2452 2646 Dum
2481 2602 2602 2647 tuus
2636 2592 2918 2647 Anselmus
2944 2594 3049 2647 dux
3079 2594 3179 2647 fuit
3210 2604 3263 2647 et
3286 2594 3598 2649 monachus.

2248 2683 2440 2736 'Arhisit
2469 2690 2700 2736 veterem
2729 2680 2895 2736 facies
2922 2690 3009 2735 tua
3044 2696 3180 2751 pene
3202 2668 3450 2737 decorem
3468 2723 3484 2747 ,

2322 2774 2455 2825 Dum
2490 2782 2610 2847 tuus
2638 2769 2922 2824 Anselmus
2951 2770 3109 2825 desiit
3130 2785 3250 2825 esse
3274 2770 3459 2825 Pater.

2175 2894 2219 2956 Ο
2250 2860 2438 2915 Cantia
2472 2871 2524 2915 tu
2550 2859 2817 2929 quondam
2845 2869 3012 2915 totum
3041 2862 3339 2927 veneranda
3368 2876 3464 2930 per
3491 2861 3705 2925 orbem,

2322 2948 2567 3001 Prtesulis
2587 2947 2822 3002 Anselmi
2840 2957 3079 3016 tempore
3104 2947 3251 3015 signa
3276 2948 3461 3001 dabas.

2250 3035 2327 3089 Te
2364 3036 2537 3089 minor
2562 3035 2710 3089 orbis
2737 3044 2884 3099 erat;
2928 3036 3153 3104 populus
3189 3044 3275 3089 tua
3304 3035 3443 3088 fama
3486 3050 3580 3106 per
3625 3052 3822 3093 omnes

2320 3124 2496 3179 Fluxit
2527 3125 2698 3178 amica
2725 3124 2897 3189 bonis,
2927 3125 3183 3178 invidiosa
3210 3124 3382 3179 malis.

2253 3209 2327 3265 Te
2363 3208 2677 3274 monachus,
2710 3210 2885 3264 clerus
2929 3212 3261 3281 populusque
3309 3212 3580 3267 docendus
3606 3213 3821 3279 adibat,

2324 3302 2461 3354 Dum
2488 3310 2611 3354 tuus
2634 3301 2922 3355 Anselmus
2953 3302 3161 3355 vixerat
3192 3302 3276 3356 ille
3298 3301 3491 3357 bonus.

2238 3388 2366 3450 .Nott
2400 3398 2514 3442 erat
2546 3389 2598 3441 in
2631 3390 2787 3442 terris
2817 3389 3097 3456 quisquam
3119 3390 3208 3457 qui
3237 3390 3416 3442 dicere
3442 3389 3599 3444 vellet
3633 3406 3647 3442 :

2325 3478 2405 3530 Me
2428 3477 2602 3529 minor
2637 3475 2923 3529 Anseintus
2948 3487 3050 3539 est,
3086 3477 3345 3529 sitnillsve
3375 3478 3525 3529 mihi.

2255 3565 2404 3618 Nunc
2427 3573 2513 3615 tua
2544 3562 2689 3616 ﬁnus
2718 3564 2945 3616 trahitur
2976 3564 3245 3617 scabrosis
3266 3566 3440 3619 obsita
3479 3565 3624 3633 rugis
3652 3582 3667 3617 :

2257 3652 2407 3707 Nunc
2436 3654 2642 3721 patitur
2681 3653 2931 3705 miseram
2960 3653 3140 3706 cervix
3174 3654 3403 3707 demissa
3433 3656 3667 3718 ruinam,

2282 3808 2285 3811 _
2326 3744 2451 3807 Quae
2473 3743 2739 3811 quondam
2771 3742 3109 3795 celsreturris
3139 3742 3204 3793 ad
3232 3743 3404 3796 instar
3431 3753 3569 3797 erat.

2259 3827 2408 3883 Num:
2434 3828 2798 3896 ineultajaees
2823 3838 2968 3882 tanto
3000 3829 3212 3881 viduata
3249 3839 3483 3897 pastore,

2327 3917 2570 3983 Quantus
2594 3933 2749 3971 nemo
2773 3916 2986 3984 quidem
3014 3915 3168 3969 divus
3202 3916 3254 3971 in
3289 3918 3420 3970 orbe
3450 3926 3665 3978 manet,

2258 4007 2373 4073 Quo
2406 4010 2683 4069 moriente,
2710 4006 2869 4059 simul
2894 4006 3167 4073 dispendia
3206 4006 3369 4059 multa
3396 4008 3598 4077 recepit

2337 4095 2591 4149 Ecclesia:
2616 4096 2803 4148 matris
2829 4094 3072 4162 religiosa
3101 4094 3251 4147 ﬁdes.

2185 4195 2233 4255 ι)
2262 4184 2447 4257 Nullus
2482 4183 2624 4237 enim
2647 4197 2837 4247 sexus;
2859 4197 2961 4236 non
2986 4191 3117 4236 setas
3154 4182 3257 4236 ulla
3287 4183 3521 4244 videtur,

2332 4273 2426 4328 Cui
2454 4273 2667 4326 bonitas
2694 4272 2809 4339 ejus
2839 4271 2951 4327 fere
2980 4272 3257 4339 nequisset
3284 4288 3483 4341 opem.-

2260 4362 2409 4417 Felix
2438 4376 2596 4429 quem
2627 4358 2809 4429 populi
2844 4369 2921 4413 tot
2952 4359 3127 4413 dulcia
3153 4369 3273 4414 vota
3300 4370 3621 4429 sequuntur,

2284 4499 2291 4508 ,
2330 4452 2497 4517 Quem
2526 4459 2604 4502 tot
2624 4450 3022 4511 commendant,
3052 4457 3129 4501 tot
3156 4450 3424 4503 redimunt
3451 4448 3726 4519 lacrymze.

2263 4539 2445 4594 Multis
2471 4551 2810 4591 communem
2842 4536 3184 4590 morsintulit
3216 4537 3316 4591 ista
3346 4537 3585 4592 dolorem
3626 4557 3638 4590 :

2336 4632 2501 4684 Unius
2522 4644 2679 4683 casus
2709 4629 2916 4696 publica
2944 4643 3104 4695 pinna
3140 4628 3256 4681 l'uit.

2263 4720 2397 4786 Quid
2452 4736 2582 4783 nos,
2633 4718 2759 4785 quid
2798 4717 2977 4769 miseri
3034 4716 3416 4770 monachorum
3474 4733 3665 4772 nomen
3732 4720 3839 4776 ha-

3110 4863 3117 4876 ν
3480 4803 3498 4874 [
3528 4804 3752 4861 bentes!

2334 4893 2496 4946 Nobis
2523 4907 2734 4961 semper
2760 4893 2864 4946 erit
2890 4892 3139 4960 proprius
3161 4893 3261 4945 iste
3284 4893 3452 4945 dolor.

2263 4984 2479 5037 Ordinis
2508 4982 2593 5035 ille
2623 4982 2805 5043 decus,
2838 4982 3085 5049 princeps
3114 4990 3170 5035 et
3190 4982 3378 5035 semita
3411 4983 3597 5046 nostri,

2334 5072 2538 5125 Currus
2570 5078 2621 5123 et
2650 5071 2857 5137 auriga,
2889 5081 3074 5138 portus
3106 5078 3159 5122 et
3192 5084 3319 5119 aura
3351 5068 3464 5122 fuit.

2267 5162 2493 5213 Maxima
2518 5175 2640 5226 spes
2672 5160 2792 5211 vita:
2819 5160 2969 5212 nobis
2998 5159 3169 5212 evasit
3199 5158 3249 5210 in
3282 5158 3398 5220 illo,
3468 5164 3477 5205 Ῐ

2341 5253 2446 5304 Nec
2481 5262 2726 5318 superest
2752 5252 2889 5304 alius
2906 5252 2994 5318 qui
3036 5252 3104 5303 sit
3134 5252 3179 5305 ei
3215 5252 3429 5313 similis,

2269 5344 2367 5404 Qui
2398 5341 2537 5390 velut
2563 5341 2647 5392 ille
2674 5342 2785 5407 pari
2820 5355 2914 5391 nos
2948 5341 3109 5407 possit
3142 5341 3341 5392 honore
3375 5341 3533 5392 heare

2345 5432 2515 5496 lfr'gal
2552 5440 2601 5481 et
2641 5441 2883 5481 nostrum
2916 5430 3048 5481 sicut
3081 5440 3125 5483 et
3157 5431 3241 5481 il!e
3275 5441 3453 5491 caput.
