4174 6186
192 268 201 291 Ι

308 282 402 345 N5
484 348 489 349 ,

1688 260 2159 322 MONOLUGIUM.

3441 260 3538 309 litt

304 392 549 457 autquod
575 389 757 458 aliquo
772 388 815 419 "
838 386 995 441 modo
1010 387 1142 440 bene
1171 394 1313 444 sunt,
1335 396 1430 451 per
1456 381 1874 449 omnipotentem
1903 391 1949 447 Α
1984 384 2109 435 tem,
2146 389 2247 426 non
2276 383 2450 426 tamen
2477 374 2615 425 idem
2641 373 2851 424 videtur
2894 386 3011 424 esse
3041 370 3293 423 velocitas
3319 380 3373 421 et
3399 373 3542 421 torti-

306 478 597 553 bonitatem
621 491 774 531 suam
811 476 1030 529 dantem
1071 470 1454 529 etl'acientcm,
1501 468 1711 537 aliaque
1754 483 1875 536 per-

306 571 472 640 plura,
503 582 625 640 qute
652 568 719 621 de
749 566 875 626 Deo,
909 564 1023 617 sive
1047 562 1112 615 de
1134 559 1249 627 ejus
1290 569 1538 614 creatura
1569 556 1875 609 necessario

304 638 609 719 credimus:
624 663 714 708 aut
744 668 851 708 non
875 650 1163 714 audiendo,
1188 656 1281 701 aut
1310 650 1414 701 non
1438 644 1707 700 credendo
1729 644 1877 711 igno-

304 758 406 810 rat,
434 755 591 815 putat
613 744 737 815 quia
770 758 832 797 ea
861 743 976 810 ipsa
999 755 1065 793 ex
1092 753 1279 807 magna
1301 746 1469 806 parte,
1497 736 1542 789 si
1565 734 1646 788 vel
1673 733 1876 786 medio-

301 835 634 905 erisingenii
666 822 711 865 ’δ
757 842 879 895 est,
929 839 1108 897 potest
1136 830 1249 896 ipse
1284 828 1386 881 sibi
1423 826 1464 856 ³¹
1513 825 1704 881 saltem
1761 822 1873 877 sola

307 927 514 980 ratione
540 923 888 994 persuadere.
920 920 1071 985 Quod
1101 908 1223 973 cum
1252 916 1435 971 multis
1480 914 1652 970 modis
1693 912 1875 967 facere

304 1016 488 1084 possit,
526 1028 693 1068 unum
715 1002 933 1080 ponam,
969 1025 1129 1078 quem
1178 1008 1251 1061 illi
1286 1008 1491 1061 :estimo
1521 1019 1641 1058 esse
1691 1018 1875 1071 prom-

303 1105 624 1175 piissimum.
652 1101 861 1155 Etenim
875 1115 996 1153 cum
1019 1112 1210 1152 omnes
1228 1095 1326 1148 h°ui
1347 1096 1476 1149 solis
1499 1095 1583 1148 his
1603 1101 1875 1162 appetant,

304 1209 417 1260 qua:
440 1194 576 1245 bona
602 1199 820 1258 putant;
851 1189 903 1241 in
930 1198 1180 1255 promptu
1207 1193 1318 1248 est,
1336 1192 1396 1237 ut
1424 1181 1710 1251 aliquando
1731 1194 1881 1233 men-

305 1282 371 1334 tis
394 1280 612 1331 oculum
638 1284 918 1343 convertat
953 1277 1021 1329 ad
1067 1274 1496 1343 investigandum
1548 1270 1694 1332 illud,
1739 1267 1879 1319 unde

304 1378 427 1425 sunt
454 1368 501 1400 ³¹
533 1369 759 1422 bonaea
790 1367 925 1435 ipsa,
958 1383 1078 1435 quie
1104 1380 1211 1419 non
1237 1360 1459 1432 appetit,
1490 1362 1593 1414 nisi
1644 1360 1766 1427 quia
1792 1359 1880 1426 ju—

304 1440 446 1513 dcat
477 1472 601 1511 esse
632 1458 795 1519 bona,
834 1464 892 1507 ut
922 1454 1115 1508 deinde
1161 1452 1371 1505 ratione
1420 1451 1650 1502 ducente
1698 1446 1879 1501 et'illa

307 1546 666 1618 prosequente
685 1546 729 1576 ³³
751 1545 817 1597 ad
852 1559 938 1607 ea,
984 1557 1103 1611 quae
1152 1539 1597 1594 irrationabiliter
1648 1538 1878 1605 ignorat.

306 1638 408 1694 rati
432 1637 701 1690 mahiliter
722 1633 986 1704 proﬁciat.
1020 1633 1074 1685 in
1108 1647 1213 1699 quo
1262 1632 1306 1661 ”
1350 1639 1527 1684 tamen
1553 1629 1597 1683 si
1624 1628 1751 1697 quid
1796 1628 1879 1681 di-

308 1742 455 1789 xero,
486 1726 630 1795 quod
659 1721 830 1789 major
885 1738 990 1775 non
1041 1728 1302 1773 monstret
1351 1718 1395 1749 ³³
1440 1717 1754 1779 auctoritas,
1804 1716 1883 1770 sic

307 1816 422 1871 volo
450 1812 624 1883 accipi
654 1821 751 1865 :ut
773 1802 1016 1881 quamvis
1038 1822 1103 1862 ex
1133 1806 1453 1868 rationibus,
1476 1819 1597 1873 quae
1640 1803 1775 1857 mihi
1805 1803 1911 1854 vi-'

307 1906 596 1966 deluuntur,
625 1900 775 1966 quasi
824 1898 1191 1963 necessarium
1222 1893 1597 1956 concludatur,
1647 1888 1753 1945 non
1808 1892 1877 1943 oh

308 1994 341 2047 h
372 2006 408 2047 c
429 2002 609 2044 tamrtt
639 1989 860 2043 omnino
882 1985 1264 2047 necessarium,
1294 1983 1386 2036 sed
1411 1990 1617 2035 tantum
1642 1981 1722 2033 sic
1748 1980 1880 2047 inte-

305 2083 404 2136 rim
434 2079 603 2134 videri
628 2092 782 2146 posse
809 2077 1036 2129 dicatur.
1072 2072 1249 2127 Facile
1275 2083 1357 2126 est
1384 2072 1548 2140 igitur
1592 2080 1649 2123 ut
1685 2068 1879 2138 aliquis

306 2186 335 2225 s
356 2189 380 2223 c
410 2183 593 2223 secum
623 2166 668 2198 ⁸⁸
691 2166 885 2222 tacitus
908 2163 1055 2218 dicat
1078 2181 1091 2216 :
1116 2161 1248 2215 Cum
1272 2170 1379 2213 tam
1402 2160 1444 2191 ³⁷
1471 2155 1879 2213 innumerabilia

308 2261 440 2311 bona
473 2257 605 2320 sint,
629 2270 857 2324 quorum
888 2263 992 2306 tam
1019 2251 1240 2305 multam
1272 2250 1641 2303 diversitatem
1672 2258 1726 2301 et
1754 2261 1875 2305 sen-

307 2350 453 2402 sibus
484 2345 761 2413 corporeis
785 2345 1111 2412 experimur,
1140 2351 1198 2395 et
1226 2341 1431 2393 ratione
1455 2339 1650 2417 mentis
1679 2337 1881 2389 discer-

307 2438 504 2501 nimus,
535 2443 689 2488 estne
714 2432 1040 2487 credendum
1066 2444 1189 2484 esse
1208 2443 1369 2481 unum
1390 2426 1613 2495 aliquid,
1630 2441 1727 2495 per
1741 2425 1882 2492 quod

308 2540 468 2580 unum
490 2523 600 2578 sint
629 2522 674 2553 ³⁸
696 2511 1200 2591 ὺοηιιήιιωευιιιιιιυ
1228 2518 1369 2573 bona
1424 2525 1581 2591 sunt;
1633 2531 1701 2570 an
1757 2523 1882 2569 sunt
1924 2562 1929 2565 .

306 2615 341 2670 ιι
362 2630 443 2672 ma
475 2613 521 2644 ³²
554 2612 657 2666 alia
688 2626 781 2679 per
806 2609 971 2662 aliud.
997 2607 1369 2662 Certissimum
1389 2605 1603 2673 quidem
1626 2614 1681 2657 et
1703 2604 1880 2657 omni-

308 2692 405 2758 bus
426 2713 510 2759 est
544 2700 844 2755 volentibus
871 2714 901 2751 a
923 2701 1151 2751 ivertcre
1178 2696 1518 2763 perspicuum
1567 2695 1693 2761 quia
1740 2708 1883 2761 quaa-

306 2806 516 2861 cunque
576 2790 831 2844 dicuntur
888 2785 1089 2853 aliquid
1119 2822 1133 2847 ,
1184 2785 1255 2837 ita
1305 2794 1362 2834 ut
1391 2782 1458 2835 ad
1508 2781 1736 2834 invicem
1770 2797 1882 2833 ma-

307 2881 386 2949 gis
414 2888 508 2932 aut
535 2880 711 2932 minus
732 2885 824 2929 aut
849 2874 1131 2945 aequaliter
1159 2871 1409 2925 dicantur
1452 2870 1496 2901 “
1539 2884 1636 2937 per
1680 2868 1883 2937 aliquid

306 2971 577 3035 dicuntur,
614 2965 757 3034 quod
780 2980 885 3018 non
908 2963 1051 3025 aliud
1077 2972 1133 3017 et
1160 2960 1326 3025 aliud,
1353 2960 1445 3013 sed
1470 2960 1511 2989 δ’
1548 2960 1689 3013 idem
1723 2959 1884 3011 intel-

308 3057 570 3127 ligiturin
604 3054 858 3117 diversis,
881 3054 995 3107 sive
1023 3053 1074 3104 iu
1107 3052 1210 3105 illis
1262 3049 1542 3118 mqualiter
1595 3050 1709 3101 sive
1752 3048 1879 3101 ina:-

1979 462 2340 525 tudo.‘Vet'um
2362 462 2405 514 si
2428 477 2619 528 equus,
2642 461 2764 525 quia
2796 469 2877 512 est
2900 459 3052 513 fortis
3072 468 3125 511 et
3149 457 3323 519 velox,
3346 456 3550 510 idcirco

1980 536 2149 604 bonus
2177 551 2360 611 “est;
2393 550 2665 616 quomodo
2692 548 2846 600 fortis
2888 554 2943 599 et
2991 546 3140 599 velox
3190 545 3329 597 latro
3378 542 3549 595 malus

1977 640 2094 693 est?
2124 639 2305 692 Potius
2335 639 2497 705 igitur
2523 636 2974 707 quemadmodum
2999 636 3150 687 fortis
3180 644 3233 688 et
3266 635 3422 686 velox
3475 633 3550 685 ιε..

1980 739 2062 782 tro
2092 731 2211 783 ideo
2237 730 2408 781 tnalus
2428 738 2511 781 est
2539 728 2665 795 q‘uia
2688 727 2732 757 “
2761 727 2955 797 noxius
2993 735 3105 789 est;
3162 726 3233 777 ita
3287 724 3441 777 fortis
3497 732 3550 773 et

1978 819 2132 873 velox
2156 808 2555 886 cquus’idcirco
2587 818 2759 870 bonus
2785 824 2889 878 est,
2937 815 3060 882 quia
3121 813 3266 866 utilis
3320 802 3422 866 est.
3483 811 3549 864 Et
3591 860 3601 873 ,

1979 908 2194 976 quidem
2230 905 2360 958 nihil
2401 906 2535 959 solet
2555 904 2733 973 putari
2761 903 2980 965 bonum,
3028 902 3131 954 nisi
3180 908 3271 953 aut
3330 900 3548 968 propter
3600 952 3607 959 η

1979 997 2271 1050 utilitatem
2299 997 2556 1065 aliquam,
2589 1004 2647 1047 ut
2672 995 2812 1046 bona
2865 993 3064 1045 dicitur
3102 992 3248 1045 salus
3272 1032 3286 1056 ,
3338 1000 3390 1044 et
3435 1007 3553 1060 qua:

1980 1086 2135 1140 saluti
2165 1093 2419 1153 prosunt;
2464 1093 2557 1137 aut
2586 1092 2806 1151 prepter
2852 1081 3145 1150 quamlibet
3195 1082 3552 1147 honestatem,

1981 1178 2119 1229 sicut
2143 1174 2485 1242 pulchritudo
2512 1175 2815 1247 :estimatur
2837 1174 2999 1235 bona,
3025 1181 3078 1225 et
3102 1186 3219 1238 qua:
3251 1172 3552 1239 pulc‘hrituo

1978 1266 2157 1318 dinem
2180 1260 2389 1331 juvant.
2420 1263 2526 1319 Sed
2558 1264 2811 1332 quoniam
2860 1261 2972 1329 jam
3015 1268 3296 1331 perspecta
3339 1261 3476 1313 ratio
3510 1261 3551 1291 δ’

1983 1352 2126 1405 nullo
2153 1361 2327 1420 potest
2350 1352 2565 1406 dissolvi
2597 1360 2774 1420 pacto,
2811 1364 3033 1405 necesse
3056 1360 3140 1405 est
3166 1365 3329 1421 omne
3346 1364 3558 1416 quoque

1950 1434 1953 1437 ’
1980 1442 2111 1495 utile
2149 1442 2231 1495 vel
2257 1443 2561 1505 honestum,
2594 1442 2637 1495 si
2668 1456 2795 1495 vere
2818 1440 2956 1493 bona
2979 1447 3128 1501 sunt,
3176 1454 3272 1505 per
3326 1439 3554 1506 idipsum

1980 1545 2099 1583 esse
2120 1530 2164 1561 ⁵⁸
2195 1529 2330 1581 bona
2358 1544 2454 1596 per
2482 1528 2622 1595 quod
2650 1541 2868 1580 necesse
2893 1535 2977 1578 est
3024 1533 3214 1577 cuncta
3245 1539 3364 1578 esse
3396 1525 3553 1585 bona,

1980 1620 2238 1687 quidquid
2264 1619 2391 1673 illud
2424 1619 2511 1672 sit.
2540 1614 2671 1684 Quis
2694 1626 2879 1693 autem
2920 1616 3125 1670 dubitet
3172 1614 3297 1667 illud
3353 1615 3549 1693 ipsum.
3598 1674 3607 1683 γε

1982 1726 2077 1777 per
2096 1710 2239 1778 quod
2266 1717 2455 1762 cuncta
2482 1716 2606 1763 sunt
2653 1692 2791 1760 bona
2842 1720 2959 1760 esse
3006 1720 3257 1772 magnum
3319 1692 3560 1757 bonum?

1982 1802 2109 1855 Illud
2135 1802 2297 1869 igitur
2324 1807 2412 1853 est
2433 1799 2631 1852 bonum
2655 1813 2749 1867 per
2774 1797 3042 1865 seipsum;
3104 1794 3361 1863 quoniam
3396 1807 3558 1846 omne
3606 1840 3609 1847 ι

1980 1893 2178 1944 bonum
2210 1899 2293 1943 est
2319 1904 2412 1957 per
2461 1888 2657 1957 ipsum.
2693 1885 2834 1956 Ergo
2874 1884 3228 1953 consequitur
3267 1880 3331 1957 ut
3377 1881 3557 1936 omnia

1981 1979 2083 2033 alia
2113 1978 2252 2032 bona
2281 1978 2387 2032 sint
2406 1991 2499 2046 per
2532 1976 2675 2029 aliud
2702 1990 2862 2045 quam
2896 1975 3034 2043 quod
3079 1974 3194 2044 ipsa
3238 1984 3369 2027 sunt
3414 1972 3474 2012 δ’·
3502 1981 3572 2039 et.

1982 2068 2154 2135 ipsum
2176 2067 2221 2097 '°
2247 2066 2418 2121 solum
2441 2048 2536 2133 per
2565 2065 2820 2133 seipsum.
2855 2065 2923 2116 At
2942 2062 3147 2116 nullum
3177 2061 3377 2115 bonum
3402 2060 3561 2135 quod.

1980 2172 2076 2225 per
2100 2157 2243 2211 aliud
2274 2166 2376 2222 est,
2407 2166 2489 2209 est
2516 2155 2723 2226 aequale
2749 2162 2843 2207 aut
2885 2152 3059 2220 majus
3112 2167 3177 2206 eo
3223 2148 3365 2205 bono
3415 2148 3563 2217 quod

1978 2263 2075 2315 per
2098 2247 2162 2300 se
2184 2257 2269 2300 est
2290 2245 2672 2309 boiunqulud
2696 2243 3077 2312 itaquesolum
3122 2251 3218 2309 est
3258 2256 3469 2296 summe
3513 2240 3570 2273 ⁸¹<

1980 2336 2201 2397 bonum,
2231 2337 2373 2403 quod
2396 2335 2566 2409 solum
2595 2344 2679 2388 est
2702 2349 2798 2402 per
2824 2350 2884 2389 se
2909 2331 3214 2393 bonum.“
3241 2333 3384 2385 enim
3409 2340 3560 2386 sum:

1930 2432 1933 2433 ⁷
1982 2442 2126 2478 mum
2159 2426 2204 2455 ⁵³
2231 2436 2332 2490 est,
2367 2427 2509 2494 quod
2552 2422 2629 2478 sic
2667 2425 3032 2492 supereminet
3086 2424 3224 2486 aliis.
3275 2436 3336 2476 ut
3372 2422 3419 2453 ⁸³
3461 2437 3561 2476 nec

1982 2531 2081 2583 par
2109 2516 2333 2580 habeat,
2361 2532 2459 2569 nec
2485 2516 2845 2585 prmstantius.
2885 2514 2992 2567 Sed
3042 2514 3185 2582 quod
3227 2524 3310 2567 est
3354 2526 3564 2569 summe
3629 2584 3634 2588 ἡ

1984 2610 2205 2668 bonum,
2244 2616 2330 2660 est
2362 2607 2523 2660 etiam
2546 2622 2755 2659 summe
2777 2620 3050 2673 magnum.
3085 2605 3179 2657 Est
3204 2605 3367 2673 igitur
3390 2619 3561 2679 unum

1982 2695 2185 2761 aliquid
2214 2709 2421 2747 summe
2444 2708 2717 2761 magnum,
2742 2701 2796 2746 et
2822 2706 3033 2755 suntme
3070 2692 3291 2755 bonum,
3356 2691 3410 2745 id
3466 2698 3553 2741 est

1983 2796 2251 2835 summum
2282 2779 2523 2833 omnium
2556 2794 2674 2847 qua:
2707 2788 2849 2832 sunt.

2608 2887 2838 2941 CAPUT
2879 2888 2941 2941 ll.

2580 2979 2654 3030 De
2680 2978 2858 3030 eadem
2889 2993 2961 3029 re.

1940 3138 1951 3152 .
1984 3091 2325 3146 CONSPECTUS
2360 3088 2835 3144 CAPITIS.—-SiClll
2856 3100 3119 3143 estunum
3136 3088 3337 3155 aliquid
3352 3101 3564 3139 suntme

307 3146 543 3215 qualiter
570 3144 964 3199 consideretur.
994 3140 1125 3193 Nam
1150 3153 1489 3217 quaecunque
1511 3139 1658 3208 justa
1700 3138 1883 3190 dicun-

2058 3160 2254 3213 bonum
2274 3200 2288 3222 ,
2316 3161 2440 3228 quia
2469 3167 2661 3212 cuncta
2688 3160 2824 3210 bona
2851 3173 2949 3223 per
2979 3173 3141 3228 unum
3184 3136 3560 3228 aliguidsuut,

312 3248 396 3293 tur
419 3237 488 3292 ad
514 3224 770 3299 invicem,
799 3236 913 3289 sive
942 3235 1146 3303 pariter
1196 3232 1309 3287 sive
1339 3233 1508 3301 magis
1552 3226 1633 3283 vel
1682 3231 1882 3294 minus,

313 3341 413 3378 non
437 3333 667 3394 possunt
690 3323 910 3393 intelligi
946 3322 1094 3389 justa
1140 3322 1242 3375 nisi
1292 3337 1386 3389 per
1432 3308 1719 3387 justitiam,
1765 3336 1886 3388 qua:

314 3422 527 3468 nonest
555 3412 701 3467 aliud
734 3422 789 3466 et
811 3412 957 3466 aliud
987 3412 1041 3465 in
1068 3412 1321 3466 diversis.
1354 3411 1494 3480 Ergo
1519 3425 1643 3463 cum
1674 3417 1882 3463 certqu
1926 3472 1933 3479 ι

310 3503 549 3572 sitquod
585 3503 765 3557 omnia
802 3503 963 3566 bona,
996 3502 1053 3557 ,si
1101 3502 1167 3553 ad
1214 3501 1445 3553 invicem
1499 3498 1882 3562 conferantur,

310 3604 402 3646 aut
438 3593 739 3662 aqualiter,
770 3602 861 3645 aut
890 3592 1229 3661 inaequaliter
1248 3592 1359 3645 sint
1378 3590 1422 3622 δ’
1448 3592 1586 3644 bona
1615 3629 1631 3654 ,
1666 3598 1887 3645 necet-sse

311 3693 391 3734 est
422 3691 482 3736 ut
507 3683 686 3734 omnia
716 3681 762 3711 “
786 3682 893 3733 sint
930 3694 1026 3748 per
1053 3679 1253 3747 aliquid
1284 3679 1444 3743 bona,
1493 3680 1636 3745 quod
1689 3678 1884 3731 intelli-

312 3771 455 3837 gitur
482 3770 622 3823 idem
652 3770 704 3821 in
755 3770 985 3833 diversis
1030 3766 1265 3828 bonis“,
1312 3767 1433 3820 licet
1469 3768 1753 3834 aliquando
1812 3766 1890 3817 vi-

314 3858 546 3910 deantur
576 3858 712 3926 bona
744 3856 847 3909 dici
880 3855 983 3909 alia
1011 3870 1107 3922 per
1143 3854 1305 3907 aliud.
1332 3853 1434 3907 Per
1462 3854 1606 3908 aliud
1635 3854 1779 3906 enim
1807 3854 1887 3908 vi-

316 3944 476 4002 detur
503 3944 610 3996 dici
643 3943 814 3997 bonus
842 3959 1037 4012 equus.
1064 3942 1190 4010 quia
1217 3942 1372 3994 fortis
1392 3950 1503 4003 est;
1536 3950 1591 3994 et
1630 3955 1726 4007 per
1745 3941 1890 3993 aliud

317 4035 487 4084 tonus
514 4046 706 4101 equus,
743 4033 869 4099 quia
903 4032 1057 4085 velox
1113 4040 1215 4085 est.
1278 4030 1411 4084 Cum
1456 4030 1599 4098 enim
1643 4031 1887 4084 videatur

314 4119 419 4175 dici
448 4125 623 4177 Lonus
654 4135 749 4190 per
776 4122 1167 4183 fortitudinem,
1197 4134 1251 4174 et
1279 4120 1453 4173 bonus
1487 4116 1600 4188 pet"
1630 4120 1881 4194 velocita-

2058 3230 2201 3296 quod
2226 3219 2307 3281 est
2331 3219 2528 3281 bonum
2554 3243 2649 3294 per
2676 3241 2769 3289 se;
2798 3219 2868 3277 ita
2913 3227 3099 3279 existit
3149 3219 3315 3277 unti'iit
3358 3223 3561 3287 aliquid

2055 3312 2261 3349 summe
2294 3297 2576 3361 magnum;
2623 3297 2747 3361 quia
2798 3309 3133 3360 quaecunque
3175 3308 3363 3360 ntagna
3412 3299 3557 3346 sunt.
3646 3336 3649 3337 ,

2057 3380 2151 3431 per
2175 3379 2339 3418 unum
2363 3364 2563 3430 aliquid
2586 3378 2777 3428 magna
2807 3375 2957 3425 sunt,
2990 3362 3133 3430 quod
3178 3375 3429 3431 magnum
3478 3369 3565 3411 est

2059 3429 2153 3500 per
2192 3429 2724 3499 seipmun.Magupm
2748 3429 3016 3499 intelligo,
3045 3445 3148 3483 non
3176 3429 3370 3500 spatio,
3404 3437 3463 3479 ut
3480 3437 3565 3479 est

2058 3516 2277 3570 corpus,
2315 3500 2408 3553 sed
2438 3500 2735 3567 sapientia;
2761 3501 2902 3567 quod
2932 3499 3121 3571 melius
3140 3506 3196 3552 et
3218 3499 3430 3566 dignius
3461 3506 3562 3548 est.

2056 3590 2519 3657 Quemadmodum
2548 3601 2727 3661 autem
2757 3591 3034 3658 inventum
3063 3597 3150 3643 est
3190 3587 3392 3654 aliquid
3440 3602 3561 3639 esse

1988 3694 2198 3733 summe
2224 3679 2443 3737 bonum,
2470 3679 2723 3745 quoniam
2754 3686 2945 3731 cuncta
2976 3679 3112 3727 bona
3143 3690 3242 3742 per
3280 3691 3444 3750 unum
3467 3675 3560 3727 ali-

1989 3768 2116 3835 quid
2134 3767 2181 3797 “
2219 3774 2347 3819 sunt
2374 3765 2539 3828 bona,
2570 3763 2712 3831 quod
2735 3772 2817 3817 est
2840 3765 3039 3816 bonum
3071 3779 3165 3831 per
3194 3765 3463 3832 seipsum;
3486 3764 3567 3817 sic

1952 3874 2054 3911 ex
2086 3859 2407 3911 necessitate
2449 3855 2719 3923 colligitur
2771 3853 2977 3921 aliquid
3025 3868 3146 3907 esse
3199 3869 3407 3905 summe
3451 3870 3563 3915 nta-

1995 3962 2181 4017 gnum,
2209 3946 2464 4014 quoniam
2495 3958 2831 4013 quaecunque
2862 3958 3055 4012 magna
3085 3953 3228 4007 sunt,
3264 3938 3360 4011 per
3399 3959 3562 4011 unum

1994 4037 2197 4105 aliquid
2222 4051 2412 4104 magna
2448 4043 2595 4097 suat.
2619 4035 2761 4103 quod
2790 4049 3042 4103 magnum
3071 4043 3154 4087 est
3185 4050 3278 4101 per
3305 4033 3561 4100 seipsum.

1995 4128 2124 4180 Dico
2146 4123 2328 4181 autem
2359 4140 2464 4179 non
2496 4140 2747 4192 magnum
2770 4126 2965 4193 spatio,
2999 4133 3056 4177 ut
3083 4134 3166 4178 est
3214 4139 3411 4191 corpus
3467 4123 3569 4176 ali-

1591 4274 1822 4328 \‘Altld‘l
1863 4276 2149 4330 LECTION
2159 4278 2261 4330 ES.

385 4391 428 4419 ”
450 4390 561 4441 Aut
582 4386 721 4454 quod
744 4386 920 4456 aliquo
949 4405 1045 4439 ms.
1071 4388 1380 4456 συνθιυιειίι.
1400 4388 1544 4456 qunti
1619 4386 1663 4418 ⁸⁸
1680 4386 1877 4455 Ingenii
1902 4397 2093 4442 estms.
2114 4389 2418 4442 Curbciensc
2433 4391 2577 4441 omit.
2600 4399 2683 4442 est
2756 4390 2796 4420 ”
2814 4391 2996 4443 Potest
3011 4390 3121 4456 ipse
3153 4390 3253 4441 sibi
3286 4405 3380 4440 ms.
3410 4387 3562 4442 Corb.

321 4459 468 4511 omit.
489 4458 619 4526 ipse
679 4454 893 4526 "AUnde
910 4457 1018 4509 sint
1035 4460 1159 4509 ntas‘.
1179 4455 1306 4509 Vict.
1324 4454 1449 4526 Sag.
1468 4456 1606 4510 unde
1619 4454 1757 4526 sunt
1799 4456 1858 4513 ,³³
1874 4457 1962 4508 Illa
1979 4468 2334 4525 persequente
2358 4475 2449 4510 ms.
2471 4458 2560 4510 illo
2575 4468 2932 4526 prosequente
3004 4454 3046 4488 "
3071 4456 3338 4510 Proliciat.
3355 4457 3407 4509 In
3439 4472 3563 4525 quo.

319 4537 417 4595 etc.
451 4522 550 4578 mi.
581 4522 706 4591 Sag.
725 4524 995 4595 Proliciat.
1024 4529 1174 4595 Quod
1207 4540 1327 4595 cum
1348 4522 1660 4595 Initltilnode
1676 4524 1852 4595 facere
1869 4527 2055 4595 possit.
2076 4522 2216 4579 hunc
2235 4527 2448 4595 modum
2468 4522 2594 4595 puto
2613 4522 2818 4580 illies'se
2832 4526 3282 4593 promptissimum
3307 4522 3468 4593 atque
3482 4528 3565 4577 [ιι-

318 4594 596 4654 cillimum;
619 4601 678 4645 ut
694 4593 772 4646 sic
788 4609 967 4647 secum
987 4594 1182 4646 tacitus
1205 4594 1373 4646 dicat:
1392 4593 1524 4647 Cum
1550 4602 1657 4645 tam
1679 4593 2113 4657 innumerabilia,
2129 4607 2226 4657 etc.

2301 4596 2345 4625 ³⁸
2361 4594 2477 4648 Non
2501 4604 2761 4648 monstrat
2788 4612 2913 4648 mss.
2942 4610 3044 4647 non
3064 4603 3324 4645 monstret
3393 4595 3567 4648 "Ali-

316 4664 435 4784 quis
456 4662 563 4715 sibi
595 4661 689 4729 qui
717 4676 896 4715 secum
924 4678 1051 4714 mu.
1083 4662 1289 4729 Aliquis
1318 4664 1394 4716 sic
1418 4678 1599 4717 secum
1660 4662 1713 4691 ’³⁷
1746 4662 1879 4715 Cum
1908 4672 2017 4715 tam
2043 4680 2165 4716 mss.
2193 4663 2350 4716 ϐου-ὑ.
2378 4663 2508 4715 Vict.
2539 4667 2620 4718 l3.
2641 4679 2761 4717 cum
2787 4674 2963 4715 tamen
3036 4662 3081 4696 ³⁸
3104 4662 3276 4717 llnmu
3292 4672 3413 4713 sunt
3436 4680 3558 4715 mss.

366 4747 465 4784 em.
495 4728 656 4782 Coro.
698 4728 829 4782 V'ict.
862 4746 1028 4783 unum
1066 4734 1173 4784 sint
1265 4731 1310 4761 ”
1348 4734 1452 4784 Aut
1492 4739 1617 4784 sunt
1641 4730 1777 4783 bona
1805 4746 1932 4784 mss.
1965 4744 2173 4784 excento
2201 4749 2299 4784 ms.
2334 4732 2597 4784 Victorino
2632 4734 2714 4784 15.
2746 4748 2811 4784 an
2836 4743 2963 4784 sunt
2993 4732 3131 4783 bona
3234 4732 3275 4762 δα
3299 4732 3558 4784 Onam-un-

366 4747 465 4786 em.
495 4728 656 4782 εστι.
698 4728 829 4782 V'ict.
862 4746 1028 4783 unum
1066 4734 1173 4784 sint

318 4814 421 4867 que
446 4801 701 4852 dicuntur
728 4800 949 4868 aliquid,
992 4801 1063 4852 ita
1092 4810 1153 4851 ιιι
1198 4800 1264 4851 ad
1305 4801 1533 4853 invicem
1563 4802 1735 4868 magis
1770 4835 1783 4850 .
1813 4838 1826 4851 .

322 4947 423 4996 tur.
452 4937 598 5005 quod
630 4949 734 4989 non
756 4936 920 4998 aliud,
960 4940 1076 4999 sed,
1104 4949 1209 4990 etc.

322 5018 414 5057 ut.
461 5043 509 5072 _.
555 5019 651 5071 per
688 5005 887 5072 aliquid
917 5006 1166 5060 dicuntur
1207 5044 1219 5058 .
1264 5044 1280 5057 .

1265 4731 1310 4761 ”
1348 4734 1452 4784 Aut
1492 4739 1617 4785 sunt
1641 4730 1777 4783 bona
1805 4746 1932 4784 mss.
1965 4744 2173 4799 excepto
2201 4749 2299 4784 ms.
2334 4732 2597 4784 Victorino
2632 4734 2714 4785 13.
2746 4748 2811 4787 an
2836 4743 2963 4785 sunt
2993 4732 3131 4783 bona

3234 4732 3275 4762 “°
3299 4732 3564 4795 Quam-un—

1865 4838 1877 4852 .
1912 4799 2181 4861 dicantur,
2216 4817 2312 4868 per
2339 4801 2481 4852 aliud
2511 4802 2778 4865 dicuntur,
2811 4802 2952 4868 quod
2996 4806 3099 4852 hon
3138 4800 3277 4852 aliud
3305 4809 3360 4852 et
3395 4801 3562 4861 aliud.

320 4866 433 4933 sed,
463 4875 571 4921 etc.
590 4884 688 4921 ms.
718 4866 1374 4935 Corbeiens.‘quzecunque
1408 4866 1908 4935 dicmttur'aliqnid,
1940 4869 2010 4921 ita
2038 4871 2102 4922 ad
2135 4866 2361 4922 invicem
2390 4871 2558 4934 magis
2592 4908 2605 4921 .
2642 4909 2655 4922 .

2694 4909 2705 4922 .
2739 4871 3007 4929 dicuntur,
3040 4884 3134 4936 per
3161 4870 3565 4932 uiitlttitltitC-tlt-

1284 4939 1325 4967 “
1362 4936 1464 5012 Ms.
1492 4936 1639 4990 (Iern.
1666 4934 1795 5004 Sag.
1823 4934 1969 5012 Vict.
2002 4940 2057 4995 ὅ.
2090 4937 2566 5012 S.__d_licli_._(.'ister.
2598 4954 2928 5012 quaecunque
2954 4934 3455 5012 dicuntnr’aliquid,
3488 4938 3561 4989 ita

1324 5045 1337 5059 .
1375 5006 1488 5066 sed,
1517 5014 1621 5059 etc.
1656 5022 1778 5075 mss.
1821 5005 2025 5059 Timon.
2069 5020 2116 5059 et
2159 5005 2286 5059 Vict.
2329 5008 2411 5075 i3.
2442 5005 2776 5075 quaecunque
2821 5005 3067 5059 dicuntur
3094 5008 3157 5057 ad
3190 5005 3388 5075 aliquid
3432 5044 3443 5055 .
3493 5043 3505 5055 .

324 5089 416 5152 per
442 5067 647 5152 aliquid
675 5067 926 5126 dicuntur
966 5114 978 5126 .
1021 5110 1037 5127 .
1083 5114 1099 5130 .
1140 5077 1250 5135 sed,
1285 5085 1393 5152 etc.
1465 5076 1643 5152 4{‘lA'ttt
1669 5074 2006 5152 inzequaliter
2042 5077 2281 5152 sintfizs._
2313 5067 2704 5152 Vict.‘5._om_it.'
2730 5074 3180 5152 autAitnequaliter
3256 5067 3300 5103 ⁸⁵
3331 5074 3561 5126 Necesse

322 5149 403 5217 est
431 5143 1021 5217 Omnia_mss._necesse
1038 5154 1209 5217 estut
1233 5146 1410 5217 omnia
1486 5144 1544 5217 “_
1566 5143 2125 5217 Diversishhonismq.
2158 5144 2311 5217 Qorb.
2340 5146 2484 5217 omit.
2516 5143 2669 5217 bonis
2741 5144 2787 5174 “
2813 5143 3113 5217 Antvelux.
3150 5143 3320 5197 bonus
3347 5158 3472 5217 mss.
3508 5156 3562 5195 et

276 5260 284 5268 .
314 5210 730 5279 1'elox,*idcirco
769 5211 940 5265 bonus
1011 5212 1055 5242 ⁸⁵³
1095 5212 1215 5265 ideo
1261 5213 1429 5266 malus
1459 5214 1580 5279 quia
1611 5229 1730 5264 mss.
1780 5211 1968 5265 Cister.
1998 5210 2142 5266 Geni.
2176 5212 2330 5265 Corb.
2365 5211 2497 5265 Vict.
2526 5213 2652 5279 Sag.
2681 5215 2799 5265 ideo
2829 5211 2997 5262 malus
3024 5220 3127 5271 est,
3153 5212 3275 5277 quia

1619 5282 1660 5311 "'
1700 5282 1801 5334 i’er
1831 5282 2000 5349 ipsmn
2044 5298 2163 5334 esse
2217 5298 2342 5333 ntss.
2400 5280 2530 5333 Vict.
2576 5281 2702 5348 Sag.
2738 5297 2830 5348 per
2860 5281 3085 5347 idipsmu
3123 5293 3242 5331 esse
3314 5279 3556 5349 “Quam

322 5289 503 5346 specta
557 5278 693 5331 ratio
741 5281 866 5331 edit.
925 5280 1100 5333 Venet.
1142 5280 1375 5348 perfecta
1408 5278 1543 5333 ratio

3355 5211 3392 5239 δ7
3431 5211 3528 5261 Per
3541 5239 3559 5249 ,

324 5348 464 5415 quod
491 5350 603 5415 ipsa
633 5357 757 5401 sunt
790 5364 804 5399 :
835 5358 889 5402 et
916 5366 1011 5400 ius.
1048 5347 1199 5402 Corb.
1246 5366 1405 5417 quam
1436 5351 1573 5419 quod
1613 5351 1723 5414 ipsa
1798 5347 1861 5380 "V
1887 5350 1947 5403 Et
1993 5352 2183 5417 ipsum,
2226 5360 2279 5402 at
2317 5368 2436 5401 mss.
2469 5350 2637 5401 'I'Imu.
2659 5347 2973 5417 ’qu’attt'ipsa
2998 5358 3141 5411 sunt,
3174 5358 3225 5399 et
3298 5350 3339 5378 δι
3378 5347 3560 5412 Itaque

324 5425 403 5469 est
431 5431 640 5471 summe
662 5434 784 5469 mss.
821 5419 1000 5486 itaque
1028 5420 1198 5473 solum
1228 5430 1310 5473 est
1339 5436 1544 5473 sunmic

312 5554 540 5622 ,aliqnod

1618 5421 1661 5457 δι’
1702 5420 1982 5472 Summum
2014 5422 2207 5472 bonum
2247 5429 2323 5469 est
2362 5420 2516 5486 quod.
2542 5436 2662 5469 mss.
2694 5432 2957 5471 summum
2994 5427 3075 5486 est
3118 5418 3257 5486 quod
3333 5417 3377 5447 ⁸³
3409 5416 3559 5479 Quod

326 5498 497 5558 verse
530 5487 728 5539 eminet
762 5487 876 5539 aliis
914 5491 981 5540 ita
1019 5496 1074 5541 ut
1106 5504 1227 5539 utss.
1249 5490 1385 5558 quod
1438 5490 1514 5541 sic
1559 5490 1919 5557 supereminet
1953 5489 2090 5549 aliis,
2119 5498 2172 5539 ιιι

2275 5490 2315 5519 δ”
2349 5488 2463 5539 Ibid
2494 5484 2552 5540 (ἱ.
2588 5486 2758 5539 Unum
2796 5486 2993 5553 aliquid
3023 5484 3199 5537 h'tlitio
3218 5484 3367 5538 Venet
3397 5499 3557 5537 unum
