4174 6184
364 405 463 462 N9

1765 397 2242 454 MONOLOGIUH.

3487 401 3586 453 i330

358 517 623 579 eminere,
681 526 739 569 ut
787 532 891 570 non
957 515 1151 570 habeat
1189 529 1248 567 se
1287 512 1634 586 superiorem.
1684 508 1738 561 Si
1786 509 1926 561 enim
1958 514 2001 568 Α
2033 506 2411 569 existentium;
2446 515 2532 558 aut
2572 520 2601 558 e
2633 519 2891 560 converso
2931 505 2980 557 id
3015 505 3154 572 quod
3186 516 3263 558 cst
3296 521 3581 570 summum,

360 606 664 672 huiusmodi
697 605 956 673 graduum
993 605 1041 636 ⁷⁸
1065 603 1340 656 distinctio
1369 601 1448 654 sic
1483 609 1564 653 est
1603 598 1832 660 infinita,
1865 607 1922 649 ut

359 695 538 747 nullus
569 692 643 746 sit
667 693 712 723 "
764 695 833 748 ibi
861 696 1057 762 gradus
1082 692 1347 760 superior,
1379 706 1484 758 quo
1513 687 1759 755 superior
1786 687 1922 738 alius

357 800 468 838 non
503 783 844 846 inVeniatur;
874 783 940 834 ad
971 781 1070 834 hoc
1099 780 1238 834 ratio
1258 780 1303 810 ⁸⁸
1343 777 1664 840 deducitur,
1693 784 1751 827 ut
1778 776 1920 841 ipsa-

358 886 479 923 rum
508 869 797 924 multitado
828 877 1137 921 naturam
1169 866 1314 920 nullo
1343 865 1450 918 tlne
1476 865 1771 918 claudatur.
1809 862 1921 916 Hoc

353 968 534 1011 autem
565 945 850 1011 n‘emo'non
878 966 1028 1025 putat
1053 957 1360 1018 absurdum,
1396 955 1497 1008 nisi
1527 954 1616 1022 qui
1659 953 1818 1005 nimis
1839 959 1921 1005 cst

353 1049 645 1102 absurdus.
683 1049 777 1102 Est
819 1049 980 1117 igitur
1025 1063 1090 1100 ex
1122 1047 1443 1101 necessitate
1487 1044 1661 1112 aliqua
1703 1053 1913 1103 natura,

352 1153 475 1203 quae
512 1140 590 1191 sic
622 1147 706 1191 est
733 1137 891 1190 alicui
932 1136 1013 1189 vel
1049 1135 1315 1203 aliquibus
1361 1134 1625 1202 superior,
1678 1140 1733 1182 ut
1779 1130 1916 1181 nulla

351 1229 422 1279 sit
448 1230 532 1281 cui
559 1213 840 1281 ordinetur
867 1215 1108 1279 inferior.
1136 1226 1257 1277 Haec
1279 1240 1409 1276 vero
1431 1232 1621 1275 natura
1653 1236 1771 1288 qua:
1797 1220 1916 1271 talis

347 1327 453 1374 est,
489 1323 584 1366 aut
612 1314 722 1366 sola
755 1323 859 1374 est,
894 1321 987 1364 aut
1027 1312 1210 1378 plures
1241 1310 1543 1377 hujusmodi
1591 1318 1644 1362 et
1681 1308 1916 1376 atqnales

347 1412 516 1456 sunt;
557 1404 744 1453 verum
783 1401 830 1454 si
879 1399 1061 1467 plures
1106 1408 1232 1451 sunt
1283 1407 1338 1451 et
1390 1396 1646 1465 aqualco,
1699 1410 1819 1448 cum
1871 1395 1912 1425 “

346 1491 588 1557 tequales
625 1471 747 1541 esse
794 1502 897 1539 non
935 1486 1140 1554 possint
1175 1487 1242 1548 ",
1283 1500 1378 1554 per
1407 1485 1616 1538 diversa
1648 1485 1912 1550 quaedam.

348 1577 452 1630 sed
481 1591 577 1644 per
603 1577 740 1630 idem
767 1575 990 1640 aliquid,
1023 1575 1150 1627 illud
1180 1590 1377 1637 unum,
1410 1587 1506 1641 per
1534 1573 1672 1639 quod
1700 1572 1915 1639 arquati-

349 1677 436 1720 ter
460 1677 565 1718 tam
591 1680 794 1734 magna:
816 1675 960 1726 sunt,
981 1672 1076 1716 aut
1098 1672 1180 1716 est
1197 1663 1424 1730 idipsum
1446 1662 1587 1728 quod
1613 1662 1741 1726 ipsa:
1767 1669 1910 1719 sunt,

349 1755 407 1806 id
433 1763 536 1813 est,
568 1754 679 1821 ipsa
717 1767 896 1805 herum
919 1751 1150 1806 essentia
1182 1751 1248 1813 ⁸³,
1281 1758 1372 1802 aut
1408 1749 1549 1802 aliud
1583 1762 1742 1814 quam
1771 1747 1912 1815 quod

2025 607 2100 650 est
2132 611 2225 663 per
2252 610 2329 656 se,
2371 603 2423 647 et
2452 605 2640 647 cuncta
2672 594 2771 644 alia
2805 607 2900 660 per
2924 593 3049 645 illttd
3079 610 3091 657 ;
3125 605 3216 645 aut
3248 602 3409 647 erunt
3433 593 3582 662 plura

2026 703 2252 738 summa.
2287 686 2390 738 Sed
2415 685 2566 753 plura
2616 701 2823 738 summa
2857 700 2962 740 non
2994 701 3113 738 esse
3151 686 3196 715 ⁸⁸
3237 687 3574 738 manifestum

2022 788 2126 829 est.
2163 777 2340 841 Quare
2381 786 2462 828 est
2500 776 2740 843 quzedam
2765 779 2988 840 natura,
3018 777 3097 829 Vel
3131 777 3454 837 substantia,
3503 776 3600 827 \t-l‘

2023 867 2278 926 essentia,
2309 880 2426 932 quae
2453 874 2534 917 est
2559 879 2652 931 per
2681 881 2738 918 se
2770 867 2905 918 bona
2934 875 2988 918 et
3016 881 3199 934 magna
3232 866 3295 928 δυ,
3324 874 3377 915 rt
3405 879 3498 930 per
3528 878 3586 915 se

2023 962 2104 1006 est
2136 953 2186 1005 id
2219 954 2359 1019 quod
2394 961 2477 1005 est
2509 953 2584 1015 '°,
2616 963 2670 1005 et
2715 968 2808 1022 per
2841 968 3000 1021 quam
3033 963 3113 1006 est
3157 954 3410 1018 quidquid
3463 968 3584 1005 vere

2021 1051 2112 1096 aut
2138 1042 2357 1104 bonum,
2386 1051 2477 1094 aut
2509 1058 2782 1112 magnum,
2829 1056 2920 1096 aut
2951 1043 3148 1110 aliquid
3179 1044 3218 1072 θ’
3253 1053 3351 1102 est,
3388 1051 3438 1093 cl
3469 1058 3585 1108 qua:

2017 1141 2099 1184 CSl
2111 1148 2374 1185 summum
2397 1134 2612 1195 bonum,
2632 1149 2897 1186 summum
2917 1148 3187 1200 maguum,
3203 1131 3468 1185 SllllllllUlll
3493 1147 3585 1183 CllS

2019 1223 2130 1274 sive
2151 1222 2448 1276 subsistens
2469 1224 2532 1284 ",
2564 1223 2726 1286 idest,
2745 1239 3010 1289 summum
3033 1224 3269 1276 omnium
3295 1238 3414 1290 qua:
3441 1233 3582 1277 sunt.

2549 1332 2777 1386 CAPUT
2832 1333 2870 1383 v
2914 1333 3045 1400 usi

2019 1421 2170 1484 Quod
2202 1422 2332 1474 sicut
2363 1421 2455 1473 illa
2486 1431 2559 1472 est
2590 1438 2678 1488 per
2704 1439 2776 1479 se.
2809 1433 2856 1472 ct
2885 1422 2990 1473 alia
3022 1439 3112 1487 per
3151 1421 3330 1485 illaut;
3365 1423 3435 1474 ita
3489 1423 3583 1474 illa

2442 1491 2506 1540 sit
2540 1506 2603 1541 ex
2630 1506 2702 1553 se,
2741 1499 2785 1541 et
2816 1491 2922 1542 alia
2953 1507 3016 1542 ea,
3044 1489 3154 1541 illa.

2086 1581 2346 1645 Quoniam
2377 1580 2556 1648 itaque
2579 1579 2970 1647 placet"quod
3003 1581 3272 1632 inventum
3296 1590 3373 1633 est
3394 1623 3406 1642 ,
3431 1581 3584 1647 juvat

2020 1671 2273 1737 indagare
2301 1680 2480 1722 utrum
2511 1671 2624 1722 hiec
2655 1671 2766 1737 ipsa
2799 1681 2988 1721 natttra
3027 1682 3080 1722 et
3106 1681 3296 1722 cuncta
3338 1687 3457 1738 qua:
3486 1673 3580 1724 ali-

2005 1761 2144 1829 quid
2171 1769 2317 1822 sunt,
2349 1776 2452 1813 non
2485 1761 2594 1812 sint
2623 1759 2725 1812 nisi
2777 1774 2840 1812 ex
2887 1759 2997 1824 ipsa
3032 1758 3095 1819 ",
3129 1748 3580 1823 quemadmodum

353 1845 486 1910 ipsae
519 1820 666 1895 sunt.
695 1841 802 1894 Sed
829 1841 873 1894 si
897 1840 1031 1893 nihil
1075 1848 1158 1893 est
1189 1839 1330 1892 aliud
1369 1851 1528 1905 quam
1575 1839 1684 1904 ipsa
1728 1851 1909 1888 earum

2019 1866 2124 1904 non
2151 1859 2278 1903 sunt
2321 1851 2422 1902 nisi
2462 1865 2556 1917 per
2580 1850 2625 1880 "
2669 1850 2856 1916 ipsam.
2887 1849 2990 1901 Sed
3021 1847 3186 1918 liquet
3224 1865 3378 1916 posse
3403 1851 3504 1902 dici
3535 1851 3581 1881 "

343 1930 606 1991 essentia,
639 1930 777 1981 sicut
818 1943 1001 1981 earum
1028 1928 1272 1980 essentia:
1299 1942 1402 1978 non
1437 1933 1564 1978 sunt
1598 1925 1797 1992 plures,
1823 1924 1938 1976 sed~

345 2033 502 2081 una;
544 2021 626 2070 ita
673 2025 727 2071 et
774 2027 980 2071 naturae
1025 2033 1132 2070 non
1185 2026 1309 2070 sunt
1362 2016 1542 2085 plures
1571 2055 1587 2078 ,
1638 2016 1730 2066 sed
1784 2029 1909 2068 una.

344 2104 494 2156 Idem
557 2117 787 2171 namque
849 2113 1103 2158 naturam
1149 2104 1236 2158 hic
1292 2103 1564 2170 intelligo,
1633 2101 1772 2168 quod
1828 2115 1912 2154 es-

287 2213 290 2218 τ
343 2193 597 2245 sentiam.
640 2191 697 2244 Si
738 2207 865 2245 vero
907 2193 978 2255 id,
1009 2207 1104 2260 per
1147 2191 1287 2260 quod
1322 2190 1504 2258 plures
1545 2190 1674 2258 ipsa:
1705 2199 1911 2244 natura:

351 2290 463 2331 tam
497 2296 702 2348 magna:
739 2289 884 2344 sunt,
921 2279 1068 2332 aliud
1097 2290 1180 2333 est
1221 2295 1380 2347 quam
1415 2280 1555 2347 quod
1603 2279 1728 2346 ipsa:
1755 2287 1907 2341 sunt,

344 2385 447 2435 pro
482 2378 630 2420 certo
659 2370 896 2422 minores
931 2377 1076 2426 sunt,
1123 2383 1281 2436 quam
1316 2369 1366 2421 id
1396 2383 1492 2436 per
1517 2369 1672 2434 quod,
1706 2383 1912 2434 magnae

345 2467 496 2510 sunt.
527 2457 795 2526 Quidquid
824 2459 965 2511 enim
997 2474 1093 2526 per
1118 2458 1262 2511 aliud
1307 2468 1387 2510 est
1421 2473 1690 2525 maguum,
1734 2458 1910 2510 minus

339 2557 428 2598 est
453 2561 614 2612 quant
647 2547 698 2599 id
727 2561 822 2615 per
846 2547 988 2614 quod
1019 2556 1104 2599 est
1129 2561 1398 2613 magnum.
1434 2544 1612 2610 Quare
1652 2559 1755 2598 non
1785 2553 1909 2612 sunt

339 2636 424 2687 sit:
450 2649 679 2700 magnas,
705 2644 759 2686 ut
791 2635 896 2688 illis
921 2634 1053 2687 nihil
1077 2633 1219 2686 aliud
1247 2635 1316 2685 sit
1343 2633 1531 2697 majus.
1565 2633 1718 2697 Quod
1741 2633 1784 2685 si
1810 2647 1907 2685 nec

337 2734 440 2794 per
478 2724 582 2778 hoc
605 2724 746 2791 quod
777 2733 900 2776 sunt
940 2724 1011 2786 '“,
1056 2738 1152 2777 nec
1200 2739 1296 2790 per
1347 2723 1489 2775 aliud
1545 2723 1796 2790 possibile
1824 2731 1907 2774 est

329 2811 482 2865 ‘tales
505 2799 631 2866 esse
660 2813 839 2879 plures
877 2823 1122 2876 naturas,
1153 2814 1346 2881 quibus
1373 2813 1504 2866 nihil
1545 2813 1614 2864 sit
1644 2822 1903 2879 prmstau-

338 2899 450 2950 tius
475 2899 560 2960 m‘;
603 2900 749 2952 nullo
775 2901 933 2952 modo
959 2912 1182 2968 possunt
1208 2915 1326 2954 esse
1355 2910 1560 2952 natura:
1590 2901 1767 2967 plures
1808 2901 1905 2951 hu-

333 2985 573 3048 iusmodi
601 2986 664 3037 ⁸⁸.
701 2987 887 3040 Restat
933 2987 1098 3056 igitur
1141 3003 1301 3040 unatn
1341 2998 1394 3039 et
1436 2988 1603 3040 solam
1655 2988 1900 3040 naturam

335 3075 580 3143 aliquant
607 3089 750 3139 esse,
788 3091 906 3144 qua:
935 3077 1012 3130 sic
1042 3085 1126 3129 est
1149 3076 1269 3130 aliis
1289 3078 1555 3142 superior,
1593 3090 1650 3128 ut
1677 3076 1801 3128 nulli
1835 3078 1903 3128 sit

337 3164 602 3226 inferior;
633 3165 726 3217 sed
756 3167 898 3233 quod
943 3165 1048 3218 tale
1083 3174 1184 3228 est,
1219 3166 1511 3218 maximum
1557 3173 1610 3216 ct
1641 3166 1901 3230 Optimum

333 3263 422 3308 es:
450 3256 691 3308 omnium
725 3270 840 3324 qua:
870 3265 995 3308 sunt
1024 3257 1089 3308 ⁸⁷.
1113 3255 1206 3308 Est
1233 3255 1397 3322 igitur
1421 3253 1662 3322 quaedam
1689 3264 1900 3314 natura,

333 3359 460 3410 qua:
489 3353 577 3396 est
604 3358 869 3396 summum
897 3344 1134 3396 omnium
1163 3357 1280 3411 quae
1315 3353 1455 3396 sunt.
1496 3343 1606 3396 Hoc
1657 3352 1832 3394 autem
1857 3342 1900 3371 ⁸⁷

331 3447 462 3485 esse
489 3447 593 3484 non
622 3441 816 3499 potest,
853 3434 951 3485 nisi
985 3433 1094 3500 ipsa
1125 3433 1194 3484 sit
1221 3447 1314 3498 per
1339 3447 1397 3485 se
1426 3432 1475 3484 id
1511 3432 1651 3498 quod
1687 3441 1806 3494 est;
1850 3441 1906 3483 et

335 3528 540 3572 cuneta
568 3535 687 3586 qua:
715 3529 855 3580 sunt,
887 3521 994 3572 sint
1021 3535 1114 3587 per
1147 3520 1315 3588 ipsam
1347 3520 1398 3572 id
1429 3521 1569 3587 quod
1601 3528 1747 3571 sunt.
1772 3519 1903 3571 Nam

333 3623 464 3657 cum
493 3607 653 3673 paulo
692 3616 817 3661 ante
849 3608 984 3660 ratio
1013 3608 1253 3660 docuerit
1305 3609 1354 3659 id
1389 3609 1527 3674 quod
1559 3622 1654 3674 per
1695 3623 1751 3660 se
1793 3615 1896 3668 est,

334 3705 388 3744 et
422 3708 518 3761 per
543 3695 682 3762 quod
702 3695 801 3748 alia
827 3707 1013 3750 cuneta
1044 3707 1189 3761 sunt,
1213 3711 1333 3751 esse
1356 3711 1622 3750 sumnmm
1655 3695 1893 3748 omnium

2016 1940 2140 2006 quia
2181 1939 2322 2004 quod
2352 1947 2429 1990 est
2477 1953 2539 1988 ex
2581 1937 2790 2004 aliquo,
2830 1945 2910 1990 est
2942 1937 3102 1988 etiam
3136 1951 3231 2004 per
3279 1937 3328 1988 id
3364 1939 3577 2003 ipsum;

2015 2039 2068 2082 et
2095 2029 2237 2096 quod
2266 2037 2346 2081 est
2374 2028 2700 2096 peraliquid,
2728 2037 2808 2080 est
2839 2027 2997 2080 etiam
3017 2039 3082 2078 ex
3111 2043 3177 2080 co
3205 2029 3354 2094 ipso:
3396 2043 3581 2096 quem-

2013 2116 2296 2168 admodum
2335 2115 2474 2182 quod
2521 2123 2604 2168 est
2653 2129 2718 2167 ex
2757 2117 2979 2168 materia
3018 2119 3058 2147 ⁵⁷
3093 2127 3146 2168 ct
3176 2131 3271 2184 per
3296 2117 3576 2178 artificem,

2013 2214 2188 2274 potest
2217 2205 2379 2256 etiam
2411 2204 2514 2256 dici
2543 2218 2660 2257 esse
2693 2219 2788 2272 per
2816 2207 3096 2260 materiam
3143 2215 3196 2257 ct
3241 2221 3302 2257 ex
3335 2208 3575 2267 artitice;

2011 2296 2264 2362 quoniam
2314 2308 2411 2361 per
2453 2303 2760 2360 utrumque,
2792 2305 2844 2347 et
2886 2310 2948 2348 ex
2989 2305 3238 2362 utroque.
3288 2296 3336 2346 id
3388 2305 3468 2347 est
3513 2297 3580 2347 alt

2013 2391 2237 2448 utroque
2268 2383 2427 2434 habet
2464 2390 2521 2433 ut
2557 2383 2646 2444 sit,
2682 2384 2926 2449 quamvis
2969 2383 3122 2434 aliter
3159 2384 3228 2434 sit
3271 2398 3366 2448 per
3413 2394 3579 2436 mate-

2013 2471 2147 2523 riam
2170 2480 2222 2522 et
2251 2487 2314 2524 ex
2349 2471 2595 2530 materia,
2637 2486 2797 2537 quam
2831 2487 2926 2540 per
2968 2471 3230 2542 artiﬁcem
3267 2481 3321 2524 ct
3351 2487 3414 2522 ex
3447 2473 3572 2524 arti-

2013 2558 2131 2610 ﬁce.
2163 2558 2524 2626 Consequitur
2555 2559 2601 2588 ’⁸
2629 2572 2755 2626 ergo
2795 2569 2851 2610 ut
2894 2563 3161 2627 quomodo
3216 2570 3405 2615 cuneta
3450 2547 3576 2626 qua:

2008 2657 2153 2709 sunt,
2182 2663 2277 2714 per
2291 2663 2532 2700 summan
2562 2657 2805 2700 naturam
2822 2659 2946 2702 sunt
2967 2649 3022 2700 id
3040 2651 3178 2716 quod
3202 2658 3353 2711 sunt;
3379 2657 3428 2700 et
3457 2647 3576 2702 ideo

2010 2735 2096 2786 illa
2135 2744 2215 2787 est
2239 2749 2336 2800 per
2362 2750 2418 2786 se
2443 2736 2634 2802 ipsam,
2672 2735 2774 2786 alia
2803 2751 2930 2788 \‘CI‘O
2963 2750 3056 2804 per
3086 2737 3370 2799 aliud;-ita
3397 2735 3573 2787 omnia

2009 2837 2128 2890 qua:
2159 2832 2304 2883 sunt,
2344 2818 2458 2876 'sitd
2500 2837 2563 2876 ex
2594 2823 2639 2852 ⁹⁹
2685 2823 2871 2876 eadem
2913 2838 3120 2876 summa
3160 2816 3375 2876 natura:
3411 2832 3464 2875 et
3499 2822 3576 2874 id-

2008 2911 2155 2962 circo
2188 2909 2272 2960 illa
2315 2911 2383 2962 sit
2422 2925 2489 2962 ex
2525 2910 2589 2939 ¹⁰⁰
2619 2909 2817 2978 seipsa,
2849 2909 2950 2961 alia
2983 2919 3164 2963 autem
3195 2926 3261 2962 ex
3289 2910 3393 2962 illa.

2398 3017 2620 3071 CAPUT
2664 3017 2894 3088 νι[ωη
2937 2993 3145 3090 γ]ίω.

1932 3128 1971 3182 C
2012 3130 2163 3193 Quod
2186 3130 2277 3180 illa
2325 3147 2425 3181 non
2463 3131 2528 3181 sit
2557 3131 2663 3180 ulla
2684 3131 2902 3195 juvanle
2935 3148 3098 3183 causa
3128 3133 3380 3183 ducta'ad
3411 3149 3562 3192 esse;

2025 3213 2028 3216 ·
2059 3214 2172 3251 nec
2204 3209 2373 3248 tamen
2406 3200 2468 3248 sit
2496 3215 2587 3264 per
2618 3201 2746 3249 nihil
2777 3211 2865 3249 aut
2904 3215 2968 3251 ca:
2998 3200 3157 3251 nihilo
3183 3217 3200 3260 ;
3237 3211 3283 3251 et
3311 3203 3567 3263 quomodo

2074 3265 2290 3332 intelligi
2321 3266 2386 3295 ’θ’
2416 3267 2573 3332 possit
2599 3282 2705 3317 esse
2733 3284 2823 3332 per
2849 3283 2921 3330 se,
2951 3279 2997 3318 et
3027 3284 3090 3319 ex
3119 3284 3190 3320 se.

2011 3353 2351 3406 Conspecrus
2389 3367 2611 3405 CAPlTls.
2637 3383 2702 3392 —-
2723 3354 3000 3416 Quomodo
3023 3370 3230 3408 sutuma
3262 3365 3448 3406 natura
3478 3371 3575 3422 per

2081 3438 2140 3473 se
2180 3437 2298 3473 esse
2328 3421 2550 3490 dicenda
2589 3423 2706 3474 est?
2751 3422 3016 3490 Quidquid
3065 3425 3205 3475 enim
3256 3437 3348 3490 per
3373 3421 3570 3490 aliquid

2087 3499 2191 3547 est.
2224 3499 2316 3540 aut
2346 3504 2440 3555 per
2467 3489 2728 3550 etliciens,
2767 3502 2855 3541 ant
2885 3489 2977 3558 per
3009 3489 3308 3551 materiam,
3357 3501 3446 3541 aut
3469 3489 3573 3556 per

2087 3559 2498 3608 iusti-inuentum
2527 3573 2642 3610 esse
2665 3560 2892 3610 videtur.
2919 3558 3069 3623 Quod
3096 3570 3274 3611 autem
3299 3560 3478 3624 aliquo
3502 3577 3568 3611 rx

2076 3627 2157 3678 his
2191 3627 2361 3677 modis
2381 3634 2480 3685 est,
2512 3641 2606 3692 per
2633 3628 2772 3678 aliud
2810 3639 2910 3692 cst,
2941 3639 2991 3682 et
3024 3629 3244 3695 proinde
3301 3629 3471 3678 minus
3505 3645 3571 3679 cu

2077 3707 2172 3759 per
2207 3695 2349 3762 quod
2397 3695 2556 3746 habet
2591 3704 2645 3747 ut
2691 3697 2794 3761 sit;
2844 3711 3047 3750 sui-mna
3079 3710 3206 3749 vero
3244 3708 3430 3748 natura
3472 3711 3570 3748 nec

1635 3825 1790 3878 VARI
1803 3825 1864 3878 ΑΞ
1907 3824 2294 3878 LECTIONES.

410 3915 914 3987 71llujusgradumn
930 3935 1048 3971 mss.
1071 3917 1364 3982 hujusmodi
1385 3920 1640 3987 graduum
1699 3921 1742 3956 τ’
1758 3917 1940 3970 Nullus
1960 3919 2120 3977 sitms
2156 3917 2340 3971 Cister.
2367 3921 2507 3970 omit.
2528 3921 2597 3971 sit
2656 3922 2698 3950 ⁸ο
2717 3921 2906 3974 Abhoc
2935 3921 3068 3972 ratio
3093 3921 3302 3972 ηι>·ε.Ᾱιί
3325 3922 3572 3974 hort-utin

335 3986 381 4015 "
429 3984 495 4036 Et
515 3987 746 4054 aequales
767 3996 907 4045 sunt,
927 4002 1048 4040 cttm
1071 4003 1192 4040 mss.
1222 3987 1368 4039 Gem.
1389 3984 1552 4038 'l’ict.
1587 3987 1713 4038 'I'hu.
1745 3987 1898 4038 C'orb.
1927 3986 2113 4054 Cister.
2152 3998 2316 4038 οηυιι.
2342 3999 2470 4039 sunt
2543 3990 2587 4018 ⁸³
2631 3988 2757 4039 Esse
2783 4003 2884 4038 non
2911 4000 3134 4053 possunt
3159 4006 3282 4040 mss.
3322 4005 3566 4040 essenon

339 4054 551 4122 possint
623 4052 668 4082 ⁸³
701 4054 935 4120 Ipsarum
965 4057 1194 4108 essentia
1224 4055 1492 4106 mss.l"ict.
1521 4055 1667 4106 Gem.
1699 4055 1852 4107 Corb.
1887 4052 2070 4106 (IiSter.
2106 4057 2214 4121 ipsa
2246 4071 2420 4106 rerum
2447 4057 2675 4106 essentia
2751 4052 2922 4107 “Nec
2944 4070 3035 4122 per
3055 4057 3153 4108 hoc
3175 4057 3565 4122 quodsuntma.

338 4121 503 4174 Coro.
530 4134 631 4190 nec
646 4137 739 4186 per
763 4124 901 4188 quod
933 4133 1056 4176 sunt
1127 4123 1170 4190 ’δέ
1194 4123 1333 4174 Nihil
1355 4132 1438 4175 est
1464 4125 1800 4190 prrestantius
1835 4139 1953 4174 mss.
1984 4124 2112 4174 nihil
2141 4126 2206 4174 sit
2237 4124 2581 4188 prarstantius
2653 4124 2696 4152 ⁸⁸
2723 4122 2906 4176 Plures
2933 4121 3088 4190 hujus
3117 4140 3237 4174 mss.
3269 4124 3445 4190 plures
3473 4126 3569 4176 lni-

334 4188 570 4255 jnsmodi
624 4188 686 4219 ’⁸⁷
706 4191 831 4254 Qua:
852 4201 1010 4243 sunt.
1036 4229 1049 4242 .
1079 4230 1090 4241 .
1122 4189 1230 4243 Hoc
1260 4201 1436 4242 autem
1465 4188 1593 4242 ’mss.
1621 4205 1736 4255 quze
1761 4201 1904 4241 sunt.
1933 4191 2024 4242 Est
2049 4192 2208 4256 igitur
2249 4191 2487 4256 qmedam
2538 4204 2724 4243 natura
2753 4207 2870 4257 qua:
2899 4202 2980 4243 est
3003 4188 3285 4244 summum
3328 4194 3565 4245 omnium

341 4273 466 4325 qua!
489 4267 632 4316 sunt.
667 4257 776 4311 lloc
800 4268 974 4311 autem
1046 4260 1092 4291 ⁸⁸
1133 4259 1284 4311 Plura
1330 4276 1432 4311 non
1477 4273 1594 4309 esse
1620 4273 1739 4308 mss.
1768 4259 1914 4324 plura
1950 4274 2154 4310 summa
2189 4273 2290 4309 non
2318 4273 2434 4310 esse
2509 4260 2552 4290 ⁸⁸
2581 4260 2725 4310 Bona
2746 4260 2819 4312 rel
2845 4275 3032 4326 magna
3058 4276 3181 4311 mss.
3205 4260 3334 4311 'I'Itu.
3355 4260 3487 4312 bona
3515 4273 3567 4313 ct

342 4341 538 4395 magna
614 4326 657 4364 "-
684 4328 783 4388 Per
809 4342 866 4395 se
887 4329 1043 4380 estid
1074 4328 1211 4394 quod
1239 4339 1319 4380 est
1348 4343 1470 4378 mss.
1502 4326 1632 4377 ’I'Im.
1659 4340 1750 4391 per
1781 4341 1838 4378 se
1857 4327 1955 4378 hoc
1985 4329 2225 4392 estquod
2249 4337 2330 4378 est
2405 4327 2442 4356 9'
2472 4326 2715 4395 Magnum
2747 4328 2942 4393 aliquid
2973 4344 3092 4378 mss.
3140 4326 3270 4379 Vict.
3306 4344 3555 4395 magnum

342 4406 440 4446 aut
477 4394 675 4461 aliquid
747 4395 790 4424 ⁹²
829 4393 1104 4449 Sumn’tum
1137 4409 1406 4461 magnum,
1437 4408 1810 4460 summumque
1839 4395 2056 4452 bonum.
2101 4410 2366 4447 summmn
2389 4411 2483 4448 eus
2512 4393 2622 4448 sive
2649 4396 2881 4448 existens
2904 4412 3025 4447 mss.
3056 4411 3318 4448 summum
3348 4393 3564 4457 bonum,

342 4477 611 4515 summum
645 4478 914 4530 magnum,
955 4479 1218 4516 summum
1258 4479 1353 4515 ens
1379 4464 1492 4516 sive
1514 4464 1810 4530 subsistens
1883 4462 1926 4530 9f
1965 4463 2224 4526 Quoniam
2271 4464 2446 4528 itaque
2481 4465 2670 4530 placet,
2705 4476 2809 4515 etc.
2836 4465 2887 4513 in
2912 4480 3036 4515 mss.
3069 4464 3214 4515 Gem.
3245 4467 3398 4516 Coro.
3428 4465 3560 4516 'I'ltu.

342 4531 535 4582 Cister.
559 4531 641 4598 hic
664 4528 838 4597 incipit
867 4531 993 4598 Cap.
1022 4532 1072 4583 5.
1113 4533 1203 4582 sub
1229 4548 1286 4582 eo
1311 4531 1446 4582 titul.
1479 4533 1531 4582 in
1555 4547 1676 4582 mss.
1707 4528 1852 4581 Gem.
1888 4528 2018 4580 Tim.
2051 4532 2232 4582 (Δίδιον.
2260 4533 2400 4597 quod
2440 4528 2578 4582 sicut
2622 4533 2706 4582 illa
2738 4543 2822 4584 est
2853 4547 2946 4597 per
2964 4548 3020 4584 se
3047 4541 3099 4583 et
3123 4532 3223 4583 alia
3255 4549 3347 4598 per
3372 4536 3516 4583 illaut
3545 4551 3558 4589 ;

343 4601 420 4651 ita
447 4599 513 4649 sit
537 4597 712 4656 ex'se.
741 4610 794 4650 et
819 4600 919 4650 alia
945 4597 1014 4651 ex
1057 4600 1139 4650 iila
1184 4601 1236 4650 in
1267 4617 1387 4650 mss.
1421 4599 1574 4650 Corb.
1611 4599 1876 4664 quomodo
1921 4599 2100 4649 omnia
2141 4598 2241 4649 alia
2287 4608 2410 4650 sunt
2438 4611 2538 4664 per
2562 4599 2704 4650 illam
2733 4612 2784 4651 et
2810 4615 2872 4652 ex
2906 4600 3010 4652 illa.
3043 4598 3178 4651 Ibid.
3210 4597 3274 4650 1).
3303 4601 3566 4665 Quoniam

343 4666 528 4732 itaque
559 4681 655 4717 ms.
683 4666 863 4718 Cister.
893 4669 1143 4732 quoniam
1168 4668 1238 4718 ita
1332 4668 1376 4697 ³⁵
1416 4667 1529 4718 Non
1570 4676 1694 4718 sunt
1719 4665 1818 4718 nisi
1845 4681 1908 4717 ex
1944 4667 2053 4732 ipsa
2080 4683 2199 4716 mss.
2239 4683 2340 4717 non
2375 4668 2474 4719 sint
2510 4668 2608 4719 nisi
2641 4683 2700 4719 ex
2732 4669 2842 4733 ipsa
2943 4668 2986 4698 ⁸⁵
3027 4667 3140 4720 Non
3183 4669 3280 4719 nisi
3311 4685 3402 4734 per
3438 4687 3563 4719 mas.

343 4743 604 4803 liensum
642 4735 742 4785 nisi
773 4750 868 4801 per
939 4735 982 4765 ⁹⁶
1018 4735 1121 4788 Sed
1147 4736 1268 4786 licet
1310 4745 1487 4802 posset
1515 4735 1616 4786 dici
1652 4751 1664 4784 :
1695 4735 1816 4803 quia
1843 4737 1984 4803 quod
2025 4749 2090 4785 ex
2128 4735 2305 4799 aliquo
2337 4744 2437 4795 est,
2467 4736 2627 4786 etiam
2669 4751 2761 4802 per
2795 4736 3020 4802 idipsum
3059 4737 3200 4803 quod
3234 4749 3315 4789 est
3351 4753 3442 4802 per
3471 4738 3561 4787 ali-

340 4802 494 4870 quid,
526 4811 603 4852 est
629 4813 676 4852 et
701 4816 762 4853 ex
794 4817 857 4854 eo
879 4804 1031 4869 ipso:
1065 4804 1509 4868 quemadmodum
1549 4819 1643 4855 ms.
1675 4802 1826 4870 Coro.
1858 4803 1947 4854 sed
1977 4802 2095 4852 licet
2128 4817 2282 4867 posse
2303 4803 2403 4855 dici
2434 4805 2573 4869 quod
2597 4806 2718 4869 quia
2743 4820 2804 4855 ex
2838 4820 2900 4856 eo
2924 4807 3036 4870 ipso
3072 4802 3084 4855 ἑ
3115 4806 3564 4869 qnemadumdum

337 4869 470 4939 mss.
520 4870 611 4921 sed
655 4870 820 4934 liquet
853 4886 1006 4937 posse
1038 4873 1139 4924 dici
1185 4873 1306 4938 quia
1345 4873 1483 4937 quod
1525 4881 1608 4922 est
1645 4886 1707 4922 ex
1755 4869 1954 4939 aliquo,
1983 4879 2064 4922 est
2090 4872 2250 4921 etiam
2301 4885 2396 4937 per
2437 4873 2660 4939 idipsutn
2695 4883 2787 4924 :et
2808 4869 2955 4938 quod
2988 4883 3070 4924 est
3097 4883 3190 4938 per
3229 4873 3450 4938 aliquid,
3482 4884 3564 4923 est

339 4938 508 4988 etiam
543 4951 608 4989 ex
637 4951 700 4989 eo
724 4939 838 5003 ipso
870 4955 882 4989 :
925 4937 1368 5006 quemadmotlum
1441 4940 1484 4969 ’7
1527 4937 1985 5002 Quemadmodum
2013 4947 2167 4990 etest
2195 4954 2261 4989 ex
2294 4937 2536 4999 materia,
2565 4950 2618 4990 et
2640 4957 2732 5007 per
2766 4937 3050 5000 ariiticem,
3081 4937 3255 5005 potest
3283 4937 3425 4993 enim
3457 4941 3564 4992 dici

336 5018 465 5058 esse
483 5019 578 5122 per
609 5008 885 5057 materiam
918 5019 968 5059 et
990 5022 1055 5060 ex
1083 5008 1287 5059 artillce
1315 5026 1326 5060 :
1362 5008 1611 5075 quoniam
1650 5021 1746 5072 per
1767 5015 2069 5072 utrumque,
2101 5016 2156 5057 et
2181 5021 2243 5057 ex
2273 5016 2520 5072 utroque,
2547 5019 2599 5059 et
2629 5011 2694 5060 al)
2727 5019 2951 5074 utroque
2984 5010 3143 5060 habet
3169 5019 3223 5059 ttt
3252 5011 3342 5067 sit,
3379 5026 3566 5074 quam-

337 5073 423 5122 vis
449 5088 474 5122 a
499 5074 602 5122 iter
629 5088 722 5122 Der
757 5076 1035 5122 materiam
1080 5092 1175 5122 ms.
1207 5075 1356 5122 Corb.
1393 5073 1840 5122 mtentadmoduui
1869 5075 2008 5122 quod
2048 5083 2130 5122 est
2159 5089 2221 5122 ex
2264 5079 2483 5122 materia
2525 5085 2578 5122 et
2605 5090 2699 5122 per
2727 5078 3008 5122 artiﬁcem-
3049 5086 3225 5122 potest
3270 5078 3428 5122 etiam
3457 5077 3559 5122 dici

337 5073 423 5123 vis
449 5073 602 5126 aliter
629 5088 722 5138 per
757 5076 1035 5127 materiam
1080 5092 1175 5126 ms.
1207 5075 1356 5127 Corb.
1381 5073 1840 5141 quemadmodum
1869 5075 2008 5138 quod
2048 5083 2130 5125 est
2159 5089 2222 5126 ex
2264 5079 2484 5128 materia
2525 5085 2578 5127 et
2605 5090 2699 5140 per
2727 5073 3008 5137 artiliccm,
3049 5086 3225 5141 potest
3270 5073 3428 5127 etiam
3457 5077 3559 5128 dici

335 5154 438 5211 per
463 5143 744 5192 materiam
774 5151 827 5194 et
868 5157 932 5194 ex
962 5145 1167 5196 artiﬁce
1202 5160 1214 5195 :
1248 5145 1497 5209 quoniam
1531 5154 1815 5208 utrumque
1849 5151 1903 5192 et
1931 5157 1994 5192 ex
2027 5145 2262 5211 utroque
2296 5143 2454 5196 habet
2489 5153 2545 5195 ιιι
2567 5145 2640 5196 sit
2675 5145 2958 5211 :quamvis
2998 5144 3154 5196 aliter
3182 5145 3248 5196 sit
3281 5160 3373 5209 per
3399 5154 3565 5195 matc-

337 5209 478 5278 riam
511 5223 636 5260 mss.
671 5212 1112 5275 quemadmodum
1142 5213 1280 5276 qttod
1313 5222 1392 5262 est
1417 5227 1478 5262 ex
1513 5211 1735 5261 irateria
1783 5219 1832 5259 et
1869 5225 1963 5274 per
1994 5210 2271 5269 artificem,
2307 5222 2482 5276 potest
2521 5214 2681 5264 etiam
2712 5209 2814 5264 dici
2846 5229 2963 5265 esse
2991 5225 3082 5278 per
3116 5223 3390 5265 materiam
3417 5223 3467 5263 rt
3497 5228 3561 5264 ex

333 5275 550 5347 artillce
581 5293 594 5327 :
630 5278 880 5347 quoniam
914 5294 1006 5346 per
1031 5275 1311 5344 utrumque
1354 5290 1406 5330 et
1435 5296 1499 5329 cx
1542 5288 1789 5343 utroque,
1828 5279 1879 5329 id
1909 5288 2008 5338 est,
2043 5281 2109 5328 ah
2135 5275 2359 5347 utroque
2388 5280 2543 5332 habet
2575 5290 2630 5331 ut
2653 5282 2745 5340 sit,
2780 5275 3020 5346 quamvis
3049 5281 3201 5332 aliter
3220 5285 3290 5332 sit
3321 5297 3413 5347 per
3447 5297 3555 5330 ma-

335 5345 552 5416 ξμς-ἰῇωῄ
631 5344 1111 5416 ⁹⁸ῌῼριιεειῖιιειιιετ
1149 5362 1275 5412 ergo
1303 5363 1434 5416 mss.
1490 5347 1836 5416 consequitur
1892 5360 2018 5416 ergo
2109 5347 2154 5375 ”
2192 5346 2319 5411 Qua:
2375 5357 2519 5416 sunt,
2563 5356 2688 5400 sunt
2731 5344 2948 5400 exiutas.
2982 5363 3097 5413 qua:
3142 5358 3286 5407 sunt,
3321 5344 3449 5398 ’siut
3496 5365 3561 5398 cx

334 5413 408 5482 ¹⁶έ
446 5413 656 5482 Ιλιξείηξο
686 5412 868 5482 illaiex
896 5412 1021 5465 mss.
1053 5416 1248 5465 idcirco
1282 5415 1363 5463 iila
1417 5418 1485 5465 sit
1515 5431 1577 5466 ex
1655 5416 1718 5443 ¹⁰¹
1762 5413 1888 5476 Cap.
1916 5412 1974 5465 5.
2017 5417 2067 5463 in
2114 5431 2234 5466 mss.
2285 5416 2436 5468 (ἐστι).
2462 5414 2605 5467 Gem.
2665 5416 2867 5467 'I'Iman.
2927 5427 2971 5469 et
3001 5412 3187 5467 Cisler.
3229 5428 3298 5466 est
3345 5434 3456 5482 «ἀρ.
3509 5418 3561 5469 ti.

333 5481 404 5512 "’
447 5479 552 5534 Ms.
581 5480 738 5534 Corb.
772 5481 1046 5544 Quomodo
1075 5483 1471 5550 intelligendum
1502 5485 1588 5544 sit,
1634 5483 1754 5548 quia
1789 5482 1908 5532 fet-it
1936 5485 2110 5533 omnia
2144 5484 2209 5533 dc
2249 5484 2414 5535 nihilo

408 5674 522 5728 ti'Jl
551 5671 706 5725 Alias
733 5680 810 5721 est
839 5687 962 5732 pars
981 5673 1170 5738 cum“:
1205 5675 1227 5723 ,τί
1825 5610 1940 5664 ΜΗ
1961 5611 2042 5660 τι..

387 6075 394 6079 .
