4174 6230
409 270 513 324 155

1812 268 2278 327 ttoxcLoctL'u.

3567 272 3669 327 εει

400 382 597 450 seipsa.
624 379 1080 447 Quemadmodum
1102 381 1246 432 enim
1286 395 1404 434 sese
1447 380 1731 435 habentatl
1755 382 1983 434 lltVlCt'lll
2019 388 2061 442 Λ
2091 396 2250 449 quam
2274 381 2404 445 dixi,
2440 380 2724 432 mundana!
2755 380 2910 433 molis
2941 381 3165 435 materia
3197 382 3287 435 sit.
3323 378 3457 436 Nam
3481 382 3525 436 si
3561 382 3664 437 lm—

402 469 518 535 lux,
546 479 603 523 et
630 469 830 533 lucere,
854 476 905 520 et
936 468 1149 532 lucens;
1178 469 1254 522 sic
1284 478 1409 521 sunt
1437 471 1505 523 ad
1529 488 1588 523 se
1626 471 1864 523 iuvit-em
1912 471 1982 503 "9

398 558 816 622 essentia.eSSt-,
844 566 1037 617 eteus.
1070 560 1170 609 hoc
1214 568 1295 611 est
1340 560 1595 622 existens,
1646 561 1759 613 sive
1809 561 1983 619 subsi-

398 660 572 705 stens.
597 646 736 717 Ergo
765 660 973 705 summa
1003 650 1257 712 essentia,
1289 660 1345 703 et
1373 665 1737 721 summeesse,
1761 662 1813 704 et
1837 667 1983 704 sum-

400 752 492 792 me
524 754 643 803 ens,
678 740 729 791 id
762 749 845 794 est
873 740 1371 803 sum‘tneexisteus,
1396 741 1509 794 sire
1553 757 1763 794 sttuuue
1806 742 1982 795 subsi-

398 838 555 882 stens
581 844 685 881 non
714 827 1048 883 dissimiliter
1074 814 1173 882 sibi
1202 816 1548 895 convenient,
1594 846 1755 899 quam
1786 832 1898 895 lux,
1928 839 1983 885 et

405 917 610 981 lucere,
633 929 687 972 et
712 918 919 985 lucens.

798 1058 801 1061 ν
831 1030 1057 1085 CAPUT
1098 978 1340 1101 νιῆηιἾ
1375 1030 1460 1101 νη
1493 1032 1577 1082 ηο.

439 1120 718 1184 Quomodo
744 1122 851 1176 alia
882 1123 1056 1175 omnia
1086 1124 1187 1175 sint
1217 1140 1309 1189 per
1330 1123 1499 1188 illam,
1551 1134 1598 1177 et
1622 1140 1687 1177 ex
1724 1124 1815 1177 illa
1863 1126 1949 1178 "‘.

399 1208 746 1266 Cuasrecros
782 1210 1306 1265 cutus—Utrum
1344 1207 1536 1264 cuneta
1568 1212 1677 1264 sint
1711 1226 1807 1280 per
1832 1228 1981 1265 Sttzu-

478 1296 627 1332 mam
651 1280 794 1333 illam
813 1291 1085 1342 naturam,
1115 1287 1173 1331 ut
1192 1295 1410 1333 causam
1434 1280 1775 1343 ellicieutem,
1803 1282 1885 1336 vel
1918 1298 1979 1335 ex

475 1348 590 1409 illa,
620 1357 871 1416 tanquam
895 1361 959 1400 ex
984 1348 1228 1416 materia,
1261 1350 1341 1403 sic
1385 1350 1675 1416 inquiritur
1701 1368 1714 1401 :
1746 1349 1985 1415 Quatuor

399 1466 403 1470 .
476 1415 744 1487 eletnenta
779 1419 895 1487 sine
917 1417 1029 1487 suis
1078 1415 1286 1487 formis,
1336 1415 1471 1485 quas
1518 1419 1877 1487 conspicimus
1930 1420 1982 1471 in

478 1486 640 1539 rebus
671 1486 949 1554 formatis,
998 1484 1217 1554 intelligi
1266 1496 1510 1553 possunt.
1569 1484 1693 1541 llzec
1740 1487 1984 1541 informis

475 1569 571 1607 seu
599 1552 818 1607 confusa
845 1570 1033 1608 eorum
1063 1552 1419 1609 naltira’unde
1458 1556 1574 1609 est?
1600 1559 1650 1608 l.
1695 1557 1750 1609 Si
1780 1570 1845 1608 ex
1888 1558 1984 1609 ali-

473 1636 578 1690 qua
605 1624 825 1675 materia
855 1633 959 1685 εει.
1018 1623 1098 1675 vel
1123 1632 1205 1676 est
1243 1638 1308 1676 ex
1332 1639 1540 1689 summa
1573 1633 1778 1679 natura.
1806 1626 1887 1678 vel
1915 1642 1977 1677 ex

476 1690 677 1761 seipsa,
703 1692 784 1748 vel
810 1707 875 1751 ex
903 1693 1077 1761 aliqua
1106 1692 1266 1747 tertia
1293 1693 1547 1756 essentia,
1569 1708 1688 1760 qua:
1717 1693 1857 1750 nulla
1881 1704 1981 1749 est.
2020 1704 2057 1758 ι]

476 1758 593 1812 Non
616 1773 681 1812 ex
709 1775 795 1825 se;
825 1772 933 1814 tum
957 1758 1080 1830 quia
1113 1762 1227 1813 haec
1262 1777 1368 1814 non
1397 1777 1493 1829 per
1516 1777 1575 1815 se
1588 1758 1696 1815 Tsed
1722 1775 1814 1828 per
1839 1762 1981 1815 aliml

473 1838 580 1910 est,
616 1838 726 1910 tum
758 1830 882 1910 quia
908 1845 1029 1883 cum
1058 1830 1186 1908 nihil
1215 1830 1573 1897 sitposterius
1621 1831 1817 1910 seipse,
1851 1832 1981 1885 nihil

478 1907 563 1957 est
591 1898 941 1962 materialiter
963 1914 1029 1953 ex
1058 1898 1233 1966 seipso
1259 1917 1271 1953 :
1303 1915 1406 1951 non
1429 1914 1493 1951 ex
1525 1898 1745 1952 materia
1771 1914 1981 1953 suunua

480 1977 713 2028 natune;
740 1966 973 2035 alioquin
998 1982 1065 2020 ex
1094 1968 1203 2035 ipsa
1234 1966 1432 2035 aliquid
1465 1967 1641 2022 minus
1668 1970 1777 2035 ipsa
1808 1969 1978 2035 lieret.

476 2046 531 2093 et
554 2035 919 2105 proindeipsa
948 2045 1247 2091 mutaretur
1274 2046 1329 2089 et
1351 2047 1785 2104 corrumperetur
1811 2038 1983 2105 :quod

478 2104 945 2174 nefasestdicere;
970 2105 1024 2157 2.
1055 2105 1169 2160 Non
1201 2115 1282 2158 est
1310 2106 1531 2166 bonum,
1572 2120 1667 2173 per
1691 2107 1832 2174 quod
1864 2104 1982 2158 nm~

481 2182 630 2243 tatur
661 2171 741 2226 vel
764 2174 1129 2239 corrumpitur
1150 2188 1419 2226 summum
1466 2171 1681 2227 bonum.
1710 2171 1801 2227 'At
1825 2176 1983 2243 quid.
2028 2220 2037 2227 ,

487 2242 615 2308 quid
644 2250 746 2303 est,
772 2254 869 2309 per
896 2256 1160 2312 summam
1185 2243 1472 2295 essentiam
1498 2253 1598 2296 est.
1628 2243 1769 2311 Ergo
1796 2242 1981 2312 siquid

477 2322 557 2367 (εει
590 2324 656 2362 ex
679 2311 877 2363 summi
921 2310 1044 2363 boui
1098 2312 1340 2371 materia,
1379 2326 1641 2364 summam
1692 2310 1981 2367 essentiam

482 2377 850 2444 corrumpitur
878 2386 932 2432 et
955 2386 1194 2432 mutatur
1228 2394 1495 2433 summum
1529 2380 1746 2435 bonum.
1809 2382 1876 2434 Et
1907 2382 1980 2433 ita

480 2460 760 2518 summum
781 2446 1003 2518 bonum,
1030 2447 1439 2518 nullateuusest
1462 2449 1662 2503 bonum
1687 2463 1702 2501 :
1732 2452 1873 2518 quod
1901 2458 1985 2503 est

480 2515 885 2569 inconveniens.
913 2514 1053 2583 Ergo
1082 2516 1225 2569 nulla
1255 2516 1429 2569 minor
1460 2521 1649 2571 natur‘a
1692 2514 1782 2577 ,es't
1814 2530 1984 2572 tnate-

479 2584 686 2636 rialiter
716 2598 781 2635 ex
812 2598 1021 2635 summa
1051 2593 1263 2636 natura.
1296 2584 1442 2640 Ergo
1483 2587 1870 2639 eletnentoruut
1898 2602 1985 2640 es-

479 2652 649 2706 sentia
678 2666 743 2704 ex
772 2651 915 2703 nulla
947 2652 1166 2721 materia
1191 2662 1293 2705 est.
1353 2625 1494 2721 Elige
1518 2670 1725 2708 stultitia
1748 2657 1981 2709 essentia

422 2730 427 2733 ‘
480 2729 896 2841 tautarturerum
929 2719 1123 2774 molem
1146 2721 1259 2775 sola
1309 2735 1405 2789 per
1433 2719 1682 2791 ﬁseipsatn
1729 2726 1985 2793 produxit

476 2801 545 2841 ex
574 2804 664 2841 ιιιι
707 2804 758 2840 o.

476 2801 545 2845 εἰ
574 2801 758 2841 ιιιιιυο.

482 2896 667 2948 Restat
699 2911 840 2948 nunc
870 2896 937 2949 de
964 2911 1144 2948 rerum
1195 2911 1383 2949 earum
1427 2900 1809 2959 universitate,
1860 2916 1981 2968 quae

2083 472 2171 541 jus
2204 470 2442 523 materia:
2470 479 2548 522 est
2577 469 2755 538 aliqua
2782 471 3026 535 materia,
3075 470 3163 524 illa
3224 473 3403 526 verius
3456 472 3522 504 ⁸⁸⁸
3575 483 3665 527 est

2089 576 2359 628 corporea:
2390 560 2757 613 universitatis
2789 562 3030 613 materia.
3062 562 3116 615 Si
3148 561 3312 630 igitur
3333 562 3661 617 universitas
3714 602 3717 605 γ

2089 667 2291 714 rerum,
2333 666 2427 705 seu
2460 651 2774 718 visibilium,
2804 668 2896 705 seu
2933 652 3280 707 invisihilinm
3324 663 3406 708 est
3445 669 3511 707 ex
3570 656 3669 708 ali-

2085 758 2188 811 qua
2217 743 2461 803 materia,
2496 743 2737 810 profecto
2773 760 2877 797 non
2926 744 3099 796 solum
3137 760 3239 798 non
3286 755 3461 814 potest
3510 762 3663 812 esse,

2088 833 2180 885 sed
2212 848 2307 885 nec
2331 833 2431 886 dici
2457 843 2631 901 potest
2651 848 2770 886 esse
2797 848 2862 886 ex
2894 832 3001 884 alia
3036 833 3101 864 ⁸³⁸
3134 838 3380 895 materia,
3404 848 3566 904 quam
3596 850 3664 890 ex

2087 939 2297 976 summa
2333 934 2545 989 natura,
2586 914 2772 976 antex
2798 939 2856 977 se
2887 923 3022 991 ipsa,
3053 931 3146 975 aut
3174 938 3237 975 ex
3281 923 3456 991 aliqua
3507 926 3664 978 tertia

2088 1013 2155 1043 “°
2184 1013 2446 1075 essentia;
2480 1028 2600 1081 qua:
2629 1013 2810 1080 utique
2833 1013 2973 1065 nulla
3003 1022 3107 1068 est.
3152 1013 3358 1081 Quippe
3386 1013 3515 1067 nihil
3542 1030 3664 1067 omo

2088 1102 2216 1155 uiuo
2242 1102 2324 1155 vel
2356 1102 2584 1171 cogitari
2614 1112 2790 1170 potest
2815 1116 2937 1157 csse
2981 1112 3176 1169 praeter
3208 1103 3333 1155 illttd
3391 1117 3661 1155 summum

2085 1196 2348 1255 omnium,
2370 1194 2513 1262 quod
2534 1202 2618 1247 est
2646 1208 2741 1260 per
2768 1194 3040 1262 seipsum;
3073 1200 3129 1253 et
3150 1193 3552 1247 universitatem
3578 1207 3663 1246 eo-

2088 1300 2203 1337 rttm
2228 1300 2346 1352 quae
2375 1299 2481 1337 non
2512 1299 2608 1353 per
2629 1300 2711 1347 se,
2744 1284 2835 1337 sed
2864 1299 2959 1353 per
3005 1283 3145 1339 idem
3169 1298 3437 1337 summum
3485 1290 3617 1338 sunt
3648 1299 3663 1337 :

2086 1384 2254 1442 quare
2286 1374 2427 1442 quod
2458 1373 2604 1427 nullo
2634 1374 2793 1427 modo
2819 1372 3019 1442 aliquid
3045 1382 3150 1437 est,
3180 1372 3377 1426 nullius
3416 1374 3504 1426 -rei
3548 1386 3664 1427 tua-

2088 1466 2220 1518 teria
2249 1475 2351 1518 est.
2384 1463 2461 1516 Ex
2490 1479 2584 1517 sua
2611 1477 2737 1518 vero
2764 1475 2953 1517 natura
2971 1478 3159 1516 rerum
3185 1463 3526 1525 universitas,
3541 1477 3660 1533 qme

2087 1570 2182 1624 per
2210 1572 2266 1608 se
2294 1571 2396 1607 non
2424 1565 2528 1616 est,
2580 1569 2703 1607 esse
2736 1569 2843 1608 non
2895 1563 3103 1623 potest;
3151 1534 3409 1622 quoniam
3455 1554 3500 1607 si
3559 1556 3663 1608 hoc

2086 1653 2248 1704 esset,
2278 1644 2458 1712 aliquo
2485 1643 2643 1696 modo
2671 1652 2813 1695 esset
2847 1657 3014 1710 perse
3042 1651 3097 1695 et
3142 1657 3240 1708 per
3284 1642 3448 1703 aliud,
3497 1655 3660 1710 quant

2088 1746 2181 1800 per
2217 1732 2266 1783 id
2301 1746 2396 1799 per
2425 1727 2565 1799 quod
2591 1739 2717 1782 sunt
2757 1738 2981 1793 cuncta,
3012 1739 3066 1783 et
3094 1744 3198 1782 non
3232 1738 3377 1785 esset
3408 1727 3580 1780 solum
3606 1729 3675 1780 id'

2084 1836 2179 1888 per
2201 1819 2341 1887 quutl
2374 1828 2566 1871 cuncta
2617 1826 2741 1871 sunt
2773 1835 2784 1869 :
2815 1833 2937 1885 qua:
2983 1817 3165 1870 omnia
3222 1824 3344 1869 sunt
3376 1815 3509 1869 falsa
3567 1812 3659 1868 “'.

2085 1912 2236 1970 Item,
2269 1924 2428 1963 omne
2452 1909 2593 1977 quod
2621 1923 2684 1961 ex
2720 1907 2942 1963 materia
2969 1916 3074 1973 est,
3104 1923 3172 1963 ex
3223 1907 3329 1960 alio
3377 1915 3461 1962 est
3494 1907 3581 1971 “',
3606 1916 3665 1962 et

2083 2001 2352 2069 posterius
2380 2010 2460 2053 est
2484 2016 2577 2060 eo;
2620 2000 2872 2066 quoniam
2919 1999 3081 2068 igitur
3122 1999 3275 2069 nihil
3306 2007 3389 2052 est
3437 1996 3579 2052 aliud
3629 2014 3659 2051 a

2084 2092 2283 2157 seipse,
2314 2089 2392 2142 vel
2417 2090 2686 2158 posterius
2717 2089 2915 2165 seipse,
2947 2088 3298 2156 consequitur
3350 2095 3406 2140 ttt
3431 2088 3562 2159 nihil
3587 2089 3659 2143 sit
3738 2130 3745 2135 .

2091 2181 2441 2237 materialiter
2460 2195 2522 2235 ex
2548 2180 2743 2248 seipse.
2776 2181 2845 2232 At
2867 2180 2911 2233 si
2939 2194 3006 2233 ex
3059 2178 3125 2210 m
3173 2194 3399 2232 sumunt:
3456 2188 3664 2232 natura:

2088 2271 2312 2329 materia
2345 2279 2519 2341 potest
2568 2282 2690 2323 esse
2738 2269 2939 2337 aliquid
2973 2267 3150 2324 minus
3194 2267 3332 2336 ipsa,
3391 2282 3660 2321 sumtnunt

2086 2364 2281 2414 bonum
2312 2356 2592 2413 mntari’et
2617 2359 2889 2427 corrumpi
2933 2366 3110 2431 potest
3134 2373 3157 2423 ἐς
3201 2355 3343 2425 quod
3379 2354 3531 2410 nefas
3574 2366 3658 2413 est

2086 2453 2289 2506 dicere.
2324 2452 2685 2521 Quapropter,
2715 2450 2969 2518 quoniam
2994 2463 3155 2503 omne
3179 2448 3324 2515 quod
3373 2446 3520 2523 aliud
3577 2457 3663 2500 est

2084 2559 2245 2612 quant
2270 2543 2405 2609 ipsa,
2439 2544 2616 2595 minus
2642 2551 2726 2595 est
2775 2541 2916 2609 ipsa;
2958 2539 3285 2607 impossibile
3333 2545 3417 2592 est
3454 2536 3659 2605 aliquid

2086 2635 2228 2686 aliud
2260 2634 2362 2686 hoc
2393 2632 2550 2685 modo
2576 2646 2699 2703 esse
2738 2645 2803 2683 es
2841 2631 2960 2699 ipsa
2983 2628 3069 2683 ³⁸⁵.
3100 2626 3347 2695 Amplius
3376 2644 3390 2679 :
3426 2624 3654 2680 Dubium

2086 2739 2192 2775 nun
2216 2731 2297 2776 est
2323 2723 2444 2790 quia
2478 2718 2779 2777 nullatenus
2806 2729 2890 2774 est
2912 2720 3134 2781 bonum,
3166 2733 3259 2786 per
3286 2718 3427 2790 quod
3480 2728 3658 2770 muta-

2088 2739 2192 2775 tum
2216 2733 2297 2776 est
2323 2738 2444 2790 quta
2478 2733 2779 2777 nullatenus
2806 2733 2890 2774 est
2912 2733 3134 2781 bonum,
3166 2733 3259 2786 per
3326 2733 3427 2771 nou
3480 2733 3652 2770 tnuta-a

2088 2821 2175 2864 tur
2206 2812 2285 2863 vel
2314 2813 2676 2880 corrumpitur
2703 2826 2973 2865 summum
3027 2810 3247 2862 bonum.
3286 2733 3440 2875 δυυά
3472 2808 3515 2862 si
3547 2822 3652 2875 qua

2088 2902 2263 2954 minor
2298 2911 2484 2959 natura
2512 2910 2595 2953 est
2621 2917 2687 2953 ex
2714 2900 2907 2953 summi
2949 2898 3073 2952 boui
3102 2899 3346 2963 materia,
3372 2913 3492 2951 cum
3516 2892 3646 2949 nihil

402 3002 507 3061 Ρετ
540 2984 682 3036 alii“!
711 2992 857 3045 ευηιν
906 2983 1175 3037 discum“?
1223 2984 1491 3050 ίιυοιιιυιιυ
1544 2986 1652 3037 Sil“
1700 3001 1796 3053 P9!“
1841 3003 1981 3040 50W
2012 3024 2054 3083 ο
2085 2992 2155 3046 sit
2178 2991 2529 3060 undecunque
2558 2991 2625 3022 ⁸³⁵
2656 2990 2759 3043 uisi
2786 3005 2883 3059 per
2913 2988 3177 3044 summam
3202 2988 3513 3053 essentiam,
3544 3002 3658 3040 mu-.

403 3060 553 3127 mam
580 3071 953 3135 substantiam,
986 3081 1167 3125 utrum
1190 3073 1315 3141 quia
1369 3074 1484 3142 ipsa
1517 3074 1648 3127 fecit
1702 3075 1977 3139 universa,

402 3173 501 3222 aut
522 3162 647 3231 quia
670 3161 890 3225 materia
920 3160 1021 3213 fuit
1044 3161 1441 3215 universorum.
1484 3160 1598 3215 Non
1646 3162 1791 3219 enim
1843 3179 1979 3231 opus

403 3260 490 3314 est
520 3265 760 3320 quaerere
782 3259 959 3305 utrum
985 3251 1106 3306 ideo
1130 3252 1240 3305 sint
1266 3252 1334 3283 "'
1363 3252 1613 3307 universa
1643 3268 1740 3321 per
1763 3252 1932 3321 ipsam
1963 3271 1979 3319 ;

404 3344 534 3413 quia
562 3342 667 3395 alio
688 3341 921 3397 faciente
945 3381 960 3407 ,
1011 3351 1105 3396 aut
1131 3341 1236 3394 alia
1272 3343 1503 3398 materia
1549 3342 1837 3406 existente,
1891 3343 1978 3396 illa

407 3441 617 3487 tantum
642 3432 881 3499 quolibet
900 3430 1081 3495 modo,
1134 3440 1193 3485 ut
1223 3446 1527 3487 resomnes
1572 3440 1775 3496 essent,
1826 3434 1980 3501 adju-

405 3519 548 3575 verit
575 3519 642 3550 ³³³
661 3534 783 3581 cum
806 3526 1065 3589 repugnet
1096 3520 1179 3572 his
1213 3534 1331 3587 qua:
1350 3518 1463 3585 jam
1492 3534 1652 3587 supra
1675 3528 1977 3585 patuerunt,

402 3612 455 3664 si
494 3611 730 3663 secundo
759 3610 874 3664 loco
906 3619 1089 3664 etnon
1118 3610 1490 3677 principaliter
1531 3611 1641 3663 sint
1667 3626 1761 3677 per
1789 3611 1977 3679 ipsam,

404 3715 742 3769 quacunque
764 3708 911 3754 sunt.
947 3700 1186 3754 Primum
1235 3701 1419 3768 itaque
1452 3701 1585 3754 mihi
1631 3702 1979 3769 quau-endam

404 3802 532 3845 esse
563 3797 690 3856 puto
727 3797 905 3843 utrum
937 3790 1259 3845 universitas
1292 3805 1493 3852 rerum,
1548 3805 1667 3859 qua:
1698 3804 1794 3858 per
1838 3791 1981 3850 aliud

407 3892 559 3945 sunt,
589 3884 658 3937 sit
692 3899 758 3937 ex
788 3884 966 3952 aliqua
990 3886 1235 3951 materia.
1276 3885 1389 3941 Non
1439 3894 1620 3939 autem
1661 3878 1847 3941 dubito
1868 3902 1983 3940 om-

408 3988 537 4040 nem
565 3974 701 4028 hanc
726 3974 795 4006 ⁸³⁵
820 3976 1007 4028 mundi
1029 3975 1246 4041 molem,
1268 3992 1390 4030 cum
1422 3977 1665 4045 partibus
1693 3978 1828 4039 suis,
1872 3978 1980 4029 sic-

408 4075 471 4121 ut
508 4064 751 4141 videmus
778 4105 794 4129 ,
847 4063 1128 4119 formatam
1157 4076 1407 4119 constare
1434 4056 1673 4119 exterra
1718 4075 1771 4119 et
1818 4082 1980 4135 aqua,

408 4164 465 4213 et
493 4168 621 4209 aere
644 4163 698 4207 et
725 4155 847 4225 igne
874 4172 887 4207 :
914 4169 1056 4223 quae,
1086 4156 1313 4220 scilicet,
1336 4165 1569 4225 quatuor
1593 4158 1661 4188 “'
1690 4156 1978 4222 elementa,

408 4246 594 4312 aliquo
614 4245 771 4300 modo
794 4244 1015 4313 intelligi
1046 4256 1268 4315 possunt
1290 4246 1357 4279 ⁸³⁸
1384 4246 1503 4302 sine
1531 4248 1615 4301 his
1638 4246 1825 4301 formis
1847 4229 1982 4317 quas

409 4334 773 4401 conspicimus
794 4334 848 4388 in
888 4336 1049 4389 rebus
1071 4335 1336 4401 formatis,
1385 4347 1445 4389 ut
1490 4351 1680 4390 eorum
1735 4338 1980 4392 informis

411 4423 691 4477 autetiam
711 4423 935 4478 confusa
970 4435 1158 4479 natura
1185 4428 1432 4482 videatur
1460 4442 1579 4483 esse
1610 4428 1835 4481 materia
1868 4443 1981 4482 om-

412 4517 563 4572 nium
588 4530 869 4582 corporum
900 4516 1012 4570 suis
1063 4517 1250 4571 formis
1304 4519 1694 4583 diseretorum;
1746 4534 1850 4571 non
1898 4519 1982 4572 in-

410 4620 595 4675 quam,
627 4605 729 4660 hoc
760 4606 976 4677 dubito;
1001 4608 1094 4662 sed
1127 4623 1331 4676 quaero,
1383 4609 1522 4664 unde
1566 4610 1679 4663 lucc
1736 4610 1849 4675 ipsa
1886 4609 1973 4670 η’,

2010 4376 2059 4434 D

2089 3090 2233 3135 tatur
2256 3088 2310 3132 et
2338 3079 2700 3147 corrumpitur
2727 3094 2997 3136 summum
3030 3079 3226 3131 bonum
3258 3076 3323 3108 ⁸⁸⁸
3347 3091 3442 3144 per
3458 3070 3651 3143 ipsam:

2084 3182 2252 3235 quare
2282 3182 2489 3221 summa
2515 3167 2771 3230 essentia,
2799 3166 2849 3234 7
2880 3181 3000 3233 quae
3027 3175 3111 3218 est
3151 3166 3322 3233 ipsum
3378 3169 3651 3218 summum

2086 3256 2306 3320 bonum,
2364 3254 2668 3309 nullatenus
2696 3264 2777 3308 est
2807 3255 3037 3319 bonum;
3087 3254 3229 3322 quod
3282 3262 3365 3307 est
3401 3253 3657 3305 inconves

2088 3346 2261 3398 uieus.
2287 3344 2441 3397 Nulla
2472 3344 2632 3411 igitur
2664 3345 2839 3398 minor
2858 3352 3051 3398 natura
3078 3342 3429 3398 materialiter
3469 3350 3555 3397 est
3588 3356 3656 3402 ex

2086 3449 2296 3488 summa
2333 3444 2549 3492 natura.
2576 3434 2712 3489 Cum
2743 3434 2907 3503 igitur
2933 3449 3119 3505 eorum
3172 3434 3482 3498 essentiam,
3535 3446 3657 3502 qua:

2086 3544 2182 3600 per
2206 3527 2351 3580 aliud
2374 3534 2520 3591 sunt,
2557 3533 2768 3580 constet
2791 3541 2898 3579 non
2925 3540 3045 3579 esse
3086 3524 3230 3579 velut
3275 3538 3340 3579 ex
3401 3522 3654 3589 materia,
3732 3522 3744 3528 “

2084 3634 2155 3673 ex
2174 3631 2383 3671 summa
2408 3615 2663 3679 essentia,
2692 3629 2790 3669 nec
2812 3630 2878 3668 ex
2904 3630 2983 3676 se,
3032 3629 3135 3668 nec
3178 3630 3242 3667 ex
3273 3614 3379 3666 alio
3416 3612 3511 3679 .“7,
3544 3628 3659 3665 tua.

2086 3706 2337 3763 ttifestum
2364 3715 2449 3759 est
2470 3707 2597 3774 quia
2632 3720 2697 3759 ex
2720 3704 2863 3759 nulla
2892 3707 3116 3761 materia
3147 3714 3248 3759 est.
3276 3703 3474 3771 Quare,
3524 3718 3659 3772 quo.

2086 3797 2230 3851 niam
2256 3796 2516 3866 quidquid
2551 3805 2634 3849 est
2662 3812 2758 3863 per
2775 3812 3043 3850 summam
3073 3796 3367 3851 essentiam
3396 3804 3499 3858 est,
3553 3810 3655 3850 nec

2086 3901 2180 3953 per
2202 3886 2374 3953 ipsam
2402 3885 2607 3952 aliquid
2633 3885 2776 3942 aliud
2799 3900 2920 3941 esse
2949 3895 3125 3955 potest
3151 3885 3252 3939 nisi
3308 3900 3370 3939 ea
3424 3894 3519 3939 aut
3566 3886 3659 3939 ἠι-

2085 3976 2261 4029 ciente
2290 3983 2383 4029 aut
2408 3974 2631 4027 materia
2658 3974 2948 4039 existente,
2975 3975 3327 4043 consequitur
3354 3974 3420 4027 de
3463 3987 3658 4029 neces-

2084 4066 2265 4129 sitate,
2295 4074 2352 4117 ut
2374 4072 2568 4133 pneter
2590 4079 2709 4117 eam
2744 4065 2875 4118 nihil
2903 4065 2995 4127 sit,
3043 4064 3145 4121 nisi
3196 4078 3260 4118 ea
3296 4063 3551 4128 faciente,
3604 4073 3660 4121 et

2085 4155 2340 4223 quoniam
2375 4152 2507 4205 nihil
2529 4153 2671 4206 aliud
2698 4163 2786 4207 est
2814 4153 2896 4209 vel
2923 4154 3041 4216 fuit,
3070 4154 3174 4221 ttisi
3201 4154 3315 4217 illa,
3337 4162 3394 4211 et
3418 4168 3535 4221 qua:
3567 4152 3645 4206 fa-

2085 4235 2174 4297 cta
2194 4252 2319 4296 sunt
2345 4243 2412 4297 ab
2440 4242 2546 4304 illa,
2572 4243 2703 4296 nihil
2725 4245 2947 4303 omnino
2979 4241 3154 4297 facere
3178 4245 3349 4311 potuit
3371 4257 3468 4310 per
3484 4240 3660 4306 aliud,

2088 4333 2169 4386 vel
2194 4334 2633 4395 instrumentum,
2664 4333 2746 4385 vel
2774 4331 3177 4398 adiumentum,
3227 4347 3389 4401 quam
3438 4345 3534 4397 per
3570 4345 3659 4384 se.

2085 4426 2279 4492 ipsam.
2307 4422 2375 4475 At
2404 4437 2566 4476 omne
2591 4421 2659 4453 “‘
2687 4423 2829 4490 quod
2859 4422 2986 4475 iecit
3007 4462 3024 4486 ,
3069 4422 3187 4475 sine
3218 4421 3380 4474 dubio
3415 4429 3508 4474 aut
3532 4420 3659 4476 fecit

2079 4532 2147 4569 ex
2176 4514 2380 4582 aliquo,
2404 4513 2549 4565 velut
2574 4526 2639 4565 ex
2673 4512 2927 4575 materia;
2958 4520 3051 4564 aut
3076 4526 3143 4565 ex
3171 4510 3361 4565 nihilo.
3389 4509 3657 4575 Quoniam

2079 4608 2244 4674 igitur
2274 4604 2573 4658 certissime
2597 4611 2741 4671 patet
2772 4601 2896 4670 quia
2944 4600 3183 4655 essentia
3232 4601 3493 4661 omnium,
3533 4613 3658 4667 qua}

1632 4680 1890 4752 munit:
1925 4695 2323 4751 LECTIONES.
3255 4729 3258 4732 η

486 4766 554 4796 ¹¹⁹
596 4763 733 4819 Sunt
775 4766 842 4819 ad
879 4766 1102 4821 invicem
1159 4784 1283 4821 mss.
1349 4766 1478 4820 Vict.
1525 4780 1650 4822 sunt
1711 4769 1777 4821 ad
1824 4785 1883 4819 se
1941 4769 2167 4819 inuicem

413 4834 551 4888 Tim.
606 4832 671 4885 In
716 4850 816 4887 ms.
877 4834 1060 4888 Sancti
1130 4834 1292 4889 Mirh.
1355 4837 1965 4901 distribuuntnrcaritu
2017 4848 2069 4888 ut
2121 4838 2172 4887 in
2220 4834 2369 4885 editis

410 4903 654 4973 suntne
695 4903 892 4965 nihilo,
933 4919 1036 4957 non
1096 4906 1225 4958 nihil
1278 4915 1435 4959 erant
1499 4916 1785 4973 antequam
1860 4907 2076 4967 ﬁert-ul,
2138 4914 2418 4973 qttatttutu
2460 4900 2526 4973 ad
2584 4901 2841 4973 rationem
2921 4901 3147 4953 faciens.

2293 4765 2361 4795 ¹³⁰
2416 4763 2553 4834 (lyp.
2590 4762 2751 4834 6__est
2783 4764 2829 4834 __l
2875 4762 2929 4834 iu
2986 4779 3139 4834 mss.-
3175 4758 3323 4812 Gem.
3384 4757 3538 4834 Coro:
3604 4771 3663 4810 τοι

2495 4832 2558 4861 ¹³¹
2615 4830 2715 4882 Ms.
2769 4830 2920 4881 Coro.
2989 4831 3141 4895 Quod
3201 4844 3263 4883 ea
3330 4843 3450 4896 qua:
3510 4827 3658 4885 facta

2495 4900 2526 4951 d
2584 4901 2841 4951 rationem
2921 4901 3147 4951 faciens.
3221 4896 3284 4951 Et
3344 4906 3418 4949 est
3458 4896 3655 4948 titulus

409 4969 653 5039 ιιιρὶιίεὸ
678 4973 731 5025 in
766 4974 918 5024 editis
994 4974 1060 5004 ¹³¹
1104 4975 1288 5028 Utrum
1320 4991 1347 5027 a
1383 4976 1489 5027 Deo
1516 4965 1776 5028 siut-mss.
1820 4986 1999 5027 utrum
2029 4965 2283 5027 ideo-sint
2358 4971 2424 5027 ‘3’.
2465 4969 2653 5021 Essem
2705 4971 2917 5031 εισιμινειι
2958 4986 3085 5021 mss.
3132 4965 3655 5039 εεεθιιιρηίδε¹1¹¹νὲἷίι

414 5035 484 5071 ηδ
524 5040 714 5092 Dubito
759 5041 897 5094 hanc
924 5058 1048 5095 mss.
1078 5043 1262 5097 dubito
1284 5059 1495 5098 omnem
1530 5046 1666 5096 hanc
1742 5044 1809 5074 ⁸³⁵
1851 5044 1980 5109 Qua:
2024 5055 2149 5096 sunt
2178 5051 2409 5107 quatuor
2437 5056 2560 5090 mss.
2590 5054 2729 5109 quat,
2754 5039 2984 5109 scilicet,
3017 5049 3248 5109 quatuor
3323 5035 3654 5109 "‘lntelligi

410 5124 570 5178 posse
600 5125 723 5162 mu.
773 5110 993 5177 intelligi
1021 5121 1245 5178 possunt

1341 5112 1403 5142 ¹³⁷
1448 5112 1597 5167 Unde
1625 5112 1708 5165 hie
1746 5114 1860 5179 ipsa
1889 5130 2015 5172 mss.
2042 5114 2181 5165 unde
2212 5112 2325 5163 lure
2368 5110 2479 5173 ipsa

409 5177 611 5251 Potest
636 5192 709 5251 es
738 5179 840 5251 alia
871 5196 993 5251 mss.
1026 5177 1170 5233 Gem.
1197 5180 1350 5235 Corb.
1386 5180 1514 5234 Vict.
1551 5180 1608 5235 S.
1660 5177 1821 5235 Mich.
1863 5191 2038 5251 potest
2068 5196 2187 5235 esse
2226 5195 2290 5251 ex
2318 5179 2423 5251 alia

2585 5108 2650 5138 ⁸³⁸
2685 5107 2797 5161 Alia
2833 5107 3009 5160 verius
3038 5104 3162 5160 inst.
3191 5106 3276 5159 illa
3312 5106 3492 5159 verius
3584 5104 3652 5135 "’

2526 5176 2592 5213 “°
2630 5177 2707 5232 Et
2737 5178 2914 5245 aliqua
2945 5176 3097 5229 tertia
3127 5193 3251 5230 mss.
3284 5175 3417 5228 Tim.
3449 5188 3512 5226 ex
3544 5171 3648 5245 alia

411 5246 569 5318 tertia
643 5246 712 5312 _‘“
744 5248 1012 5318 Quoniam
1045 5266 1139 5318 per
1169 5251 1217 5301 id
1241 5268 1335 5318 per
1364 5253 1502 5318 quod
1528 5258 1652 5307 sunt
1681 5240 1876 5305 etutcta
1900 5268 1911 5301 :
1937 5261 1986 5302 et
2022 5267 2124 5303 non
2172 5249 2341 5303 solum
2379 5248 2428 5301 id
2462 5265 2555 5315 per
2580 5248 2720 5315 quod
2750 5240 2939 5301 cuncta
2974 5254 3119 5304 sunt.
3152 5262 3269 5313 qua:
3308 5254 3437 5298 suttt
3466 5240 3647 5318 omnia

412 5308 567 5386 falsa.
598 5308 696 5367 an.
730 5308 885 5367 eam.
920 5308 1087 5385 quam
1120 5334 1214 5385 per
1242 5308 1309 5371 'itl
1349 5308 1442 5382 per
1470 5321 1610 5386 quod
1648 5329 1766 5373 sunt
1816 5332 2008 5374 cttucta
2058 5329 2217 5382 sunt;
2254 5334 2372 5385 qua:
2414 5308 2611 5370 omnia-
2642 5319 2771 5370 falsa
2817 5326 2962 5368 sunt.
3006 5308 3317 5386 tamquam
3350 5328 3443 5386 per
3474 5312 3533 5364 i.l.
3551 5324 3650 5376 per

409 5384 552 5450 quod
575 5384 955 5455 sttuthcuncta:
982 5397 1034 5439 et
1067 5384 1169 5440 nun
1198 5400 1338 5445 esset
1375 5384 1545 5441 solum
1580 5390 1630 5441 id
1680 5405 1773 5455 per
1814 5395 1954 5452 quod
1984 5400 2177 5443 cuncta
2210 5384 2362 5451 sunt;
2394 5404 2512 5455 qua:
2538 5387 2715 5439 omnia
2750 5387 2881 5439 falsa
2907 5394 3051 5438 sunt.

1813 5459 1877 5490 ω
1920 5458 2049 5512 Esse
2079 5460 2248 5524 tttajus
2275 5458 2411 5524 ipsa.
2447 5474 2569 5509 mss.
2594 5470 2712 5509 esse
2741 5470 2804 5509 ex
2839 5456 2948 5523 ipsa

1098 5526 1162 5555 "‘5
1201 5526 1479 5579 Summum
1524 5540 1617 5591 per
1641 5528 1812 5597 ipsum
1848 5529 2043 5583 bo..um
2077 5543 2494 5582 titss..stttiitttmtt
2527 5526 2723 5579 bonum
2757 5541 2850 5599 prr
2887 5525 3057 5594 ipsam

411 5466 549 5510 mss.
568 5465 633 5504 ex
658 5452 764 5505 alio
793 5464 875 5507 est
977 5457 1041 5486 ¹²³
1080 5458 1158 5510 Ac
1186 5458 1229 5510 si
1253 5473 1317 5510 ex
1343 5474 1464 5509 mss.
1494 5467 1547 5509 at
1576 5459 1619 5511 si
1645 5452 1708 5511 ek

410 5537 537 5574 mss.
568 5520 638 5573 sit
669 5522 1020 5590 undecunque

411 5604 511 5653 nec
536 5604 599 5643 ex
631 5589 735 5643 alio
815 5592 877 5623 Μ
921 5589 993 5653 Ac
1016 5610 1170 5651 omne
1199 5612 1321 5653 mss.
1353 5608 1403 5646 at
1448 5589 1604 5655 omne

3132 5386 3197 5416 ¹³¹
3239 5385 3312 5436 Ex
3353 5382 3534 5448 aliquo
3564 5386 3647 5431 est

3049 5455 3116 5486 ³⁵⁵
3157 5455 3237 5507 Sit
3264 5463 3647 5513 nnutncunque

3158 5523 3218 5553 ι”⁷
3257 5521 3363 5575 Nec
3387 5519 3492 5577 alio
3521 5533 3642 5575 mss,
