4174 6216
462 202 552 254 Nil

456 310 716 384 quidquid
747 323 852 362 non
880 317 962 361 est
989 306 1126 358 idem
1168 299 1286 356 ile
1311 301 1535 354 Dubium
1580 307 1759 353 autent
1808 300 2019 350 nonnisi
2055 308 2097 360 Α

457 398 900 462 rationalimenti
936 410 1055 449 esse
1084 400 1277 462 potest,
1307 391 1447 459 quod
1477 398 1689 444 cuncta.
1733 401 1851 454 qua:
1884 386 2030 437 facta

454 500 602 553 sunt,
631 487 819 543 eodem
870 487 985 553 ipso
1030 485 1330 536 sustinente
1362 481 1537 549 vigent
1565 486 1636 548 ,ει
1681 483 2025 544 perseverant

453 599 576 640 csse
616 582 851 652 quandiu
899 586 1052 652 sunt.
1099 591 1205 641 quo
1253 575 1480 629 faciente
1521 574 1587 626 de
1625 571 1791 625 nihilo
1827 572 2026 624 habent

455 691 575 730 esse
608 650 750 742 quod
793 650 937 724 sunt.
979 666 1152 722 Simili
1195 680 1427 732 namque
1453 679 1550 732 per
1576 663 1757 715 omnia
1793 662 2022 724 ratione,

452 782 560 835 qua
597 765 878 818 collectum
912 771 993 815 est
1023 759 1225 824 omnia,
1253 773 1372 827 qua:
1401 765 1549 818 sunt,
1576 768 1696 808 esse
1727 769 1823 821 per
1860 768 2022 804 unum

451 851 684 922 aliquid,
718 850 860 903 unde
890 849 1062 916 ipsum
1095 846 1266 898 solum
1297 855 1378 899 est
1408 859 1504 912 per
1541 843 1774 910 seipsum
1794 881 1808 904 ,
1839 849 1893 893 et
1920 841 2021 892 alia

453 958 548 1011 per
590 940 762 1004 aliud;
815 938 997 1001 simili,
1049 939 1286 1004 inquam,
1335 937 1540 989 ratione
1581 943 1754 1004 potest
1805 932 2022 1003 probari

452 1031 577 1100 quia
652 1040 986 1095 qumcunque
1053 1025 1235 1092 vigent
1293 1040 1388 1092 per
1449 1039 1612 1075 unum
1683 1023 1882 1089 aliquid
1944 1022 2024 1072 vi-

450 1117 697 1188 geant'"
719 1135 731 1168 :
750 1122 887 1170 unde
913 1115 1040 1168 illud
1069 1114 1238 1167 solum
1259 1114 1394 1182 viget
1425 1127 1520 1177 per
1549 1112 1808 1178 seipsum,
1838 1120 1893 1163 et
1921 1111 2022 1188 alia

449 1215 551 1274 per
579 1205 741 1259 aliud.
790 1204 940 1296 Ωιικοιί
993 1205 1249 1270 quoniam
1291 1207 1441 1255 aliter
1480 1216 1619 1280 esse
1668 1216 1771 1259 non
1824 1189 2020 1269 potest,

453 1297 556 1351 nisi
595 1305 652 1350 ut
682 1311 766 1358 ea,
797 1293 915 1363 quae
949 1304 1073 1348 sunt
1103 1293 1260 1355 iacta,
1296 1307 1390 1362 per
1422 1293 1558 1346 sliud
1593 1294 1799 1360 vigeant
1828 1333 1842 1355 ,
1879 1303 1933 1345 et
1972 1293 2020 1344 id

453 1403 481 1437 a
513 1401 617 1451 quo
648 1385 784 1436 facta
816 1392 959 1444 sunt,
987 1383 1161 1451 vigeat
1191 1398 1285 1450 per
1313 1382 1570 1449 seipsum,
1603 1395 1823 1433 necesse
1852 1390 1933 1432 est
1966 1389 2021 1432 ot

451 1479 590 1532 sicut
617 1475 746 1529 nihil
772 1475 970 1528 factum
994 1483 1076 1527 cst
1102 1475 1202 1527 nisi
1232 1488 1327 1541 per
1352 1463 1670 1526 creatricem
1703 1479 2019 1538 przcsentem

448 1564 767 1639 essentiam,
804 1564 874 1614 ita
909 1561 1040 1614 nihil
1072 1562 1266 1630 vigeat,
1297 1561 1397 1614 nisi
1431 1576 1526 1630 per
1556 1562 1794 1628 ejusdem
1830 1574 2018 1642 serva-

453 1659 640 1711 tricem
663 1651 1000 1726 praasentiam
1031 1655 1119 1706 ⁵³⁸.

777 1767 834 1835 9
869 1765 1095 1820 CAPUT
1133 1763 1246 1818 XIV
1273 1763 1392 1834 [aI.,
1423 1762 1558 1832 XIII]
1593 1763 1684 1814 "‘.

453 1877 604 1942 Quod
626 1875 695 1908 ³³³
725 1876 815 1928 illa
842 1878 907 1929 sit
932 1878 983 1928 in
1008 1875 1275 1940 omnibus,
1302 1883 1349 1926 et
1375 1872 1660 1940 peremnia
1679 1881 1732 1942 et
1753 1871 1928 1923 omnia
1949 1869 2020 1901 "‘

729 1947 829 1999 sint
853 1962 916 1996 cx
947 1945 1063 2007 illa,
1093 1955 1136 1997 et
1168 1960 1258 2011 per
1280 1942 1449 2001 illaut,
1475 1944 1596 1993 etin
1626 1941 1738 1992 illa.
1773 2001 1778 2005 _

451 2062 790 2114 Cossrscrth
817 2073 1042 2112 etrtrts.
1087 2084 1158 2094 —-
1189 2053 1265 2106 Ex
1312 2068 1419 2122 quo
1464 2052 1815 2119 consequitur
1845 2060 1905 2104 ut
1946 2050 2017 2103 ibi

523 2130 636 2195 ipsa
667 2146 770 2180 non
808 2139 918 2189 est,
953 2123 1083 2195 nihil
1115 2125 1203 2176 sit.
1238 2123 1445 2195 Ubique
1472 2122 1663 2195 igitur,
1693 2130 1740 2172 ct
1781 2135 1876 2187 per
1898 2135 2016 2195 orn-

521 2189 631 2262 tiia,
663 2207 717 2250 et
747 2199 797 2248 in
825 2194 1073 2247 omnibus
1101 2203 1202 2245 est.
1237 2191 1370 2262 (lum
1400 2191 1543 2262 enim
1580 2199 1815 2262 creatum
1849 2189 2021 2262 nulla-

525 2257 679 2318 tenus
708 2266 882 2316 valeat
911 2264 1060 2316 exire
1089 2259 1324 2314 creantis
1372 2269 1426 2310 et
1468 2257 1695 2310 foventis
1744 2257 2021 2308 immensi-

522 2343 684 2386 tatem
705 2373 720 2397 ,
744 2347 936 2386 creans
955 2344 1082 2383 vero
1102 2338 1155 2380 et
1185 2326 1367 2380 fovens
1388 2326 1646 2397 excedere
1672 2326 1838 2392 possit
1861 2340 2018 2397 omne

519 2403 660 2469 quod
687 2394 927 2453 creatum
965 2409 1067 2459 est,
1121 2397 1286 2469 liquet
1338 2396 1478 2464 quod
1525 2409 1734 2464 summa
1784 2394 2016 2469 essentia

523 2462 634 2537 ipsa
661 2480 742 2521 est
770 2485 888 2536 qua:
929 2476 1119 2520 ettucta
1141 2462 1256 2537 alia
1287 2462 1464 2537 poi-tat
1486 2504 1498 2522 ,
1530 2462 1783 2529 superat,
1817 2462 2018 2537 claudit

521 2531 572 2589 et
602 2531 876 2605 penetrat;
911 2546 962 2590 et
993 2537 1104 2601 ipsa
1139 2531 1460 2605 inmunibus
1489 2539 1573 2584 est
1599 2540 1654 2582 et
1687 2545 1790 2605 per
1804 2531 2014 2592 omnia;

523 2617 579 2658 et
602 2599 742 2673 ipsa,
775 2615 829 2659 et
854 2620 948 2673 per
975 2599 1162 2671 ipsam,
1196 2611 1250 2654 et
1277 2602 1327 2653 iu
1357 2603 1465 2667 ipsa
1497 2606 1623 2652 sunt
1646 2599 1846 2651 omnia.

523 2697 674 2762 Quod
697 2696 742 2747 si
767 2697 837 2746 ita
866 2694 935 2724 ’³⁸
966 2702 1067 2755 est,
1094 2693 1200 2744 imo
1221 2691 1344 2758 quia
1368 2705 1433 2742 ex
1462 2689 1783 2742 necessitate
1807 2688 1885 2741 sic
1911 2696 2013 2746 est.

455 2784 804 2852 consequitur
832 2791 891 2836 ut
918 2781 1005 2834 ubi
1034 2782 1147 2849 ipsa
1185 2795 1288 2833 nou
1345 2789 1464 2840 est,
1502 2777 1635 2831 nihil
1677 2778 1764 2831 sit.
1810 2777 2019 2845 Ubique

454 2877 616 2945 igitur
645 2883 746 2935 est,
782 2881 835 2926 et
870 2886 966 2939 per
1013 2871 1224 2932 omnia,
1271 2880 1320 2922 ει
1369 2869 1420 2921 in
1463 2868 1734 2921 omnibus.
1784 2868 1852 2920 At
1881 2882 2018 2936 quo-

454 2944 596 3016 niam
626 2961 694 2991 ’⁸⁸
725 2955 1015 3013 absumtum
1041 2966 1143 3022 est,
1178 2965 1254 3019 ut,
1291 2956 1533 3018 scilicet,
1566 2956 2015 3022 quemadmodum
2043 2944 2087 3004 C

453 3049 758 3103 nullatenus
795 3046 992 3114 aliquid
1036 3053 1274 3097 creatum
1315 3052 1490 3111 potest
1514 3045 1663 3095 exire
1689 3045 1929 3098 creantis
1963 3052 2019 3096 et

455 3139 683 3192 foventis
711 3136 1165 3194 immensitatem;
1200 3133 1282 3185 sic
1319 3147 1507 3185 crcans
1531 3142 1586 3185 et
1608 3134 1792 3187 fovens
1818 3149 2020 3202 nequa-

453 3243 616 3297 quam
668 3228 843 3281 valeat
900 3225 1078 3292 aliquo
1118 3223 1185 3253 '"
1228 3219 1384 3275 modo
1443 3224 1705 3275 excedere
1753 3221 2015 3275 factorum

453 3299 887 3380 universitatem;
935 3316 1101 3382 liquet
1161 3312 1532 3380 quoniam,.m
1587 3312 1704 3381 ipsa
1765 3321 1849 3366 est
1901 3327 2020 3380 qum

453 3419 646 3464 cuncta
671 3408 773 3460 alia
805 3414 983 3475 portat
1007 3413 1061 3458 et
1082 3411 1322 3472 superat,
1348 3402 1546 3456 claudit
1575 3403 1642 3432 ”’
1669 3388 2014 3479 ειιιειιεειωι.

453 3498 512 3550 Si
541 3496 703 3566 igitur
727 3495 839 3549 lure
870 3494 1002 3556 illis,
1034 3507 1152 3560 quae
1184 3492 1434 3560 superius
1461 3500 1584 3545 sum
1614 3493 1850 3556 inventa,
1885 3493 2003 3561 jun-

449 3596 651 3656 gantur
671 3625 685 3646 ,
713 3584 898 3637 eadem
934 3593 1016 3635 est
1039 3597 1157 3649 qum
1199 3582 1247 3633 in
1278 3581 1524 3633 omnibus
1554 3590 1662 3642 est,
1692 3590 1743 3633 et
1776 3597 1870 3649 per
1899 3568 2015 3633 om-

452 3678 564 3736 uia,
591 3685 644 3726 et
675 3689 738 3727 ex
766 3687 890 3740 qua,
920 3679 972 3721 ct
997 3684 1088 3736 per
1118 3684 1297 3736 quam,
1327 3677 1376 3720 et
1409 3671 1457 3720 in
1488 3683 1611 3734 qua.

843 3758 1066 3813 CAPUT
1109 3758 1197 3810 XV
1237 3758 1354 3827 [ul.,
1385 3756 1523 3827 XIV}
1551 3758 1639 3808 "'°.

451 3856 524 3884 ³³⁸
565 3853 703 3917 Quid
728 3852 884 3926 possit
914 3849 983 3880 ’“
1007 3860 1094 3900 aut
1128 3865 1234 3966 not;
1250 3849 1408 3912 possit
1438 3848 1500 3899 de
1526 3846 1617 3898 illa
1645 3847 1748 3898 dici
1779 3847 2018 3899 memon-

1132 3927 1202 3966 tm
1229 3929 1341 3966 iter.

1132 3927 1341 3969 (taliter.

445 4013 797 4064 Emissae-rus
826 4023 1052 4062 CAPITIS.
1077 4031 1149 4047 -ι
1181 4005 1391 4058 Nullum
1421 4004 1471 4058 in
1507 4006 1703 4058 creatis
1733 4005 2016 4059 relativum

524 4091 608 4132 est
634 4077 982 4132 substantiale
1019 4076 1090 4128 illi
1135 4076 1200 4129 de
1231 4091 1338 4142 quo
1381 4075 1600 4128 relative
1629 4076 1843 4127 dicitur.
1879 4076 2020 4141 Ergo

526 4150 666 4215 quod
690 4149 754 4199 de
781 4162 986 4200 summa
1019 4155 1208 4197 natura
1233 4143 1452 4215 relative
1472 4144 1686 4215 dicitur,
1711 4158 1762 4194 v.
1793 4159 1844 4212 g.
1877 4144 2018 4215 quod

527 4212 701 4282 major
722 4216 790 4268 sit
817 4215 1086 4274 omnibus,
1121 4228 1223 4265 non
1266 4212 1531 4282 signiﬁcat
1562 4213 1678 4280 ejus
1704 4213 2013 4282 essentiam.

500 4333 502 4336 _
526 4277 641 4353 Ipsa
664 4285 803 4337 enim
827 4299 921 4351 per
943 4299 1000 4353 se
1021 4293 1200 4335 etnon
1230 4277 1339 4353 per'
1356 4281 1498 4353 aliud
1545 4277 1636 4353 aut
1664 4281 1734 4353 ad
1762 4281 1903 4333 aliud
1932 4291 2016 4334 cst
2046 4277 2091 4333 D

525 4350 784 4422 quidquid
821 4350 924 4406 est.
977 4352 1178 4404 Practer
1217 4350 1436 4422 relativa
1483 4351 1739 4416 quidquid
1779 4358 2013 4422 est,.aut

528 4419 700 4492 ipsum
725 4423 911 4474 melius
937 4432 1016 4474 est
1040 4435 1198 4488 quam
1228 4435 1328 4471 non
1361 4419 1564 4486 ipsum;
1595 4428 1686 4470 aut
1713 4434 1815 4471 non
1841 4421 2011 4486 ipsum

1821 181 2142 238 llONOLOG
2154 182 2167 234 |
2179 179 2292 234 ΗΜ.

3584 183 3684 236 162

2199 294 2250 345 iu
2281 294 2458 369 aliquo
2489 292 2678 369 melius
2723 302 2800 346 est
2835 306 2995 362 quam
3041 293 3232 361 ipsum.
3267 293 3444 364 Ipsum
3475 312 3580 354 non
3608 301 3686 369 ip-

2202 379 2321 417 Sum
2384 361 2738 429 intelligitur.
2788 361 3080 436 ut.’\v_erum
3133 378 3236 436 non
3271 361 3477 436 _ventm
3503 395 3529 428 ,-
3569 361 3692 422 ro'r-

2197 448 2296 500 pus
2325 446 2428 483 non
2453 446 2646 497 corpus
2673 437 2763 501 ,ει
2785 430 2885 483 alia
2903 430 3249 497 lutjusmodi.
3271 432 3444 501 Ipsum
3471 476 3486 499 ,
3518 447 3578 489 ιιι
3603 453 3689 492 sa-

2127 521 2131 526 -
2197 499 2380 569 piens,
2407 510 2490 553 est
2534 499 3071 573 s_intplic_i_ter-melius
3116 499 3430 568 quam‘non
3478 507 3688 573 ipsum,

2195 566 2288 622 seu
2321 585 2425 622 non
2452 566 2689 637 sapiens.
2727 566 2839 620 Non
2865 567 3066 636 ipsum,
3107 566 3163 622 ιιί
3183 609 3199 631 ,
3232 585 3338 622 non
3371 566 3584 637 auru'm,
3611 566 3693 630 est

2200 638 2251 690 iu
2277 640 2453 702 aliquo
2477 636 2668 690 melius
2695 650 2854 702 quam
2881 637 3051 704 ipsum
3072 678 3087 699 ,
3132 639 3248 690 sive
3292 655 3504 693 aurum.
3529 643 3584 697 St
3608 660 3691 697 m—

2199 721 2342 758 mutn
2376 722 2478 758 non
2505 716 2588 758 est
2611 708 2830 780 omnino
2867 715 2917 780 et
2958 705 3502 780 situplicitenntelius
3528 728 3688 780 quam

2198 789 2302 826 non
2341 788 2643 835 sumntum;
2673 775 2796 840 quia
2835 772 3115 826 relativum
3141 786 3243 828 est.
3275 776 3388 830 Non
3418 772 3687 834 summum

2197 859 2303 896 non
2331 855 2413 895 est
2439 844 2489 895 in
2516 842 2695 910 aliquo
2713 843 2899 895 melius
2924 856 3082 909 quam
3107 859 3394 898 summum.
3429 846 3688 904 Neutrum

2195 913 2438 980 designat
2459 926 2682 964 summa:
2705 923 2908 963 na'urre
2936 912 3244 968 esSentiam.
3263 912 3479 967 Summa
3503 926 3647 969 natur
3663 931 3693 970 ι

2195 989 2280 1058 est
2307 979 2563 1058 q..i._lquid
2583 979 2809 1058 omnino
2831 980 3124 1058 Inetius_est
3148 997 3316 1058 quam
3340 999 3446 1036 non
3471 985 3644 1053 ipsum
3676 1005 3687 1037 :

2197 1047 2312 1120 ipsa
2341 1047 2485 1100 enim
2520 1048 2630 1120 sola
2654 1057 2868 1120 est_qua_
2908 1049 3038 1120 nihil
3074 1047 3266 1104 melius
3289 1090 3304 1111 ,
3340 1062 3395 1106 et
3430 1047 3548 1120 quae
3574 1071 3692 1108 om-

2197 1117 2355 1188 nibus
2384 1127 2466 1188 est
2489 1115 2698 1170 melior.
2733 1115 2872 1183 Ergo
2913 1117 3023 1186 ipsa
3073 1134 3176 1188 non
3213 1131 3299 1172 est
3325 1115 3524 1188 corpus
3549 1163 3565 1186 ,
3593 1138 3694 1178 nec

2195 1186 2394 1256 aliquid
2422 1200 2777 1256 corporeum;
2811 1202 2932 1256 nam
2973 1195 3057 1256 est
3094 1187 3291 1254 aliquid
3323 1186 3548 1256 corpore
3580 1208 3692 1245 mc-

2196 1255 2328 1319 lius,
2360 1255 2568 1308 scilicet
2617 1267 2769 1307 meus
2813 1254 3111 1325 rationalis.
3153 1256 3291 1325 Ergo
3323 1254 3436 1325 ipsa
3483 1257 3568 1314 est
3603 1275 3689 1313 v.-

2193 1338 2344 1382 vens.
2375 1325 2614 1389 sapiens,
2641 1337 2850 1388 potens,
2881 1338 3028 1391 νει-ιι,
3054 1323 3238 1388 Ῑιιειει.
3259 1323 3436 1387 beata,
3464 1337 3689 1391 aeterna,

2192 1402 2246 1444 ιιι
2272 1393 2528 1459 quidquid
2563 1393 2805 1444 absolute
2834 1392 3022 1445 melius
3045 1404 3128 1446 est
3157 1408 3320 1462 quam
3347 1408 3453 1448 non
3492 1397 3685 1464 ipsum.

2190 1480 2309 1534 Jam
2341 1495 2444 1535 non
2487 1481 2756 1535 immerito
2796 1480 2953 1534 valde
2993 1497 3214 1535 moveor
3243 1499 3404 1551 quam
3449 1486 3690 1540 studiose

2128 1588 2341 1642 possunt
2369 1572 2642 1641 inquirere
2669 1570 2795 1639 quid
2821 1571 3063 1626 omnium
3088 1611 3103 1637 ,
3136 1587 3254 1640 qua:
3279 1573 3344 1626 de
3374 1574 3556 1642 aliquo
3585 1575 3691 1630 diri

2129 1621 2154 1642 ,κ
2198 1621 2340 1626 "m—
2371 1621 2639 1641 -τ--ι-------
2674 1621 2700 1639 τ
2728 1621 2795 1624 η-
3089 1621 3103 1637 ι
3142 1621 3252 1640 γη
3281 1621 3342 1626 ——
3491 1621 3553 1628 ην
3588 1621 3687 1630 —---

2043 1621 2092 1726 1?
2123 1669 2377 1730 possunt,
2417 1661 2540 1714 huic
2569 1671 2676 1714 tam
2721 1660 3025 1713 admirabili
3066 1670 3272 1713 natura?
3299 1621 3687 1729 queat'conve-

2120 1752 2238 1805 nire
2262 1748 2711 1804 substantialiter.
2740 1747 3056 1816 Quanquam
3093 1747 3234 1801 enim
3265 1749 3430 1803 mirer
3449 1750 3494 1804 si
3517 1751 3688 1820 possit

2123 1839 2175 1892 iu
2200 1838 2506 1893 nominibus
2533 1837 2617 1892 vel
2649 1837 2862 1904 verbis,
2902 1851 3022 1906 qua:
3048 1846 3297 1907 optamus
3341 1839 3503 1892 rebus
3531 1839 3688 1896 factis

2121 1929 2188 1980 de
2210 1927 2410 1990 nihilo,
2435 1926 2666 1993 reperiri
2699 1922 2773 1956 ’⁸⁸
2799 1927 2942 1994 quod
2979 1924 3140 1994 digne
3185 1927 3398 1979 dicatur
3437 1927 3505 1982 de
3535 1941 3687 1982 crea-

2124 2018 2256 2070 trice
2284 2018 2660 2069 universorum
2687 2014 3015 2078 substantia;
3050 2017 3362 2079 tentandum
3397 2025 3575 2071 tamen
3602 2027 3690 2072 est

2118 2110 2183 2158 ad
2207 2108 2334 2174 quid
2360 2108 2498 2174 hanc
2521 2106 2918 2176 indagationem
2948 2106 3087 2158 ratio
3109 2107 3366 2174 perducet
3391 2107 3480 2161 '“.
3504 2107 3689 2176 Itaque

2118 2193 2185 2246 de
2213 2192 2450 2246 relativis
2475 2193 2690 2262 quidem
2723 2192 2852 2246 nulli
2874 2191 3092 2244 dubium
3117 2193 3241 2261 quia
3273 2191 3477 2246 nullum
3497 2208 3686 2250 eorum

2117 2283 2476 2340 substantiale
2498 2291 2581 2336 est
2610 2282 2706 2348 illi,
2729 2283 2796 2336 de
2823 2298 2929 2351 quo
2948 2282 3170 2336 relative
3191 2282 3407 2337 dicitur.
3433 2282 3613 2348 Quare
3637 2286 3680 2338 si

2119 2369 2246 2437 quid
2277 2371 2343 2421 de
2371 2384 2578 2422 summa
2610 2380 2802 2422 natura
2823 2368 3019 2422 dicitur
3045 2364 3272 2422 relative
3294 2410 3310 2433 ,
3337 2387 3440 2424 non
3468 2383 3551 2426 est
3572 2371 3689 2437 ejus

2118 2457 2530 2535 sigitilicativum
2557 2459 2872 2511 Substantite
2901 2441 3168 2514 “'.'Uttde
3202 2458 3305 2510 huc
3333 2459 3508 2525 ipsum
3544 2461 3685 2527 quod

2120 2569 2326 2606 summa
2355 2553 2423 2582 M
2452 2553 2691 2605 omnium
2721 2553 2789 2584 “7
2831 2553 2944 2606 sive
2988 2549 3160 2619 major
3187 2552 3436 2606 omnibus
3464 2567 3583 2622 qua:
3619 2555 3688 2607 ab

2119 2640 2207 2693 illa
2237 2641 2374 2694 facta
2403 2650 2549 2704 sunt,
2579 2641 2659 2694 vel
2684 2641 2828 2694 aliud
2853 2640 3053 2708 aliquid
3083 2638 3332 2693 similiter
3359 2640 3430 2671 ’⁸⁸
3459 2641 3687 2696 relative

2118 2726 2222 2780 dici
2244 2737 2419 2796 potest
2441 2767 2457 2793 ,
2485 2726 2827 2783 manifestum
2853 2737 2936 2781 est
2969 2727 3223 2794 quoniam
3255 2743 3360 2781 non
3387 2729 3507 2796 ejus
3533 2741 3691 2782 natu-

2120 2816 2287 2869 ralem
2310 2817 2554 2888 designat
2577 2817 2886 2880 essentiam.
2917 2815 2973 2870 Si
3017 2815 3160 2870 enim
3203 2803 3346 2885 nulla
3384 2832 3570 2870 earum
3604 2833 3690 2872 re-

2119 2928 2238 2967 rum
2266 2923 2500 2976 unquam
2523 2916 2688 2970 esset,
2721 2921 2948 2974 quantm
2977 2905 3234 2960 relatione
3260 2921 3470 2960 summa
3501 2915 3557 2960 et
3581 2923 3694 2961 ma-

2113 2999 2202 3068 jor
2227 2999 2454 3062 dicitur;
2477 2997 2589 3065 ipsa
2621 3009 2721 3048 nec
2744 3009 2952 3047 summa
2978 3035 2996 3058 ,
3026 3008 3125 3048 nee
3161 2993 3331 3060 major
3357 2995 3688 3065 intelligere-

2124 3100 2210 3143 tur
2233 3106 2247 3142 :
2274 3103 2371 3143 nec
2399 3097 2576 3140 tamen
2610 3085 2816 3151 idcirco
2833 3085 3010 3137 minus
3031 3085 3167 3138 bona
3194 3095 3359 3151 esset,
3387 3095 3480 3138 aut
3501 3101 3687 3139 esseu-

2121 3177 2262 3231 tialis
2292 3191 2403 3230 sua:
2437 3173 2821 3242 magnitudinis
2863 3172 2919 3224 in
2954 3171 3141 3237 aliquo
3170 3172 3552 3228 detrimentum
3595 3187 3689 3240 pa-

2121 3272 2340 3314 teretur.
2371 3259 2522 3326 Quod
2551 3274 2614 3312 ea
2643 3272 2707 3312 eo
2732 3257 3014 3310 manifeste
3045 3255 3409 3326 cognoscitur,
3429 3260 3684 3327 quoniam
3768 3273 3771 3281 '

2121 3352 2234 3420 ipsa
2263 3349 2525 3418 quidquid
2539 3348 2661 3402 boui
2688 3346 2768 3399 vel
2804 3347 2981 3410 magni
3012 3355 3132 3410 est,
3155 3361 3259 3399 non
3290 3359 3375 3400 est
3415 3361 3512 3414 per
3538 3347 3690 3400 aliud

2119 3454 2278 3510 quam
2318 3454 2415 3506 per
2437 3438 2690 3504 seipsam.
2723 3435 2778 3489 Si
2825 3436 2988 3502 igitur
3019 3451 3224 3488 summa
3257 3445 3448 3486 natura
3483 3435 3562 3488 sic
3593 3451 3688 3502 po-

2122 3539 2224 3583 test
2255 3527 2473 3595 intelligi
2503 3527 2572 3556 “’
2611 3541 2716 3579 non
2758 3539 2964 3578 summa
2993 3564 3008 3585 ,
3056 3533 3112 3576 ut
3141 3533 3316 3576 tamen
3351 3539 3611 3593 nequaqu;
3635 3541 3704 3595 tu,

2119 3619 2189 3671 sit
2217 3615 2389 3682 major
2409 3624 2504 3668 aut
2528 3614 2731 3676 minor,
2768 3628 2929 3682 quam
2961 3628 3082 3666 cum
3130 3613 3448 3681 intelligitur
3474 3594 3685 3665 summa

2117 3706 2394 3758 omnium:
2425 3702 2518 3773 [aL
2542 3704 2682 3754 omit.
2708 3719 2780 3754 ιιι.
2803 3716 2917 3769 e.q.
2947 3700 3018 3769 5.]
3043 3701 3384 3754 manifestum
3425 3696 3509 3776 est
3556 3717 3700 3770 quos

2119 3795 2261 3847 niam
2303 3807 2569 3846 summum
2610 3790 2679 3822 ’⁵⁸
2725 3805 2828 3842 non
2875 3790 3190 3856 simpliciter
3235 3781 3501 3857 signiﬁcat
3538 3790 3683 3842 illa-1t

2118 3885 2405 3937 essentiam
2429 3883 2521 3946 η’,
2543 3886 2664 3949 qua:
2682 3880 2903 3934 omnino
2924 3880 3096 3946 major
3117 3888 3174 3932 et
3195 3879 3385 3933 melior
3402 3890 3696 3949 est,»qu:un:

2119 3973 2376 4052 quidquid
2408 3988 2513 4026 non
2543 3980 2626 4025 est
2653 3969 2795 4037 quod
2831 3970 2945 4038 ipsa
2973 3969 3043 3999 η’
3071 3976 3172 4022 est.
3205 3968 3353 4033 Quod
3386 3979 3566 4022 autem
3603 3988 3683 4021 ra-

2119 4064 2195 4117 tio
2219 4063 2378 4116 docet
2424 4060 2488 4113 de
2533 4074 2773 4119 summo.
2821 4072 2924 4110 non
2969 4057 3301 4112 dissimiliter
3334 4057 3605 4111 invenitur
3629 4059 3694 4111 iu-

2119 4152 2367 4206 similiter
2392 4149 2651 4202 relativis.
2699 4146 2806 4200 Illis
2839 4148 3019 4215 itaque
3043 4188 3058 4212 ,
3090 4163 3211 4216 qua:
3251 4147 3470 4201 relative
3496 4148 3688 4201 dicun-

2120 4249 2246 4304 tur,
2276 4238 2528 4299 omissis,
2574 4237 2698 4304 quia
2741 4233 2942 4287 nullum
3001 4247 3187 4286 eorum
3237 4233 3553 4303 simpliciter
3590 4235 3698 4284 div

2120 4339 2381 4384 monstrat
2402 4327 2626 4396 alicujus
2655 4327 2945 4380 esseutiant
2972 4364 2986 4386 ,
3037 4325 3102 4376 ad
3138 4323 3238 4376 alia
3263 4324 3598 4378 discutienda
3629 4339 3697 4376 se

2121 4428 2396 4472 convertat
2445 4417 2687 4469 intentio.
2727 4414 3029 4481 thui.lem
3072 4413 3116 4466 si
3163 4413 3284 4479 quis
3332 4405 3656 4482 singuladit:

1726 4573 1954 4652 vvont:
1997 4574 2404 4628 Ll-ZC'l‘loNl-LS.

523 4685 594 4718 ³³⁸
623 4683 833 4751 Aliquid
855 4683 1032 4749 vigent
1055 4699 1178 4752 mss.
1194 4682 1326 4734 Vict.
1348 4682 1471 4749 Sag.
1492 4684 1689 4752 aliquid
1717 4685 1926 4752 vigeant
2001 4687 2065 4716 ²³¹
2089 4684 2383 4740 Potentiam
2404 4701 2527 4736 mss.
2549 4684 2886 4750 prtcsentiam

869 4753 938 4782 ’³³
956 4752 1054 4805 Ms.
1085 4751 1236 4803 (ἐστι).
1278 4752 1415 4816 Quid
1440 4751 1606 4819 possit
1630 4764 1721 4806 aut
1743 4770 1868 4814 non,
1888 4765 1985 4806 etc.
2004 4765 2058 4806 ut
2075 4754 2126 4806 in
2149 4755 2296 4805 titulo
2318 4754 2500 4820 capitis
2525 4753 2605 4805 I4.
2638 4754 2690 4804 in
2716 4753 2887 4805 editis.

444 4842 581 4879 mss.
609 4825 660 4873 in
685 4822 951 4879 omnibus,
982 4831 1144 4884 etper
1172 4827 1374 4882 omnia,
1404 4831 1456 4873 et
1479 4823 1657 4874 omnia
1682 4839 1804 4874 mss.
1841 4823 2043 4875 Timon.
2075 4824 2214 4889 quod
2242 4823 2313 4874 sit
2345 4825 2395 4873 iu
2427 4822 2696 4885 omnibus,
2723 4833 2819 4874 σιτ.
2844 4831 2896 4872 ut
2919 4822 2970 4873 in
3001 4819 3172 4889 editis.

443 4755 795 4818 r-trtnuscript.

2963 4682 3037 4780 ζέἷ
3050 4680 3613 4780 Εἷτὲἕξξξέἰίξῗὶὲ

3050 4750 3102 4801 lu
3124 4752 3391 4808 omnibus,
3410 4760 3463 4803 et
3499 4753 3695 4803 omnia.l

3050 4819 3172 4871 litis.
3249 4821 3318 4850 ”'
3339 4820 3490 4884 Quod
3511 4822 3582 4873 sit
3611 4822 3695 4874 itur

452 4910 584 4946 mss.
620 4891 768 4955 Quod
797 4891 840 4941 si
875 4893 947 4942 ita
1023 4890 1089 4919 ’³⁸
1131 4891 1204 4942 Ac
1252 4890 1504 4955 quoniam
1553 4908 1676 4942 mss.
1719 4892 1852 4943 Tim.
1890 4892 2044 4944 Coro.
2079 4888 2226 4944 Gem.
2260 4891 2313 4943 S.
2348 4891 2509 4942 dficit.
2542 4894 2607 4941 At
2652 4891 2903 4956 quoniam
2979 4889 3044 4919 ὐ
3091 4888 3308 4941 Valeant
3345 4891 3525 4955 aliquo
3554 4907 3682 4942 om.

447 4962 636 5013 valeat
663 4959 842 5026 aliquo
913 4959 982 4988 ’”
1023 4958 1213 5028 Liquet
1239 4959 1507 5028 quomodo
1539 4977 1661 5012 mss.
1709 4959 1898 5027 Liquet
1941 4961 2192 5028 quoniam
2268 4960 2336 4989 m
2379 4961 2662 5013 Etelaudit
2692 4976 2816 5010 mu.
2861 4956 2992 5010 Vict.
3026 4962 3190 5028 omitt.
3221 4966 3274 5008 et
3347 4959 3416 4988 “°
3455 4957 3584 5026 Cup.
3619 4962 3682 5010 14

467 5041 532 5081 ’.τι
563 5038 715 5094 raput
749 5027 816 5094 l5
846 5028 896 5078 in
934 5043 1055 5078 mss.

1135 5026 1200 5058 ²⁸¹
1244 5027 1371 5078 Mss.
1417 5025 1572 5080 Corb.
1617 5029 1765 5093 Quod
1794 5025 2058 5082 Iidem—sit
2101 5030 2196 5088 illi.
2228 5045 2322 5081 e‘e.
2358 5041 2410 5080 ut
2453 5045 2507 5080 ιιι
2530 5031 2609 5078 tit.
2654 5028 2843 5094 capitis
2869 5028 2954 5078 15.

3029 5027 3096 5056 ’δ’
3135 5027 3285 5089 Quod
3337 5030 3503 5094 possit
3555 5043 3690 5081 Μιπν

463 5094 605 5148 Vict.
629 5092 756 5162 Sag.
790 5092 846 5148 S.
884 5094 1040 5147 Micit.
1086 5094 1217 5166 Tim.
1265 5099 1388 5162 quid
1422 5098 1590 5160 possit
1646 5092 1729 5126 7'“
1768 5098 2041 5165 Reperire,
2065 5100 2205 5166 quod
2238 5114 2361 5150 mss.
2394 5097 2640 5163 rep»riri,
2681 5092 2822 5163 quod
2885 5096 2962 5166 7’“
3000 5093 3262 5166 Perducat
3287 5092 3410 5148 mea.
3448 5096 3581 5149 Tim.
3617 5096 3673 5150 S.

454 5165 623 5219 Mittit.
659 5167 934 5242 perduret.
971 5165 1053 5192 '“°
1097 5165 2012 5242 Ejtts_signiticatu‘tnsubstantialc
2059 5165 2182 5218 mss.
2228 5169 2342 5234 ejus
2371 5165 3128 5242 siguLIi-rativnursubstantia:
3175 5165 3273 5242 _"°
3313 5168 3439 5228 Quae
3472 5181 3679 5218 summa

450 5251 586 5286 mss.
618 5243 836 5296 exceptis
875 5233 1075 5283 Timon.
1107 5236 1247 5301 quod
1281 5252 1485 5285 summa
1562 5237 1626 5264 "7
1671 5236 1760 5287 Est
1792 5237 2026 5286 omnium
2071 5253 2192 5288 mss.
2241 5233 2463 5296 exceptis
2496 5233 2662 5288 Tima.
2695 5235 2838 5284 omit.
2872 5245 2956 5285 est
3030 5236 3048 5263 ’
3079 5233 3099 5264 ⁸
3129 5233 3339 5301 Aliquid
3369 5235 3508 5285 aliud
3537 5236 3690 5301 quod

448 5302 708 5356 similiter
739 5316 861 5351 mss.
905 5303 1126 5368 exceptis
1160 5300 1360 5353 Timon.
1411 5303 1550 5354 aliud
1585 5304 1782 5369 aliquid
1825 5305 2071 5357 similiter
2101 5323 2193 5355 ms.
2228 5304 2284 5356 S.
2323 5305 2479 5355 Mirit.
2528 5305 2726 5370 aliquid
2773 5303 2914 5353 aliud
2945 5303 3194 5354 similiter
3235 5300 3331 5332 "‘9
3373 5304 3473 5363 Sit,
3505 5300 3683 5370 potest

450 5371 679 5436 intelligi
715 5386 835 5440 mss.
863 5371 939 5421 sic
975 5378 1144 5435 potest
1186 5371 1402 5438 intelligi
1480 5373 1546 5402 ’³⁸³
1590 5372 1925 5425 Manifestum
1974 5384 2058 5425 cst
2097 5375 2346 5440 quoniam
2393 5388 2657 5423 summum
2694 5388 2789 5422 ms.
2831 5371 3031 5422 'l'ittmn.
3066 5373 3150 5420 30.
3184 5371 3292 5440 iure
3322 5373 3531 5422 omittit.

3609 5372 3676 5399 111.

453 5439 920 5510 Sigtritieatillatu
941 5454 1208 5510 summam
1241 5442 1526 5510 essentiam
1564 5458 1656 5492 ms.
1688 5442 1838 5493 (ἔοι-ὸ.
1870 5439 2130 5510 signiﬁcat
2164 5457 2424 5494 summam
2455 5443 2737 5492 essentiam
2767 5456 2885 5491 nm.
2917 5442 3174 5506 signitical
3211 5439 3351 5489 illam
3377 5439 3681 5491 cssr-utizuu-

453 5507 538 5540 ⁸⁸³⁷
569 5507 718 5572 Quod
753 5509 881 5573 Ῐρςτι.
916 5508 1062 5570 Quod
1092 5522 1208 5558 mss.
1249 5509 1376 5558 Tim.
1406 5512 1542 5575 ιιιιιιΙ
1579 5512 1685 5576 ipsa
1716 5522 1814 5563 est.
1847 5507 1995 5564 (Juv-od
