4174 6186
335 185 360 235 ἶ
371 181 436 233 li5

335 307 427 361 per
458 307 554 356 se;
585 303 638 347 et
671 307 791 345 cum
832 291 983 358 justa-
1008 307 1102 360 per
1133 306 1189 344 se
1220 292 1411 345 dicitur
1436 307 1572 353 esse,
1620 305 1720 343 non
1747 289 1887 342 aliud
1916 288 1962 342 Δ

341 383 654 451 intelligitur
681 397 839 450 quam
867 397 962 450 per
981 382 1267 448 justitiam.
1303 382 1657 449 Quapropter,
1683 381 1725 436 si
1753 395 1895 448 qua»

334 481 489 524 ratur
534 470 663 538 quid
696 472 766 524 sit
809 471 947 539 ipsa:
964 483 1170 522 summa
1219 478 1404 522 natura
1435 471 1498 522 de
1536 483 1639 535 qua
1683 468 1894 537 agitur;

335 558 466 624 quid
502 559 682 612 verius
724 557 1077 631 respondetur
1109 572 1266 623 quam
1308 556 1554 622 justitia?
1602 555 1896 612 Videndum

339 647 504 713 igitur
527 645 799 714 quomodo
826 645 1225 714 intelligendum
1247 646 1318 698 sit
1339 647 1550 714 quando
1570 643 1658 700 Illa
1681 653 1894 704 natura,

337 749 453 800 quae
477 723 562 785 est
587 734 703 801 ipsa
724 730 929 798 justitia
955 723 1046 796 ‘7’,
1069 733 1262 785 dicitur
1276 734 1442 802 justa.
1467 732 1728 796 Quoniam
1754 731 1895 786 enim

339 822 501 873 homo
530 835 633 873 non
675 829 851 887 potest
889 835 1006 873 esse
1029 820 1265 888 justitia,
1302 819 1562 887 justitiam
1599 829 1774 872 autem
1804 819 1898 872 ha-

337 911 462 962 bere
504 918 715 978 potest;
757 924 862 960 non
899 909 1214 977 intelligitur
1247 908 1424 977 justus
1464 910 1622 962 homo
1663 909 1899 962 existens

335 999 540 1066 iustitia
568 1036 584 1060 ,
636 998 728 1050 sed
772 997 977 1050 habens
1008 997 1292 1064 justitiam.
1335 998 1594 1063 Quoniam
1642 994 1800 1064 igitur
1833 995 1899 1048 de

339 1101 546 1138 smnma
585 1094 773 1138 natura
815 1099 918 1138 non
967 1085 1180 1153 proprie
1227 1085 1425 1140 dicitur
1470 1085 1539 1114 ‘7'
1581 1085 1703 1151 quia
1743 1084 1899 1136 habet

336 1175 596 1240 justitiam
617 1216 631 1238 ,
679 1175 771 1227 sed
818 1175 1004 1227 existit.
1031 1172 1239 1239 iustitia
1273 1191 1287 1226 :
1319 1189 1439 1227 cum
1484 1174 1684 1244 dicitur
1711 1171 1853 1239 jnsta
1882 1212 1896 1235 ,

341 1261 555 1328 proiirie
583 1261 652 1290 ""
680 1260 993 1328 intelligitur
1028 1260 1261 1313 existens
1296 1259 1503 1326 justitia
1529 1301 1542 1324 ,
1591 1277 1691 1314 non
1721 1271 1897 1313 autem

343 1347 546 1400 habens
575 1345 864 1412 justitiam.
916 1346 1090 1411 Quare
1134 1347 1213 1409 si,
1261 1363 1384 1401 eum
1426 1349 1619 1401 dicitur
1664 1350 1899 1406 existens

341 1435 563 1497 iustitia,
601 1451 703 1508 non
743 1435 935 1488 dicitur
964 1436 1136 1502 qualis
1163 1445 1246 1489 est
1283 1436 1373 1489 sed
1401 1437 1526 1502 quid
1562 1446 1679 1500 est;
1713 1452 1898 1489 consc—

341 1524 524 1588 quitur
554 1532 631 1587 ut,
662 1521 781 1575 cum
815 1523 1012 1577 dicitur
1034 1524 1202 1591 justa,
1235 1540 1337 1576 non
1369 1525 1578 1577 dicatur
1600 1527 1773 1594 qualis
1807 1528 1897 1591 sit,

342 1613 432 1664 sed
457 1614 583 1678 quid
610 1613 698 1664 sit.
731 1612 951 1676 Deinde,
974 1614 1225 1679 quoniam
1255 1614 1319 1666 de
1345 1614 1430 1666 illa
1452 1629 1695 1682 suprema
1719 1629 1900 1667 esseu-
1931 1617 1973 1674 Β

345 1701 414 1751 tia
457 1702 594 1753 idem
634 1713 716 1755 est
741 1693 1078 1771 dicerequia
1116 1710 1197 1756 est
1225 1701 1400 1770 justa,
1441 1712 1495 1756 et
1527 1706 1648 1771 quia
1676 1715 1758 1758 est
1787 1707 1900 1757 cxi-

343 1801 492 1842 steus
513 1789 724 1856 justitia
756 1809 768 1845 :
801 1799 854 1845 et
883 1807 1004 1845 cum
1027 1792 1246 1858 dicitur,
1275 1802 1358 1849 est
1393 1794 1630 1847 existens
1659 1794 1725 1824 "'
1744 1795 1901 1862 justi-

346 1880 416 1930 tia
439 1920 453 1942 ,
487 1897 592 1933 non
617 1891 701 1934 est
729 1881 869 1934 aliud
900 1897 1059 1951 quam
1090 1891 1171 1935 est
1191 1881 1398 1949 justitia
1431 1901 1444 1935 :
1476 1884 1608 1936 nihil
1646 1883 1821 1938 dilI'crt
1847 1884 1899 1937 in

348 1970 461 2030 illa,
490 1973 602 2024 sive
631 1972 857 2037 dicatur,
881 1970 1206 2037 estjustitia,
1238 1975 1350 2027 sive
1371 1973 1615 2039 estjusta
1643 1975 1901 2040 '".-Qua-

347 2068 568 2126 propter
603 2073 724 2110 cum
764 2059 1020 2127 quaeritur
1045 2059 1110 2111 de
1148 2059 1233 2112 illa
1266 2058 1394 2128 quid
1423 2069 1537 2124 est,
1584 2077 1684 2114 non
1729 2061 1901 2115 minus

346 2163 582 2214 congrue
606 2146 1135 2214 respondeturjusta,
1158 2162 1314 2217 quam
1336 2148 1541 2217 justitia
1574 2166 1586 2201 :
1612 2150 1750 2217 quod
1778 2165 1902 2203 vero

345 2236 398 2288 in
433 2235 677 2303 exemplo
709 2235 926 2302 justitite
969 2244 1143 2288 ratum
1173 2250 1292 2290 esse
1319 2238 1661 2305 conspicitur,
1699 2239 1798 2292 hoc
1837 2239 1903 2291 de

346 2321 627 2388 omnibus,
664 2340 781 2394 qua:
810 2326 1057 2380 similiter
1094 2327 1156 2379 de
1201 2328 1312 2393 ipsa
1341 2343 1546 2382 summa
1585 2338 1773 2381 natura
1818 2330 1899 2381 di-

344 2423 559 2475 cuntur,
604 2415 904 2469 intellectus
939 2416 1136 2469 sentire
1177 2430 1272 2484 per
1303 2418 1559 2470 rationem
1591 2419 1902 2486 constringi-

347 2511 449 2556 tur.
502 2499 767 2571 Quidquid
817 2503 978 2572 igitur
1023 2519 1208 2580 eorum
1257 2505 1322 2557 de
1363 2505 1448 2573 illa
1498 2507 1746 2570 dicatur,
1797 2523 1901 2560 non

344 2592 552 2662 qualis,
589 2590 667 2644 vel
697 2599 924 2660 quanta;
959 2593 1050 2646 sed
1090 2594 1258 2663 magis
1298 2593 1422 2662 quid
1459 2595 1531 2664 sit
1556 2604 1901 2650 monstratur.

345 2675 451 2728 Sed
479 2676 654 2744 palam
679 2686 762 2731 est
786 2678 907 2745 quia
937 2679 1210 2746 quodlibet
1238 2680 1433 2736 bonum
1464 2695 1670 2744 summa
1705 2690 1897 2735 natura

340 2766 434 2828 sit,
465 2780 675 2819 summe
702 2766 831 2820 illud
861 2774 960 2820 est.
993 2767 1081 2820 llla
1114 2769 1275 2836 igitur
1302 2778 1610 2823 estsumma
1640 2773 1899 2833 essentia,

345 2868 556 2906 summa
589 2855 694 2907 vita
722 2892 736 2917 ,
782 2870 989 2908 summa
1032 2857 1194 2921 ratio,
1238 2871 1446 2910 summa
1488 2857 1650 2921 salus,
1698 2873 1911 2912 summa

338 2938 583 3004 justitia,
616 2955 826 2994 summa
861 2943 1143 3010 sapientia,
1185 2957 1391 2998 summa
1429 2946 1654 3009 veritas,
1695 2962 1900 3000 summa

346 3027 595 3091 bonitas,
635 3044 842 3081 summa
883 3030 1189 3098 magnitudo
1215 3069 1230 3094 ,
1274 3044 1480 3083 summa
1527 3032 1899 3099 pulchritudo,

346 3132 556 3169 summa
625 3105 1044 3182 immortalitas,
1107 3133 1312 3172 summa
1380 3119 1900 3188 incorruptibilitas,

347 3204 559 3257 summa
608 3206 1008 3258 immutabilitas
1036 3246 1050 3268 ,
1094 3221 1301 3258 summa
1345 3207 1616 3260 beatitudo
1643 3248 1656 3270 ,
1698 3225 1899 3262 summa

345 3296 617 3352 :rtcrnitas
645 3334 658 3356 ,
707 3308 912 3346 smnma
951 3301 1222 3363 potestas,
1265 3310 1468 3348 summa
1511 3297 1722 3360 unitas;
1764 3299 1904 3365 quod

343 3397 450 3435 non
486 3393 566 3436 est
597 3384 738 3436 aliud
771 3399 927 3450 quam
959 3398 1165 3437 summe
1194 3399 1320 3448 eus,
1361 3400 1564 3440 summe
1603 3389 1778 3440 vivens
1811 3405 1821 3438 :
1852 3398 1905 3441 et

347 3472 448 3524 alia
483 3472 724 3527 similiter
755 3474 842 3524 ³⁷⁷.

686 3563 926 3617 CAPUT
970 3554 1102 3616 XVII
1144 3563 1262 3632 [al.,
1301 3562 1436 3632 XVI]
1474 3565 1562 3618 ηδ.

351 3651 506 3715 Quod
529 3653 600 3722 ita
618 3653 688 3722 sit
718 3653 786 3683 ¹⁷⁹
810 3643 1129 3719 δὶηψΙε.ιτ,ἰιι
1159 3654 1351 3718 omnia,
1373 3671 1491 3721 qua:
1515 3656 1576 3707 tle
1597 3656 1706 3722 cjus
1730 3670 1901 3710 essen-

417 3721 496 3791 tia
522 3720 626 3771 dici
649 3732 880 3786 possunt,
909 3738 1065 3772 unum
1089 3723 1319 3791 idemque
1347 3720 1446 3775 sint
1475 3724 1525 3776 in
1554 3720 1674 3785 illo;
1706 3735 1750 3791 σς
1779 3723 1904 3777 nihil

415 3788 587 3906 deleo
623 3791 724 3843 dici
767 3792 925 3858 possit
968 3788 1387 3858 substantidliter,
1438 3793 1534 3844 nisi
1583 3793 1634 3843 in
1669 3788 1904 3859 eo’qnod

415 3873 528 3909 mm
574 3866 668 3909 est.

414 3873 543 3924 qum
574 3873 668 3909 est.

348 3943 954 4017 Cossrscwsﬂcarms.
997 3974 1066 3985 —-
1100 3946 1267 4000 Omne
1305 3949 1656 4017 compositum
1711 3948 1908 4015 indiget

420 4013 506 4066 his
543 4029 604 4066 ex
640 4016 832 4133 quibus
875 4017 1229 4082 componitur,
1267 4017 1369 4069 illis
1414 4013 1570 4070 debet
1613 4018 1752 4083 quod
1784 4013 1863 4066 est
1889 4055 1902 4078 ,

420 4091 474 4133 et
501 4096 595 4133 Der
621 4083 706 4133 ila
737 4091 817 4133 est
843 4085 1096 4133 tmidouid
1124 4093 1237 4133 est:
1270 4085 1406 4133 (lllOil
1438 4095 1613 4133 autem
1645 4085 1731 4133 illa
1759 4093 1902 4133 sunt.

418 4091 474 4133 et
501 4096 595 4152 per
621 4083 706 4152 illa
737 4091 817 4135 est
843 4085 1096 4150 quidquid
1124 4093 1237 4146 est;
1270 4085 1406 4152 quod
1438 4095 1613 4136 autem
1645 4085 1731 4136 illa
1759 4093 1903 4147 sunt,

417 4165 518 4216 per
550 4151 673 4203 illud
703 4167 804 4203 non
833 4159 955 4203 sunt
988 4167 1002 4202 :
1035 4161 1085 4204 et
1114 4151 1332 4218 proinde
1374 4169 1636 4205 suun'uum
1669 4169 1769 4205 non
1801 4162 1898 4205 est.

1704 172 2168 229 BIONOIJJCIIESI.

3432 176 3534 232 ilio

2060 285 2322 345 dicuntur,
2349 297 2567 353 necesse
2587 283 2644 336 {it
2671 293 2726 336 ut
2751 284 2861 337 bare
2885 282 3063 353 omnia
3090 282 3360 353 bonanon
3383 283 3537 353 plura

2064 354 2153 403 sed
2187 367 2346 422 unum
2373 352 2498 422 sint».
2534 353 2672 422 Ergo
2699 367 2860 422 unum
2891 351 3106 422 illorum
3122 361 3204 404 est
3234 351 3371 402 idem
3386 351 3538 422 quod

2062 421 2258 481 omnia,
2297 418 2410 472 sive
2445 418 2628 488 simul,
2662 422 2774 472 sive
2808 418 3036 488 singula.
3069 418 3133 470 Et
3170 435 3290 472 cum
3333 418 3538 475 summa

2065 497 2251 540 natura
2295 503 2396 539 una
2427 487 2851 541 consideratione
2876 487 2944 540 sit
2984 488 3238 554 quidquid
3265 496 3378 550 est,
3415 489 3538 554 quia

2063 554 2420 609 essentialiter
2443 564 2525 608 cst
2554 556 2654 607 hoc
2676 565 2840 608 telum
2867 557 3006 622 quod
3031 556 3138 622 ipsa
3168 565 3250 608 est
3277 573 3289 608 :
3316 554 3447 610 nihil
3477 557 3542 609 de

2066 626 2150 676 illa
2181 625 2374 676 dicitur
2407 624 2457 675 iu
2491 638 2556 676 eo
2591 625 2731 691 quod
2762 623 2934 690 qualis
2966 623 3045 676 vel
3085 633 3321 692 quanta;
3353 626 3444 678 sed
3489 626 3541 678 in

2064 707 2128 745 eo
2156 694 2296 759 quod
2325 692 2450 760 quid
2476 692 2562 744 sit.

2065 782 2200 846 Quid
2231 797 2387 850 ergo,
2425 781 2468 835 si
2510 781 2595 833 illa
2639 795 2843 833 summa
2883 791 3072 832 natura
3120 790 3196 834 tot
3232 782 3370 834 bona
3415 792 3496 834 est
3523 821 3538 842 ,

1996 869 2169 921 eritne
2200 869 2492 935 composita
2536 877 2640 920 tam
2671 867 2910 935 pluribus
2939 867 3007 898 ’³ο
3048 868 3236 931 bonis;
3270 884 3335 921 an
3366 871 3542 937 potius

1997 973 2102 1010 non
2133 967 2254 1011 sunt
2282 957 2428 1025 plura
2455 958 2613 1023 bona,
2642 960 2734 1010 sed
2761 973 2922 1009 unum
2950 958 3144 1009 bonum
3176 967 3280 1010 tam
3306 957 3545 1026 plurihus

2000 1046 2300 1097 nominibus
2348 1029 2737 1113 signiﬁcatum?
2779 1042 2948 1098 Omne
2998 1043 3140 1097 enim
3173 1045 3541 1112 compositum,

1998 1146 2054 1188 ut
2095 1135 2373 1196 subsistat,
2419 1135 2617 1203 indiget
2659 1134 2744 1186 his
2771 1149 2833 1186 ex
2864 1136 3054 1202 quibus
3084 1136 3453 1202 componitur;
3490 1145 3544 1189 et

2001 1224 2100 1277 illis
2131 1225 2287 1277 debet
2323 1224 2533 1291 quidem
2572 1222 2712 1292 quod
2742 1223 2810 1254 ’⁸⁸
2840 1234 2946 1284 est,
2983 1225 3106 1292 quia
3145 1225 3400 1294 quidquid
3429 1232 3540 1284 est,

2001 1327 2094 1379 per
2139 1313 2219 1364 illa
2254 1321 2360 1375 est;
2395 1322 2448 1365 et
2484 1313 2569 1363 illa
2599 1313 2740 1380 quod
2770 1320 2914 1376 sunt,
2955 1326 3050 1379 per
3080 1313 3207 1366 illud
3244 1329 3348 1365 non
3378 1324 3546 1366 sunt:

1999 1412 2052 1455 et
2095 1402 2292 1454 ideirco
2327 1403 2536 1470 penitus
2565 1416 2828 1453 smumnm
2873 1417 2975 1454 non
3014 1410 3116 1457 cst.
3167 1403 3224 1456 Si
3256 1403 3418 1470 igitur
3449 1419 3544 1456 na-

2002 1499 2120 1542 tura
2156 1491 2222 1520 ’θ’
2255 1491 2341 1542 illa
2374 1490 2660 1555 composita
2702 1497 2783 1540 est
2820 1503 2884 1541 ex
2925 1489 3163 1556 plurihus
3208 1489 3359 1542 bonis
3385 1528 3400 1551 ,
3437 1492 3579 1543 lure

2000 1582 2212 1642 omnia,
2242 1596 2358 1647 qua:
2397 1581 2537 1633 omni
2569 1580 2863 1646 composito
2907 1580 3115 1644 insunt,
3147 1579 3199 1632 in
3238 1579 3380 1632 illam
3418 1580 3549 1632 inci-
3645 1565 3658 1576 ’

2001 1669 2126 1721 dere
2165 1681 2381 1720 necesse
2419 1678 2544 1719 est:
2587 1661 2726 1734 quod
2763 1664 2914 1719 nefas
2957 1665 3204 1718 falsitatis
3245 1673 3424 1730 apettx
3465 1681 3549 1717 ra-

2004 1760 2145 1811 tione
2173 1755 2239 1788 ³⁸³
2272 1756 2499 1808 destruit
2529 1765 2580 1806 et
2624 1753 2801 1806 obruit
2828 1761 2960 1816 tota,
2990 1769 3108 1820 quae
3149 1767 3306 1818 supra
3339 1753 3505 1818 patuit
3531 1765 3588 1814 ,ς

2002 1848 2290 1901 necessitas
2341 1845 2600 1900 veritatis.
2650 1844 2780 1898 Cum
2828 1844 2988 1911 igitur
3037 1842 3121 1895 illa
3173 1851 3357 1894 natura
3409 1841 3550 1903 nullo

2002 1937 2157 1988 modo
2184 1935 2474 2002 composita
2504 1934 2573 1985 sit
2599 1941 2654 1985 et
2677 1940 2850 1984 tamen
2875 1930 3177 1984 onmimodo
3206 1940 3281 1981 tot
3305 1930 3388 1982 illa
3413 1931 3551 1982 bona

1972 2023 2067 2075 -sit
2097 2060 2111 2087 ,
2161 2035 2375 2074 necesse
2420 2029 2500 2073 est
2542 2028 2598 2070 ut
2633 2019 2702 2049 ’⁸⁸
2742 2017 2826 2072 illa
2869 2017 3050 2070 onmia
3086 2031 3189 2069 non
3235 2014 3381 2084 plura
3408 2057 3421 2078 ,
3459 2015 3548 2067 scd

2003 2113 2319 2176 unumsint.
2353 2112 2491 2164 Idem
2526 2111 2684 2179 igitur
2711 2118 2792 2163 est
2830 2106 3100 2175 quodlibet
3125 2122 3284 2160 unum
3319 2107 3547 2167 illorum,

2003 2203 2140 2271 quod
2172 2201 2380 2264 omnia,
2421 2200 2532 2253 sive
2573 2199 2727 2251 simul
2765 2196 2853 2259 ¹⁸⁸,
2899 2196 3010 2250 sive
3054 2194 3298 2265 singula;
3342 2202 3399 2246 ut
3429 2209 3548 2244 rum

2003 2292 2196 2344 dicitur
2234 2288 2437 2356 justitia
2466 2327 2481 2348 .
2527 2287 2608 2339 vel
2661 2286 2888 2338 essentia
2918 2323 2932 2346 ,
2981 2284 3116 2336 idem
3159 2282 3420 2349 signiﬁcat
3460 2280 3548 2340 ’⁸⁶.

2003 2382 2140 2448 quod
2172 2381 2294 2439 alia,
2320 2379 2400 2430 vel
2425 2378 2602 2428 omnia
2629 2375 2809 2436 simul,
2839 2373 2918 2426 vel
2945 2372 3170 2440 singula.
3197 2369 3551 2436 Quemadmo-

2002 2471 2126 2522 dum
2180 2470 2355 2535 itaque
2407 2482 2568 2518 uuum
2617 2474 2745 2528 est,
2795 2462 3046 2530 quidquid
3087 2459 3442 2514 essentialiter
3487 2460 3553 2512 de

2002 2563 2208 2612 smuma
2245 2555 2540 2609 substantia
2583 2554 2813 2614 dicitur;
2852 2553 2923 2604 ita
2966 2552 3076 2619 ipsa
3117 2564 3221 2602 uno
3252 2547 3406 2601 modo
3448 2563 3552 2600 una

2003 2646 2423 2700 consideratione
2450 2654 2530 2696 est
2557 2685 2569 2705 ,
2601 2641 2858 2710 quidquid
2890 2651 2973 2692 est
3001 2638 3380 2693 essentialiter.
3419 2637 3550 2689 Cum

2003 2737 2142 2789 enim
2173 2734 2363 2800 aliquis
2390 2733 2550 2785 homo
2577 2733 2773 2784 dicitur
2803 2727 2857 2783 et
2888 2744 3078 2797 corpus
3106 2729 3196 2790 ἐν,
3232 2723 3286 2781 et
3317 2727 3550 2779 rationa-

2005 2824 2088 2887 lis,
2116 2833 2169 2879 et
2197 2824 2353 2877 homo
2377 2839 2391 2885 ;
2425 2835 2528 2874 non
2556 2834 2660 2872 uno
2692 2819 2848 2870 modo
2875 2818 2953 2870 vel
2982 2816 3407 2870 consideratione
3441 2815 3552 2867 haec

1929 2929 1973 2989 (ς
2007 2915 2103 2966 tria
2136 2913 2348 2966 dicitur.
2394 2909 2696 2962 Secundum
2741 2907 2882 2958 aliud
2928 2916 3009 2958 est
3046 2906 3186 2958 enim
3229 2918 3454 2970 corpus,
3502 2912 3570 2956 eL

2002 3001 2290 3055 secundum
2335 2999 2475 3051 aliud
2516 2994 2793 3050 rationalis
2835 2993 2922 3056 “",
2973 3003 3026 3047 et
3055 2992 3315 3060 singulmu
3365 2993 3552 3044 horum

2003 3106 2108 3144 non
2161 3098 2242 3143 cst
2302 3097 2469 3140 totum
2517 3086 2568 3138 id
2612 3085 2679 3115 "’
2741 3083 2878 3152 quod
2945 3092 3024 3136 est
3065 3083 3242 3134 homo.
3290 3080 3379 3132 Illa
3429 3093 3556 3132 vero

2003 3195 2210 3234 summa
2248 3178 2482 3232 essentia
2518 3175 2660 3228 nullo
2695 3173 2851 3226 modo
2882 3173 2957 3226 sic
2984 3179 3063 3225 est
3090 3169 3308 3237 aliquid,
3341 3177 3397 3220 ut
3427 3166 3554 3222 illud

2005 3269 2143 3323 idem
2175 3267 2460 3321 secundum
2494 3264 2654 3316 alium
2683 3262 2928 3321 modum,
2959 3270 3048 3311 aut
3075 3257 3363 3311 secundum
3395 3255 3552 3308 aliam

2006 3353 2481 3410 considerationem
2509 3365 2610 3402 non
2639 3349 2736 3410 sit;
2765 3348 2886 3416 quia
2920 3345 3170 3414 quidquid
3199 3344 3375 3411 aliquo
3398 3345 3554 3395 moCo

2003 3443 2364 3500 essentialiter
2389 3449 2489 3503 est,
2530 3440 2630 3492 hoc
2667 3447 2746 3491 est
2779 3446 2944 3488 totum
2976 3433 3114 3501 quod
3145 3433 3254 3500 ipsa
3285 3441 3381 3483 est.
3414 3430 3554 3486 Nihil

2006 3533 2165 3601 igitur
2192 3529 2260 3565 "°
2287 3529 2426 3593 quod
2463 3528 2528 3580 de
2570 3525 2685 3594 ejus
2717 3523 2945 3577 essentia
2968 3527 3112 3587 jvcre
3142 3519 3360 3581 dicitur,
3398 3518 3447 3570 in
3489 3532 3552 3570 co

2005 3620 2142 3687 quod
2181 3617 2355 3686 qualis
2375 3656 2390 3679 ,
2419 3615 2497 3668 vel
2526 3620 2756 3681 quanta;
2801 3610 2892 3663 sed
2924 3609 2974 3661 in
3015 3625 3076 3662 eo
3107 3606 3243 3675 quod
3272 3606 3399 3674 quid
3441 3606 3550 3669 sit,

2007 3708 2281 3775 accipitur.
2321 3704 2585 3772 Quidquid
2615 3704 2754 3755 enim
2781 3711 2888 3762 est,
2923 3700 3002 3752 vel
3032 3697 3186 3765 quale
3211 3738 3224 3760 ,
3271 3697 3354 3751 vel
3385 3711 3552 3764 quan-
3600 3713 3604 3718 ·

2008 3807 2115 3850 ιιιιιι
2137 3838 2149 3860 ,
2180 3807 2260 3849 est
2292 3796 2447 3848 etiam
2496 3792 2636 3845 aliud
2661 3792 2726 3822 ’³⁸
2770 3792 2819 3842 in
2852 3803 2914 3841 eo
2944 3791 3083 3857 quod
3114 3789 3239 3857 quid
3267 3795 3380 3851 est,
3412 3789 3552 3840 unde

2008 3902 2110 3938 non
2139 3883 2358 3952 simplex
2389 3883 2476 3943 '9',
2506 3881 2595 3933 sed
2623 3879 2971 3946 compositum
2996 3886 3096 3930 est.

2330 3990 2551 4047 CAPUT
2593 3989 2750 4043 XVIII
2791 3989 2909 4058 (at,
2942 3986 3100 4054 XVII]
3141 3987 3227 4038 "3.

2205 4105 2353 4170 Quod
2385 4105 2448 4156 sit
2477 4102 2586 4153 sine
2614 4099 2882 4166 principio,
2915 4107 2961 4149 ct
2990 4098 3100 4149 sine
3133 4097 3234 4163 ﬁne
3266 4097 3351 4144 "'.

423 4204 549 4295 llrcc
592 4228 769 4295 autem
815 4220 878 4272 de
925 4204 1130 4272 suuuud
1166 4204 1350 4295 natura
1383 4204 1567 4295 dicere
1610 4204 1901 4295 utaliaseSt.
1936 4240 1948 4293 ι

2007 4222 2340 4295 (onsrtztzrus
2375 4229 2595 4267 CAPITIS.
2625 4243 2689 4251 -—
2717 4212 2768 4264 Si
2801 4226 3005 4263 summa
3034 4209 3322 4295 substautia
3358 4204 3550 4295 pz-ipcli:

419 4285 562 4353 Ergo
592 4287 676 4339 illa
707 4303 810 4340 non
839 4298 920 4340 est
945 4290 1256 4356 composita.
1291 4288 1348 4341 Et
1374 4305 1494 4342 cum
1527 4291 1634 4356 ipsa
1669 4300 1742 4340 tot
1768 4293 1900 4340 bona

419 4356 511 4419 sit,
537 4362 674 4418 vita,
707 4358 863 4418 ratio,
889 4357 1116 4421 bonitas,
1140 4357 1365 4424 justitia,
1396 4368 1524 4422 elc.,
1547 4373 1663 4424 qua:
1704 4357 1902 4428 de_l)co

2081 4290 2218 4355 piam
2250 4287 2423 4355 habet,
2463 4291 2554 4355 aut
2580 4298 2641 4332 ex
2676 4296 2757 4339 se,
2791 4290 2876 4331 aut
2904 4295 2990 4355 19$-
3011 4279 3140 4355 alio,
3164 4285 3254 4326 aut
3279 4291 3341 4328 ex
3391 4272 3554 4322 nihilo

2081 4346 2251 4408 habet.
2282 4351 2391 4404 Non
2417 4369 2478 4404 ev
2512 4351 2634 4412 alio,
2662 4359 2751 4400 aut
2771 4365 2834 4400 cx
2867 4347 3029 4398 nihilo
3060 4346 3141 4396 hal
3165 4355 3216 4396 ct
3247 4360 3259 4393 τ
3290 4358 3406 4396 eum
3433 4357 3553 4406 pro-

1593 4550 1817 4603 VARI/E
1855 4549 2250 4604 LECTIONES.

421 4680 495 4712 m
524 4677 653 4742 Quze
679 4687 760 4731 est
787 4677 989 4745 justitia
1016 4694 1137 4746 mss.
1175 4691 1291 4744 quso
1320 4689 1402 4730 est
1432 4679 1542 4745 ipsa
1577 4677 1775 4746 justitia
1856 4678 1924 4707 ’τ’
1966 4676 2074 4728 Non
2115 4675 2324 4746 proprie
2359 4673 2555 4746 diritur
2577 4671 2720 4746 jnsla
2753 4687 2871 4746 ιιιξῇ
2910 4669 3038 4746 ζέει.
3072 4667 3198 4746 Spg.
3225 4667 3551 4746 'l‘tmsmuttt.

345 4749 491 4817 justa
536 4737 639 4775 7"“
667 4737 804 4817 (iuni
838 4745 1033 4799 dicitur
1065 4737 1224 4817 iusta,
1255 4737 1465 4817 preprie
1492 4737 1614 4798 mss.
1644 4745 1844 4817 Thylen.
1881 4762 2004 4817 tum
2039 4737 2485 4817 _<|iéitt_ti~justiti_:t,
2520 4741 2729 4807 proprie
2753 4756 2756 4758 ·
2907 4738 3036 4817 Cum
3081 4737 3273 4817 dicitur
3301 4743 3382 4817 est
3435 4737 3552 4811 nsi-

350 4813 670 4893 stensonss...
699 4813 900 4893 Tim-qu.
928 4828 1071 4893 cum
1108 4814 1309 4893 dicitur
1354 4815 1586 4866 existens

351 4893 435 4937 est
495 4892 706 4950 justttta

353 4949 511 5004 Corb.
573 4951 722 5015 Quod
775 4949 844 5002 sit
904 4951 1048 5011 sine,
1102 4957 1205 5003 etc.
1257 4951 1406 5018 utiiu
1458 4951 1605 5002 titulo
1655 4951 1835 5018 capitis
1880 4951 1960 5002 18.
2007 4952 2057 5000 in
2114 4951 2330 4999 excusis.

806 4883 874 4911 ³⁷⁷
917 4882 1027 4934 Alia
1077 4882 1386 4947 simpliciter
1437 4899 1558 4934 mss.
1610 4881 1710 4934 alia
1768 4884 2012 4936 similiter

1659 4815 1725 4843 ²⁷⁰
1769 4815 1854 4866 Est
1881 4815 2107 4881 justitia,
2156 4803 2274 4881 sive
2310 4818 2390 4862 est
2422 4803 2568 4881 _jt_tsi_a
2618 4803 2742 4860 mss.
2782 4805 2909 4858 Vict.
2952 4805 3072 4872 Sag.
3098 4815 3194 4881 οδε
3220 4803 3396 4881 justam;
3438 4803 3550 4881 sive

2123 4880 2188 4909 ⁸⁷⁸
2227 4878 2354 4946 Cap.
2412 4868 2477 4932 {6
2531 4879 2584 4946 in,
2620 4884 2756 4946 _mss£
2813 4888 2882 4946 est
2941 4868 3087 4940 caput
3137 4868 3229 4935 l7,
3278 4902 3281 4904 -
3327 4869 3393 4946 ‘1”
3438 4868 3548 4946 dic.

2435 4947 2500 4975 ’⁸ο
2549 4938 2646 4997 Τοί
2695 4945 2929 5011 plurihus
2983 4937 3102 5011 mss.
3159 4951 3266 5011 tum
3318 4937 3553 5011 plurihus

350 5021 418 5051 ’⁸³
461 5005 632 5071 υυιιῖι
684 5019 892 5084 quidem
949 5005 1088 5085 quod
1133 5035 1251 5070 mss.
1295 5017 1424 5070 Tim.
1468 5021 1631 5070 omitt.
1665 5005 1874 5085 quidem
1951 5020 2018 5048 ’θ’
2059 5018 2114 5069 Si
2147 5018 2306 5084 igitur
2352 5029 2557 5085 summa
2583 5005 2728 5085 mus.
2792 5009 2933 5064 Cem.
2982 5008 3115 5085 Vict;
3151 5005 3274 5073 Sag.
3315 5008 3550 5085 omittunt

352 5103 566 5141 summa
641 5088 708 5118 ’⁸³
747 5089 881 5153 Apta
930 5087 1134 5155 ratione
1186 5103 1302 5137 mss.
1358 5086 1487 5140 Vict.
1539 5087 1660 5155 Sag.
1697 5085 1753 5138 S.
1792 5086 1952 5155 Mich.
1979 5097 2163 5155 aperta
2201 5085 2402 5155 ratiOne

2474 5082 2538 5110 "“
2580 5080 2806 5133 Necesse
2849 5087 2905 5130 ut
2945 5079 3065 5126 ms's.
3095 5088 3311 5126 necesse
3360 5083 3440 5125 est
3499 5085 3556 5123 ιιι

353 5156 432 5187 ⁸⁸⁸
461 5155 654 5210 Omnia
683 5141 809 5208 suni
840 5154 999 5209 simul
1027 5171 1146 5205 mss.
1179 5156 1376 5218 otunia,
1428 5157 1538 5207 sive
1579 5143 1735 5206 simul
1809 5155 1875 5184 ³⁸⁸
1918 5141 2086 5209 Unum
2117 5151 2391 5221 significat
2413 5167 2533 5221 mss.
2575 5150 2712 5221 idem
2744 5148 3006 5221 signiﬁcat
3079 5144 3143 5221 ’ἔτ
3173 5141 3404 5221 Dicatur
3421 5157 3541 5221 eo}:

405 5239 450 5277 ts
479 5239 604 5274 mss.
655 5223 848 5275 dicitur
896 5234 950 5276 et
981 5237 1173 5289 corpus
1248 5223 1315 5254 ’⁸³⁸
1352 5223 1504 5274 Aliud
1550 5222 1806 5274 rationale
1849 5240 1972 5275 niis.
2001 5222 2146 5289 aliud
2172 5219 2445 5289 rationalis

2518 5220 2584 5250 ’⁸³
2628 5209 2818 5269 Totniri
2855 5213 2906 5264 id
2952 5228 3073 5263 mss.
3113 5220 3276 5262 totum
3311 5211 3408 5261 hoc
3484 5209 3555 5238 “‘°

387 5240 450 5277 us
479 5240 604 5274 mss.
655 5240 848 5275 mettur
896 5240 950 5276 et
981 5240 1173 5289 corpus
1251 5240 1315 5254 ιη’
1352 5240 1504 5274 mum
1550 5240 1806 5274 rationale
1849 5240 1972 5275 mss.
2005 5240 2146 5274 atmu
2177 5240 2445 5272 rauouaus
2520 5240 2584 5250 m
2640 5240 2814 5269 lutum
2855 5240 2906 5264 Ill
2952 5240 3073 5263 ruas.
3113 5240 3276 5288 tum...
3311 5240 3408 5289 ειυυ

351 5240 497 5345 ῖιιιιιι
529 5291 724 5343 dicitur
750 5307 873 5342 mss.
911 5291 1037 5343 nihil
1073 5292 1258 5359 igitur
1300 5293 1364 5322 ¹⁹¹
1409 5292 1497 5343 Est
1545 5301 1598 5344 ct
1635 5291 1772 5343 aliud
1820 5308 1939 5343 mss.
2000 5287 2129 5341 Vict.
2166 5287 2293 5359 Sag.
2327 5289 2413 5359 list
2437 5288 2596 5359 etiam
2628 5287 2766 5359 aliud
2832 5284 2904 5359 ’ξ’
2948 5279 3424 5359 Nomsintphcttt-r,
3461 5281 3550 5359 soil

350 5377 477 5412 mss.
540 5374 642 5411 non
683 5359 924 5428 simplex,
957 5360 1047 5412 sed
1092 5350 1188 5388 Vm
1228 5358 1350 5428 Cap.
1400 5361 1453 5412 Π
1500 5363 1547 5412 in
1586 5375 1706 5411 mss.
1734 5369 1820 5426 _e;-t
1863 5370 2011 5426 caput
2048 5360 2127 5411 l8.
2153 5350 2270 5389 "9“
2318 5355 2414 5409 Ms.
2453 5356 2605 5407 (ἔωσιν.
2641 5351 2914 5417 Quomodo
2957 5350 3086 5399 nihil
3130 5350 3246 5409 luit,
3290 5358 3384 5397 etc.
3420 5357 3468 5395 ut
3497 5350 3548 5394 tu

351 5428 503 5480 titulo
534 5428 716 5494 capitis
746 5427 803 5479 I8
847 5430 897 5479 in
939 5430 1102 5479 editis.
