4174 6228
553 185 649 237 Ι(ὁῖ

1118 176 1174 227 s.
1220 174 1516 229 assensu
1561 164 1909 224 CAN'l‘UAR.
1941 162 2258 218 meum».
2297 163 2448 217 one.
2490 162 2667 217 mas
2699 162 2738 217 t.
2780 193 2845 203 υ.
2876 151 3321 235 uocantes.

3699 169 3804 224 168

603 295 803 349 bolum
847 291 916 345 sit
944 288 1062 344 eam
1103 304 1207 340 nun
1244 300 1361 337 esse
1405 299 1470 338 ex
1502 263 1642 346 alio.
1680 291 1772 334 aut
1820 266 1887 335 ex
1932 279 2122 333 nihilo.
2155 282 2197 336 Λ
2230 276 2371 329 nitas
2405 294 2417 328 :
2450 275 2591 344 quod
2617 288 2736 330 esse
2761 286 2925 349 supra
2960 276 3468 346 inexpugnabiiiter
3523 278 3804 336 inventum

534 366 547 387 κ
620 348 740 418 Non
789 362 950 415 etiam
990 373 1054 413 cx
1097 373 1154 409 se
1196 354 1276 405 vel
1322 369 1415 422 per
1450 368 1509 405 se
1551 353 1763 422 initium
1807 348 2015 422 habet:
2049 349 2128 422 sic

614 435 767 491 enim
793 439 880 482 est
903 444 966 480 es
996 443 1057 480 sc
1086 425 1168 478 vel
1196 438 1292 490 per
1320 420 1399 484 Se,
1431 431 1490 474 ut
1521 437 1625 474 non
1652 420 1860 483 aliarsit
1889 420 2124 471 essentia

620 490 742 571 qua:
767 506 852 552 est
886 513 983 571 per
1016 498 1075 547 se
1100 504 1154 571 et
1179 507 1247 571 ex
1280 507 1365 553 se,
1397 501 1455 545 et
1496 490 1619 571 alia;
1648 504 1744 557 per
1773 501 1955 571 quam?
1978 496 2032 571 et
2060 502 2125 539 ex

618 556 725 639 qua
754 556 899 639 estj
918 564 1159 639 alioquin
1181 560 1292 628 jam
1338 576 1442 613 non
1478 567 1626 615 esset
1650 556 1746 637 per
1773 572 1890 639 se,“
1909 556 2002 639 sed
2033 570 2129 623 per

622 633 789 693 aliud.
832 635 1053 689 Summa
1092 633 1254 700 igitur
1290 640 1624 700 naturanon
1674 633 1897 700 irrumpit
1934 638 2030 700 per
2071 640 2130 677 se

624 692 706 759 vel
738 720 801 759 cx
842 720 918 758 se;
951 703 1056 755 Sed
1090 692 1191 755 nec
1228 703 1386 767 liuent
1418 696 1667 767 habebit.
1699 695 1754 748 Si
1786 692 1928 767 enim
1969 692 2127 747 ﬁnem

626 776 873 831 habitura
901 781 983 826 est
1017 790 1030 824 :
1061 770 1112 824 Ι.
1141 770 1255 822 Non
1281 764 1363 820 est
1388 764 1597 819 summe
1619 764 1750 825 vita,
1785 778 1878 818 seu
1911 766 2124 815 immur-

623 846 746 898 talis
779 853 833 896 et
870 838 1322 907 incorruptibilis;
1368 836 1422 907 2.
1466 845 1560 887 aut
1590 833 1772 887 volens
1791 842 1916 907 ‘aut_
1942 831 2129 907 nolens

622 914 835 966 deﬁciet
862 927 878 965 :
910 926 1013 964 non
1069 901 1277 969 volens,
1326 905 1452 975 quia
1500 919 1606 957 non
1641 912 1721 957 est
1760 901 1986 975 simplex
2032 901 2129 975 bu:-

626 1000 755 1035 num
804 980 959 1046 cujus
994 977 1273 1030 voluntate
1308 970 1448 1045 perit
1491 972 2038 1046 summum_bunum;
2085 970 2129 1022 si

623 1068 755 1105 vero
779 1041 987 1108 nolens,
1043 1061 1150 1100 non
1173 1059 1257 1099 cst
1283 1041 1489 1097 samme
1513 1052 1705 1109 potens
1728 1057 1743 1099 ;
1772 1041 1825 1094 5.
1858 1053 1962 1095 non
1989 1049 2131 1093 esset

625 1134 865 1182 averna;
897 1117 951 1170 ι.
977 1116 1203 1168 'vcritas
1237 1112 1560 1182 principium
1608 1110 1688 1163 vel
1723 1110 1882 1179 linem
1933 1109 2132 1182 habere

626 1190 810 1257 nequit
850 1178 1096 1256 cogitari.
1144 1178 1429 1257 Nunquam
1469 1180 1613 1233 enim
1655 1195 1763 1232 non
1811 1188 1996 1231 verum
2035 1178 2134 1229 luit

626 1252 751 1328 quia
778 1252 1015 1309 lntnrinn
1040 1261 1155 1328 erat
1180 1252 1382 1320 aliquid
1400 1259 1491 1328 ;__et
1515 1264 1786 1328 tamquam
1814 1263 1921 1301 non
1950 1263 2131 1302 verum

622 1319 729 1383 erit
750 1327 874 1394 quia
908 1323 1237 1393 przeteritum
1263 1319 1346 1372 est
1375 1319 1599 1385 aliquid.

628 1419 707 1473 Ex
738 1432 847 1486 quo
873 1416 1032 1483 igitur
1058 1415 1169 1466 hrec
1200 1419 1307 1463 tam
1339 1408 1564 1476 simplex
1598 1418 1788 1461 natura
1820 1409 2051 1461 creatrix
2081 1415 2136 1460 et

556 1513 709 1584 vigor
752 1511 993 1563 omnium
1038 1506 1158 1567 fuit,
1210 1503 1293 1557 vel
1340 1519 1621 1581 usquequo
1664 1503 1842 1557 futura
1885 1491 2008 1555 est?
2050 1502 2132 1555 An

2230 366 2295 397 “‘
2325 376 2426 420 est.
2454 366 2655 420 Deinde
2682 367 2911 435 cogitet,
2931 366 3020 435 qui
3045 375 3240 435 potest,
3297 366 3514 431 quando
3563 367 3809 438 inempit.

2229 465 2322 510 aut
2354 457 2569 526 quando
2597 472 2703 510 non
2745 456 2844 509 fuit
2874 456 2977 510 hoc
3004 470 3220 519 verum;
3245 456 3471 519 scilicet.
3515 458 3639 526 quia
3661 457 3811 514 futu-

2190 548 2201 558 ‘
2232 561 2348 599 rum
2375 554 2494 600 erat
2515 546 2757 614 aliquid:
2789 557 2884 600 aut
2911 545 3126 613 quando
3171 546 3401 610 desinet,
3448 555 3505 599 et
3552 561 3657 601 non
3705 550 3833 603 erit.

2182 659 2189 666 -
2230 635 2333 690 hoc
2359 651 2573 699 verum;
2605 635 2834 700 scilicet,
2864 634 2992 705 quia
3037 634 3369 704 prmteritum
3423 636 3531 690 erit
3580 637 3809 706 aliquid.

2231 726 2382 801 Quod
2405 729 2449 780 si
2472 734 2725 779 neutrum
2749 726 2939 779 horum
2969 726 3190 795 cogitari
3222 732 3420 794 potest,
3442 733 3497 779 et
3523 736 3813 797 utrumque

2230 812 2333 867 hoc
2355 827 2541 866 verum
2570 812 2691 868 sine
2721 813 2952 866 veritate
2977 824 3098 866 esse
3145 827 3250 866 non
3304 821 3515 881 potest;
3558 814 3813 885 impossi~

2231 902 2338 957 bile
2359 912 2441 956 εει
2468 902 2550 955 vel
2576 903 2818 971 cogitare
2839 901 2981 971 quod
3008 901 3209 956 veritas
3258 901 3597 970 principium
3629 900 3715 960 vel
3740 903 3813 958 ιι-

2231 1006 2354 1046 nem
2378 992 2591 1061 habeat.
2620 992 2860 1061 Denique
2895 992 2939 1045 si
2994 991 3196 1045 veritas
3217 990 3412 1046 habuit
3460 991 3807 1062 principium,

2234 1084 2317 1137 vel
2346 1082 2563 1136 habebit
2592 1082 2752 1135 linem
2782 1099 2797 1147 ;
2830 1091 3119 1150 antequam
3149 1083 3261 1150 ipsa
3296 1082 3591 1152 inciperet,
3620 1094 3811 1138 verum

2233 1183 2349 1227 erat
2380 1184 2505 1229 tunc
2539 1176 2662 1244 quia
2696 1170 2767 1206 ’“
2793 1190 2896 1229 non
2920 1182 3041 1230 erat
3057 1164 3377 1238 veritas;ct
3425 1180 3712 1247 pnstqnam
3746 1181 3813 1231 li-

2234 1261 2344 1313 nita
2370 1263 2468 1315 erit
2492 1262 2617 1331 quia
2649 1262 2718 1293 ³⁸³
2739 1278 2844 1316 non
2872 1264 2997 1316 erit.
3022 1264 3182 1332 Atqui
3207 1248 3481 1318 “‘vernm‘
3506 1281 3610 1320 non
3634 1276 3818 1335 potest

2235 1365 2355 1404 esse
2383 1352 2499 1405 sine
2554 1353 2780 1407 veritate
2812 1362 2967 1406 :erat
3010 1353 3172 1422 igitur
3214 1352 3422 1409 vetitas
3448 1394 3463 1412 .
3525 1364 3815 1425 antequam

2234 1446 2381 1491 esset
2407 1439 2638 1503 veritas;
2671 1448 2724 1492 et
2746 1440 2852 1493 erit
2892 1440 3096 1494 veritas
3121 1478 3137 1502 ,
3174 1435 3457 1509 postquam
3512 1441 3663 1497 (inita
3709 1445 3818 1498 erit

2236 1527 2472 1590 veritas;
2498 1529 2640 1596 quod
2674 1528 3302 1583 iuconvenientissiinum
3347 1514 3453 1585 εει.
3485 1529 3613 1583 Sive
3654 1530 3821 1599 igitur

556 1605 737 1670 ῐτθιίυδ
764 1615 867 1655 “ec
888 1614 953 1653 '3‘
983 1613 1115 1664 ""0,
1144 1611 1244 1649 "cc
1268 1608 1551 1686 “s‘lmql'o
1578 1602 1699 1686 ⁸⁸ξῖ
1731 1594 1824 1686 ξθξι
1851 1593 1968 1686 Si"?
1988 1591 2139 1686 Prm’
2168 1596 2210 1655 Β
2240 1615 2451 1669 dicatur
2476 1618 2679 1671 veritas
2715 1617 2933 1685 habere,
2954 1622 3071 1685 sive,
3104 1618 3434 1686 intelligatur
3467 1608 3571 1673 non
3607 1591 3814 1674 habere

557 1693 700 1762 cipio
724 1700 780 1745 et
803 1690 921 1743 sine
945 1690 1050 1741 line
1078 1686 1148 1717 ³⁸⁸
1176 1685 1302 1738 est?
1332 1684 1387 1738 Si
1414 1684 1558 1738 enim
1586 1682 1906 1751 principium
1934 1680 2095 1733 habet
2117 1714 2134 1741 ,

561 1793 656 1835 aut
685 1797 753 1835 ex
787 1793 846 1833 se
878 1778 963 1832 vel
997 1793 1094 1846 per
1123 1791 1182 1830 se
1209 1776 1311 1828 hoc
1351 1774 1549 1835 habet:
1582 1783 1676 1826 aut
1702 1788 1767 1827 ex
1797 1771 1903 1824 alio
1932 1770 2009 1821 vei
2044 1784 2139 1838 per

561 1871 740 1935 aliud;
766 1880 860 1923 aut
879 1860 1149 1923 ‘ex‘nihilo
1174 1866 1256 1919 vel
1282 1880 1376 1934 per
1402 1865 1533 1918 nihil
1558 1864 1647 1917 “‘.
1675 1863 1779 1917 Sed
1803 1868 2015 1916 constat
2043 1872 2141 1927 per

560 1938 843 2015 veritatem
869 1959 982 2027 jam
1022 1962 1357 2026 perspectam
1388 1955 1512 2023 quia
1562 1953 1707 2007 nullo
1736 1954 1894 2007 modo
1918 1967 1980 2006 cx
2011 1950 2137 2011 alio,

561 2050 644 2103 vel
670 2065 736 2103 ex
766 2047 967 2111 nihilo,
1005 2046 1090 2101 vel
1118 2060 1215 2113 per
1253 2044 1424 2107 aliud,
1452 2043 1533 2097 vel
1571 2058 1667 2111 per
1693 2042 1825 2095 nihil
1854 2050 1953 2093 est.
1988 2038 2156 2092 Nullo-

560 2136 728 2204 igitur
758 2134 919 2189 modo
945 2149 1042 2203 per
1067 2132 1243 2197 aliud,
1275 2132 1357 2191 vel
1384 2146 1449 2185 ex
1475 2131 1602 2193 alio,
1631 2140 1724 2183 aut
1749 2145 1844 2198 per
1874 2128 2002 2203 nihil
2020 2169 2033 2187 ,
2059 2126 2141 2179 vel

561 2241 628 2281 ex
660 2226 829 2280 nihilo
851 2224 1063 2278 initium
1091 2223 1280 2276 sortita
1305 2230 1409 2275 est.
1444 2220 1519 2273 Ex
1546 2220 1722 2287 seipsa
1762 2232 1911 2278 vero,
1936 2217 2019 2270 vel
2050 2230 2144 2285 per

564 2330 624 2368 se
661 2314 872 2367 initium
907 2313 1111 2366 habere
1139 2326 1245 2387 non
1277 2319 1474 2378 potest,
1518 2324 1825 2377 quanquam
1852 2323 1914 2360 ex
1945 2306 2140 2372 seipsa,

563 2409 619 2455 ct
646 2415 743 2471 per
767 2402 1002 2470 seipsam
1031 2400 1118 2452 sit.
1154 2399 1244 2451 Sic
1268 2399 1414 2452 enim
1442 2408 1525 2451 est
1549 2412 1615 2450 ex
1660 2411 1718 2450 se
1746 2407 1799 2448 et
1824 2408 1918 2463 per
1947 2408 2003 2447 se
2030 2394 2098 2422 ’⁸⁷
2128 2430 2142 2455 ,

566 2502 625 2545 ιιι
650 2492 797 2545 nullo
825 2493 985 2543 modo
1010 2491 1082 2544 sit
1115 2489 1217 2542 alia
1244 2489 1505 2547 essentia,
1532 2501 1654 2555 qua:
1676 2494 1759 2538 est
1796 2500 1888 2552 per
1913 2499 1971 2535 se
1999 2491 2049 2549 et
2077 2497 2143 2533 ex

567 2598 647 2643 se,
675 2590 726 2634 et
754 2580 858 2633 alia
900 2594 997 2647 per
1020 2593 1182 2647 quam
1210 2586 1264 2631 et
1288 2592 1352 2629 ex
1401 2590 1505 2643 qua
1536 2583 1638 2627 est.
1672 2571 1938 2639 Quidquid
1968 2580 2141 2622 autem

567 2686 632 2723 ex
663 2669 845 2739 aliquo
880 2666 963 2721 vel
1006 2681 1103 2736 per
1128 2664 1332 2733 aliquid
1364 2663 1554 2731 incipit
1595 2675 1738 2724 esse,
1775 2675 1878 2713 non
1908 2668 1990 2713 est
2030 2673 2147 2709 om-

572 2760 701 2812 nino
746 2758 885 2811 idem
923 2755 996 2809 illi
1041 2770 1107 2809 ex
1149 2768 1291 2821 quo,
1329 2751 1413 2805 vel
1453 2766 1551 2820 per
1584 2748 1735 2819 quod
1762 2747 1961 2815 incipit
2001 2760 2141 2799 esse.

572 2842 794 2905 Summa
826 2848 991 2915 igitur
1018 2853 1212 2899 natura
1244 2859 1349 2896 non
1376 2843 1601 2910 incmpit
1625 2856 1723 2909 per
1749 2856 1828 2903 se,
1859 2839 1941 2891 vel
1970 2854 2036 2891 ex
2061 2851 2141 2891 se.

2238 1708 2561 1775 principium
2592 1707 2674 1762 vel
2725 1692 2906 1771 linem,
2965 1707 3112 1760 nullo
3165 1708 3341 1763 el:~u.li
3396 1690 3573 1777 potest
3620 1710 3820 1761 veritas

2237 1798 2504 1867 principio
2531 1798 2615 1853 vel
2647 1799 2751 1851 line
2770 1815 2786 1851 :
2808 1812 2979 1867 quare
3009 1798 3150 1852 idem
3206 1798 3451 1867 sequitur
3510 1800 3577 1855 de
3606 1814 3819 1854 summa

2240 1898 2453 1950 natura,
2482 1886 2608 1955 quia
2646 1885 2757 1955 ipsa
2793 1900 3002 1940 summa
3032 1887 3233 1940 veritas
3252 1896 3357 1941 est.

2796 1996 3026 2053 CAPUT
3046 1995 3170 2051 XIX
3193 1997 3283 2050 η’.
3346 1986 3353 2013 ¹

2387 2085 2659 2151 Quomooo
2685 2088 2812 2143 nihil
2840 2086 2938 2156 fuit
2964 2099 3104 2150 ante,
3128 2098 3220 2141 aut
3242 2087 3338 2141 erit
3363 2098 3474 2157 post
3501 2085 3670 2140 illam.

2242 2194 2585 2249 Coxsvacrus
2606 2210 2833 2249 CAPITIS.
2861 2193 3157 2264 q—anlex
3181 2203 3263 2248 est
3283 2209 3473 2249 sensus
3500 2193 3656 2258 hujus
3686 2209 3820 2263 pro-

2317 2265 2673 2317 nuntiationis
2708 2282 2721 2316 :
2754 2262 2893 2317 {\ihil
2930 2262 3178 2317 l‘uit‘ante
3206 2276 3473 2317 summam
3501 2262 3817 2317 essentiam.

2325 2336 2379 2388 ι.
2430 2334 2568 2396 Est,
2623 2334 2933 2401 priusquam
2962 2348 3169 2387 summa
3194 2334 3426 2387 essentia
3479 2342 3641 2392 esset,
3698 2331 3819 2394 fuit,

2314 2418 2435 2455 cum
2473 2412 2592 2455 crat
2619 2402 2783 2466 nihil;
2815 2402 2869 2455 2.
2900 2401 3019 2462 Est,
3068 2411 3193 2454 ante
3229 2416 3493 2455 summam
3521 2404 3813 2455 caventiam

2328 2487 2434 2522 non
2465 2470 2562 2522 fuit
2601 2466 2823 2538 aliquid.
2869 2469 3050 2522 Primo
3088 2485 3248 2522 sensu
3288 2469 3418 2521 falsa
3443 2479 3558 2535 est;
3588 2470 3824 2522 :ecundo

2319 2555 2477 2592 sensu
2511 2547 2596 2592 est
2626 2554 2772 2592 vera.
2810 2538 3007 2606 Duplex
3038 2552 3228 2591 sent-us
3254 2538 3453 2605 pariter
3479 2551 3559 2599 est
3590 2554 3712 2592 cum
3740 2539 3824 2589 «Ιὶ-

2318 2610 2461 2662 citur
2496 2626 2508 2660 :
2547 2608 2677 2661 Post
2719 2622 2984 2661 summam
3033 2606 3322 2661 essentlam
3381 2607 3515 2661 nihil
3550 2616 3632 2661 est
3681 2606 3826 2673 {utn-

2317 2690 2460 2730 rum.
2578 2690 2581 2691 ⁷

2320 2766 2425 2821 Sed
2456 2780 2584 2821 ecce
2618 2766 2808 2821 iterum
2838 2765 3235 2834 insurgitnihil,
3257 2774 3309 2818 et
3335 2780 3669 2834 qua‘cunque
3694 2766 3825 2819 hac-

2252 2864 2408 2910 tenus
2440 2856 2583 2909 ratio
2624 2856 2853 2907 veritate
2904 2854 2973 2884 m
3018 2864 3072 2907 et
3130 2854 3449 2907 necessitate
3487 2854 3827 2929 concerditet-

571 2922 834 3008 Quoniam
864 2938 1023 3007 igitur
1053 2950 1150 2989 nec
1176 2947 1271 3002 per
1296 2949 1377 2997 se,
1408 2949 1505 2989 nec
1525 2948 1590 2985 ex
1616 2948 1694 2992 se,
1729 2946 1831 2984 nec
1856 2945 1949 2998 per
1979 2929 2144 2993 aliud,

2249 2946 2653 3007 attestantibns,
2695 2944 2968 3008 disseruit,
3014 2944 3206 2999 asserit
3230 2955 3373 2999 (sset
3401 2944 3553 2997 nihil.
3588 2944 3643 2999 Si
3673 2926 3823 2999 enim

572 3044 670 3085 nec
693 3044 761 3084 ex
787 3027 916 3093 alio,
942 3040 1043 3080 nec
1069 3038 1166 3095 per
1188 3022 1341 3085 nihil,
1376 3036 1473 3076 nec
1513 3036 1581 3075 ex
1605 3020 1771 3073 nihilo
1804 3019 1963 3073 habet
2000 3018 2147 3087 prin-

572 3120 796 3191 cipium,
824 3117 971 3171 nullo
997 3114 1156 3168 modo
1187 3113 1350 3166 habet
1383 3102 1724 3181 principium.
1761 3107 1865 3161 Sed
1893 3120 2065 3181 neque
2089 3106 2151 3157 li-

532 3266 533 3269 η
576 3228 698 3266 nem
728 3208 967 3263 habebit.
1000 3205 1056 3260 Si
1105 3204 1247 3259 enim
1281 3206 1439 3257 linem
1477 3200 1726 3254 habitura
1768 3206 1881 3257 est.
1932 3212 2037 3251 non
2066 3205 2147 3249 cst

536 3291 784 3355 summe
830 3294 1150 3351 immortalis
1195 3302 1252 3375 et
1294 3304 1507 3346 summe
1555 3287 2012 3357 incorruptibilis;
2055 3286 2148 3339 sed

572 3401 786 3448 constat
826 3392 951 3459 quia
988 3397 1069 3442 est
1112 3400 1324 3440 summe
1367 3381 1687 3454 immortalis
1730 3388 1783 3433 et
1830 3378 2151 3444 incorrupti-

576 3485 698 3537 Izilis
727 3496 743 3534 :
771 3495 877 3534 non
926 3477 1143 3531 habebit
1170 3475 1333 3543 igitur
1369 3472 1553 3526 ﬁnem.
1580 3469 1821 3539 Amplius
1850 3475 1865 3521 ξ
1898 3467 1952 3521 Si
1990 3468 2147 3521 linem

575 3547 822 3628 habitura
867 3579 951 3623 est
973 3610 987 3633 ,
1037 3575 1130 3619 aut
1163 3566 1348 3619 volens
1371 3604 1385 3627 ,
1418 3573 1511 3617 aut
1552 3561 1741 3616 nolens
1769 3559 2000 3615 deﬁciet.
2043 3558 2149 3613 Sed

578 3682 677 3735 pro
704 3674 855 3721 certo
892 3677 997 3715 non
1028 3670 1110 3714 est
1142 3658 1366 3728 simplex
1409 3658 1606 3709 bonum
1633 3695 1648 3717 ,
1696 3653 1851 3722 cujus
1876 3651 2151 3705 voluntate

574 3757 717 3824 perit
753 3765 1024 3806 summum
1058 3749 1260 3800 bonum
1290 3763 1304 3797 :
1339 3755 1393 3797 at
1428 3744 1539 3811 ipsa
1583 3751 1666 3796 est
1708 3757 1892 3795 verum
1925 3749 1979 3794 et
2016 3738 2145 3792 sim-

574 3844 698 3911 plex
739 3843 937 3896 bomuu
966 3855 981 3903 ;
1010 3852 1180 3907 quare
1218 3849 1314 3889 sna
1362 3842 1551 3901 sponte
1592 3847 1699 3885 non
1737 3830 1952 3884 deliciet
1992 3829 2104 3897 ipsa
2133 3868 2149 3891 ,

572 3946 736 4002 quam
763 3938 973 3983 certum
1003 3937 1085 3980 est
1115 3939 1233 3979 esse
1263 3939 1530 3989 summum
1561 3922 1782 3975 bonum.
1811 3919 1866 3973 Si
1894 3932 2025 3971 vero
2057 3933 2151 3971 no-

576 4024 690 4075 lens
714 4022 784 4051 ”'
812 4019 1051 4088 peritura
1071 4026 1176 4076 est,
1200 4022 1306 4067 non
1331 4021 1416 4067 est
1444 4028 1652 4066 summe
1678 4022 1888 4081 potens,
1914 4024 2011 4063 nec
2035 4023 2150 4062 om»

572 4115 849 4181 nipotens;
874 4110 966 4163 sed
988 4107 1211 4159 rationis
1232 4104 1529 4158 necessitas
1548 4103 1780 4155 asseruit
1801 4116 1921 4154 eam
1944 4113 2150 4153 summe

572 4206 848 4271 potentem
871 4212 993 4252 esse
1016 4206 1070 4249 et
1092 4194 1541 4263 omnipotentem.
1570 4190 1683 4247 Non
1707 4206 1835 4260 ergo
1861 4189 2045 4243 uolens
2066 4188 2150 4240 de-

576 4293 737 4347 ticiet.
766 4292 946 4357 Quare
1001 4289 1044 4341 si
1075 4301 1173 4341 nec
1202 4286 1406 4347 volens,
1438 4298 1613 4352 neque
1637 4282 1822 4337 nolens
1845 4280 1937 4353 [αι.
1972 4279 2144 4352 omit.]

572 4396 781 4436 summa
825 4390 1016 4433 natura
1056 4379 1215 4430 finem
1251 4376 1521 4437 habebit,
1554 4374 1696 4427 nullo
1734 4372 1803 4403 ¹⁹⁹
1840 4372 1995 4425 modo
2042 4371 2141 4437 ιι

574 4470 734 4525 linem
785 4469 1025 4523 habebit.
1082 4466 1327 4534 Amplius
1378 4482 1391 4516 :
1448 4463 1503 4517 Si
1562 4463 1647 4517 illa
1698 4478 1903 4515 summa
1956 4468 2146 4515 natura

576 4565 735 4616 linem
764 4560 924 4617 habet
954 4560 1045 4625 "°,
1074 4559 1154 4613 vel
1185 4556 1529 4626 principium,
1579 4568 1683 4608 non
1716 4560 1798 4606 est
1828 4567 1951 4605 vera
1993 4561 2151 4604 aetero

2246 3051 2332 3109 ea,
2361 3051 2481 3105 qua:
2516 3049 2677 3104 supra
2732 3036 2939 3102 digesta
2996 3043 3138 3094 sunt.
3209 3034 3534 3089 necessariae
3577 3035 3826 3088 veritatis

2253 3124 2550 3177 munimine
2580 3123 2789 3175 firmata
2840 3132 2986 3187 sunt,
3023 3138 3126 3177 non
3176 3123 3275 3175 fuit
3323 3122 3391 3153 ²⁰⁷
3439 3122 3640 3191 aliquid
3694 3132 3827 3179 ante

2250 3224 2513 3263 summam
2536 3208 2849 3272 essentiam,
2890 3222 2990 3261 nec
3025 3209 3128 3261 erit
3148 3208 3359 3275 aliquid
3401 3218 3522 3277 post
3553 3208 3623 3239 '"
3651 3223 3773 3267 eam
3809 3229 3825 3263 :

2248 3314 2419 3366 quare
2456 3298 2586 3352 nihil
2630 3298 2725 3351 fuit
2759 3307 2885 3352 ante
2919 3310 3060 3362 eam,
3112 3306 3165 3352 et
3197 3296 3328 3351 nihil
3365 3299 3470 3353 erit
3511 3307 3629 3366 rost
3674 3315 3821 3354 eam.

2251 3388 2382 3442 Nam
2412 3396 2505 3441 aut
2530 3388 2730 3456 aliquid
2772 3387 2862 3449 ⁸⁸⁸,
2889 3396 2982 3440 aut
3007 3387 3138 3441 nihil
3182 3401 3401 3444 necesse
3461 3384 3549 3443 est
3588 3402 3833 3457 praeces-

2249 3481 2405 3542 sisse,
2428 3478 2512 3532 vel
2538 3479 2955 3535 Subsecuturum
2985 3495 3126 3535 esse.
3152 3479 3250 3545 Qui
3282 3491 3461 3536 autem
3512 3482 3642 3537 dicit
3697 3484 3828 3551 quia
3870 3460 3889 3472 ’

2251 3568 2381 3622 nihil
2412 3565 2511 3620 fuit
2541 3577 2664 3621 ante
2692 3568 2887 3636 ipsam,
2940 3577 2995 3623 et
3030 3570 3162 3624 nihil
3204 3573 3308 3625 erit
3358 3582 3482 3641 post
3537 3573 3731 3640 ipsam,
3768 3573 3824 3627 id

2249 3660 2600 3729 pronuntiare
2628 3646 2859 3715 videtur.
2903 3661 3038 3727 Quia
3071 3661 3320 3717 fnitante
3356 3664 3551 3731 ipsam,
3608 3664 3831 3733 quando

2251 3750 2384 3803 nihil
2424 3759 2571 3811 erat;
2620 3758 2675 3803 et
2715 3750 2819 3804 erit
2865 3758 2988 3820 post
3031 3752 3222 3819 ipsam,
3254 3753 3469 3821 quando
3513 3752 3648 3807 nihil
3693 3755 3826 3809 erit.

2250 3839 2634 3907 Quandoergo
2668 3839 2800 3894 nihil
2845 3851 2984 3907 erat,
3017 3842 3102 3894 illa
3140 3831 3246 3895 non
3293 3853 3443 3919 erat;
3495 3850 3550 3897 et
3606 3843 3831 3911 quando

2250 3929 2380 3983 nihil
2411 3930 2535 3994 erit,
2567 3930 2656 3983 illa
2685 3945 2792 3983 non
2824 3931 2948 3995 erit.
2973 3930 3251 3996 Quomodo
3278 3946 3407 4001 ergo
3438 3924 3543 3986 non
3597 3933 3831 4003 iucmpit

2242 4013 2313 4074 ex
2344 4020 2528 4082 nihilo,
2555 4029 2649 4074 aut
2669 4023 2935 4090 quomodo
2962 4038 3065 4075 non
3092 4024 3337 4079 deveniet
3356 4025 3426 4057 ’θ’
3449 4026 3515 4077 ad
3544 4025 3772 4078 nihilum
3810 4043 3823 4078 :

2251 4109 2294 4163 si
2321 4109 2409 4161 illa
2472 4112 2707 4164 nondum
2757 4120 2897 4177 erat,
2939 4128 3062 4166 cum
3106 4112 3218 4180 jam
3254 4121 3373 4169 erat
3416 4114 3546 4167 nihil
3583 4114 3687 4175 m;
3723 4113 3822 4183 [aL

2250 4197 2423 4270 0min]
2447 4207 2499 4252 et
2524 4200 2712 4253 eadem
2732 4199 2843 4268 jam
2893 4215 2997 4253 non
3022 4203 3146 4265 erit,
3178 4217 3299 4257 cum
3326 4203 3502 4257 adhuc
3528 4204 3632 4257 erit
3656 4204 3830 4257 nihil?

2255 4288 2391 4354 Quid
2422 4306 2550 4359 ergo
2566 4291 2634 4322 ³¹⁰
2661 4286 2843 4343 molita
2862 4301 2946 4344 est
2977 4301 3123 4345 tanta
3159 4292 3327 4346 moles
3354 4301 3827 4365 argumentorum,
3866 4342 3869 4343 ν

2255 4379 2298 4430 si
2348 4388 2454 4431 tam
2495 4378 2650 4433 facile
2684 4377 2972 4433 demolitur
3009 4380 3234 4433 niltilum
3286 4380 3561 4434 molimina
3604 4381 3831 4433 eorum?

2258 4467 2312 4521 Si
2342 4483 2574 4537 namque
2611 4468 2677 4499 ⁹¹¹
2704 4468 3047 4522 constituitur
3094 4478 3153 4522 ut
3196 4485 3462 4522 sumtnum
3511 4484 3631 4524 esse
3656 4469 3830 4524 nihilo

2256 4567 2309 4611 et
2334 4559 2653 4627 praecedenti
2685 4559 2959 4621 succedat,
2990 4566 3045 4611 et
3072 4558 3418 4626 subsequenti
3470 4557 3693 4612 decedat
3720 4555 3825 4588 ἠ·

1862 4683 2092 4739 VAlll/E
2134 4684 2532 4742 LECTIONES.
3024 4695 3070 4751 τι

650 4810 720 4839 ’⁸⁵
761 4806 890 4861 Sine
925 4805 1062 4858 line?
1108 4804 1165 4858 Si
1198 4821 1321 4856 mss.
1369 4803 1481 4855 sine
1520 4801 1625 4855 line
1697 4801 1831 4853 est?
1906 4798 1959 4850 Si

578 4892 645 4929 ex
680 4893 737 4927 se
768 4892 865 4942 per
888 4892 947 4929 εο
986 4892 1109 4926 mss.
1150 4883 1233 4927 9.51
1261 4889 1323 4925 es
1354 4887 1413 4923 50
1454 4881 1505 4923 οι
1540 4886 1633 4942 νοτ
1657 4885 1718 4923 se

582 4938 791 4998 sununa
835 4958 1020 4999 natura
1066 4948 1224 4995 tinem
1259 4943 1498 5002 habebit,
1526 4941 1675 4992 nullo
1703 4956 1823 4991 mss.
1857 4938 1986 4992 Cist.
2021 4940 2239 5000 nolens;
2302 4938 2448 4990 nullo

1552 5010 1616 5039 ιο*
1656 5008 1806 5073 Quod
1844 5019 1925 5061 cst
1951 5024 2110 5077 Supra
2172 5014 2442 5064 inventum
2520 5024 2643 5059 mss.
2674 5007 2814 5077 quod
2837 5019 2954 5056 esse
2987 5019 3143 5074 supra
3170 5005 3441 5077 inventum
3472 5012 3554 5077 est
3628 5002 3831 5077 ’°f__\’_e-

579 5014 640 5068 S.
708 5011 866 5063 Mida.
923 5016 1077 5067 linem
1130 5014 1309 5064 habet.
1365 5012 1444 5061 vel

2073 4799 2142 4828 ’θ’
2185 4800 2274 4852 Vel

1813 4870 1881 4900 ¹⁹⁸
1919 4868 1973 4921 Si
2022 4884 2146 4922 vero
2185 4870 2372 4923 nolens
2422 4885 2522 4923 ms.
2570 4868 2630 4921 S.

2312 4816 2410 4868 pro
2436 4799 2626 4853 nihilo.
2691 4797 2796 4868 Sed
2825 4814 2961 4868 mss.
2999 4796 3082 4868 vel
3107 4812 3202 4865 rer
3235 4795 3387 4868 nihil.
3417 4794 3587 4868 Sed“
3628 4795 3835 4868 ξξτΑΕςι

2693 4867 2851 4919 Mirh.
2910 4866 2965 4919 Si
3021 4867 3181 4936 igitur
3231 4865 3416 4919 nolens

2554 4932 2622 4968 ²⁶⁰
2670 4936 2855 4988 Finem
2890 4932 3127 4998 habebit,
3184 4936 3266 4988 vel
3317 4951 3441 4987 mss.
3484 4932 3657 5003 Vict,‘
3694 4934 3828 5003 Sag.

582 5099 699 5135 tum
735 5089 853 5134 erat
885 5088 1011 5132 lttttt'.
1043 5083 1169 5144 quia
1193 5079 1432 5133 ms.Cist.
1469 5095 1652 5130 verum
1683 5072 1801 5130 erat
1835 5081 1957 5145 quia
1990 5072 2113 5133 tunc
2187 5081 2256 5110 ³⁸³
2280 5078 2476 5131 Verum
2505 5078 2605 5131 erit
2640 5094 2650 5127 :
2684 5072 2807 5143 quia
2831 5091 2951 5126 mss.
2983 5072 3165 5145 verum
3190 5074 3294 5145 erit
3316 5082 3442 5145 tunc
3464 5073 3591 5145 quia
3758 5072 3835 5145 ᾼι

583 5154 710 5218 quia
775 5166 901 5201 mss.
961 5148 1107 5215 atqui

585 5221 744 5273 (ἐστιν.
780 5219 919 5270 ratio
950 5219 1175 5269 veritate
1246 5220 1316 5252 ³⁸⁷
1358 5219 1513 5270 Aliud
1560 5228 1684 5268 ante
1726 5256 1741 5268 .

1213 5152 1281 5180 ³⁸⁵
1326 5149 1455 5215 Cap.
1486 5149 1549 5201 18
1578 5150 1629 5200 in
1672 5164 1794 5199 mss.
1831 5160 1904 5200 est
1934 5162 2086 5215 caput
2127 5151 2213 5205 19.

1785 5256 1799 5268 .
1844 5257 1856 5269 .
1895 5218 2035 5270 aliud
2064 5232 2182 5288 post
2214 5234 2336 5270 mss.
2378 5217 2579 5283 aliquid
2628 5223 2751 5288 ante
2906 5253 2920 5288 ε

2292 5148 2359 5177 ³⁰⁶
2402 5148 2556 5199 Ratio
2580 5148 2630 5197 in
2663 5140 2884 5197 veritate
2908 5160 3029 5194 mss.
3070 5142 3198 5195 Vict.
3225 5142 3369 5196 Gem.
3397 5140 3522 5209 Sag.
3553 5140 3614 5196 S.
3659 5140 3828 5196 Mida.

2966 5213 3165 5279 aliquid
3212 5221 3327 5278 post
3401 5211 3471 5241 ³⁰⁸
3512 5211 3643 5264 Nam
3680 5210 3831 5266 aliud

587 5305 713 5340 mss.
750 5304 869 5338 nam
895 5297 987 5339 aut
1010 5287 1207 5353 aliquid
1287 5287 1352 5317 m
1393 5288 1509 5341 Non
1559 5288 1806 5339 devcniet
1858 5291 1923 5339 ad
1971 5280 2095 5341 mss.
2138 5289 2271 5341 Tlm.
2326 5302 2431 5339 non
2472 5280 2727 5337 'devcniet
2764 5283 2827 5333 ad
2906 5283 2974 5311 ³¹⁰
3006 5283 3131 5333 Erat
3176 5281 3305 5353 nihil
3334 5298 3351 5353 ς
3382 5280 3517 5353 Quid
3542 5293 3829 5353 ergolnss.

586 5358 710 5408 Iulli:
765 5356 942 5407 Venet.
976 5346 1203 5420 car/ptis
1240 5373 1361 5407 mss.
1400 5357 1530 5409 Tim.
1564 5367 1679 5409 crat
1712 5357 1862 5416 nihil,
1896 5367 1949 5407 et
1975 5359 2141 5409 eadcu

2243 5372 2311 5406 mt
2356 5371 2457 5406 non
2486 5356 2609 5415 erit,
2656 5368 2777 5405 cum
2808 5352 2980 5405 adhuc
3006 5355 3114 5422 erit
3138 5352 3289 5404 nihil.
3321 5351 3455 5413 Quid
3490 5346 3651 5422 igitur
3677 5346 3829 5422 Edil.

588 5423 773 5476 téxftim
806 5434 919 5477 erat
949 5424 1074 5495 nihil
1102 5416 1123 5473 ἐ
1155 5436 1203 5475 et
1230 5428 1415 5476 eadem
1437 5430 1546 5491 jatn
1576 5444 1677 5476 nm
1708 5427 1811 5476 t‘tll
1839 5447 1849 5476 :
1886 5436 2059 5480 tamen
2105 5416 2279 5478 adhuc
2309 5427 2409 5475 erit
2439 5424 2587 5475 nihil.
2622 5421 2757 5484 Quid
2787 5435 2913 5488 ergo
2990 5422 3053 5450 ³¹¹
3088 5421 3141 5472 Si
3178 5434 3406 5495 namque
3436 5416 3557 5469 mss.
3586 5416 3719 5468 Tha.
3748 5419 3833 5472 sic

591 5511 824 5559 namque
902 5495 965 5523 ³¹²
1009 5492 1224 5544 llit‘chat
1269 5511 1387 5545 mss.
1419 5496 1641 5550 decedat

3522 4865 3590 4896 ω
3630 4863 3834 4921 Nolens
3886 4882 3890 4889 '
