4174 6212
55 68 561 299 τ

55 68 561 299 τ’

269 427 337 461 ³η
367 444 461 495 per
498 428 659 480 inane
685 424 934 477 nihilum.
968 422 1052 475 An
1080 420 1259 489 potius
1315 418 1721 487 repugnandum
1775 426 1859 470 est

271 519 457 580 nihilo,
485 534 553 571 ne
581 525 655 569 tot
676 524 965 569 structura:
991 510 1312 565 necessaria:
1361 508 1591 562 rationis
1614 524 1643 561 a
1688 508 1859 561 nihilo

269 614 683 677 expugnentur;
723 611 777 656 et
820 616 1088 655 summum
1149 600 1371 660 bonum,
1428 596 1572 666 quod
1642 596 1858 649 lucerna

273 698 520 752 veritatis
547 697 833 767 qumsitum
862 702 918 746 et
946 691 1224 746 inventum
1276 699 1382 753 est,
1437 688 1719 743 amittatur
1763 700 1861 754 pro
1934 756 1941 757 ί

274 786 465 841 nihilo.
500 786 685 839 Potius
709 784 872 852 igitur
895 788 1194 843 asseratur,
1231 778 1275 831 si
1305 775 1420 830 fieri
1480 782 1677 846 potest,
1727 774 1856 842 quia

273 878 405 930 nihil
446 892 555 929 non
623 874 723 927 l‘uit
779 882 905 927 ante
955 866 1582 933 summamessentiam,
1624 881 1722 919 nec
1760 863 1863 917 erit

274 975 397 1036 post
440 965 622 1036 illam;
656 977 842 1032 quam,
872 976 995 1015 cum
1025 960 1178 1013 locus
1230 958 1393 1011 datur
1442 966 1569 1010 ante
1624 954 1706 1009 vel
1743 963 1865 1022 post

278 1034 425 1110 illam
455 1034 644 1118 nihilo,
674 1069 771 1123 per
799 1051 1026 1107 nihilum
1061 1050 1351 1105 reducatur
1378 1049 1444 1104 ad
1473 1046 1702 1102 nihilum
1735 1045 1864 1099 illud

278 1162 418 1211 esse,
447 1139 592 1213 quod
623 1160 717 1213 per
753 1143 990 1213 seipsum
1016 1138 1280 1194 conduxit
1308 1139 1360 1193 id
1394 1138 1535 1206 quod
1564 1136 1860 1199 eratnihil,

277 1253 399 1292 esse
418 1237 508 1287 ²¹³.
541 1235 815 1305 Duplicem
873 1245 1107 1300 namque
1164 1246 1269 1283 una
1317 1229 1687 1299 pronuntiatio
1723 1228 1867 1297 gerit

282 1322 635 1388 sententiam,
672 1339 795 1378 cum
826 1322 1028 1377 dicitur
1057 1320 1182 1390 quia
1217 1318 1353 1373 nihil
1396 1318 1500 1373 fuit
1549 1327 1677 1371 ante
1714 1332 1863 1371 sum-

282 1434 423 1472 mam
456 1416 770 1475 essentiam.
825 1413 976 1470 Unus
1026 1413 1169 1466 enim
1207 1420 1290 1465 est
1321 1410 1438 1478 ejus
1474 1424 1685 1473 sensus,
1715 1410 1863 1478 quia,

280 1509 603 1577 priusquam
629 1522 839 1562 summa
865 1506 1100 1561 essentia
1148 1513 1292 1559 esset
1328 1542 1342 1568 ,
1397 1501 1532 1568 fuit,
1571 1518 1692 1557 cum
1750 1510 1869 1556 erat

283 1601 439 1655 nihil.
468 1600 622 1654 Alter
642 1614 772 1653 vero
791 1597 906 1667 ejus
932 1606 1017 1651 est
1052 1595 1380 1658 intellectus,
1404 1595 1532 1670 quia
1563 1604 1690 1649 ante
1720 1609 1866 1647 sum-

283 1704 426 1743 mam
457 1676 751 1743 essentiam
781 1703 885 1740 non
918 1686 1016 1742 fuit
1047 1686 1252 1755 aliquid
1285 1686 1379 1750 m,
1402 1685 1569 1740 veluti
1591 1700 1635 1738 sn
1666 1685 1864 1747 dicam;

283 1780 417 1832 nihil
446 1779 630 1833 docuit
660 1793 744 1832 me
770 1778 950 1833 volare
990 1792 1006 1830 :
1053 1788 1145 1831 aut
1192 1780 1295 1832 hoc
1342 1777 1421 1831 sic
1474 1776 1544 1809 ³⁸⁸
1579 1791 1867 1844 exponam,

285 1871 410 1939 quia
444 1871 622 1939 ipsum
680 1869 839 1933 nihil,
874 1869 1017 1938 quod
1076 1868 1344 1938 signiﬁcat
1382 1883 1488 1922 non
1536 1867 1604 1899 ³¹⁷
1643 1868 1868 1937 aliquid,

283 1960 469 2013 docuit
503 1974 588 2013 me
618 1959 830 2022 volare;
863 1969 915 2013 et
941 1959 1046 2013 erit
1074 1957 1266 2013 falsum
1296 1974 1310 2011 :
1345 1968 1439 2013 aut
1465 1958 1591 2029 quia
1624 1972 1729 2011 non
1785 1971 1872 2011 me

283 2050 467 2107 docuit
486 2051 687 2120 aliquid
729 2051 912 2105 volare
935 2052 1025 2117 3“,
1057 2053 1200 2119 quod
1230 2060 1313 2105 est
1344 2066 1551 2105 verum.
1575 2050 1733 2103 Prior
1766 2050 1871 2103 ita-

283 2155 388 2210 que
424 2155 618 2194 sensus
651 2150 753 2204 est,
783 2155 945 2211 quem
1004 2141 1251 2211 sequitur
1302 2155 1464 2209 supra
1498 2148 1726 2194 tractata
1785 2140 1870 2193 in-

286 2232 686 2293 coiiveuientia,
717 2240 773 2287 et
800 2231 1107 2285 omnimoda
1144 2232 1355 2285 ratione
1375 2245 1472 2299 pro
1500 2230 1636 2284 falso
1672 2230 1872 2301 ‘rcpeL

286 2319 436 2374 litur.
467 2321 626 2373 Alter
653 2335 781 2376 vero
804 2330 905 2383 est,
936 2322 1027 2389 qui
1058 2321 1428 2390 superioribus
1483 2319 1722 2388 perlecta
1781 2334 1876 2374 co-

289 2410 457 2465 haeret
483 2411 553 2441 ³⁸⁸
587 2411 963 2485 convenientia
1015 2420 1070 2464 et
1118 2418 1228 2464 tota
1283 2411 1496 2466 illorum
1549 2410 1874 2465 eontexione

288 2516 446 2554 verus
472 2516 595 2557 esse
622 2492 983 2570 compellitur.
1012 2502 1190 2568 Quare
1247 2517 1368 2555 cmn
1411 2502 1611 2557 dicitur
1638 2504 1763 2575 quia
1792 2502 1873 2556 ni-

289 2591 361 2646 hil
399 2591 472 2623 ³²⁰
504 2591 604 2645 fuit
639 2602 768 2646 ante
814 2591 985 2654 illam,
1025 2591 1317 2646 secundum
1347 2591 1873 2661 posterioremintel—

290 2680 486 2735 lectum
515 2682 886 2751 accipiendum
916 2690 1029 2745 est;
1067 2696 1166 2734 nec
1196 2682 1275 2735 sic
1329 2690 1414 2735 est
1468 2682 1869 2751 exponendum,

290 2780 347 2824 ut
391 2772 729 2842 intelligatur
771 2772 1057 2840 aliquando
1113 2770 1303 2834 fuisse,
1338 2772 1570 2839 quando
1622 2769 1707 2823 illa
1765 2786 1872 2823 non

289 2871 425 2929 erat,
464 2869 521 2915 et
554 2861 689 2916 nihil
724 2869 874 2925 erat;
920 2861 1013 2913 sed
1044 2860 1118 2913 ita
1150 2869 1209 2911 ut
1239 2858 1570 2927 intelligatur
1596 2858 1720 2928 quia
1749 2868 1874 2913 ante

291 2950 433 3005 illam
485 2966 589 3007 non
641 2950 742 3004 fuit
797 2948 1020 3018 aliquid.
1076 2948 1273 3002 Eadem
1316 2950 1455 3002 ratio
1507 2958 1592 3002 est
1642 2948 1872 3018 duplicis

292 3039 594 3094 intellectus
623 3038 668 3093 si
696 3038 827 3092 nihil
855 3039 1068 3092 dicatur
1105 3044 1227 3107 post
1274 3037 1418 3091 illan.
1450 3049 1572 3091 esse
1605 3037 1867 3091 futurum.

293 3127 349 3183 Si
372 3143 501 3197 ergo
533 3128 650 3182 hazc
678 3127 1072 3195 interpretatio,
1100 3141 1219 3195 quae
1251 3126 1389 3178 facta
1437 3133 1522 3178 est
1561 3126 1627 3179 de
1679 3125 1872 3186 nihilo,

242 3256 245 3259 ι
293 3219 578 3288 diligenter
608 3218 967 3280 discernitur,
1022 3216 1309 3271 verissime
1360 3229 1463 3269 nec
1517 3213 1719 3284 aliquid
1776 3229 1877 3269 nec

295 3306 425 3360 nihil
450 3321 718 3359 summam
744 3299 1035 3359 essentiam
1067 3313 1159 3357 aut
1190 3303 1531 3372 prarcessisse
1563 3311 1657 3356 aut
1685 3304 1875 3357 subse-
1914 3339 1921 3345 ι

294 3404 543 3459 cuturmn
561 3410 703 3458 esse,
735 3404 789 3448 et
817 3393 949 3447 nihil
978 3392 1144 3447 fuisse
1170 3401 1295 3446 ante
1322 3391 1404 3445 vel
1434 3402 1554 3460 post
1584 3391 1729 3445 illam
1754 3406 1875 3446 esse

295 3496 605 3542 secuturum
632 3486 699 3517 ³²¹
727 3486 1090 3547 concluditur,
1122 3493 1179 3538 et
1208 3494 1387 3538 tamen
1429 3484 1573 3538 nulla
1603 3484 1715 3551 jam
1747 3499 1879 3539 con-

298 3578 612 3633 stitutorum
639 3577 886 3632 soliditas
915 3575 1068 3629 nihili
1092 3576 1353 3629 inanitate
1383 3575 1712 3629 concutitur.

695 3665 923 3720 CAPUT
954 3665 1051 3718 xx
1079 3664 1177 3733 [ηΙ.
1234 3665 1376 3735 xm
1408 3666 1495 3717 ω.

529 3756 685 3822 Quod
712 3756 805 3808 illa
835 3757 900 3827 sit
932 3757 985 3807 in
1016 3756 1157 3807 omni
1184 3754 1296 3807 loco
1322 3767 1367 3808 et
1396 3766 1645 3825 tempore.

298 3851 645 3906 Coxsrsc'rus
673 3865 902 3904 CAl’l‘l‘lS.
931 3879 1002 3889 -——
1028 3848 1276 3903 Creatrix
1332 3850 1568 3903 essentia
1598 3849 1797 3917 ubique
1826 3860 1881 3903 et

364 3936 579 3990 semper
601 3930 704 3978 est,
738 3922 786 3973 l.
819 3920 944 3988 quia
971 3933 1246 3984 nunquam
1287 3920 1509 3990 incoapit
1533 3930 1626 3971 aut
1664 3919 1876 3988 desinet

364 3989 512 4054 esse;
538 3991 593 4042 ‘2.
620 3990 745 4057 quia
783 4004 990 4042 sunnna
1034 3999 1222 4039 natura
1254 3989 1569 4056 autnbique
1622 3997 1675 4041 et
1730 4004 1876 4043 sem—

366 4076 460 4130 per
487 4070 597 4120 eSt,
626 4068 718 4112 aut
749 4068 955 4111 tantum
983 4057 1176 4110 alicubi
1203 4070 1257 4111 et
1280 4057 1593 4130 aliquando,
1621 4067 1712 4110 aut
1738 4074 1873 4119 nus-
1917 4104 1921 4109 .

366 4128 535 4197 quam
594 4137 648 4182 et
682 4143 973 4196 nunquam.
1003 4131 1373 4196 Atrepugnat,
1430 4128 1451 4179 l
1513 4129 1745 4195 utquod
1793 4144 1881 4182 vc-

368 4174 585 4253 r'issime
633 4207 687 4252 et
717 4174 929 4250 summe
954 4208 1059 4259 est,
1092 4174 1464 4266 idfuiquam
1497 4206 1551 4249 et
1599 4174 1873 4266 dumquam

1984 4174 2344 4231 determinate
2367 4213 2381 4236 ,
2411 4186 2631 4226 necesse
2659 4181 2743 4223 est
2783 4180 2843 4225 ut

366 4269 465 4333 sit;
495 4268 554 4321 2.
593 4276 651 4321 ut
674 4267 837 4320 ulltnn
870 4267 1067 4321 bonum
1093 4265 1174 4319 vel
1210 4266 1411 4339 aliquid
1462 4267 1533 4320 sit
1590 4268 1709 4321 sine
1738 4265 1875 4337 ipsa

1648 210 2050 271 MONOLOGIU
2062 212 2104 267 δι
2115 252 2128 267 .

265 336 525 407 quidquid
564 350 726 405 supra
777 330 965 387 statuit
1011 346 1218 391 verum,
1276 340 1497 383 necesse
1538 326 1854 382 destituitur
1884 326 1931 381 Λ

3425 213 3528 266 170

2029 326 2291 379 creatrice
2341 330 2740 389 essentia,stne
2792 342 2896 393 qua
2952 333 3221 393 ιμιέῆιιςηῖι
3273 338 3353 376 vc.
3401 342 3538 379 nuu-

2035 409 2198 463 quam
2228 404 2308 448 est
2342 396 2562 463 aliquid.
2598 396 2838 464 Denique
2872 396 2997 463 quia
3032 409 3130 448 nec
3186 393 3540 449 deter-minute

2034 468 2118 517 est
2157 464 2351 517 alicubi
2381 476 2435 517 et
2464 464 2785 533 aliquando;
2826 467 2916 518 ubi
2964 465 3109 517 enim
3146 464 3258 530 ipsa
3301 479 3405 516 non
3434 474 3537 524 cst,

2035 533 2105 586 ibi
2133 534 2275 586 nulla
2306 544 2387 588 est
2411 534 2647 588 essentia
2684 551 2696 585 :
2750 550 2849 587 nec
2872 534 3234 587 determinate
3265 548 3360 599 per
3402 546 3459 585 se
3486 533 3541 585 iu

2037 617 2143 656 uno
2175 604 2289 657 loco
2320 615 2372 659 et
2397 613 2674 671 tenuiore;
2717 602 2769 655 in
2812 604 3022 655 caneris
3061 618 3188 656 vero
3237 618 3333 671 per
3388 616 3543 653 suam

2036 675 2362 741 potentiam;
2392 690 2514 726 nam
2556 674 2793 741 potentia
2818 673 2935 741 ejus
2959 681 3042 724 est
3068 673 3235 740 ipsius
3282 673 3540 727 essentia.

2036 740 2180 809 Ergo
2208 742 2407 811 ubique
2434 752 2487 795 et
2508 740 2724 813 semper
2745 753 2847 796 cst.

2036 892 2354 961 Quanquam
2388 903 2567 946 autem
2595 906 2754 963 Supra
2786 890 3102 948 conclusum
3131 892 3218 953 sit,
3250 893 3371 961 quia
3392 908 3549 948 erea—

1966 981 2073 1037 trix
2107 984 2220 1035 hmo
2252 992 2447 1035 natura
2475 978 2693 1050 ubique,
2722 991 2775 1034 et
2806 986 2856 1033 in
2889 981 3162 1043 omnilms,
3201 990 3255 1035 ct
3295 997 3389 1049 per
3440 999 3550 1037 om-

1965 1076 2054 1129 nia
2082 1074 2155 1129 sit
2188 1094 2199 1127 :
2232 1085 2286 1128 et
2316 1090 2378 1127 cx
2414 1090 2500 1140 eo,
2534 1074 2658 1141 quia
2720 1089 2819 1126 nec
2874 1072 3115 1141 iucmpit,
3188 1088 3287 1127 nec
3340 1073 3554 1129 desinet

1965 1181 2085 1221 esse
2116 1165 2183 1196 ³³³
2222 1175 2593 1233 consequatur
2622 1165 2747 1232 quia
2782 1180 3002 1233 semper
3026 1165 3145 1230 fuit,
3186 1174 3239 1220 et
3270 1178 3354 1219 est
3378 1165 3468 1230 3“,
3499 1176 3555 1219 et

1966 1259 2093 1320 erit,
2126 1258 2301 1311 sentio
2330 1264 2506 1310 tamen
2543 1257 2800 1325 quiddam
2828 1257 2896 1288 ³³⁸
2927 1257 3379 1311 contradictiouis
3430 1260 3555 1312 sub-

1967 1350 2310 1402 murmurare
2349 1349 2446 1412 am;
2482 1348 2625 1418 quod
2678 1363 2763 1404 me
2803 1349 2947 1420 cogit
2991 1349 3324 1431 diligentius.
3366 1349 3451 1404 ubi
3499 1363 3556 1406 et

1969 1444 2186 1507 quando
2230 1443 2317 1496 illa
2368 1444 2459 1507 sit,
2502 1445 2780 1513 indagare.
2834 1444 3021 1513 Itaque
3050 1457 3258 1498 summa
3294 1445 3553 1509 csa-utin,

1970 1541 2063 1585 aut
2095 1532 2295 1601 ubique
2322 1541 2376 1584 et
2400 1546 2615 1601 semper
2638 1541 2742 1595 est,
2781 1542 2874 1585 aut
2903 1542 3110 1587 tantum
3142 1520 3338 1587 alicubi
3378 1543 3433 1588 et
3460 1533 3560 1587 ali-

1899 1662 1943 1719 B
1972 1623 2211 1693 quando,
2242 1633 2335 1676 aut
2359 1638 2629 1691 nusquam
2656 1632 2712 1677 ct
2741 1638 3017 1692 nunquam
3058 1640 3069 1675 ε
3108 1624 3250 1692 quod
3288 1624 3429 1684 dico,
3463 1632 3558 1677 aut

1973 1716 2026 1768 in
2052 1716 2196 1769 omni
2225 1714 2343 1769 loco
2374 1725 2428 1770 ct
2453 1725 2696 1784 tempore
2722 1716 2825 1778 ³²⁷ς
2862 1722 2957 1769 aut
2985 1715 3344 1770 determinate
3394 1716 3462 1745 ³⁸⁸
3502 1715 3558 1768 in

1971 1806 2174 1875 aliquo,
2207 1806 2289 1860 vel
2326 1807 2377 1859 in
2416 1806 2575 1860 nullo.
2605 1805 2713 1860 Sed
2740 1806 2870 1876 quid
2897 1806 3114 1861 videtur
3142 1807 3557 1876 repugnantius.

1971 1916 2133 1968 quam
2159 1908 2218 1955 ut
2241 1899 2381 1970 quod
2421 1900 2703 1954 verissime
2733 1886 2789 1954 et
2818 1914 3027 1954 summe
3066 1908 3174 1964 est,
3198 1900 3250 1954 id
3289 1914 3558 1968 nusquam

1972 2002 2027 2047 et
2053 2008 2328 2062 tulitquam
2360 1992 2431 2045 sit
2455 1993 2544 2044 3".
2571 1992 2791 2045 Falsum
2841 2000 2924 2046 est
2962 1991 3126 2060 igitur
3173 2006 3440 2060 nusquam
3474 1992 3561 2045 vel

1974 2097 2247 2151 nunquam
2293 2082 2437 2136 illam
2474 2098 2592 2137 esse
2640 2083 2730 2133 33°.
2766 2081 2993 2141 Deinde,
3046 2083 3302 2151 quoniam
3352 2081 3561 2137 nullum

1973 2174 2038 2204 ’“
2073 2174 2299 2236 bonum,
2326 2190 2422 2228 nec
2447 2175 2665 2242 penitus
2711 2172 2918 2241 aliquid
2942 2182 3025 2228 est
3054 2174 3172 2227 sine
3207 2188 3269 2227 ca
3304 2191 3316 2225 :
3362 2173 3404 2227 si
3444 2174 3563 2243 ipsa
3614 2192 3621 2198 ‘

1972 2278 2239 2332 nusquam
2264 2264 2347 2318 vel
2374 2278 2651 2333 nunquam
2700 2272 2805 2326 est,
2847 2262 3115 2333 nusquam
3167 2263 3248 2317 vel
3283 2279 3561 2331 nunquam

1974 2356 2192 2425 aliquod
2218 2357 2421 2410 bonum
2449 2364 2551 2419 est,
2573 2365 2631 2410 et
2650 2370 2913 2423 nusquam
2939 2356 3020 2409 vel
3044 2371 3319 2425 nunquam
3341 2357 3565 2410 omnino

1974 2444 2175 2513 aliquid
2214 2455 2318 2500 est.
2354 2443 2505 2510 Quod
2537 2458 2697 2511 quam
2744 2443 2936 2499 falsum
2982 2443 3052 2475 ⁹³¹
3104 2446 3192 2511 sit,
3229 2460 3330 2498 nec
3383 2446 3567 2500 dicere

1972 2551 2108 2604 opus
2129 2543 2213 2591 est
2240 2534 2467 2589 :l‘alsum
2498 2536 2662 2604 igitur
2677 2544 2828 2589 estet
2852 2535 3157 2613 illud,quod
3186 2536 3273 2590 illa
3296 2552 3564 2606 nusquam

1975 2641 2069 2684 aut
2100 2647 2375 2699 nunquam
2411 2630 2483 2661 ³³³
2514 2631 2607 2684 sit.
2648 2629 2857 2685 Autest
2891 2642 3022 2699 ergo
3057 2630 3415 2685 determinatc
3464 2632 3568 2686 ali-

1975 2722 2099 2777 cubi
2125 2730 2179 2775 et
2204 2721 2529 2788 aliquando;
2563 2728 2655 2773 aut
2686 2719 2882 2789 ubique
2912 2729 2967 2773 et
3009 2735 3241 2790 semper.
3276 2722 3348 2776 Αἰ
3384 2722 3431 2777 si
3475 2720 3568 2776 de-

1977 2813 2271 2866 terminate
2296 2810 2363 2841 ³³⁸
2388 2820 2474 2865 cst
2504 2809 2556 2864 in
2593 2810 2776 2879 aliquo
2814 2808 2933 2864 loco
2978 2808 3063 2865 vel
3091 2819 3335 2880 tempore
3356 2824 3370 2874 ;
3392 2862 3397 2867 .
3421 2809 3491 2865 ibi
3515 2820 3573 2865 et

1979 2911 2105 2955 tunc
2134 2909 2365 2961 tantum,
2394 2899 2483 2953 ubi
2509 2908 2566 2953 et
2593 2899 2812 2969 quando
2857 2899 2967 2969 ipsa
2994 2909 3096 2964 est,
3130 2908 3331 2970 potest-
3366 2898 3573 2969 aliquid

1899 3000 1940 3055 (ἶ
1975 3006 2116 3046 esse.
2151 2990 2253 3046 Ubi
2305 3004 2433 3044 vero
2462 2998 2517 3043 et
2546 2990 2768 3058 quando
2790 2991 2901 3059 ipsa
2933 3004 3037 3043 non
3070 2999 3174 3052 est,
3226 2991 3297 3044 ibi
3347 3000 3403 3045 et
3441 3001 3569 3046 tunc

1956 3083 2197 3150 .penitus
2230 3081 2369 3135 nulla
2407 3089 2491 3134 est
2510 3080 2777 3145 essentia,
2836 3080 2963 3149 quia
2998 3081 3116 3136 sine
3144 3093 3205 3133 ea
3255 3081 3384 3135 nihil
3436 3089 3520 3136 est
3553 3099 3567 3134 :

1982 3172 2126 3225 unde
2148 3179 2511 3239 consequetur
2536 3171 2605 3201 ³³³
2642 3180 2699 3223 ut
2729 3172 2799 3225 sit
2837 3172 3035 3238 aliquis
3083 3172 3234 3232 locus
3270 3181 3323 3226 et
3351 3172 3570 3241 aliquod

1986 3273 2225 3331 tempus,
2272 3263 2363 3316 ubi
2411 3272 2461 3315 et
2520 3263 2737 3330 quando
2798 3264 3019 3316 omnino
3084 3262 3220 3315 nihil
3274 3273 3375 3317 est.
3417 3261 3573 3328 Quod

1982 3355 2237 3423 quoniam
2264 3362 2347 3408 est
2374 3354 2600 3417 falsum;
2646 3354 2759 3423 ipse
2790 3368 3027 3422 namque
3078 3352 3229 3407 locus
3258 3362 3313 3408 et
3361 3364 3574 3425 tempus

1986 3446 2161 3514 ipsum
2194 3443 2395 3511 aliquid
2419 3454 2529 3508 est;
2565 3458 2671 3497 non
2719 3452 2896 3511 potest
2949 3458 3073 3498 esse
3114 3455 3325 3499 summa
3377 3456 3570 3501 natura

1986 3536 2206 3599 alicubi,
2238 3535 2319 3588 vel
2357 3534 2647 3603 aliquando
2676 3534 3032 3589 determinate
3054 3534 3141 3585 ³³⁸.
3177 3534 3330 3601 Quod
3362 3536 3408 3589 si
3444 3537 3570 3590 dici-

1987 3637 2076 3682 tur
2106 3627 2248 3698 quod
2285 3626 2645 3679 determinate
2670 3626 2781 3693 ipsa
2815 3624 2883 3655 ³³⁷
2915 3640 3012 3693 per
3041 3638 3099 3679 se
3129 3606 3323 3679 alicubi
3372 3635 3427 3680 et
3475 3627 3572 3683 ali‘

1984 3719 2200 3788 quando
2225 3727 2335 3780 est;
2367 3717 2459 3770 sed
2488 3732 2585 3785 per
2613 3717 2908 3785 potentiam
2932 3732 3085 3771 suam
3118 3726 3202 3771 est
3243 3719 3573 3786 ubicunque,

1983 3809 2068 3863 vel
2123 3800 2561 3878 quandocunqu‘e
2613 3807 2819 3874 aliquid
2877 3815 2989 3866 est;
3036 3823 3146 3869 non
3192 3818 3278 3861 est
3330 3824 3572 3862 verum:

1983 3897 2237 3965 quoniam
2278 3896 2422 3950 enim
2466 3895 2756 3964 potentiam
2795 3895 2913 3963 ejus
2944 3895 3075 3949 nihil
3108 3896 3250 3949 aliud
3280 3912 3439 3964 quam
3490 3897 3565 3966 ip-

1984 4004 2098 4042 sam
2126 4003 2247 4042 esse
2276 3987 2620 4040 manifestum
2647 3994 2762 4046 est;
2804 3984 2951 4039 nullo
2978 3985 3135 4038 modo
3165 3988 3404 4054 potentia
3454 3987 3574 4056 ejus

1984 4067 2248 4149 sine'ipsa
2280 4090 2383 4135 est.
2406 4080 2541 4134 Cum
2568 4094 2698 4147 ergo
2722 4095 2827 4133 non
2855 4079 2927 4133 sit
2953 4079 3147 4156 alicubi
3175 4079 3257 4133 vel
3282 4081 3573 4149 aliquando

2885 4171 2955 4223 sit
2984 4171 3181 4240 ubique
3230 4180 3286 4226 et
3334 4172 3573 4242 semper,

1988 4266 2144 4319 idest
2191 4263 2245 4316 in
2276 4263 2421 4316 omni
2461 4261 2575 4315 loco
2601 4270 2654 4315 et
2676 4269 2935 4330 tempore.

1619 4358 1853 4433 vanus
1895 4376 2300 4433 LECTIONES.

369 4490 438 4523 ⁸¹³
495 4486 834 4544 Necessitate
864 4488 1196 4542 "destituitur
1241 4506 1364 4543 mss.
1410 4504 1632 4545 necesse
1681 4491 1995 4545 destituitur

304 4578 424 4616 nm.
479 4570 527 4614 et
588 4559 735 4612 Edit.
787 4557 1009 4611 Gothica
1060 4560 1193 4612 nihil
1240 4562 1305 4614 ad
1346 4575 1464 4615 esse
1513 4578 1613 4613 ms.
1670 4560 1857 4614 Cister.
1925 4559 2059 4614 nihil
2124 4572 2243 4611 esse
2274 4598 2288 4621 ,
2340 4558 2403 4610 ad
2437 4572 2555 4611 esse

2103 4488 2173 4519 ³¹δ
2210 4487 2358 4540 Nihil
2412 4487 2477 4539 ad
2540 4501 2657 4541 esse
2686 4503 2782 4539 ms.
2827 4484 2957 4539 Vict.
3016 4487 3101 4541 15.
3165 4491 3230 4543 ad
3276 4488 3410 4544 nihil
3454 4506 3578 4548 esse

2662 4557 2728 4594 ³⁸⁸
2775 4555 2885 4608 Non
2943 4557 3041 4609 fuit
3097 4558 3239 4610 aliud
3294 4576 3420 4613 mss.
3468 4577 3576 4621 non

308 4629 626 4700 fuitaiiquid
698 4628 768 4700 Ψ
815 4628 928 4683 Hoc
949 4638 1125 4700 autem
1154 4630 1231 4682 sic
1252 4646 1351 4700 ms.
1377 4630 1437 4683 S.
1484 4629 1645 4683 Miclt.
1679 4632 1782 4700 hoc
1829 4640 1923 4683 aut
1971 4629 2050 4684 sic
2123 4629 2189 4700 “7
2214 4628 2365 4694 Quod
2412 4628 2589 4700 signat
2619 4642 2722 4700 non
2781 4643 2903 4679 mss.
2934 4628 3099 4700 _qnid
3142 4629 3410 4695 signiﬁcat
3468 4647 3575 4685 nou

310 4701 375 4733 ⁸⁸⁸
408 4696 527 4754 Non
568 4715 656 4752 me
680 4697 863 4751 docuit
888 4698 1068 4752 volare
1097 4701 1221 4751 mss.
1266 4699 1397 4752 Vict.
1429 4700 1559 4768 Sag.
1589 4701 1649 4754 S.
1690 4699 1853 4753 Mich.
1898 4714 2003 4753 non
2036 4712 2122 4752 me.
2161 4698 2346 4751 docuit
2383 4696 2821 4768 aliquid‘mvolare

671 4774 965 4837 perspecta‘
998 4770 1235 4822 cohaeret
1260 4780 1282 4800 ⁸
1308 4770 1374 4800 ³²⁰
1414 4769 1514 4834 Qui
1575 4785 1698 4823 cum
1761 4770 1959 4824 dicitur

308 4787 428 4825 mss.
487 4769 624 4822 'l'hu.

2932 4696 2999 4728 ³ι⁹
3043 4697 3285 4751 Perfecta
3342 4701 3578 4756 cohau'ct

2005 4783 2031 4839 τΔ
2076 4768 2206 4821 nihil
2264 4784 2388 4820 mss.
2436 4766 2549 4819 circ.
2594 4766 2727 4818 Tim.
2789 4782 2957 4839 quare
2996 4784 3139 4839 cum
3196 4769 3394 4821 dicitur
3447 4773 3576 4839 quia

311 4840 437 4894 nihil
466 4838 574 4892 Ed.
604 4837 727 4908 κοί.
757 4836 1016 4891 ειᾋνσηει.
1056 4840 1178 4908 quia
1225 4855 1345 4892 cmn
1383 4840 1580 4893 dicitur
1610 4857 1623 4891 :
1656 4837 1789 4892 nihil
1866 4840 1933 4871 ’ἰ
1974 4836 2127 4891 Illam
2159 4852 2279 4891 esse
2317 4847 2626 4908 secuturum
2655 4852 2779 4907 mss.
2813 4836 2948 4908 Tha.
2994 4838 3138 4889 illam
3165 4852 3284 4890 esse
3316 4836 3577 4895 Subsecu-

313 4916 489 4961 turum
564 4908 636 4939 3”
672 4905 801 4975 Cap.
831 4908 899 4961 19
922 4909 973 4959 in
1005 4905 1127 4960 mss.
1158 4919 1233 4963 est
1266 4921 1417 4975 caput
1439 4910 1509 4963 ‘20

1612 4910 1682 4940 ³³³
1721 4908 1829 4963 Nec
1859 4909 2057 4964 desinit
2076 4922 2195 4962 esse
2220 4923 2346 4959 mss.
2374 4917 2420 4960 et
2451 4904 2553 4959 Ed.
2581 4905 2737 4960 Cotti.
2773 4920 2870 4959 nec
2897 4907 3104 4961 desinet
3125 4922 3244 4961 esse
3320 4908 3391 4938 ³¹δ
3415 4910 3576 4965 Sem-

311 4992 401 5048 per
429 4979 551 5040 fuit,
580 4985 666 5032 est
694 4974 828 5048 mss.
858 4976 998 5048 Vict.
1038 4976 1182 5048 Gem.
1211 4974 1367 5032 Corb.
1402 4979 1531 5048 Sag.
1558 4990 1605 5032 et
1640 4980 1764 5033 edit.
1802 4978 1959 5033 Galli.
1986 4993 2206 5044 semper
2244 4978 2364 5048 fuit,
2391 4986 2447 5048 et
2472 4987 2555 5030 est
2629 4976 2697 5048 ξπ
2738 4974 2938 5028 Tamen
2968 4977 3186 5048 quidam
3202 4994 3343 5048 Amss‘.
3372 4990 3419 5032 et
3444 4983 3575 5035 edit.

311 5044 425 5100 Cat.
469 5056 654 5100 tamen
708 5046 960 5113 quiddam
1040 5047 1108 5083 ³²⁶
1146 5044 1603 5103 (Iontradictionis
1652 5051 2099 5105 submurmurare
2134 5065 2236 5101 ms.
2283 5044 2340 5100 S.
2375 5046 2536 5109 ΜὶεΙι.
2571 5044 3123 5100 submurnnu'ationis
3199 5046 3264 5077 ³¹⁷
3308 5046 3453 5103 Loco
3495 5052 3575 5104 vel

315 5124 549 5184 tempore
596 5132 722 5168 mss.
754 5113 885 5168 Tim.
920 5115 1116 5187 loco_et
1150 5128 1390 5187 tempore
1426 5158 1430 5163 .
1466 5120 1536 5153 ³³⁸
1573 5122 1679 5173 Aut
1709 5120 2106 5173 tleterminaute
2136 5134 2263 5171 mss.
2308 5126 2403 5169 ant
2434 5116 2789 5170 determinate
2866 5117 2934 5145 "9
2973 5116 3025 5168 ld
3052 5132 3319 5183 nusquam
3346 5130 3400 5173 et
3430 5136 3572 5173 unn-

314 5199 465 5306 quam
496 5200 619 5251 esse
666 5202 790 5238 mss.
833 5202 1005 5254 ειπερ.
1040 5185 1171 5237 Tim.
1204 5185 1272 5240 id
1294 5200 1570 5257 nusquam
1601 5202 1653 5243 et
1680 5204 1955 5256 nunquam
1987 5189 2057 5241 sit
2130 5188 2196 5219 ³³⁰
2240 5188 2404 5254 Igitur
2435 5196 2698 5255 nusquaut
2728 5194 2781 5237 et
2810 5200 3083 5252 nunquam
3108 5201 3229 5239 esse
3264 5205 3390 5241 mss.
3424 5188 3571 5241 Grut.

347 5251 450 5306 Ἕω.
495 5253 626 5306 Saa.
655 5253 842 5306 Cisler.
874 5266 921 5306 el
960 5261 1041 5306 ed.
1079 5255 1236 5306 Cum.
1269 5258 1431 5306 ἰρίιιιι·
1463 5276 1724 5306 mtsmlam
1755 5262 1836 5306 vel
1870 5274 2145 5306 nunquam
2181 5257 2325 5306 illam
2363 5272 2502 5306 esse.
2601 5255 2666 5285 "‘
2708 5254 2992 5306 Ououtodo
3018 5254 3222 5306 nullttm
3267 5275 3391 5306 mss.
3444 5256 3570 5306 Vict.

364 5254 450 5307 ὕει.
493 5253 626 5328 ξαρ.
655 5253 842 5328 (ἰὲςιεμγ.
874 5266 921 5308 ει
960 5261 1041 5328 ed.
1079 5255 1242 5328 Colle.
1269 5253 1437 5327 igitur
1462 5253 1725 5328 nusquam
1755 5253 1838 5313 vel
1870 5274 2145 5327 nunquam
2181 5257 2325 5328 illam
2363 5272 2502 5328 esse.

316 5322 458 5379 Call.
484 5322 616 5391 Sag.
644 5325 897 5391 quoniam
931 5326 1131 5377 nullum
1206 5326 1272 5355 ³³³

2601 5255 2666 5285 ³³⁸
2708 5254 2992 5318 Quomodo
3018 5254 3222 5308 nullum
3267 5275 3391 5310 mss.
3444 5256 3570 5309 Vict.
3634 5298 3637 5301 .

1313 5324 1631 5398 Quanquam
1665 5329 1853 5382 falsum
1880 5324 2018 5381 mss.
2047 5340 2095 5381 et
2142 5329 2225 5381 ed.
2257 5325 2763 5398 Golia.Qnodquam
2788 5324 2997 5398 falsum
3060 5324 3128 5398 Ψ
3170 5325 3267 5398 Illa
3299 5341 3571 5398 nusquam

314 5402 362 5445 et
391 5409 667 5467 nunquam
697 5409 824 5467 mss.
856 5405 903 5445 et
944 5393 1211 5467 edaCoth.
1240 5393 1623 5467 illaAnusq'uam
1654 5410 1744 5452 aut
1782 5414 2055 5467 nunquam
2132 5398 2199 5429 ³³³
2237 5400 2306 5450 At
2331 5399 2374 5449 si
2405 5396 2757 5467 determinate
2780 5412 2906 5467 mss.
2936 5395 3069 5467 Tlm.
3098 5396 3203 5467 Aut
3229 5397 3270 5447 si
3310 5396 3540 5467 delet-mi
3560 5423 3575 5433 -

314 5472 431 5536 uate
505 5458 577 5494 ³⁷³³
612 5458 765 5516 Unde
794 5466 1293 5536 co‘nsequiturmss.
1339 5458 1630 5536 Vicl.'Sag.
1656 5480 1701 5521 et
1741 5470 1826 5521 ed.
1858 5458 2016 5521 Goth.
2047 5470 2189 5522 unde
2217 5474 2579 5536 consequetur
2652 5464 2719 5495 ³³⁸
2745 5465 2957 5536 Αιὶουὶιί
2992 5476 3045 5518 et
3072 5466 3359 5536 aliquando
3387 5464 3573 5536 deter-

318 5532 518 5607 minata
538 5549 667 5587 mss.
703 5541 755 5607 et
803 5533 883 5607 ed.
921 5531 1076 5607 Goth.
1120 5535 1316 5607 alicubi
1354 5538 1437 5592 vel
1477 5531 1764 5607 aliquando
1788 5538 2167 5605 ,delermiuate
2242 5538 2307 5569 ³³⁷
2350 5531 2502 5602 Quod
2533 5534 2897 5591 dctcrtninare
2927 5538 3059 5602 .ipst.
3102 5550 3227 5585 mss.
3258 5532 3403 5597 Vict.
3435 5531 3571 5584 Tim.

318 5596 456 5656 Cm.
480 5603 612 5670 δραι.
646 5602 768 5671 quia
799 5602 1155 5681 dcterniinate
1195 5606 1307 5671 ipsa

717 5695 986 5756 ΡΑτιιοι.
1026 5692 1294 5755 CLVlll.

302 6012 327 6029 ι.

286 6030 445 6061 "JJu-a
534 6056 539 6061 ,

286 6034 445 6057 19's

178 6034 519 6151 ὢν

2933 5697 2971 5754 6
