4174 6234
547 2 790 12 —---—--———-‘__.-
805 7 900 12 ς-μ-
915 9 922 12 .

955 8 1500 28 ‘—--——————-—_—...-_.,-__.__’
1527 20 1816 27 ___._______V__
1859 26 1910 29 ῖ-

603 172 696 233 Hi
1178 181 1236 234 S.
1279 178 1575 234 ANSELMl
1617 179 1968 235 CANTUAR.
2015 180 2151 242 ARC

2265 183 2331 238 ιι.
2371 184 2518 239 ore.
2557 185 2735 240 mus
2762 185 2802 242 ι.
2838 214 2900 230 -.
2938 153 3354 248 nocituros.
3747 198 3849 260 472

957 290 1194 354 CAPUT
1220 292 1469 363 mpm
1532 292 1654 363 xxi
1716 296 1784 358 ’3“

763 399 766 406 '
852 385 1003 452 Quod
1049 386 1100 435 in
1131 383 1272 436 nullo
1315 384 1378 435 sit
1413 383 1524 434 Ioco
1555 396 1643 435 aut
1684 397 1927 452 tempore.

595 474 932 533 CONSPECTUS
962 490 1192 534 CAPITIS.
1215 504 1283 512 —
1317 475 1350 525 Α
1394 489 1604 526 summa
1640 487 1831 528 natura
1863 475 2015 526 valde
2045 475 2171 528 alie-

669 564 792 599 tnnu
820 557 900 599 est
929 545 1128 597 habere
1159 545 1605 611 compositionem
1652 546 1880 611 partium
1914 545 1993 595 vel
2042 545 2175 596 divi-

668 619 891 668 sionem.
929 613 1066 682 Ergo
1098 615 1209 680 ipsa
1250 630 1355 665 non
1406 615 1475 665 ita
1510 623 1592 667 est
1650 622 1780 682 tota
1825 613 1874 664 in
1923 613 2175 666 omuihns

666 686 796 737 locis
824 695 874 736 et
909 681 1263 749 leniporilnis,
1303 693 1358 733 ut
1391 698 1483 751 per
1520 691 1697 749 partes
1743 681 1816 751 sit
1844 682 1894 734 in
1927 683 2170 750 singulis.

665 754 854 806 lltrum
890 755 956 805 sit
986 761 1094 806 tota
1140 754 1298 806 simul
1355 750 1404 802 in
1442 752 1666 816 singulis
1722 751 1748 801 lv
1775 750 1853 801 eis
1885 761 1936 803 et
1966 760 2172 818 tempo-

666 826 812 877 ribus
837 825 914 876 sic
946 824 1237 889 inquiritur
1270 841 1281 873 :
1323 820 1376 872 Si
1412 830 1519 872 tota
1563 830 1646 872 est
1675 821 1830 872 simul
1863 821 1914 873 iu
1946 821 2172 884 singulis

605 895 817 954 ’-loeis,
869 909 966 961 per
997 892 1203 960 singula
1245 890 1358 961 lorea
1424 899 1549 961 sunt
1586 890 1809 958 singulae
1858 901 1999 961 tune.
2034 890 2168 942 Nam

661 967 804 1030 quod
839 959 1127 1016 tutum-eSL
1159 963 1208 1012 iu
1255 960 1439 1030 aliquo
1489 959 1626 1019 loco,
1656 961 1785 1012 nihil
1824 968 1907 1012 est
1937 959 2050 1030 ejus
2077 976 2170 1012 ex-

665 1029 743 1088 tra
777 1035 934 1086 istum
962 1032 1165 1093 locum;
1201 1029 1293 1082 sed
1323 1032 1387 1081 de
1418 1043 1524 1096 quo
1552 1029 1682 1081 nihil
1708 1039 1787 1082 est
1815 1036 1969 1080 extra
2003 1029 2164 1081 istum

663 1103 861 1164 locum,
897 1100 1027 1152 nihil
1076 1099 1194 1165 ejus
1233 1109 1316 1152 est
1353 1099 1512 1151 simul
1573 1099 1622 1150 iu
1676 1098 1781 1150 alio
1832 1097 1969 1151 loco.
2029 1099 2169 1165 Ergo

662 1178 825 1224 unum
859 1179 1027 1223 totum
1077 1185 1182 1221 non
1240 1177 1415 1236 potest
1461 1183 1581 1219 esse
1630 1167 1789 1220 simul
1842 1168 1892 1218 in
1941 1167 2168 1221 diversis

658 1243 791 1293 locis
820 1250 1014 1292 totum.
1045 1239 1186 1307 Ergo
1219 1255 1312 1308 per
1341 1237 1550 1305 singula
1607 1237 1746 1297 loca,
1799 1236 2007 1308 singula
2040 1247 2170 1308 sunt

643 1320 793 1365 tota.
829 1311 968 1378 Ergo
996 1310 1040 1362 si
1080 1305 1287 1361 suunua
1317 1317 1503 1379 natura
1535 1316 1617 1359 est
1651 1315 1758 1359 tota
1789 1305 1949 1358 simul
1975 1308 2026 1359 in
2057 1307 2166 1379 sitr-

658 1381 799 1448 gulis
830 1376 980 1440 locis,
1019 1389 1148 1448 quot
1183 1377 1391 1444 singula
1425 1376 1553 1448 loca
1577 1391 1756 1448 _esso_
1783 1385 2033 1444 possunt,
2088 1376 2167 1430 tot

658 1445 882 1523 singulm
908 1445 1264 1523 sumantur-3e
1302 1445 1716 1523 suntiiueLEi-go
1747 1445 1858 1523 ipsa
1916 1460 2020 1497 non
2081 1456 2166 1499 est

573 1533 576 1536 '
659 1515 772 1575 tota
801 1517 963 1573 simul
989 1519 1039 1570 in
1076 1518 1331 1570 oumilnis
1357 1515 1626 1581 lucis.,Sie
1653 1530 1753 1568 nec
1784 1516 1897 1581 ipsa
1925 1523 2006 1567 est
2051 1524 2161 1567 tota

659 1590 816 1644 slmul
843 1591 892 1648 in
920 1588 1171 1641 erunibus
1194 1587 1553 1654 temporibus;
1613 1599 1733 1636 eum
1775 1586 1889 1651 ipsa
1920 1593 2160 1651 tempora

2213 301 2256 354 Α
2286 297 2691 362 singulislocis,
2724 316 2816 368 per
2847 302 3054 373 singula
3101 305 3216 360 loca
3268 312 3393 361 sunt
3433 308 3656 378 singuli:
3710 325 3856 372 mur.

2287 388 2437 440 Sicut
2466 390 2607 442 enim
2636 389 2785 445 locus
2808 410 2836 445 ιι
2870 395 2986 448 loco
3016 396 3363 465 distinguitur
3386 407 3443 451 ut
3477 400 3684 470 singula
3730 405 3848 462 loca

2282 482 2410 546 sint,
2457 484 2531 536 ita
2565 485 2614 538 id
2641 488 2781 553 quod
2810 497 2978 541 totum
3010 501 3091 544 est
3116 492 3173 545 in
3201 509 3307 548 uno
3336 493 3473 562 loco,
3503 497 3568 549 ab
3615 512 3680 553 eo
3709 503 3849 569 quod

2281 572 2468 625 eodem
2497 584 2737 644 tempore
2759 585 2930 629 totum
2963 588 3044 631 est
3073 580 3126 632 in
3165 581 3273 636 alio
3321 582 3438 638 loco
3486 584 3856 656 distinguitur,

2283 669 2340 750 ut
2373 662 2588 730 singula
2615 675 2725 718 tota
2754 665 2878 720 sint.
2906 664 3040 719 Nam
3068 671 3209 735 quod
3259 683 3429 726 totum
3459 687 3536 730 est
3570 678 3621 732 in
3674 677 3858 750 aliquo

2281 747 2420 813 loco,
2455 751 2589 805 nihil
2626 754 2743 822 ejus
2769 765 2853 809 est
2875 757 3019 824 quod
3046 759 3252 812 non-sit
3285 761 3337 813 in
3365 762 3480 829 ipso
3511 765 3650 820 loco.
3680 747 3848 824 Alide

2279 854 2387 907 quo
2419 841 2549 894 nihil
2578 853 2661 896 est
2691 845 2833 912 quod
2873 861 2980 904 non
3009 846 3078 900 sit
3105 847 3158 901 in
3183 848 3366 918 aliquo
3397 852 3534 917 loco,
3593 859 3726 912 nihil
3771 869 3853 915 est

2285 929 2350 984 de
2378 945 2448 984 eo.
2467 932 2609 999 quod
2641 933 2713 987 sit
2733 934 2924 988 eodem
2949 943 3190 1004 tempore
3212 947 3364 993 extra
3387 943 3637 997 eumdem
3658 948 3854 1003 locum.

2279 1021 2432 1088 Quod
2463 1023 2628 1094 igitur
2680 1033 2849 1080 totum
2881 1035 2965 1080 est
2996 1027 3049 1081 in
3080 1028 3264 1098 aliquo
3294 1029 3432 1096 loco,
3466 1033 3598 1093 nihil
3629 1044 3711 1089 est
3738 1039 3857 1106 ejus

2275 1113 2417 1181 quod
2446 1113 2634 1167 eodem
2683 1124 2922 1185 tempore
2949 1116 3023 1171 sit
3050 1127 3200 1172 extra
3233 1120 3408 1188 ipsum
3434 1121 3631 1178 locum.
3659 1125 3764 1180 Sed
3787 1129 3858 1184 de

2279 1218 2386 1271 quo
2417 1204 2550 1257 nihil
2573 1212 2657 1259 est
2684 1215 2837 1260 extra
2883 1207 3179 1277 quemlibet
3212 1209 3411 1276 locum,
3457 1213 3590 1269 nihil
3630 1216 3745 1284 ejus
3772 1229 3860 1274 est

2272 1289 2459 1345 eodem
2491 1300 2732 1362 tempore
2759 1295 2812 1348 in
2845 1294 2951 1348 alio
2979 1295 3117 1350 loco.
3163 1298 3348 1363 Quare
3375 1301 3516 1368 quod
3562 1311 3731 1357 totum
3773 1317 3860 1361 est

2270 1381 2324 1434 in
2355 1382 2594 1449 quolibet
2621 1383 2757 1448 loco,
2788 1385 2924 1440 nihil
2947 1385 3062 1454 ejus
3087 1397 3172 1443 est
3201 1391 3358 1445 simul
3391 1393 3442 1446 in
3480 1394 3587 1448 alio
3613 1397 3678 1428 ³⁸⁷
3709 1397 3848 1454 loco.

2270 1472 2420 1537 Quod
2448 1475 2608 1542 igitur
2633 1483 2802 1529 totum
2838 1475 2908 1507 ³⁸⁸
2930 1487 3012 1531 est
3043 1479 3096 1532 in
3121 1480 3300 1551 aliquo
3325 1483 3463 1549 loco;
3481 1490 3748 1553 quomodo
3773 1499 3856 1544 to-

2215 1601 2218 1603 -
2273 1571 2384 1616 tum
2411 1578 2628 1632 quoque
2652 1564 2812 1618 simul
2840 1575 2924 1620 est
2947 1566 3015 1598 ³⁸⁵⁸
3047 1569 3102 1622 in
3131 1570 3238 1625 alio
3278 1571 3413 1635 loco,
3444 1576 3488 1628 si
3519 1576 3646 1629 nihil
3698 1579 3762 1631 de
3789 1593 3860 1633 eo

659 1675 764 1712 non
816 1646 972 1736 simul
1025 1658 1179 1736 sint“:
1215 1646 1319 1708 nee
1338 1665 1420 1736 est
1461 1666 1569 1735 tota
1601 1646 2080 1734 .simul'distincie
2109 1654 2164 1706 in
2201 1646 2241 1702 Β
2269 1662 2450 1721 potest
2471 1668 2592 1707 esse
2617 1655 2667 1707 in
2696 1654 2800 1708 alio
2829 1655 2981 1710 loco?
3009 1657 3273 1723 Quoniam
3295 1662 3462 1736 “igitur
3492 1679 3651 1718 unum
3677 1674 3848 1721 totum

656 1729 879 1796 singulis
912 1727 1271 1793 temporibus;
1304 1725 1538 1792 alioquin
1565 1723 1682 1792 ejus
1710 1724 2010 1782 aeternitas,
2043 1737 2163 1790 qua:

654 1809 736 1851 est
773 1800 887 1864 ipsa
928 1796 1042 1862 ejus
1070 1799 1330 1855 eSsentia,
1374 1796 1595 1847 haberet
1647 1803 1846 1864 partes,
1907 1807 2164 1861 pnesens,

653 1863 988 1937 praeteritum
1022 1880 1084 1937 ac
1137 1864 1586 1937 hitu.rum.__rlrgo
1627 1863 1771 1937 nullo
1811 1864 2166 1937 modoestiu

631 1932 797 2004 Δξιιιιιιί
842 1937 958 1989 lueo
992 1935 1074 1987 vel
1110 1944 1370 2002 tempore.
1403 1932 1508 1986 Sed
1541 1935 1795 2000 quouimu
1817 1932 2166 2004 aliquitl__sine

649 2023 713 2058 ea
744 2022 841 2060 nec
869 2021 1092 2073 usquam
1116 2001 1474 2070 nec’unquam
1510 2014 1591 2056 est
1619 2044 1632 2067 ,
1665 2017 1886 2056 necesse
1911 2011 1992 2055 est
2022 2001 2173 2053 illam"

651 2091 771 2130 esse
805 2076 1003 2143 ubique
1034 2085 1088 2128 et
1110 2089 1323 2143 semper

598 2193 599 2198 ‘
653 2187 759 2255 12
781 2186 933 2251 Quod
960 2186 1004 2239 si
1041 2186 1112 2237 ita
1146 2193 1247 2248 est,
1279 2191 1371 2236 aut
1395 2191 1503 2235 tota
1537 2191 1620 2236 est
1653 2180 1704 2234 in
1746 2183 1897 2235 omni
1928 2180 2049 2235 loco
2081 2180 2164 2234 vel

575 2287 843 2347 tempore,
884 2287 974 2330 aut
1017 2285 1226 2330 tantum
1258 2275 1512 2344 quaelibet
1559 2289 1686 2342 pars
1713 2273 1850 2342 ejus,
1889 2283 1947 2327 ut
1995 2273 2165 2326 altera

575 2384 701 2438 pars
736 2370 805 2422 sit
862 2376 1014 2422 extra
1063 2382 1276 2421 omnem
1329 2366 1507 2419 locum
1549 2375 1604 2419 et
1637 2377 1869 2434 tempus.
1929 2365 1984 2418 Si
2036 2381 2165 2419 vero

575 2447 771 2530 partim
799 2469 903 2523 est,
929 2469 981 2512 et
1013 2460 1211 2527 partim
1247 2474 1351 2512 non
1386 2459 1438 2511 in
1467 2459 1613 2512 omni
1641 2458 1757 2512 loco
1779 2460 1862 2512 vel
1894 2468 2157 2527 tempore,

572 2561 758 2619 partes
790 2551 995 2602 habet:
1042 2548 1183 2616 quod
1228 2547 1422 2600 falsum
1463 2559 1564 2600 est.
1602 2546 1717 2600 Non
1756 2548 1919 2616 igitur
1966 2549 2163 2616 partim

573 2650 667 2694 est
695 2640 894 2707 ubique
921 2649 975 2691 et
999 2652 1230 2707 semper.
1259 2636 1392 2689 Tota
1428 2649 1606 2690 autem
1634 2637 1902 2705 quomodo
1943 2636 2165 2690 est-ubi-

575 2747 683 2800 que
714 2741 767 2786 et
800 2733 1052 2802 semper?
1100 2731 1196 2802 [αι.
1224 2733 1372 2784 omit.
1404 2731 1465 2784 T.
1491 2745 1816 2799 a.q.e.u.e.
1838 2730 1918 2801 s.]
1961 2731 2024 2764 ’δ’
2057 2731 2163 2783 Aut

573 2825 718 2878 enim
751 2825 828 2878 sic
850 2836 931 2876 est
959 2821 1385 2893 intelligendum,
1438 2830 1496 2875 ut
1540 2829 1648 2874 tota
1687 2820 1848 2875 simul
1898 2821 1968 2875 sit
2000 2820 2068 2850 “°
2109 2821 2160 2874 in

569 2917 822 2970 omnibus
847 2917 980 2970 locis
1015 2915 1094 2968 vel
1139 2913 1491 2982 temporibus,
1520 2924 1573 2967 et
1602 2929 1698 2981 per
1723 2923 1906 2981 partes
1945 2913 1996 2965 in
2046 2911 2162 2965 siu-

2271 1759 2377 1798 non
2406 1753 2582 1814 potest
2610 1760 2729 1800 esse
2759 1747 2998 1801 simul‘in
3026 1750 3254 1804 diversis
3285 1751 3413 1807 locis
3437 1761 3625 1818 totum,
3659 1771 3850 1811 conse-

2271 1835 2457 1902 quitur
2495 1844 2552 1888 ιιι
2584 1851 2677 1904 per
2710 1837 2924 1908 singula
2967 1839 3105 1905 loca,
3141 1841 3347 1911 singula
3393 1844 3503 1899 sint
3547 1854 3680 1911 tota,
3705 1848 3748 1900 si
3798 1850 3855 1903 in

2272 1925 2500 1992 singulis
2530 1923 2663 1979 locis
2691 1924 2850 1978 simul
2891 1922 3095 1996 aliqtiii
3141 1937 3225 1982 est
3262 1939 3452 1986 totmn.
3511 1932 3860 2004 Quapropter

2270 2011 2313 2063 si
2341 2026 2557 2065 summa
2587 2021 2777 2068 natura
2806 2023 2915 2069 tota
2956 2025 3038 2070 est
3087 2031 3194 2072 uno
3241 2026 3479 2090 tempore
3526 2021 3578 2075 in
3628 2024 3856 2095 singulis

2269 2103 2523 2156 omnibus
2557 2103 2710 2166 locis,
2736 2115 2866 2175 quot
2896 2107 3109 2177 singula
3160 2108 3271 2162 loca
3320 2126 3459 2164 esse-
3489 2123 3735 2180 possunt,
3778 2124 3857 2169 tot
3935 2162 3946 2178 ,,

2271 2191 2502 2261 singula:
2531 2201 2656 2247 sunt
2679 2204 2888 2271 natura:
2913 2212 3156 2264 summae,
3190 2199 3329 2268 quod
3356 2199 3723 2257 irrationabile
3769 2217 3856 2260 est

2270 2281 2501 2350 cpiuari.
2531 2281 2648 2336 Non
2672 2293 2757 2336 est
2785 2283 2951 2353 igitur
2981 2293 3088 2338 tota
3111 2302 3218 2340 uno
3245 2296 3483 2357 tempore
3529 2289 3580 2344 in
3627 2289 3858 2362 δὶηειιιὶι

2270 2372 2421 2427 locis.
2448 2373 2517 2427 At
2548 2389 2674 2428 vero
2706 2374 2751 2428 si
2780 2376 3008 2431 diversis
3046 2377 3116 2408 ³⁸⁰
3169 2379 3499 2447 temporibus
3532 2390 3640 2436 tota
3682 2393 3767 2437 est
3798 2383 3854 2437 in

2269 2461 2674 2531 siligiilisloeis,
2708 2465 2924 2530 quando
2946 2473 3028 2518 est
3057 2466 3107 2518 in
3148 2482 3255 2520 uno
3303 2468 3442 2530 loco,
3500 2469 3702 2524 nullum
3753 2472 3854 2526 bo-

2269 2566 2397 2620 num
2429 2560 2481 2604 et
2518 2552 2659 2605 nulla
2688 2555 2925 2608 essentia
2951 2563 3035 2608 est
3062 2556 3274 2611 interim
3305 2557 3355 2611 in
3380 2558 3510 2613 aliis
3530 2559 3692 2627 locis,
3724 2566 3855 2632 quia

2269 2637 2385 2690 sine
2414 2653 2475 2690 ea
2504 2654 2726 2706 prorsus
2754 2641 2955 2708 aliquid
2979 2657 3086 2696 non
3118 2645 3327 2699 existit.
3355 2646 3508 2711 Quod
3559 2650 3854 2705 absurdum

2269 2740 2390 2778 esse
2420 2725 2498 2778 vel
2531 2728 2642 2793 ipsa
2675 2727 2793 2782 loca
2843 2730 3092 2796 probant,
3135 2748 3255 2801 qua:
3307 2736 3571 2800 nonnihil,
3606 2739 3701 2792 sed
3750 2740 3856 2794 ali-

2267 2815 2394 2882 quid
2422 2824 2566 2867 sunt.
2594 2814 2706 2869 Non
2737 2826 2821 2870 est
2844 2817 3028 2886 itaque
3051 2831 3263 2875 summa
3288 2831 3478 2877 natura
3511 2831 3621 2880 tota
3643 2827 3698 2881 in
3725 2828 3851 2881 sit;-

2267 2903 2406 2970 gnlis
2441 2903 2592 2969 locis,
2643 2905 2869 2960 diversis
2901 2911 3253 2977 temporibus.
3284 2910 3435 2976 Quod
3463 2915 3506 2966 si
3531 2928 3631 2970 nec
3656 2909 3854 2972 eodem

570 3006 750 3074 gulis;
784 3016 877 3059 aut
898 3007 996 3068 sic,
1032 3014 1089 3058 ut
1137 3015 1244 3060 tota
1299 3005 1367 3058 sit
1397 3005 1561 3058 etiam
1595 3004 1660 3036 3“
1698 3005 1751 3059 in
1781 3004 2024 3072 singulis.
2057 3005 2156 3058 Ve-

2265 3002 2528 3063 tempore,
2563 3010 2663 3050 nec
2695 2997 2923 3052 diversis
2951 3000 3282 3067 temporibus
3312 3000 3378 3032 ³⁶¹
3407 3011 3515 3056 tota
3537 3014 3621 3058 est
3645 3005 3699 3059 in
3731 3006 3852 3061 sin-

573 3112 692 3150 rum
716 3096 760 3150 si
784 3097 879 3166 per
925 3106 1106 3165 partes
1135 3104 1219 3151 est
1273 3095 1326 3148 in
1382 3095 1634 3166 singulis,
1681 3110 1785 3148 non
1817 3095 2002 3163 ell‘ugit
2036 3110 2159 3162 par-

570 3187 708 3237 tium
766 3185 1212 3254 eoiupositionem
1266 3195 1321 3238 et
1370 3185 1693 3237 divisionem
1756 3203 1768 3235 :
1813 3185 1953 3252 quod
2005 3184 2158 3236 valde

573 3276 808 3330 alienum
841 3291 869 3329 a
899 3291 1106 3329 summa
1138 3285 1331 3328 natura
1365 3275 1642 3328 inventum
1673 3285 1773 3328 est.
1809 3277 2154 3342 Quapropter

572 3382 679 3420 non
712 3374 794 3418 est
823 3368 896 3419 ita
931 3374 1040 3419 tota
1073 3367 1126 3418 in
1158 3366 1413 3420 omnibus
1440 3365 1572 3435 locis
1614 3373 1669 3417 et
1709 3365 2068 3433 temporibus,
2100 3372 2156 3417 ut

568 3471 666 3526 per
696 3466 876 3526 partes
907 3457 975 3509 sit
1005 3456 1057 3511 in
1097 3455 1341 3526 singulis.
1375 3456 1564 3509 llestat
1597 3454 1767 3510 altera
1808 3471 1934 3525 pars
1970 3456 2152 3509 discu-

572 3547 775 3610 tienda,
800 3546 1027 3608 scilicet,
1067 3546 1302 3613 qualiter
1350 3560 1562 3599 summa
1620 3555 1814 3597 natura
1841 3547 1912 3598 sit
1942 3553 2050 3597 tota
2103 3545 2154 3597 in

570 3637 843 3698 ninnibus,
876 3645 930 3688 et
960 3635 1185 3704 singulis
1208 3635 1338 3688 locis
1369 3644 1425 3690 et
1451 3635 1782 3702 temporibus
1807 3636 1894 3686 3".
1937 3634 2048 3694 Hoc
2077 3636 2155 3686 ni-

572 3729 770 3783 mirum
806 3741 926 3780 esse
954 3742 1058 3780 non
1088 3735 1280 3794 potest,
1308 3797 1310 3799 _
1341 3726 1442 3780 nisi
1470 3736 1561 3780 aut
1588 3727 1767 3790 simul,
1799 3735 1892 3780 aut
1923 3727 2154 3780 diversis

572 3822 927 3891 temporibus.
954 3819 1057 3875 Sed
1086 3820 1342 3889 quoniam
1371 3818 1509 3871 ratio
1543 3819 1666 3882 loci,
1693 3827 1787 3871 aut
1847 3817 1984 3870 ratio
2017 3825 2154 3869 tem-

564 3915 742 3984 poris,
763 3929 899 3982 quas
920 3914 1179 3967 hactenus
1209 3911 1367 3967 simul
1403 3924 1717 3980 progressas
1746 3910 1952 3964 eisdem
1983 3908 2152 3962 vcsti-

569 4001 674 4072 giis
705 4018 807 4057 una
836 4001 1007 4071 potuit
1039 4003 1296 4070 indagare
1328 4000 1634 4070 prosecutio
1658 3997 1749 4061 ⁸⁵³,
1795 3997 1886 4050 hic
1923 3997 1990 4050 ab
2027 3996 2154 4049 invi-

568 4109 686 4151 cem
711 4095 780 4126 ’“
811 4095 1181 4163 digredientes
1216 4094 1282 4131 ³³⁸
1307 4092 1728 4160 disputationem
1767 4090 2017 4143 videntur
2067 4089 2152 4142 di-

565 4184 737 4239 versis
769 4184 920 4253 quasi
958 4184 1142 4252 fugere
1172 4183 1526 4243 anfractibus,
1562 4179 1876 4249 singillatim
1927 4177 2042 4232 suis
2067 4179 2148 4230 in-

567 4275 902 4344 vestigentur
953 4275 1402 4330 diseussionibus.
1444 4272 1683 4325 Primum
1738 4285 1866 4338 ergo
1905 4269 2150 4321 videatur

567 4368 612 4418 si
643 4382 852 4420 smmna
881 4365 948 4398 ’πε
967 4377 1158 4420 natura
1187 4375 1295 4418 tota
1321 4364 1490 4433 possit
1511 4376 1628 4416 esse
1661 4362 1710 4414 in
1743 4359 1966 4429 singulis
1991 4360 2144 4420 locis,

566 4464 658 4509 aut
683 4456 840 4508 simul
869 4466 962 4508 aut
992 4472 1084 4523 per
1113 4456 1328 4508 diversa
1361 4463 1623 4520 tempora.
1662 4451 1863 4504 Deinde
1913 4452 2145 4519 idipsum

565 4545 618 4598 in
652 4544 982 4614 temporibus
1009 4544 1332 4612 iuquiratur.
1369 4542 1424 4596 Si
1451 4543 1611 4611 igitur
1643 4549 1751 4594 tota
1784 4548 1865 4593 est
1907 4539 2063 4593 simul
2095 4541 2145 4593 in

2262 3086 2400 3152 gulis
2430 3085 2584 3150 locis,
2614 3086 2782 3155 liquet
2809 3089 2937 3156 quia
2963 3089 3112 3142 nullo
3151 3091 3308 3144 modo
3335 3102 3416 3146 est
3438 3101 3546 3149 tota
3574 3095 3626 3148 in
3659 3097 3852 3168 singu-

2262 3175 2330 3229 lis
2358 3176 2610 3230 omnibus
2643 3177 2794 3232 locis.
2834 3178 2988 3234 Nunc
3012 3180 3176 3250 igitur
3200 3190 3283 3235 est
3311 3183 3379 3213 ³⁸¹
3410 3184 3771 3255 indagandum
3805 3191 3854 3244 si

2263 3267 2453 3320 eadem
2478 3283 2685 3321 summa
2716 3279 2908 3322 natura
2931 3271 3124 3325 sittota
3149 3273 3200 3324 in
3228 3273 3454 3341 singulis
3483 3278 3843 3346 temporibus,

2257 3367 2350 3410 unt
2378 3359 2558 3422 simul,
2599 3367 2690 3414 aut
2719 3361 2972 3414 distincte
2995 3359 3310 3433 persingula
3339 3375 3604 3433 tempora.
3628 3366 3739 3432 (5|)
3779 3368 3852 3399 ³⁸³

2259 3447 2364 3502 Sed
2393 3450 2664 3517 quomodo
2697 3459 2780 3503 est
2835 3435 3037 3519 aliquid
3078 3460 3250 3507 totum
3305 3456 3468 3508 simul
3514 3457 3566 3508 in
3623 3458 3856 3526 singulis

2262 3540 2621 3607 temporibus,
2658 3542 2700 3594 si
2733 3541 2846 3609 ipsa
2877 3554 3118 3612 tempora
3146 3544 3306 3601 simul
3333 3561 3437 3598 non
3463 3547 3622 3599 sunt?
3641 3546 3695 3600 Si
3716 3564 3852 3604 vero

2261 3631 2554 3697 separatim
2577 3639 2630 3684 et
2650 3630 2908 3686 distincte
2931 3642 3038 3686 tota
3063 3643 3145 3687 est
3172 3634 3223 3687 in
3246 3636 3469 3704 singulis
3490 3639 3847 3706 temporibus,

2255 3719 2708 3787 quemadmodum
2746 3721 2940 3789 aliquis
2971 3723 3130 3777 homo
3180 3734 3322 3777 totus
3352 3735 3434 3780 est
3461 3727 3596 3792 heri,
3652 3737 3708 3781 et
3743 3730 3851 3784 hu-‘

2267 3809 2376 3871 die,
2429 3821 2482 3860 et
2521 3824 2682 3874 eras;
2722 3812 2939 3879 proprie
2983 3813 3180 3866 dicitur
3223 3799 3347 3883 q'uia
3390 3814 3508 3882 fuit,
3539 3825 3594 3872 et
3634 3829 3741 3884 est,
3782 3830 3845 3875 et

2257 3901 2381 3953 erit.
2415 3899 2556 3982 [Ergo
2589 3901 2885 3969 ejusmtas,
2919 3920 3039 3973 qua:
3071 3905 3203 3958 nihil
3258 3905 3400 3959 aliud
3429 3917 3510 3962 est
3537 3925 3696 3976 quam
3727 3911 3851 3979 ejus

2254 3992 2553 4055 adet-nitas,
2587 4009 2692 4047 non
2721 4003 2801 4048 est
2836 4004 2945 4048 tota
2977 3996 3162 4061 simul;
3201 3997 3295 4050 sed
3327 4007 3411 4051 est
3458 4000 3705 4066 partibus
3751 4015 3840 4055 ex-

2257 4091 2413 4136 tensa
2455 4097 2547 4152 per
2577 4093 2880 4152 temporum
2910 4095 3113 4154 partes.
3144 4087 3211 4140 At
3233 4087 3351 4155 ejus
3380 4089 3651 4141 anet-nitas
3707 4090 3848 4143 nihil

2256 4173 2399 4226 aliud
2423 4182 2525 4237 est,
2553 4189 2715 4242 quam
2747 4175 2884 4244 ipsa.
2919 4175 3138 4230 Summa
3169 4179 3330 4248 igitur
3350 4183 3582 4234 essentia
3631 4180 3702 4212 ³⁵⁷⁵
3737 4171 3850 4235 erit

2256 4264 2425 4318 divisa
2451 4279 2546 4332 per
2572 4275 2771 4332 partes,
2797 4267 3092 4319 secundum
3123 4277 3420 4336 temporum
3441 4270 3845 4324 distinctiones.

2257 4354 2313 4407 Si
2342 4356 2485 4422 enim
2509 4355 2627 4423 ejus
2656 4366 2788 4408 (etas
2815 4371 2911 4424 per
2945 4366 3246 4425 temporum
3278 4374 3469 4414 cursus
3494 4359 3847 4429 producftar,

2256 4446 2420 4500 habet
2451 4463 2570 4500 cum
2611 4448 2738 4514 ipsis
2778 4448 3107 4515 temporibus
3131 4464 3387 4517 praesens,
3411 4451 3750 4518 prmerituiu
3788 4467 3848 4507 et

2260 4537 2522 4591 futurum.
2549 4541 2683 4604 Quid
2718 4552 2896 4594 autem
2929 4542 3073 4595 aliud
3103 4553 3187 4597 est
3233 4543 3350 4597 eius
3405 4554 3558 4607 retas,
3606 4541 3690 4596 vel
3727 4545 3849 4597 esi-

1869 4647 2098 4700 VAlil/E
2142 4649 2541 4705 LECTIONES.

646 4743 714 4775 ³³⁸
755 4742 881 4806 Cap.
944 4741 1014 4793 ‘20
1071 4750 1143 4793 est
1216 4742 1267 4793 in
1331 4757 1456 4792 mss.
1529 4749 1684 4806 caput
1744 4737 1804 4790 El

563 4814 675 4864 [nec
728 4814 916 4864 omittit
1043 4812 1110 4840 3W
1160 4810 1228 4864 Ut
1279 4821 1387 4864 t0ta
1443 4809 1602 4864 simul
1661 4809 1730 4861 sit
1792 4823 1917 4859 mss.

562 4881 725 4934 etiam
761 4898 882 4932 mss.
931 4889 1020 4932 aut
1059 4880 1136 4933 sic
1194 4888 1251 4931 ut
1301 4889 1407 4931 tota
1461 4881 1525 4932 sit
1569 4879 1733 4930 etiam

1923 4736 2221 4811 τηε-’τοῖαι
2253 4749 2430 4811 autem
2489 4741 2759 4807 quomodo
2814 4753 2899 4795 est
2947 4743 3143 4811 ubique
3203 4753 3255 4797 et
3283 4759 3517 4811 semper.
3551 4743 3651 4796 Ed.
3677 4743 3847 4797 (Iam,

1992 4805 2123 4857 Vict.
2185 4806 2312 4876 Sag.
2374 4805 2520 4861 Gem;
2581 4819 2636 4860 ut
2696 4821 2803 4863 tota
2860 4813 3024 4866 semel
3057 4805 3146 4865 ’δίι

1836 4877 1903 4949 ³ξῗ
1946 4876 2100 4928 Locis
2148 4877 2230 4929 vel
2289 4879 2621 4949 temporibus
2681 4895 2805 4932 mss.
2851 4881 2984 4933 Vict.
3045 4881 3171 4949 Sag.
3235 4881 3368 4935 locis
3403 4893 3458 4935 et
3511 4884 3851 4947 temporibus
3895 4928 3900 4933 .

3258 4812 3323 4843 3“
3381 4815 3486 4866 Aut
3537 4814 3695 4866 situt
3728 4824 3850 4868 tota

564 4950 632 4978 3'“
671 4949 984 5001 Persecutio
1010 4966 1133 5000 mss.
1161 4946 1306 5000 Cum.
1352 4947 1483 5000 Vict.
1521 4945 1644 5012 Sag.
1680 4946 1810 4996 ’l'lm.
1841 4945 2024 4997 Cister.
2058 4948 2409 5013 prosequatio
2487 4948 2554 4977 3“
2588 4949 2683 5000 llic
2707 4950 2773 5000 ah
2799 4950 3029 5002 invicem
3057 4945 3140 5002 ed:
3167 4950 3320 5003 Got/t.
3355 4954 3466 5004 haec
3494 4950 3560 5002 ab
3584 4945 3844 5004 invicem.

563 5019 629 5048 ³⁸³⁵
675 5019 1073 5085 Disgredientes
1103 5036 1221 5070 mss.
1258 5018 1620 5082 digredientes

561 5089 677 5151 ejus
702 5098 783 5140 est
807 5087 967 5138 simul
1000 5089 1047 5137 in
1075 5086 1176 5137 alio
1255 5086 1320 5116 “3

1361 5087 1512 5151 Quod
1559 5086 1719 5152 igitur
1752 5094 1919 5137 totum
1959 5101 2055 5134 ms.
2090 5083 2238 5135 (1cm.
2272 5085 2324 5134 l.l
2355 5085 2517 5152 igitur
2544 5096 2711 5138 totum

1727 5016 1794 5080 Ὗ
1813 5015 1867 5067 Si
1895 5016 1946 5066 iu
1983 5030 2191 5067 summa
2224 5033 2346 5066 mss.
2382 5016 2426 5067 si
2456 5033 2666 5070 summa
2743 5018 2812 5048 ³³⁷
2845 5019 2988 5071 [Nihil
3028 5029 3108 5071 est
3139 5020 3294 5073 simul
3331 5037 3381 5072 ιιι
3411 5020 3516 5072 alio
3547 5036 3670 5070 mss.
3705 5021 3847 5072 nihil

2795 5088 2862 5117 ³³³
2904 5088 3185 5153 Quomodo
3215 5100 3380 5141 totunt
3410 5088 3567 5141 simul
3600 5097 3682 5140 est
3711 5105 3845 5142 mss.

575 5157 703 5208 l'ict.
737 5156 861 5222 Sug.
896 5154 953 5206 S.
994 5153 1151 5205 illic/1.
1189 5155 1374 5208 (ἥδιον.
1419 5154 1688 5222 ιιιιοιιιοιιο
1735 5163 1903 5207 totum
1937 5168 2151 5222 quoque
2179 5164 2278 5222 est
2310 5154 2471 5205 simul
2546 5156 2613 5185 ³⁵0
2655 5158 2723 5208 At
2759 5172 2884 5209 vero
2923 5162 2972 5209 in
3004 5158 3230 5209 diversis
3259 5175 3382 5209 mss.
3411 5167 3457 5208 et
3484 5159 3566 5208 ed.
3596 5156 3756 5209 Goth.
3791 5170 3850 5210 at

564 5242 690 5277 vero
720 5227 762 5276 si
793 5224 1021 5290 diversis

568 5295 700 5345 Tlm.
735 5295 917 5346 (λιθίαν.
955 5308 1095 5345 nunc
1123 5303 1202 5344 est
1278 5294 1346 5322 3“
1390 5293 1518 5360 Cap.
1549 5293 1610 5345 “ll
1645 5302 1714 5343 es:
1751 5295 1799 5342 in
1831 5308 1949 5343 mss.
1991 5300 2142 5358 caput
2174 5290 2244 5340 :2").

563 5379 771 5415 διιιιιιιιίι

1095 5223 1159 5251 ³⁵¹
1196 5224 1301 5276 Nec
1337 5227 1385 5275 in
1419 5221 1645 5276 diversis
1679 5239 1799 5273 mss.
1843 5221 1969 5271 Vict.
2001 5221 2123 5288 Sag.
2151 5221 2336 5273 (Iistcr.
2387 5241 2482 5276 nec.
2512 5226 2740 5277 diversis

2817 5228 2884 5255 3"“
2921 5227 3072 5279 Nunc
3105 5230 3264 5294 igitur
3296 5237 3375 5279 est
3413 5243 3534 5278 mss.
3581 5224 3846 5291 ι’ἰειειό.

2343 5291 2410 5320 ³⁷⁸
2458 5295 2499 5357 Q
2526 5311 2627 5346 iam
2672 5296 2785 5362 ipsa
2836 5299 3073 5350 essentia
3110 5291 3319 5350 summa
3359 5312 3480 5348 mss.
3521 5311 3681 5364 quam
3721 5295 3848 5363 ipsa

2101 5439 2288 5502 ῩΟΊἋἾ
2298 5486 2312 5502 .

639 5541 746 5610 (δικ
770 5544 913 5600 Alias
944 5546 1028 5600 hic
1054 5542 1235 5609 incipit
1267 5556 1390 5608 rap.
1413 5541 1501 5590 2i.
