4174 6188
287 107 391 168 175

1674 98 2147 167 ΜοΝοιεοοιυδῐῖ

3326 74 3329 83 ’
3421 105 3522 161 nt

287 225 460 281 stendi
485 222 828 289 diuturnitas,
866 235 1027 290 quam
1050 223 1165 292 ejus
1207 222 1515 282 aeternitas?
1544 222 1683 292 Ergo
1729 239 1850 276 eum
1881 227 1928 282 Α
1982 275 1991 283 ,
2025 219 2359 292 suntingloco
2386 227 2442 292 et
2464 226 2724 287 tempore,
2767 226 2826 273 ιιι
2864 216 3355 292 locispatiutuvel
3391 226 3525 292 tem-

284 313 403 383 ejus
430 312 703 373 aeternitas
740 310 875 366 nihil
917 310 1062 364 aliud
1109 311 1383 379 sitquam
1430 311 1548 379 ejus
1591 312 1851 375 essentia,

287 405 430 460 sicut
450 418 610 472 supra
647 401 854 472 digesta
879 401 1017 456 ratio
1070 400 1499 457 indubitabiliter
1534 401 1727 470 probat
1762 418 1775 454 :
1809 401 1855 455 si

285 488 403 558 ejus
438 488 711 553 salernitas
745 490 904 543 habet
933 489 1291 557 praeteritum,
1338 503 1579 558 praesens
1610 496 1666 541 et
1716 486 1859 543 iutu—
1892 522 1897 525 λ

289 594 428 643 rum,
458 574 849 647 consequenter
876 594 1091 647 quoque
1115 578 1230 646 ejus
1258 581 1494 635 essentia
1525 579 1689 635 habet
1716 590 1857 648 prm-
1893 625 1896 629 ,

290 668 837 735 teritum,pra:sens,
869 676 923 721 et
956 667 1218 725 futurum.
1253 668 1322 723 At
1357 670 1499 738 quod
1528 671 1858 737 praeteritum
1896 675 1905 681 ‘

285 767 391 820 est,
421 772 529 812 non
568 765 652 823 est
678 772 917 827 presens
967 758 1052 815 vel
1096 760 1369 824 futurum;
1426 766 1481 813 et
1530 761 1671 828 quod
1724 775 1869 828 praes

284 861 413 901 sens
441 854 546 912 est,
577 861 684 901 non
710 855 796 902 est
819 849 1176 917 praeteritum,
1208 866 1310 905 nec
1361 849 1599 921 futurum
1654 850 1754 915 ³⁸³;
1804 857 1860 905 et

286 936 430 1004 quod
458 936 696 989 futurum
723 944 825 1001 est,
851 953 958 991 non
992 949 1075 993 est
1097 922 1455 1007 praeteritum,
1485 940 1568 993 vel
1618 955 1855 1010 praesens

286 1026 377 1079 ³⁵⁸.
408 1025 688 1093 Quomodo
739 1040 869 1095 ergo
903 1027 1071 1081 stabit
1106 1029 1249 1097 quod
1284 1043 1447 1097 supra
1477 1029 1781 1083 rationabili
1804 1039 1867 1085 et

286 1114 570 1185 perspicua
598 1115 919 1170 necessitate
940 1115 1156 1180 claruit,
1182 1101 1409 1181 scilicet,
1435 1118 1559 1187 quia
1588 1117 1674 1170 illa
1710 1133 1858 1171 sum-

286 1222 371 1261 ma
402 1216 596 1262 natura
630 1205 777 1261 nullo
822 1206 894 1241 ³⁸⁷
946 1207 1106 1263 modo
1148 1209 1468 1279 composita,
1507 1210 1602 1264 sed
1648 1223 1858 1263 summe

286 1298 519 1367 simplex
558 1308 613 1355 et
651 1309 862 1386 summe
910 1298 1468 1363 incomtttutabilistsi
1516 1298 1659 1353 aliud
1700 1299 1772 1331 ³⁸⁸
1802 1308 1863 1354 et

283 1388 431 1444 aliud
457 1399 543 1444 est
568 1391 621 1445 in
650 1390 878 1445 diversis
904 1385 1258 1458 temporibus,
1289 1398 1343 1443 et
1366 1403 1460 1457 per
1483 1396 1721 1459 tempora
1748 1390 1857 1444 di’s-

282 1482 515 1538 tributas
557 1483 720 1538 habet
743 1491 958 1552 partes;
1003 1490 1096 1537 aut
1130 1481 1330 1552 potius,
1363 1482 1408 1535 si
1437 1480 1523 1536 illa
1550 1496 1677 1536 vera
1698 1490 1852 1548 sunt;

283 1572 396 1627 imo
420 1574 543 1643 quia
564 1572 771 1643 liquido
798 1573 866 1604 ³³⁹
907 1587 1032 1628 vera
1052 1580 1201 1638 sunt,
1222 1572 1492 1642 quomodo
1523 1572 1638 1627 llaec
1679 1572 1854 1641 possi-
1885 1554 1930 1613 Β

281 1661 412 1716 bilia
435 1664 591 1733 sunt!
619 1662 778 1718 Nullo
808 1662 973 1734 igitur
1002 1663 1160 1719 modo
1190 1662 1427 1718 creatrix
1470 1663 1730 1729 essentia,
1762 1673 1855 1718 aut

280 1764 438 1819 astas,
469 1765 563 1809 aut
586 1756 865 1810 aeternitas
892 1755 1008 1825 ejus
1036 1753 1225 1825 recipit
1245 1757 1575 1826 pratteritum
1603 1754 1686 1809 vel
1705 1753 1852 1810 [ιιιιι-

283 1858 428 1898 rum.
458 1843 706 1901 Prmsens
725 1843 868 1899 enim
890 1845 1157 1913 quomodo
1180 1851 1287 1899 non
1317 1840 1496 1908 habet,
1521 1843 1569 1897 si
1592 1857 1715 1898 vere
1734 1845 1867 1898 est?

280 1934 377 1990 sed
406 1934 525 1997 fuit,
566 1934 837 2004 signillcat
882 1933 1250 2004 praeteritum;
1281 1942 1358 1991 pet
1408 1934 1540 1998 erit,
1587 1931 1848 1987 futurum;

284 2025 575 2096 Nunquam
613 2027 776 2097 igitur
808 2026 896 2080 illa
937 2026 1059 2090 fuit,
1098 2025 1182 2080 vel
1225 2026 1358 2091 erit;
1412 2040 1583 2096 quare
1630 2041 1736 2081 non
1770 2035 1855 2083 est

285 2117 548 2173 distincte
573 2119 665 2182 "°,
698 2118 837 2173 sicut
864 2133 965 2173 nec
1000 2117 1157 2173 simul
1188 2127 1296 2172 tota
1336 2118 1393 2172 in
1415 2118 1644 2181 diversis
1670 2120 1853 2191 singu-

280 2209 350 2262 lis
378 2208 733 2277 temporibus.
766 2205 823 2263 Si
855 2208 1039 2278 igitur,
1092 2208 1233 2263 sicut
1275 2210 1578 2265 discussum
1619 2210 1688 2243 °“
1743 2221 1849 2277 est,

280 2314 384 2355 uec
406 2300 487 2355 sic
510 2309 593 2355 est
618 2308 731 2354 tota
770 2299 822 2352 in
850 2298 1100 2354 omnibus
1131 2300 1265 2355 locis
1302 2293 1385 2355 vel
1412 2302 1762 2371 temporibus,
1794 2312 1853 2359 ut

280 2389 449 2444 semel
474 2388 547 2444 sit
576 2399 684 2444 tota
716 2388 769 2442 in
792 2393 1064 2454 omnibus,
1088 2400 1144 2443 et
1168 2405 1271 2459 per
1286 2401 1477 2460 partes
1513 2391 1568 2445 in
1594 2380 1845 2463 Singulis;

280 2495 383 2535 nec
408 2480 510 2544 sic,
534 2468 593 2534 ut
621 2489 728 2536 tota
758 2481 831 2536 sit
860 2480 914 2534 in
938 2483 1185 2552 singulis,
1218 2481 1568 2536 manifestum
1612 2492 1696 2537 est
1723 2485 1849 2554 quia

280 2584 387 2623 non
410 2578 495 2624 est
516 2569 625 2623 ullo
655 2571 812 2625 modo
839 2570 890 2624 in
914 2572 1062 2625 enini
1091 2571 1209 2625 loco
1234 2570 1316 2624 Vel
1356 2581 1596 2640 tempore
1628 2580 1758 2624 tota.
1783 2571 1875 2625 Et»

280 2660 539 2727 quoniam
566 2659 813 2719 similiter
833 2662 1106 2729 pervisum
1139 2670 1224 2716 est
1262 2662 1330 2692 ³⁸³
1360 2662 1486 2730 quia
1518 2676 1618 2716 nec
1645 2661 1726 2716 sic
1767 2672 1852 2717 est

281 2748 514 2804 inomni
549 2749 668 2804 loco
701 2750 785 2805 vel
824 2760 1085 2821 tempore,
1118 2760 1178 2805 ut
1202 2766 1326 2821 pars
1366 2753 1437 2805 sit
1486 2751 1541 2805 in
1592 2753 1765 2818 omni,
1794 2762 1851 2806 et

278 2852 409 2906 pars
438 2838 512 2892 sit
546 2846 702 2893 extra
729 2852 945 2894 omnem
999 2838 1175 2894 locum
1205 2840 1289 2893 vel
1326 2849 1557 2909 tempus,
1598 2841 1848 2911 impossi-

279 2925 391 2980 bile
415 2932 503 2979 est
568 2935 626 2979 ιιι
657 2924 729 2980 sit
756 2926 954 2996 ubique
995 2936 1051 2981 ct
1086 2941 1319 2997 semper.
1368 2928 1682 2985 Nullateuus
1707 2932 1851 2984 enim

278 3025 460 3086 potest
485 3014 707 3086 intelligi
735 3031 855 3071 esse
883 3019 1081 3087 ubique
1101 3028 1159 3079 e't
1192 3034 1425 3089 semper,
1451 3020 1552 3073 nisi
1577 3029 1671 3073 aut
1718 3029 1851 3095 tota,

280 3120 374 3165 aut
397 3125 547 3179 pars.
572 3108 726 3175 Quod
755 3110 800 3171 si
832 3115 1171 3181 nequaquam
1193 3121 1277 3165 est
1310 3112 1509 3181 ubique
1531 3120 1585 3165 et
1614 3126 1848 3182 semper,

281 3211 374 3256 aut
423 3200 534 3256 erit
577 3202 935 3257 determinate
976 3202 1031 3257 in
1072 3202 1255 3271 aliquo
1301 3201 1417 3257 loco
1462 3201 1545 3256 vel
1593 3212 1851 3271 tempore,

280 3304 374 3347 aut
403 3294 457 3347 in
488 3289 662 3358 nullo;
684 3292 1041 3348 determinate
1060 3302 1240 3347 autem
1274 3307 1396 3346 eam
1438 3291 1492 3343 in
1538 3292 1716 3361 atiquo
1746 3308 1849 3347 non

279 3396 443 3450 posse
466 3380 1068 3449 csse,jamdiseussum
1110 3389 1217 3435 est.
1266 3380 1323 3435 ln
1370 3380 1516 3435 nullo
1566 3380 1729 3451 igitur
1768 3381 1852 3435 vel

285 3481 550 3541 tempore,
584 3472 636 3526 id
664 3477 765 3536 est,
820 3486 1082 3541 nusquam
1112 3479 1169 3525 et
1196 3485 1469 3541 nunquam
1498 3479 1581 3526 est
1611 3470 1701 3523 ³⁵³.
1737 3470 1851 3525 Νοη

281 3564 427 3616 enim
454 3570 637 3633 potest
665 3578 808 3629 esse,
839 3562 941 3617 nisi
967 3571 1059 3616 aut
1105 3562 1159 3619 in
1212 3564 1380 3627 omni,
1414 3571 1509 3617 aut
1556 3561 1610 3616 in
1651 3562 1852 3631 aliquo.

285 3652 389 3706 Sed
429 3667 622 3707 rursus
643 3665 763 3707 cum
786 3661 995 3708 constet
1023 3652 1510 3723 inexpugnabiliter
1541 3667 1650 3708 non
1677 3654 1851 3707 solum
1920 3660 1929 3671 ‘

283 3740 408 3809 quia
436 3750 526 3795 est
550 3732 649 3809 per
672 3754 750 3808 se,
781 3750 836 3795 et
861 3741 977 3795 sine
1009 3742 1292 3811 principio,
1333 3751 1386 3795 et
1422 3740 1538 3795 sine
1580 3742 1716 3806 ﬁne;
1757 3742 1853 3796 sed

282 3830 409 3900 quia
438 3831 647 3901 aliquid
672 3832 787 3887 sine
818 3848 1009 3899 eanec
1046 3847 1270 3901 usquam
1320 3848 1422 3887 nec
1448 3848 1723 3902 nunquam
1746 3843 1850 3899 est,

283 3934 515 3977 necesse
546 3919 692 3974 illam
718 3934 839 3975 esse
865 3920 933 3951 ‘“
960 3920 1157 3988 ubique
1183 3931 1238 3975 et
1264 3936 1498 3991 semper.

624 4028 849 4087 CAPUT
877 4031 1017 4087 xxu
1066 4031 1163 4105 [aL
1191 4031 1355 4087 XXIII
1360 4033 1380 4105 j
1409 4033 1500 4088 ιεσ.

285 4142 355 4175 ³⁵⁸
384 4142 663 4209 Quomodo
687 4145 841 4199 sit'iu
885 4148 1045 4209 omni,
1093 4146 1250 4246 eguit:
1297 4145 1442 4201 nullo
1471 4147 1584 4200 loco
1629 4132 1677 4201 et
1724 4159 1852 4203 tent-

973 4232 1097 4285 pore
1121 4232 1211 4268 ἐντ’.
1752 4250 1753 4253 η
1790 4242 1795 4245 -

286 4302 635 4359 Coxsrsc-rus
659 4319 883 4361 CAPl'ﬂS.
920 4336 990 4346 —-
1026 4306 1151 4360 ll:ee
1181 4315 1289 4360 tam
1345 4308 1615 4360 contraria
1668 4323 1856 4362 secun-

358 4375 499 4446 dum
525 4374 902 4446 prolationem,
936 4385 991 4429 et
1025 4376 1326 4430 necessaria
1378 4377 1671 4446 secundum
1729 4394 1854 4446 pro-

356 4443 664 4507 batio‘ttem,
711 4444 851 4497 inter
896 4461 954 4500 se
977 4447 1299 4499 conveniunt
1341 4458 1355 4496 :
1390 4445 1653 4512 siquidem
1693 4443 1856 4499 unum

2029 292 2175 361 poris
2202 284 2615 361 diuturnitatem
2659 303 2795 361 non‘
2827 284 3111 361 excedant.
3181 284 3323 361 Illius
3376 289 3525 361 enim

1996 420 1999 423 _
2030 354 2478 425 duntaxatreiQSt
2519 356 2688 420 locus,
2712 354 3229 425 cujusquantitatem
3249 355 3394 410 locus
3420 356 3527 413 ci’r-
3570 378 3571 383 η

2030 427 2344 482 cnmseribit
2386 424 2448 480 ac
2491 426 2769 479 continet:
2811 434 2863 478 et
2892 424 3057 479 illius
3104 424 3274 478 solum
3314 425 3392 480 rei
3440 435 3529 480 est

2036 492 2532 564 aliquod'tempus,
2581 494 2735 561 cujus
2792 494 3195 564 diuturnitatem
3240 493 3527 564 inetiendo

2034 562 2427 636 terminatuAt'
2449 580 2654 617 summa
2683 572 2875 636 natura
2906 562 3065 636 nullis
3099 562 3339 636 terminis
3368 562 3523 636 clau-

2012 635 2205 699 ditur;
2235 632 2467 700 sed'cjus
2504 632 2760 701 potentia,
2790 646 2909 700 qua:
2934 639 3017 684 est
3042 632 3518 701 ipsius__essenti:e,

2029 704 2208 756 omnia
2235 703 2334 756 sub
2358 718 2415 756 se
2441 699 2730 755 concludit.
2764 699 2901 769 Ergo
2932 701 3103 768 ipsam
3137 699 3276 769 nulla
3315 700 3413 769 Icci
3439 700 3523 754 th

2033 772 2286 840 temporis
2310 771 2563 825 cohibitio
2585 767 2907 831 includit,'et
2938 767 3057 823 eum
3101 768 3299 840 nullam
3325 767 3517 840 loculis

2030 840 2113 894 vel
2144 837 2450 909 temporalis
2475 839 2820 893 distensionis
2850 838 3265 909 magnitudinem
3292 837 3373 909 vel
3395 852 3520 909 par-

2029 906 2270 965 vitatem'
2296 909 2437 962 sicut
2465 923 2564 962 nec
2606 916 2837 977 partem,
2893 906 3182 977 suscipiat;
3217 906 3360 960 nullo
3398 906 3519 963 loco

2030 988 2122 1031 aut
2147 990 2383 1045 tempore
2407 976 2887 1039 CirCtltllSCt'ibiitlr.
2923 976 2994 1028 At
3026 986 3198 1029 tamen
3224 979 3519 1032 necessitas

2030 1048 2197 1115 exigit
2236 1061 2500 1099 summam
2543 1047 2842 1115 essentiam
2881 1054 3045 1115 totum
3091 1045 3220 1098 nulli
3272 1045 3389 1100 loco
3429 1047 3517 1101 vel

2030 1116 2257 1183 tempori
2284 1117 2512 1169 deesse:
2541 1124 2603 1184 et
2642 1115 2787 1184 nulla
2835 1114 2915 1167 lex
2965 1114 3066 1167 loci
3092 1183 3095 1184 ν
3118 1123 3212 1167 aut
3261 1116 3516 1184 temporis

2029 1182 2281 1253 prohibet
2316 1198 2435 1253 eam
2464 1183 2608 1236 omni
2638 1182 2757 1237 loco
2793 1190 2845 1253 et
2877 1183 3100 1253 tempori
3140 1183 3298 1236 simul
3350 1182 3516 1253 totam
3557 1183 3565 1187 ’

2030 1252 2235 1307 adesse.
2271 1255 2386 1322 lpsa
2426 1252 2587 1320 igitur
2628 1260 2737 1305 tota
2764 1252 2923 1305 simul
2943 1253 3189 1322 omnibus
3213 1261 3269 1306 et
3289 1252 3533 1322 s'ngulis‘

1980 1368 1984 1373 .
2026 1322 2161 1375 locis
2191 1332 2244 1377 et
2267 1320 2852 1389 temporibustprmsens
2876 1327 2977 1374 est.
3004 1320 3126 1373 ldeo
3151 1322 3292 1374 enim
3320 1324 3371 1373 in
3398 1320 3517 1377 loco

2032 1391 2113 1446 vel
2138 1388 2387 1459 tempore
2418 1404 2539 1444 esse
2587 1388 2799 1450 dicitur,
2848 1405 2953 1442 non
2999 1388 3124 1459 quia
3178 1391 3510 1456 continetur;

2027 1462 2123 1515 sed
2144 1455 2266 1529 quia
2292 1472 2527 1528 praesens
2558 1469 2657 1511 est.
2684 1459 2872 1527 Aptius
2900 1455 3077 1529 tamen
3106 1457 3219 1529 hinc
3242 1459 3514 1514 diceretur

2029 1544 2148 1584 esse
2163 1526 2307 1583 'cum‘
2326 1530 2443 1582 loco
2468 1538 2516 1581 et
2551 1526 2809 1597 tempore.
2842 1542 3002 1597 quam
3045 1526 3097 1579 in
3149 1527 3266 1582 loco
3294 1536 3350 1597 et
3381 1537 3517 1581 tetu-

2030 1613 2188 1666 pore;
2219 1598 2342 1668 quia
2374 1612 2493 1668 esse
2522 1597 2573 1668 iu
2597 1596 2713 1649 loco
2734 1596 2817 1668 vel
2844 1596 3101 1668 tempore,
3127 1596 3342 1666 proprie
3362 1598 3518 1653 intol-

2027 1668 2211 1738 tigitur
2232 1665 2514 1721 contineri.
2557 1666 2742 1738 Itaque
2770 1666 2821 1718 in
2849 1667 3007 1738 enini
3046 1665 3163 1718 loco
3193 1665 3241 1720 et
3274 1674 3516 1738 tempore

2013 1734 2236 1792 summa
2268 1746 2462 1789 natura
2492 1745 2605 1799 est,
2636 1735 2760 1804 quia
2794 1734 2924 1787 nulli
2962 1735 3156 1804 abest;
3197 1744 3251 1788 et
3291 1738 3342 1789 in
3372 1734 3513 1789 nullo

2026 1807 2145 1860 loco
2177 1806 2260 1859 vel
2286 1816 2525 1873 tempore
2563 1802 2671 1873 est,
2727 1804 2853 1871 quia
2890 1802 3029 1873 nulla
3081 1803 3367 1869 clauditur,
3414 1819 3514 1860 nec

2027 1876 2139 1930 loci
2166 1883 2261 1927 aut
2285 1872 2540 1943 temporis
2567 1872 2771 1941 legibus
2791 1872 3090 1941 subjicitur.
3437 1913 3440 1916 .

2023 1965 2301 2032 Quomodo
2342 1956 2471 2033 ergo
2520 1962 2844 2017 convenient
2892 1964 3005 2016 haec
3047 1972 3153 2016 tam
3211 1962 3515 2018 necessaria

1953 2052 2245 2109 secundum
2269 2051 2643 2122 prolationem,
2671 2060 2726 2105 et
2752 2060 2859 2103 tam
2889 2050 3190 2104 necessaria
3219 2048 3511 2106 srcundum

1930 2141 2357 2214 probationem?
2393 2141 2646 2195 Fortasse
2694 2140 2923 2208 quodam
2964 2140 3123 2194 modo
3173 2149 3254 2193 est
3304 2154 3513 2194 summa

1952 2243 2146 2289 natura
2176 2230 2379 2310 in'loco
2415 2230 2495 2284 vel
2521 2228 2787 2298 tempore,
2812 2244 2919 2296 quo
2957 2244 3061 2282 non
3089 2218 3406 2298 prohibetur
3435 2229 3517 2283 sie

1950 2337 2069 2378 esse
2094 2320 2255 2377 simul
2289 2328 2397 2374 tota
2429 2320 2481 2373 in
2530 2318 2755 2389 singulis
2785 2317 2919 2372 locis
2949 2318 3030 2371 vel
3062 2317 3389 2386 temporibus
3423 2318 3551 2415 “',\

1950 2414 2011 2468 'ut
2034 2414 2335 2475 tamen'non
2362 2409 2665 2479 sintplures
2693 2417 2836 2473 totae,
2861 2409 2953 2462 sel
2976 2424 3079 2461 una
3106 2408 3215 2462 sala
3241 2416 3384 2472 tota;
3413 2422 3516 2463 nec

1949 2504 2064 2573 ejus
2084 2515 2235 2567 aetas,
2264 2519 2381 2573 quae
2410 2517 2514 2556 non
2541 2510 2624 2556 est
2668 2501 2771 2553 nisi
2802 2515 2926 2554 vera
2963 2501 3255 2560 aeternitas,
3304 2513 3411 2554 non
3445 2499 3514 2554 sit

1952 2577 2233 2652 distributa
2264 2595 2317 2647 in
2349 2594 2700 2669 pmterituin,
2730 2588 2966 2660 praesens
3014 2600 3069 2645 et
3109 2590 3365 2644 futurum.
3397 2588 3514 2647 Non

1950 2689 2097 2744 enim
2123 2687 2373 2740 videntur
2404 2686 2504 2739 hac
2526 2670 2640 2754 lege
2662 2682 2761 2737 loci
2787 2698 2849 2736 ac
2872 2681 3123 2750 temporis
3147 2682 3287 2749 cogi.
3316 2681 3419 2736 nisi
3448 2694 3513 2736 ea

1950 2793 2068 2849 quae
2088 2780 2170 2832 sic
2194 2788 2320 2832 sunt
2342 2778 2393 2831 in
2424 2776 2540 2829 loco
2564 2773 2648 2829 vel
2672 2782 2930 2841 tempore,
2959 2779 3016 2824 ut
3045 2770 3147 2824 loci
3172 2769 3402 2838 spatium
3435 2769 3519 2826 vel

1879 2888 1920 2943 (ς
1954 2870 2209 2940 temporis
2233 2868 2639 2922 diuturnitatem
2670 2880 2774 2919 non
2806 2863 3085 2920 excedant.
3120 2860 3320 2927 Quare,
3373 2861 3519 2935 sicut

1954 2963 2023 3018 de
2051 2960 2137 3015 his
2155 2975 2273 3029 qua:
2293 2957 2598 3027 hujusmodi
2622 2964 2766 3021 sunt,
2791 2968 2955 3008 unum
2983 2953 3229 3021 idemque
3255 2960 3420 3007 totum
3443 2952 3518 3007 sic

1953 3052 2065 3107 mul
2088 3064 2193 3105 non
2223 3063 2380 3118 posse
2405 3061 2525 3102 esse
2552 3055 2725 3101 totum
2758 3045 2811 3099 in
2836 3043 3064 3099 diversis
3112 3042 3247 3097 locis
3268 3041 3358 3096 vel
3386 3050 3523 3099 teut-

1952 3139 2247 3211 poribus'"
2264 3139 2409 3192 omni
2427 3136 2656 3193 veritate
2679 3135 2970 3197 asseritur;
2999 3133 3071 3186 ita
3100 3132 3154 3185 in
3174 3132 3259 3186 his
3273 3146 3391 3201 quae.
3412 3131 3517 3188 hu-

1949 3230 2183 3300 jusmodi
2201 3244 2307 3283 non
2322 3236 2470 3293 sunt,
2484 3226 2715 3296 idipsum
2745 3224 2890 3278 nulla
2905 3214 3228 3285 necessitate
3242 3222 3520 3280 concludi-

1954 3332 2061 3378 tur.
2074 3316 2558 3389 Jurenamquedici
2575 3316 2807 3381 videtur,
2825 3316 2967 3386 quod
2998 3324 3205 3369 tantum
3222 3315 3338 3387 ejus
3352 3314 3430 3369 rei
3447 3315 3522 3369 sit

1954 3415 2148 3484 aliquis
2166 3415 2267 3483 13
2284 3414 2456 3474 locus,
2469 3408 2621 3477 cujus
2633 3408 2986 3478 quantitatem
3011 3407 3159 3461 locus
3181 3406 3522 3461 circumscri-

1952 3503 2128 3559 bendo
2146 3500 2400 3562 cotttinet,
2422 3504 2479 3551 et
2502 3495 2829 3551 continendo
2851 3494 3272 3556 circumscribit,
3297 3501 3353 3547 et
3373 3493 3522 3562 quod

1956 3594 2071 3663 ejus
2099 3592 2176 3647 rei
2204 3587 2375 3645 solum
2402 3588 2473 3643 sit
2496 3584 2712 3656 aliquod
2744 3594 2971 3654 tempus,
3000 3580 3152 3653 cujus
3194 3583 3516 3641 diuturnita-

1958 3692 2065 3737 tem
2097 3689 2305 3749 tempus
2333 3675 2600 3731 metiendo
2626 3674 2807 3742 aliquo
2832 3674 2994 3728 modo
3024 3673 3298 3734 terminat,
3328 3680 3386 3725 et
3405 3674 3532 3725 ter-'

1954 3770 2209 3827 minando
2262 3768 2501 3839 metitur.
2550 3766 2890 3833 Quapropter
2941 3762 3095 3831 cujus
3140 3761 3519 3829 amplitudini,

1956 3872 2050 3918 aut
2076 3857 2442 3922 diuturnitati,
2475 3854 2618 3909 nulla
2656 3863 2798 3909 meta
2837 3851 2920 3908 vel
2965 3868 2997 3906 a
3026 3852 3143 3907 lo:o
3186 3851 3269 3906 vtl
3301 3868 3334 3905 a
3382 3859 3521 3905 ten.-

1958 3968 2089 4025 pore
2116 3950 2433 4021 opponitur;
2472 3946 2575 4001 ulli
2616 3945 2820 4000 nullum
2867 3958 2988 4000 esse
3032 3943 3207 3999 locum
3257 3942 3340 3998 vel
3382 3951 3521 3997 tem-

1956 4059 2056 4113 pus
2102 4056 2229 4097 vere
2272 4036 2612 4109 proponitur.
2651 4034 2916 4100 Quoniam
2964 4047 3196 4101 namque
3234 4047 3334 4088 ncc
3373 4031 3521 4086 locus

1959 4120 2238 4193 illixfaei't,
2269 4130 2409 4198 quod
2454 4126 2631 4192 locus;
2665 4142 2765 4181 nec
2793 4136 3035 4194 tempus,
3088 4124 3229 4192 quod
3272 4132 3521 4192 tempus:

1958 4237 2061 4277 non
2108 4218 2557 4274 irrationabiliter
2604 4218 2802 4272 dicitur
2848 4216 2973 4285 quia
3023 4218 3201 4271 nullus
3245 4215 3397 4271 locus
3440 4226 3528 4271 est

1952 4313 2071 4382 ejus
2100 4311 2268 4373 locus,
2300 4318 2355 4363 et
2384 4309 2587 4362 nullum
2607 4317 2832 4375 ‘tempus
2859 4314 2943 4361 cst
2961 4304 3077 4373 ejus
3112 4316 3196 4358 tc.i
3219 4321 3338 4376 p‘ts.
3369 4304 3523 4369 Quoi
3552 4366 3553 4369 η

1935 4404 2081 4459 vero
2115 4401 2315 4456 nullum
2354 4400 2528 4453 locum
2566 4409 2659 4451 aut
2702 4408 2912 4467 tempus
2930 4397 3125 4450 habere
3172 4394 3553 4463 conspicitur,

358 4474 664 4507 υιιιιυιιυιυ,
712 4474 841 4497 ιιιιει
896 4474 954 4500 δῦ
977 4474 1299 4499 υυιινῦιιιιιιιι
1342 4482 1355 4496 ο
1390 4474 1653 4512 διινιιυυιιι
1693 4474 1856 4499 ιιιιιιιιι
1954 4496 1966 4506 ,
2458 4474 2470 4482 ⁹
2727 4488 2739 4499 ο
3118 4485 3159 4511 οη

358 4519 540 4566 ιοωηι
568 4526 675 4566 non
703 4526 859 4580 posse
897 4514 1053 4568 simul
1091 4530 1210 4568 esse
1251 4516 1301 4566 in
1340 4514 1565 4567 diversis
1605 4516 1736 4569 locis
1777 4516 1859 4569 γει
1953 4494 2006 4549 nl
2045 4492 2282 4563 profecto
2305 4490 2610 4580 nullatenus
2638 4488 2742 4580 loet
2774 4498 2865 4580 aut
2906 4495 3163 4580 temporis
3195 4485 3364 4555 legem
3393 4481 3525 4580 sub-

360 4574 718 4650 tcmporibus,
767 4597 950 4637 verum
999 4593 1079 4638 est
1128 4585 1382 4638 duntaxat
1413 4584 1478 4637 de
1531 4584 1596 4637 iis
1618 4601 1734 4652 qua:
1781 4586 1861 4637 sic
1953 4587 2033 4639 ire
2059 4584 2418 4638 convincitur.
2452 4578 2606 4632 Nulla
2639 4579 2800 4648 igitur
2836 4577 2923 4631 lex
2960 4576 3061 4630 loci
3118 4583 3211 4631 aut
3255 4574 3518 4643 temporis

1566 4673 1799 4729 VARle
1836 4673 2234 4730 LECTIONES.

358 4765 432 4797 ³⁸⁵
463 4762 585 4817 Νοιι
630 4764 735 4817 erit
785 4764 1114 4829 prmteritum
1177 4780 1273 4818 nec
1315 4764 1550 4821 futurum
1586 4782 1709 4819 mss.
1769 4783 1871 4819 non
1923 4776 2007 4821 est
2060 4765 2295 4819 futurum
2359 4778 2458 4816 nec
2512 4760 2844 4829 praeteritum
2887 4758 3077 4829 mnis.
3109 4755 3269 4810 Nicia.
3303 4771 3409 4811 non
3439 4768 3527 4812 est

291 4834 629 4934 praeteritum
666 4848 764 4888 nec
787 4828 1020 4885 futurum
1095 4834 1162 4865 ³⁸⁸
1191 4835 1303 4886 Non
1330 4845 1407 4887 est
1443 4837 1769 4901 praeteritum
1815 4836 1895 4887 vel
1935 4851 2171 4903 praesens
2212 4850 2333 4886 mss.
2377 4828 2523 4883 Tlm.’
2542 4846 2646 4882 non
2690 4839 2773 4883 est
2800 4828 3129 4906 pra-teritum
3167 4841 3266 4906 nec
3292 4840 3528 4895 praesens

315 4903 601 4934 πριηι-ιιῖι
659 4903 780 4934 ηηίσι
811 4917 1017 4934 anon-nn
1067 4903 1149 4934 :lln
1187 4913 1374 4934 una"-..
1408 4904 1605 4934 οηςιζηηι
1654 4903 1794 4934 nulla
1838 4921 1939 4934 ...μ
1986 4902 2109 4934 Ρη...
2175 4900 2285 4934 νε...
2344 4899 2444 4934 Qun
2487 4897 2655 4934 Γὶεην
2705 4898 2895 4934 plur-nil
2947 4895 3146 4934 cmlmnl
3171 4909 3293 4934 num
3316 4910 3525 4934 cum-nn

315 4905 359 4936 π
386 4903 626 4964 Clarnit,
659 4903 781 4970 quia
811 4917 1018 5003 suﬂma
1067 4903 1151 4956 illa
1187 4913 1376 4955 natura
1407 4895 1611 4957 scilicet
1653 4903 1795 4955 ttulit)
1838 4895 1960 4956 mss.
1986 4902 2133 4957 Gem.
2175 4900 2307 4954 Vict.
2340 4899 2463 4969 Sag.
2487 4897 2670 4952 Cister.
2705 4895 2918 4959 claruit,
2947 4895 3151 4949 scilicet
3171 4896 3296 4958 quia
3316 4910 3531 4949 summa

315 4973 377 5003 η..
421 4980 621 5003 “an”...
653 4971 795 5003 ..ηιιη
985 4972 1078 5003 Q:..
1127 4973 1266 5003 nt:...|
1314 4989 1416 5003 ..ηε
1473 4984 1515 5003 ,ιι
1544 4980 1602 5003 ,Α
1656 4970 1787 5003 nm.
1854 4974 1894 5003 υς
1930 4974 2070 5003 "una
2143 4972 2211 5002 stis
2251 4969 2605 5003 “animum.
2670 4965 2728 5003 νε
2780 4966 2884 5003 Rm.
2936 4965 3132 5003 ιῑηηῑιιει
3208 4964 3276 4996 ιω
3302 4963 3415 5003 Νηιι
3445 4974 3529 5003 ραι

292 4972 378 5026 illa
420 4963 621 5035 natura
653 4963 795 5024 nullo
868 4963 939 5003 m
985 4972 1079 5024 Sin
1126 4973 1269 5025 aliud
1314 4989 1437 5024 mss.
1470 4984 1515 5024 et
1541 4980 1623 5025 ed.
1656 4970 1810 5026 Catii.
1854 4974 1895 5025 si
1930 4974 2070 5025 aliud
2143 4972 2211 5002 ⁸⁵³
2251 4963 2475 5035 Liquido
2503 4985 2626 5020 mss.
2670 4965 2749 5018 Vi.
2778 4966 2905 5032 Sag.
2936 4965 3133 5033 liquida
3208 4964 3276 4996 ³⁶⁹
3297 4963 3415 5035 Non)
3445 4974 3531 5018 est

293 5034 567 5095 distincta
588 5056 710 5091 mss.
737 5057 842 5110 non
875 5051 957 5094 est
987 5042 1234 5095 distincte
1308 5042 1374 5072 ³⁸⁸
1404 5041 1493 5095 Sic
1524 5043 1685 5110 igitur
1710 5042 2008 5095 discnssqu
2039 5058 2163 5093 mss.
2192 5040 2276 5093 ed.
2299 5033 2453 5091 Cum.
2483 5038 2527 5091 si
2554 5037 2731 5104 igitur,
2758 5037 2898 5110 sicut
2922 5034 3217 5087 discussum
3293 5033 3360 5110 ³⁶ξ
3386 5033 3530 5087 Prm—

292 5112 467 5164 visum
500 5117 584 5162 est
612 5108 892 5181 utss._'['lm.
917 5121 961 5162 et
996 5112 1076 5181 ed.
1120 5110 1276 5163 Gelli.
1316 5103 1585 5181 pervjsnm
1616 5122 1698 5165 est
1726 5179 1749 5181 Α
1770 5111 1837 5142 ³⁸³
1861 5112 2131 5180 Nusquam
2158 5119 2207 5163 et
2244 5122 2511 5181 nunquam
2533 5103 2774 5181 est__ntss.
2822 5103 2953 5181 Tim.
2988 5116 3245 5181 nusquam
3278 5103 3359 5181 vel
3396 5118 3532 5181 nun-

332 5194 457 5233 nam
490 5189 578 5230 est
654 5177 964 5247 i"‘1\'eccsse
988 5180 1133 5232 illum
1168 5189 1252 5233 est
1274 5172 1399 5231 mss.
1440 5179 1521 5231 Vi.
1543 5180 1685 5232 Gem.
1714 5179 1847 5247 Sug.’
1881 5172 2100 5234 necesse
2129 5172 2519 5232 cstillam'csse
2589 5174 2657 5247 "j"
2684 5172 2813 5239 Cap.
2849 5172 2919 5247 βξ
2941 5182 3011 5224 est
3037 5172 3088 5221 in
3117 5172 3531 5247 tustoquu‘ibu

332 5195 457 5233 nam
490 5195 578 5230 est
654 5195 721 5208 ""
742 5195 964 5231 necesse
988 5195 1133 5232 Illittlt
1168 5195 1252 5233 051
1274 5196 1399 5231 mss.
1445 5195 1521 5231 Vt.
1543 5195 1685 5232 bent.
1714 5195 1838 5247 bttg.
1881 5195 2100 5234 necesse
2129 5195 2212 5232 CSI.
2232 5195 2374 5231 tuam
2400 5195 2519 5230 esse
2589 5195 2657 5204 "'"
2684 5195 2813 5239 Lup.
2852 5195 2919 5224 zz
2941 5195 3009 5224 est
3037 5195 3088 5221 In
3118 5195 3240 5223 uua.
3271 5195 3531 5239 (mqmmoo

293 5195 425 5321 30p.
586 5246 681 5321 sub
702 5247 1022 5321 hocAl'itulo.‘
1052 5250 1327 5321 Quomodo
1356 5249 1542 5302 melius
1595 5250 1812 5321 intelligi
1848 5250 2013 5321 possit
2046 5247 2390 5321 esseublquc
2419 5259 2578 5321 quam
2625 5242 2859 5321 innomni
2884 5241 3019 5321 loco
3051 5255 3188 5321 ‘utss.
3217 5237 3339 5321 Gem
3387 5238 3532 5321 Quo-

295 5306 456 5381 modo
480 5306 555 5370 sit
588 5318 641 5367 in
677 5318 818 5369 omni
847 5326 900 5369 et
933 5319 981 5369 in
1022 5306 1167 5371 nullo
1204 5320 1317 5370 loco
1346 5327 1398 5370 et
1426 5328 1662 5385 tempore
1737 5306 1807 5350 ’3"
1849 5306 1917 5373 'lu
1951 5336 2073 5371 mss.
2118 5316 2253 5368 Vict.
2298 5306 2452 5367 'I'Imf
2474 5313 2631 5385 Gem.
2667 5310 2849 5364 Cistcr.
2884 5308 3018 5385 ιζξςι.
3046 5306 3167 5385 suo.
3195 5310 3531 5385 continuutur

294 5378 408 5508 ξαρ·
463 5387 527 5440 2Ι
591 5384 704 5437 lucu
750 5402 869 5505 ruas.
922 5385 978 5440 S.
1028 5388 1187 5440 illirlt.
1235 5386 1367 5439 Tim.
1400 5373 1615 5444 loco'ct
1651 5398 1887 5459 tempore
1995 5388 2058 5421 3‘”
2089 5386 2246 5442 Locis
2288 5386 2367 5456 vel
2395 5384 2721 5463 temporibus
2749 5396 2872 5433 mss.
2908 5376 3041 5430 l’ict.
3066 5374 3211 5429 (ἔρνη.
3244 5373 3366 5444 Sag.
3400 5373 3528 5441 Cist.

311 5459 424 5508 ocis
450 5468 507 5508 et
541 5464 769 5508 tenmort
798 5473 876 5508 ius

311 5459 424 5513 ocis
450 5468 507 5511 et
541 5456 876 5524 temporibus
1752 5456 1776 5513 ᾖ
2608 5456 2613 5463 ,
