4174 6204
312 420 405 474 ΠἹ

1706 416 2179 473 MONOLOGIUM.

3455 419 3551 473 I78
3603 411 3617 419 ’

381 527 577 582 Verum
604 541 730 582 cum
771 524 982 583 conSlet
1013 527 1256 581 eamdem
1304 541 1568 580 summam
1617 513 1865 580 naturam
1896 529 1939 582 .\
1969 526 2127 578 bilem
2162 525 2324 578 vitam
2360 525 2519 579 simul
2547 525 2784 595 perfecte
2829 536 2993 580 tutam
3027 527 3294 581 obtinere.
3333 529 3552 584 \‘idctur

312 633 420 672 non
452 618 622 688 magis
649 631 770 671 esse
805 616 858 670 in
893 617 1148 672 omnibus
1176 616 1330 679 locis,
1360 631 1522 684 quam
1551 615 1602 669 in
1630 619 1879 671 omnibus

307 725 428 782 qua
468 709 625 771 sunt',
653 718 764 769 .n’on
799 709 942 761 \elut
990 723 1110 776 quae
1156 707 1520 769 contineatur,
1555 723 1672 777 qua:
1719 722 1882 777 pene-

309 799 504 853 Iramlo
529 806 721 852 cuneta
748 789 1027 852 contineat
1069 814 1081 850 :
1112 809 1211 852 cur
1245 813 1350 851 nou
1381 798 1592 852 dicatur
1615 811 1733 851 esse
1760 798 1878 850 ubi-

304 903 433 955 que,
461 888 564 940 hoc
588 901 752 939 sensu
779 925 794 950 ,
823 893 877 938 ut
905 885 1082 955 potius
1109 886 1442 956 intelligatur
1463 901 1585 940 esse
1616 886 1668 938 in
1700 887 1880 940 omni-

305 978 408 1030 bns
445 990 564 1044 qua:
589 983 750 1040 sunt,
783 989 945 1045 quam
980 983 1186 1028 tantum
1218 974 1272 1027 in
1303 973 1554 1029 omnibus
1582 974 1732 1038 locis,
1755 989 1879 1028 cum

305 1066 453 1119 hunc
494 1064 824 1119 intellectum
852 1072 908 1119 et
932 1064 1008 1117 rei
1024 1061 1237 1132 yet-itas
1271 1062 1555 1125 exhibeat,
1584 1070 1641 1115 et
1665 1062 1778 1132 ipsa
1805 1063 1883 1116 lo-

303 1155 439 1208 catis
454 1155 604 1208 verbi
627 1153 932 1222 proprietas
955 1167 1296 1222 nequaquam
1318 1151 1618 1220 prohibeat.
1636 1151 1880 1208 Solemus

305 1259 539 1314 namque
565 1243 754 1299 localia
784 1242 946 1297 verba
970 1257 1112 1311 saepe
1148 1241 1698 1310 irrepreheusibiliter
1723 1241 1879 1294 attri-

311 1333 480 1387 buere
507 1331 688 1395 rebus,
723 1347 846 1402 qua:
888 1346 988 1385 nec
1029 1329 1147 1384 loca
1196 1340 1493 1395 sunt,.nee
1537 1329 1882 1385 circumscri-

304 1425 489 1494 ptione
525 1423 682 1478 locali
720 1423 1088 1492 continentur,
1136 1421 1283 1476 velut
1328 1421 1372 1478 si
1408 1423 1584 1477 dicam
1627 1421 1702 1476 ibi
1759 1438 1880 1477 esse

303 1505 638 1569 intellectum
669 1513 722 1568 in
750 1503 961 1577 anima,
993 1513 1081 1568 ubi
1109 1520 1192 1568 est
1222 1512 1572 1567 rationalitas.
1599 1511 1732 1566 Nam
1755 1528 1877 1569 cum

313 1605 422 1667 ibi,
451 1611 508 1659 et
555 1597 700 1670 nbi,‘
731 1603 986 1658 adverbia
1019 1603 1209 1658 localia
1253 1603 1362 1657 sint
1400 1602 1498 1666 m;
1548 1618 1652 1657 non
1700 1612 1877 1657 tamen

301 1695 460 1752 lecali
492 1696 998 1765 circumscriptione
1041 1705 1134 1750 aut
1165 1695 1342 1752 anima
1370 1696 1612 1750 continuet
1645 1694 1876 1764 aliquid,

300 1797 399 1842 aut
452 1787 752 1842 intellectus
782 1794 877 1843 aut
930 1786 1268 1840 rationalitas
1323 1786 1647 1842 continetur.
1698 1786 1880 1853 Quare

301 1892 518 1932 summa
548 1885 741 1931 natura
779 1876 1075 1931 secundum
1115 1877 1190 1930 rei
1233 1876 1549 1938 veritatem,
1579 1877 1756 1943 aptius
1796 1875 1877 1928 di-
1911 1866 1951 1922 Β

300 1970 451 2024 citur
473 1969 672 2038 ubique
697 1969 764 2000 ”'
788 1983 907 2022 esse
927 1967 1220 2022 secundum
1247 1966 1384 2022 hanc
1409 1965 1874 2037 signiﬁcationem,

301 2071 363 2115 ut
390 2062 726 2134 intelligatur
747 2075 868 2138 esse
913 2060 964 2114 in
1009 2059 1263 2114 omnibus
1287 2073 1406 2128 qua
1441 2066 1598 2124 sunt,
1623 2071 1782 2126 quam
1831 2058 1876 2111 si

302 2151 636 2222 intelligatur
649 2161 857 2206 tantum
883 2151 936 2204 in
957 2149 1209 2205 omnibus
1235 2149 1308 2190 ³⁸³
1332 2149 1485 2204 locis.
1510 2148 1576 2202 Et
1599 2147 1878 2217 quoniam,

300 2243 446 2296 sicut
471 2234 636 2310 supra
661 2239 916 2309 exposita:
943 2238 1182 2293 rationes
1203 2237 1396 2292 docent
1413 2277 1428 2302 ,
1451 2236 1609 2290 aliter
1631 2251 1752 2290 esse
1775 2251 1878 2288 non

309 2340 528 2398 potest;
560 2345 784 2384 necesse
811 2338 902 2384 est
940 2342 1060 2383 eam
1106 2326 1186 2382 sic
1221 2341 1342 2382 esse
1386 2327 1438 2380 in
1477 2326 1731 2400 omnibus
1761 2339 1881 2394 quae

304 2428 468 2475 sunt.
502 2430 563 2473 ut
584 2434 692 2474 una
715 2418 1011 2488 eademque
1035 2415 1274 2488 perfecte
1305 2425 1414 2471 tota
1443 2417 1603 2471 simul
1629 2415 1700 2448 ³⁸⁸
1729 2417 1800 2470 sit
1825 2415 1877 2468 in

287 2507 546 2577 singulis.
666 2509 672 2515 “
919 2518 922 2522 ’

307 2596 318 2605 ‘
668 2595 914 2664 caper
938 2596 1105 2652 xxw
1141 2595 1242 2668 [ιιι.
1302 2594 1443 2650 xxv
1452 2595 1494 2666 ι.

303 2688 376 2724 ³⁸³
401 2688 674 2755 Quomoao
700 2688 890 2742 melius
929 2686 1149 2769 intelligi
1176 2688 1369 2769 possit,
1406 2704 1426 2737 ι
1459 2681 1567 2739 esse
1604 2702 1822 2766 semper,
1846 2705 1864 2736 ι

652 2774 842 2828 quam,
884 2776 903 2809 ι
947 2766 1001 2809 t'u
1045 2766 1187 2810 omni
1239 2766 1522 2825 tempore.)

374 2848 716 2903 Coxsrscws
761 2863 986 2904 CAPITIS.
1011 2875 1078 2886 ——
1126 2845 1348 2901 Summa
1373 2854 1560 2899 natura
1594 2861 1697 2900 non
1721 2845 1881 2900 habet

297 2919 630 2988 principium
667 2927 762 2972 aut
788 2918 972 2981 linem,
995 2931 1092 2970 nec
1119 2931 1379 2988 presens,
1421 2916 1752 2988 prmteritum
1776 2925 1881 2988 aut

301 2985 544 3041 futurum
560 3027 577 3053 ,
600 3003 720 3056 qua;
749 2995 874 3041 sunt
897 2986 1218 3056 temporales
1242 2985 1557 3038 dill‘erentia:
1574 3000 1605 3056 ;Δ
1623 2987 1878 3056 quoniam

295 3057 583 3111 aeternitas
609 3054 746 3125 ejus,
772 3071 891 3124 qum
923 3054 1054 3109 nihil
1098 3055 1243 3108 aliud
1271 3063 1357 3125 est
1383 3067 1543 3122 quam
1597 3054 1708 3120 ipsa
1732 3092 1747 3116 ,
1778 3055 1878 3106 im-

302 3125 586 3180 mutabilis
613 3123 680 3190 et,
707 3123 826 3181 sine
852 3125 1097 3193 partibus
1141 3132 1241 3178 est.
1271 3123 1405 3193 Cum
1447 3134 1576 3190 ergo
1602 3137 1700 3174 vos
1731 3131 1902 3174 sem-‘

1980 614 2124 666 enim
2157 614 2224 644 3”
2262 612 2377 680 ejus
2403 615 2677 668 mteruitas
2708 615 2812 686 ιῆ,
2836 630 2956 669 esse
2998 617 3411 673 interminabilis
3443 619 3549 674 vita

1981 706 2136 759 simul
2179 706 2418 775 perfecte
2448 716 2553 760 tota
2578 708 2836 762 existens.
2871 707 3007 761 Cum
3043 710 3187 762 enim
3237 725 3397 777 supra
3436 711 3548 780 jam

1983 796 2114 850 satis
2153 796 2356 866 liqueat
2382 797 2524 866 quod
2561 797 2752 850 eadem
2788 798 3086 851 substantia
3133 814 3237 852 non
3287 799 3360 852 sit
3405 798 3550 853 aliud
3589 861 3598 870 η

1980 901 2142 954 quant
2184 887 2463 952 vitasua,
2511 894 2566 940 et
2608 887 2881 940 :eteruitas
2935 903 3072 951 sua;
3119 904 3216 943 uec
3258 889 3330 943 sit
3370 888 3548 958 aliqua

1983 977 2141 1030 modo
2190 977 2547 1031 terniinabilis
2575 974 2676 1041 ³”,
2723 991 2824 1034 nec
2871 976 2973 1030 nisi
3019 978 3177 1030 simul
3218 990 3271 1031 et
3312 978 3551 1048 perfecto

1982 1077 2089 1120 tota
2113 1092 2133 1129 ε
2157 1067 2286 1134 quid
2313 1066 2456 1119 aliud
2476 1078 2561 1122 est
2581 1082 2708 1124 vera
2737 1069 3034 1132 aeternitas,
3057 1083 3175 1136 qua:
3194 1069 3292 1121 soli
3322 1069 3395 1122 illi
3419 1085 3550 1125 con-

1981 1158 2148 1222 ηιιίι,
2173 1172 2333 1226 quam
2365 1157 2772 1224 interminabilis
2796 1158 2902 1212 vita
2927 1157 3084 1212 simul
3105 1168 3158 1213 et
3179 1151 3548 1228 perfecte'tota

1978 1248 2252 1302 existens?
2275 1247 2407 1302 Nam
2435 1247 2517 1302 vel
2544 1249 2647 1302 hoc
2675 1245 2790 1301 solo
2808 1286 2824 1310 ,
2857 1261 3037 1302 veram
3063 1249 3422 1303 aeternitatem
3446 1249 3548 1305 soli

1981 1337 2158 1390 inesse
2213 1336 2290 1390 illi
2333 1338 2681 1401 substantia),
2727 1353 2847 1408 qua:
2898 1338 3014 1392 sola
3069 1352 3173 1390 non
3230 1337 3404 1402 facta,
3455 1337 3549 1393 sed

1981 1427 2174 1481 factrix
2219 1442 2338 1482 esse
2385 1428 2602 1482 iuventa
2651 1437 2764 1494 est,
2815 1438 3005 1496 aperte
3047 1428 3546 1498 percipitur;‘quo-
3605 1451 3608 1454 '

1980 1516 2124 1570 niam
2156 1532 2279 1570 vera
2305 1518 2582 1573 micruitas
2625 1518 2870 1590 principii
2921 1519 3149 1588 ﬁnisque
3195 1527 3333 1572 meta
3365 1533 3550 1573 carere

1982 1609 2303 1678 intelligitur
2350 1626 2363 1662 :
2414 1609 2556 1678 quod
2596 1609 2727 1664 nulli
2781 1626 2961 1665 rerum
3007 1616 3554 1664 creatarunt'conve—

1981 1700 2116 1763 nire,
2165 1714 2231 1754 eo
2279 1700 2396 1769 ipso
2434 1700 2577 1768 quod
2617 1700 2683 1754 de
2726 1700 2893 1754 nihilo
2941 1701 3092 1755 facta:
3140 1710 3284 1766 sunt,
3327 1699 3554 1756 convin-

1980 1790 2140 1844 citur.

2475 1879 2700 1936 CAPUT
2739 1880 2880 1934 xxv
2921 1879 3069 1955 (δεῖ,

2195 1993 2346 2058 Quod
2379 1994 2546 2048 nullis"
2567 1995 2832 2061 mutabilis
2866 1996 2934 2048 sit
2968 1994 3338 2048 accidentibus.

1979 2107 2323 2163 Coxsrecrus
2358 2123 2585 2162 carnis.
2607 2138 2680 2148 —
2706 2107 3019 2163 Aecidentia
3058 2107 3160 2160 alia
3201 2104 3552 2160 mutationem

2059 2178 2296 2231 cilicium
2323 2196 2336 2230 :
2365 2178 2488 2242 alia,
2520 2187 2578 2232 ut
2616 2177 2925 2246 relationes,
2963 2177 3162 2231 nullam
3201 2175 3554 2246 mutationem

2051 2247 2333 2302 inducunt.
2383 2247 2606 2301 Sunnna
2650 2244 2832 2303 autem
2880 2255 3102 2310 natura,
3149 2245 3271 2314 quia
3323 2244 3553 2314 simplex

2050 2325 2153 2383 est,
2201 2331 2305 2370 nou
2337 2317 2522 2371 subest
2545 2316 2913 2385 accidentibus
2934 2331 3052 2385 qua:
3083 2312 3435 2385 iiiutationetn
3469 2312 3553 2385 (ςι-

2050 2381 2218 2440 ciunt.
2256 2387 2393 2455 Ergo
2425 2401 2524 2440 nec
2553 2384 2911 2455 susceptibilis
2929 2381 3012 2439 e'st
3041 2383 3198 2438 uilius
3225 2381 3551 2437 accidentis:

2051 2456 2350 2510 accidentia
2406 2455 2549 2510 enim
2604 2455 2895 2576 improprie
2941 2455 3219 2516 dicuntur,
3269 2466 3389 2522 qum
3438 2465 3554 2505 rem

2055 2537 2161 2576 non
2215 2533 2443 2576 mutant.
2497 2525 2663 2576 luitur
2706 2523 2851 2576 nulo
2899 2539 3122 2576 nrorsus
3144 2522 3302 2576 modo
3344 2533 3553 2576 summa

2055 2537 2161 2588 non
2215 2533 2443 2593 mutant.
2497 2522 2851 2590 lgiutr’nullo
2899 2539 3122 2594 prorsus
3144 2522 3302 2594 modo
3344 2533 3553 2594 summa

2051 2594 2288 2654 essentia
2330 2590 2620 2647 'mutabilis
2663 2601 2777 2658 est;
2826 2590 2948 2648 cuin
2995 2607 3207 2662 semper
3253 2592 3325 2662 sit
3364 2590 3552 2662 eadem

2052 2663 2500 2718 substantialiter.
2527 2672 2580 2718 et
2607 2657 3016 2719 nullounuuam
3054 2657 3212 2730 modo
3239 2660 3450 2715 diversa
3481 2657 3555 2712 sit

2050 2731 2473 2786 accidentaliter.
2881 2753 2884 2756 ·
3051 2749 3057 2755 ·

2053 2821 2162 2877 Sed
2212 2822 2326 2877 hare
2387 2823 2617 2878 essentia
2667 2822 2757 2889 ³⁸³,
2809 2837 2970 2892 quam
3021 2821 3195 2892 patuit
3249 2817 3557 2876 omnimode

1981 2913 2082 2968 sibi
2138 2927 2258 2968 esse
2307 2915 2550 2969 eamdem
2603 2914 3051 2977 substantialiter,
3098 2926 3276 2966 nonne
3321 2919 3404 2975 est
3452 2908 3555 2963 ali-

1981 3003 2196 3071 quando
2219 3004 2340 3056 ma
2389 3019 2448 3058 se
2489 2998 2714 3080 diversa
2745 3005 2828 3060 vel
2879 2989 3305 3060 accidentalitér.
3355 3001 3554 3056 Verum

1980 3093 2248 3162 quomodo
2289 3102 2372 3148 est
2415 3109 2626 3150 summe
2666 3094 3141 3157 inconunutahilis,
3184 3093 3228 3147 si
3278 3107 3374 3162 per
3413 3094 3556 3147 acci-

301 3211 430 3266 per,
471 3195 642 3266 plagis
671 3183 896 3266 proprie
923 3194 1188 3266 significet
1215 3183 1607 3259 auernitate'm,
1649 3199 1707 3243 et
1743 3199 1879 3244 tem-
1905 3192 1949 3253 (ζ
1980 3183 2157 3238 (lentia
2189 3192 2386 3252 potest,
2419 3199 2525 3238 non
2567 3185 2741 3240 dicam
2772 3199 2916 3252 esse,
2949 3185 3044 3240 sed
3076 3186 3158 3240 vel
3201 3183 3424 3253 intelligi
3456 3197 3552 3235 va-

303 3264 411 3335 pus
435 3265 578 3318 dicat
609 3265 926 3318 varieta'em
943 3305 959 3329 ,
988 3264 1158 3332 magis
1179 3275 1417 3335 congrue
1442 3273 1652 3335 summa
1677 3268 1874 3311 natura

296 3327 509 3391 aicitur
539 3347 753 3402 semper
780 3327 1128 3401 esse,’quafn
1158 3345 1278 3402 esse
1291 3327 1374 3402 λιιι
1419 3327 1592 3402 omni
1619 3337 1876 3402 tempore.

301 3405 372 3460 Et
413 3418 535 3457 cum
561 3395 836 3458 :ete'rnitas
862 3395 932 3457 sit
963 3395 1376 3456 interminabilis
1407 3397 1513 3450 vita
1549 3395 1708 3450 simul
1733 3395 1880 3464 per-

299 3473 450 3526 ferte
481 3480 590 3526 tota
621 3472 882 3535 existens,
915 3471 1012 3527 soli
1052 3469 1176 3522 huic
1206 3475 1414 3520 natura:
1438 3480 1662 3535 summa:
1685 3480 1879 3519 conve-

297 3543 422 3609 nit,
465 3557 584 3610 qua:
621 3534 886 3610 principio
909 3551 962 3594 et
991 3539 1096 3592 line
1131 3546 1183 3590 et
1219 3536 1366 3590 omni
1394 3534 1621 3588 termino
1643 3543 1814 3588 caret.

377 3632 634 3686 Eamdem
683 3646 897 3700 quoque
946 3645 1211 3688 summam
1260 3627 1639 3684 substantiam
1669 3631 1881 3680 constat

298 3722 425 3778 sine
448 3721 713 3791 principio
732 3730 787 3776 et
819 3721 937 3776 sine
961 3720 1064 3775 line
1085 3734 1230 3786 esse;
1263 3734 1361 3774 nec
1397 3708 1622 3774 habere.
1659 3724 1880 3786 praeter-

301 3816 484 3877 itum,
516 3821 609 3866 aut
649 3811 888 3866 futurum
908 3852 926 3876 ,
955 3818 1055 3866 nec
1076 3811 1417 3880 temporale,
1451 3810 1552 3864 hoc
1575 3815 1688 3872 est,
1722 3805 1880 3861 labile

299 3916 565 3972 praesens,
597 3916 706 3971 quo
734 3915 830 3956 nos
856 3901 1078 3965 utimur,
1103 3901 1360 3970 quoniam
1405 3907 1535 3953 mtas
1567 3900 1682 3952 sive
1724 3903 1880 3949 aster»

241 4019 248 4027 -
304 3992 454 4046 nitas
474 3989 594 4060 ejus
619 4006 740 4061 quin
763 3991 896 4044 nihil
924 3990 1067 4044 aliud
1096 3999 1179 4044 est
1204 4005 1364 4059 quam
1391 3989 1503 4059 ipsa
1522 4027 1538 4052 ,
1570 3984 1880 4040 immutabi-

302 4081 376 4135 lis
398 4088 456 4134 et
475 4081 596 4136 sine
618 4079 860 4150 partibus
881 4090 984 4134 est.
1016 4079 1201 4134 Nonne
1221 4093 1350 4148 ergo
1373 4091 1584 4146 semper
1623 4074 1764 4143 quod
1791 4072 1868 4125 vi-

297 4173 468 4228 detur
491 4173 778 4242 designare
805 4181 974 4226 totum
1003 4179 1240 4240 tempus.
1271 4169 1438 4224 multo
1461 4167 1645 4222 verius
1683 4165 1750 4236 (si
1794 4165 1860 4219 de

300 4260 395 4316 illa
418 4260 638 4328 dicitur)
667 4259 986 4330 intelligitur
1015 4259 1325 4329 signiﬁcare
1346 4258 1702 4312 atternitatem
1722 4293 1736 4318 ,
1760 4267 1879 4321 qua:

296 4347 410 4404 sibi
445 4348 549 4417 ipsi
585 4362 856 4418 nunquam
903 4358 988 4404 est
1016 4348 1334 4412 dissimilis,
1367 4362 1529 4416 quam
1577 4356 1876 4412 temporum

296 4437 658 4503 varietatem,
693 4453 815 4507 qua:
840 4439 941 4493 sibi
971 4438 1069 4508 ipsi
1104 4453 1320 4508 semper
1347 4448 1428 4493 est
1471 4439 1523 4490 in
1552 4435 1732 4504 aliquo
1771 4449 1875 4487 non

1981 3275 2232 3329 riabilis?
2292 3276 2359 3330 Et
2408 3285 2630 3331 econtra
2676 3277 2944 3344 quomodo
2999 3291 3105 3330 non
3153 3287 3236 3330 est
3278 3275 3556 3344 particeps

1979 3365 2308 3430 accidentis;
2355 3381 2477 3421 cum
2509 3375 2565 3421 et
2609 3368 2710 3421 hoc
2736 3366 2806 3398 ⁸⁸⁸
2838 3351 3040 3435 ipsum,
3089 3365 3230 3433 quod
3269 3366 3441 3432 major
3468 3372 3558 3418 est

1979 3453 2230 3507 omnibus
2274 3453 2394 3508 aliis
2439 3454 2667 3522 naturis,
2717 3464 2774 3508 et
2811 3454 2956 3523 quod
3003 3453 3107 3507 illis
3155 3452 3221 3509 Ψ
3276 3449 3556 3505 dissimilis

1976 3550 2057 3596 est
2075 3542 2173 3606 ⁴⁰²,-
2196 3542 2268 3596 illi
2301 3543 2546 3597 videatur
2567 3544 2848 3598 accidere?
2873 3543 2976 3600 Sed
3002 3543 3130 3612 quid
3163 3548 3460 3610 repugnant
3483 3539 3556 3574 ’⁵⁵⁸

1977 3634 2368 3702 quorumdam,
2421 3649 2543 3704 quae
2593 3634 2894 3688 accidentia
2950 3635 3224 3698 dicuntur,
3283 3632 3553 3702 suscepti-

1979 3724 2181 3786 bilitas,
2208 3732 2264 3776 et
2290 3724 2553 3778 naturalis
2601 3723 3144 3789 incommutabilitas;
3193 3723 3240 3777 si
3268 3737 3334 3776 ex
3362 3735 3551 3775 eorum

1979 3807 2342 3882 assumptione
2371 3813 2512 3867 nulla
2551 3813 2906 3868 substantiam
2974 3820 3335 3881 consequatur
3363 3811 3434 3844 ⁸⁰δ
3463 3825 3557 3863 va-

1979 3902 2282 3958 rialiilitas.?
2321 3904 2572 3958 Omnium
2620 3903 2816 3971 quippe
2853 3907 2973 3970 qua!
3017 3901 3330 3956 accedentia
3367 3901 3556 3954 tlicuno

1982 4003 2088 4056 tur,
2121 3992 2223 4046 alia
2268 4008 2375 4048 non
2420 3994 2520 4048 nisi
2563 4008 2687 4049 cum
2729 3992 2909 4062 aliqua
2957 3991 3331 4060 participantis
3375 3989 3555 4043 varia-
3637 3993 3641 4001 ‘

1983 4085 2126 4138 tione
2149 4084 2338 4140 adesse
2364 4091 2419 4138 et
2450 4085 2825 4152 abesseposse
2855 4083 3251 4152 intelliguntur,
3279 4091 3337 4134 ut
3364 4095 3554 4134 omnes

1979 4174 2209 4239 colores,
2237 4174 2340 4227 alia
2366 4174 2586 4228 omnino
2614 4173 2810 4226 nullam
2844 4171 2924 4226 vel
2959 4169 3250 4225 aceideudo
3280 4169 3362 4222 vel
3399 4181 3554 4222 rece-

1981 4265 2154 4319 dendo
2180 4265 2527 4318 mutationem
2571 4263 2714 4318 circa
2738 4261 2788 4316 id
2817 4262 2882 4316 de
2907 4276 3014 4331 quo
3043 4261 3313 4322 dicuntur,
3339 4255 3554 4312 edicere

1981 4361 2301 4416 noscuntur,
2335 4363 2394 4406 ut
2417 4353 2659 4423 quaedam
2707 4342 3019 4407 relationes.
3069 4349 3292 4404 Constat
3321 4363 3552 4416 namque

1971 4442 2103 4509 'quia
2139 4442 2341 4495 homini
2376 4451 2495 4516 post
2524 4456 2722 4495 annum
2769 4449 3088 4510 pnesentem
3121 4438 3421 4500 nascituro,
3453 4453 3550 4492 nec

301 4529 523 4584 sitnilis.
568 4527 749 4596 Quare
779 4530 841 4584 si
889 4529 1090 4584 dicitur
1144 4543 1358 4594 semper
1405 4543 1564 4588 esse.
1618 4525 1872 4593 quoniam
1913 4532 1955 4586 D
1985 4530 2173 4598 major,
2225 4545 2325 4585 nec
2372 4531 2568 4592 minor.
2611 4544 2711 4584 nec
2755 4529 2976 4598 aequalis
3027 4528 3149 4592 sim,
3197 4542 3297 4580 nec
3337 4526 3548 4580 similis.

303 4621 450 4674 idem
477 4627 564 4674 est
589 4619 666 4674 illi
691 4634 813 4675 esse
837 4628 893 4674 et
921 4620 1132 4684 vivere;
1162 4619 1291 4673 nihil
1323 4618 1512 4673 melius
1537 4615 1872 4685 intelligitur,

302 4726 473 4780 quam
511 4707 713 4766 :ete'rne
753 4725 874 4766 esse
914 4709 996 4765 vel
1040 4711 1219 4764 vivere
1243 4752 1257 4776 ,
1318 4709 1369 4763 id
1409 4718 1520 4773 est,
1566 4707 1877 4760 intermina-

1983 4617 2184 4673 Omnes
2238 4628 2422 4671 autem
2477 4618 2762 4671 relationes
2813 4617 2932 4680 has,
2990 4616 3174 4686 utique
3221 4631 3341 4669 cum
3394 4624 3553 4668 nat-us

1985 4708 2165 4773 fuerit,
2198 4709 2313 4762 sine
2346 4709 2491 4763 omni
2541 4709 2645 4762 mei
2687 4697 3015 4773 mutatione,
3059 4709 3122 4762 ad
3177 4708 3324 4761 ἰΙΙιιιιι
3353 4706 3556 4760 habere

1611 4839 1694 4892 VA
1705 4835 1840 4892 RIE
1877 4835 2164 4892 LECTION
2173 4837 2272 4892 ES.

376 4958 446 4992 ³¹¹
475 4957 554 5014 ILi
585 4964 636 5008 et
667 4955 755 5009 ubi
783 4954 1032 5009 adverbia
1064 4954 1249 5010 localia
1278 4953 1384 5008 sint
1410 4953 1712 5006 crnt'netnr
1735 4966 1856 5001 mss.
1883 4948 2012 5000 ’Πιιι
2049 4950 2137 5003 ubi
2160 4959 2209 5003 et
2239 4950 2308 5006 ibi
2340 4952 2448 5006 sint
2472 4952 2656 5004 localia
2691 4953 2845 5004 verba
2871 4953 3210 5004 continentur
3258 4951 3323 4982 ³⁹²
3345 4953 3554 5011 Dicitur

301 5027 490 5097 aptius
535 5025 734 5097 ubique
759 5026 1086 5097 niss._aptitts
1131 5025 1328 5097 dicitur
1355 5024 1560 5097 ubiun
1623 5020 1691 5050 ³⁸³
1737 5022 1906 5086 Quam
1939 5019 2266 5097 intelligatur
2309 5021 2360 5074 in
2385 5023 2664 5097 _omuilms.
2697 5032 2752 5075 et
2789 5037 2919 5097 imis.
2953 5015 3110 5097 «piant
3162 5022 3204 5074 si
3238 5021 3552 5092 intelligitur

302 5089 520 5150 clatum
545 5095 598 5148 in
629 5089 1116 5157 otltitilittslocis,et
1163 5094 1412 5146 ³τλνδὸἱιιιιιι
1441 5089 1877 5161 perfectamiue.
1916 5097 2084 5161 totam
2103 5089 2259 5161 simul
2284 5090 2518 5158 perfecte
2548 5100 2712 5144 totam
2788 5091 2854 5120 ³³⁸
2867 5089 2992 5157 Cap.
3023 5091 3090 5161 925
3113 5101 3186 5142 est
3214 5093 3264 5161 iu
3291 5089 3549 5161 aliquibus

219 5161 224 5168 ’
301 5182 434 5218 mss.
465 5182 582 5231 cap.
632 5163 724 5218 ‘25.
752 5161 1256 5234 ntss.Cem._~l.'ister.
1295 5157 1570 5234 Quomodo
1629 5157 1816 5234 melius
1846 5159 2089 5234 "intelligi
2122 5157 2491 5234 possit'_es_se__
2520 5175 2976 5234 semper,__._quam
3019 5160 3068 5234 in
3121 5160 3265 5234 oniiii
3311 5157 3548 5229 tempore

302 5234 378 5264 ³³⁸⁸
408 5227 629 5286 Vide—tur
654 5243 830 5286 autem
873 5249 994 5284 mss.
1023 5231 1183 5285 Gcm.‘
1217 5227 1342 5299 Sag.
1388 5233 1594 5283 videtur
1640 5227 1780 5299 enim
1859 5227 1921 5299 ³³7
1973 5227 2127 5299 Modo
2173 5229 2525 5283 terminaliilis
2563 5227 2685 5282 me.
2744 5228 2876 5299 ’l'hu.
2929 5229 3085 5299 modo
3121 5227 3545 5299 determiuahins

303 5304 373 5336 5"
403 5301 513 5358 .“ed
542 5303 658 5356 haec
678 5303 931 5360 essentia,
964 5311 1093 5365 etc.,
1117 5302 1170 5353 iu
1199 5296 1322 5352 mss.
1363 5301 1508 5354 Gem.
1529 5299 1661 5350 Tlm.
1686 5296 1867 5349 Cislcr.
1900 5297 2078 5363 incipit
2110 5298 2192 5349 hic
2215 5309 2365 5364 caput
2387 5299 2456 5351 ‘25
2481 5299 2573 5352 sub
2600 5299 2695 5350 hoc
2718 5297 2888 5350 titulo.
2917 5297 3067 5362 Quod
3099 5297 3253 5362 nullis
3277 5303 3546 5356 mutabilis

297 5371 699 5428 accid-ntibus.
808 5372 874 5402 3”
925 5369 1036 5435 Non
1081 5381 1164 5422 est
1206 5369 1490 5435 aliquando
1517 5407 1529 5420 .
1564 5408 1577 5420 .

299 5459 430 5495 mss.
461 5440 597 5510 Sag.
653 5439 840 5493 Cister.
905 5433 1026 5494 cum
1074 5440 1191 5510 hoc

304 5511 376 5543 ‘“
397 5507 677 5564 llissiiuile
700 5519 781 5562 cst
807 5526 928 5561 mss.
947 5519 993 5560 et
1018 5508 1292 5564 cii/Colla.
1321 5507 1596 5562 dissimilis
1611 5515 1693 5557 est

1616 5404 1630 5419 .
1665 5383 1788 5436 mss.
1811 5365 2229 5436 exceptisfl'lmn.
2262 5384 2436 5421 nonne
2464 5378 2546 5421 est
2565 5369 2850 5436 aliquando
2878 5404 2902 5436 _.
2927 5404 2940 5417 .

1291 5433 1358 5470 ‘°‘
1391 5440 1454 5491 l‘lt
1483 5437 1621 5504 quod
1663 5435 1774 5506 illis
1797 5451 1898 5506 ius:
2024 5433 2181 5487 Micli.
2213 5446 2266 5488 et
2310 5438 2449 5504 quod
2473 5433 2821 5506 iliisrititerlitio
2847 5434 3093 5506 (let/tim.
3121 5437 3182 5489 Iit
3213 5439 3351 5505 quod
3383 5443 3544 5494 simul

1769 5504 1834 5532 “3
1860 5504 2272 5574 Quidrepugnat
2299 5523 2420 5560 mss.
2439 5504 2564 5574 quid
2597 5512 2892 5574 repugnant
2966 5506 3029 5536 ⁵⁰³
3054 5505 3205 5558 Nulla
3235 5504 3547 5565 Sulistantite

2975 5403 2988 5416 .
3013 5368 3035 5419 '?
3099 5357 3174 5396 ’δθθ
3204 5369 3333 5421 (lum
3366 5382 3418 5422 et
3445 5372 3547 5424 Itoe

294 5581 659 5648 εοιιειδιμιίιιιι·
708 5594 828 5632 mss.
866 5579 1006 5630 nulla
1057 5579 1411 5632 substantiam
1443 5582 1804 5644 consequatur
1841 5574 1926 5625 cd.
1973 5572 2126 5637 (imit.
2183 5575 2378 5628 nullam
2430 5572 2778 5632 substantiam
2825 5585 3178 5646 consequatur

1823 5681 2051 5736 ΝΟΤᾸΞ.
2694 5681 2698 5684 ’

367 5781 514 5854 (Sey
535 5779 688 5836 Alias
719 5789 793 5832 t‘sl
830 5795 952 5848 pats
983 5779 1168 5846 rapitis
1195 5780 1282 5832 Ἡ.

291 5987 336 6018 ξεῖ,
363 6005 378 6018 ,..

477 6073 584 6105 5.“.—
651 6085 656 6090 -
