4174 6200
430 4 515 11 -ν-κ-ιῡ
536 6 551 13 ι
574 4 731 19 υ--τρτ
746 4 1211 21 "rea-ww
1236 4 1259 15 ο(
1274 4 1443 17 «κιαι-πι--ν
1466 4 1849 17 ι-ήπι-ινή-ητγν--θπνὺη
1872 6 1897 11 ντ-
1916 8 1925 11 τ

535 337 637 409 Ιοῖ

1060 316 1123 395 εἰ
1164 339 1467 397 susum
1501 339 1851 395 cmrusn.
1894 340 2413 399 sacuter’orr.
2450 344 2627 402 rans
2659 346 2696 401 l.
2733 378 2801 390 -
2861 348 3279 409 DOGMA'I‘ICA.
3338 387 3349 393 -

3679 362 3782 419 183

589 464 725 535 inus
754 449 989 520 Spiritus
1015 450 1163 540 dicit.
1193 459 1274 504 est
1297 453 1529 540 idipsum
1561 452 1702 540 quo-ti
1729 453 2103 540 suintnus_spi-
2135 457 2178 515 Α
2212 456 2497 526 imaginem
2522 456 2619 526 "',
2667 462 2733 514 ad
2780 462 2896 532 ejus
2948 464 3352 524 similitudinem
3376 446 3475 537 3”,
3527 462 3781 540 tanquam

601 520 761 581 titus.
794 530 853 574 ut
880 535 1041 589 supra
1069 521 1490 574 demonstratum
1521 520 1624 574 est.
1656 522 1890 575 Verbum
1921 520 2104 589 etiam,

601 606 711 663 quo
738 591 868 645 dicit
896 605 958 643 ea
991 604 1108 661 qua!
1137 590 1274 663 facta
1302 597 1446 651 sunt,
1476 599 1560 663 est
1591 591 1704 658 ipse
1731 604 1974 663 summus
2003 594 2113 663 api-

603 659 763 725 ﬂuis.
795 671 854 727 ut
884 659 1046 728 suum
1083 659 1285 729 Pariter
1318 666 1402 729 est
1435 660 1742 727 probatum.
1776 661 1916 729 Ergo
1945 659 2107 716 unum

604 740 690 785 est
717 726 825 784 sibi
848 725 1305 800 consubstantiale
1334 725 1569 800 Verbum
1600 744 1707 798 quo
1729 725 1972 800 seminus
2000 727 2113 800 spi-

606 801 746 876 ritus
770 802 827 855 se
855 798 1003 861 dicit,
1033 804 1087 849 et
1113 812 1223 876 quo
1250 811 1312 850 ea
1341 796 1475 851 dicit
1505 796 1630 876 qua-5
1661 799 1809 876 facit.
1844 796 2111 876 Patitor—ea

608 868 867 929 Verbum,
889 881 995 937 quo
1015 879 1077 937 se
1096 866 1457 937 dicit‘summa
1480 866 1764 937 sapientia,
1789 870 2115 937 convenien-

607 939 816 1008 tissime
849 936 953 1008 dici
991 935 1615 1008 poiestVerbumejus,
1654 940 1776 1006 quia
1815 935 2109 1008 perfectam

610 1006 724 1077 ejus
746 1014 889 1061 tenet
912 1004 1319 1077 similitudinem
1344 1019 1361 1059 :
1389 1004 1622 1061 Verbum
1652 1004 1793 1061 enim
1815 1004 1908 1061 ’ρει
1935 1007 2111 1077 imago

609 1072 689 1130 rl-i
724 1090 789 1130 ex
820 1074 1149 1145 cogitatione
1178 1074 1442 1145 formata;
1486 1085 1541 1130 et
1584 1077 1706 1131 ideo
1747 1086 1896 1141 tanto
1928 1072 2111 1134 verius
2152 1072 2155 1077 ’

610 1155 695 1200 est
725 1144 973 1209 verbum,
1002 1151 1204 1212 quanto
1230 1144 1412 1198 verius
1438 1158 1551 1199 rem
1583 1159 1734 1199 mens
1760 1144 1979 1212 cogitat.
2010 1146 2114 1200 lte-

608 1229 753 1284 rum,
798 1228 951 1269 meus
975 1213 1273 1281 rationalis.
1302 1229 1423 1268 cum
1450 1229 1508 1268 se
1528 1215 1813 1284 cogitando
1840 1214 2111 1284 intelligit,

606 1283 1086 1354 imaginemsuam
1130 1298 1227 1337 seu
1256 1283 1473 1349 verbum
1512 1281 1617 1354 sui:
1636 1281 1883 1354 producit
1908 1281 2055 1354 quod
2079 1300 2111 1337 a

606 1364 670 1407 se
692 1350 797 1422 non
822 1352 921 1422 nisi
948 1350 1157 1406 ratione
1178 1361 1357 1422 potest
1374 1350 1648 1422 separari.
1663 1352 1803 1422 Ergo
1828 1362 1881 1406 et
1901 1350 2111 1407 summa

556 1480 559 1483 Α
604 1421 1060 1492 sapientiaLcum
1102 1418 1947 1492 se,'dicet‘tdo'intelligit,'gignit
1981 1438 2115 1477 con-

534 1549 539 1555 ,
609 1487 1024 1551 su'hstantialem
1073 1491 1172 1545 sibi
1222 1487 1881 1557 similitudinem'suain',
1936 1492 1988 1545 id
2030 1501 2115 1546 est

611 1559 855 1629 Verbum
882 1574 1057 1613 suum.
1092 1558 1322 1612 Verbum
1354 1559 1496 1621 istud
1523 1559 1626 1629 dici
1651 1569 1826 1628 potest
1851 1569 1905 1616 et
1937 1561 2114 1629 imago

606 1637 666 1684 ct
702 1627 871 1699 figura
911 1628 1284 1705 ct__citaractc_r
1300 1628 1441 1705 {ejus
1478 1646 1492 1681 :
1527 1627 1758 1705 Verbum
1790 1639 1972 1705 auten!
2007 1627 2114 1701 quo

608 1697 1113 1772 creaittram__dicit,
1154 1697 1410 1761 verbum,
1451 1706 1547 1772 aut
1582 1697 2113 1772 imago,‘antligi_tra

607 1774 874 1840 creatura:
900 1766 1004 1840 dici
1035 1779 1141 1820 non
1170 1773 1378 1834 potest;
1410 1766 1536 1840 quia
1558 1776 1641 1822 est
1663 1766 2113 1840 principalis'ejus
2147 1780 2190 1838 Β

610 1836 891 1905 θεεεηᾳῖειη
918 1834 1065 1905 Ergo
1102 1850 1344 1889 summus
1372 1834 1614 1905 spiritus
1657 1834 1961 1892 creaturam
2007 1834 2116 1893 non

613 1903 945 1976 dicitjerbo
973 1903 1386 1976 creaturzeksed
1417 1903 1538 1976 suo.
1575 1905 1718 1975 Ergo
1746 1906 2004 1976 quidquid
2035 1908 2119 1961 di-

611 1975 717 2047 cit,
748 1972 925 2047 Verbo
955 1988 1055 2027 suo
1081 1973 1231 2027 dicit.
1265 1972 1406 2039 Ergo
1435 1975 1603 2047 unico,
1623 1972 1917 2047 eodemque
1946 1974 2118 2032 Verbo

608 2042 738 2097 dicit
766 2042 1002 2111 seipsmn
1032 2051 1087 2096 et
1112 2052 1303 2097 cuncta
1335 2056 1455 2111 qua:
1481 2044 1630 2098 fecit.
1688 2052 1693 2057 ‘

612 2152 720 2207 Sed
754 2154 882 2206 ecce
910 2151 1167 2219 quaerenti
1196 2151 1325 2207 mihi
1361 2153 1429 2207 de
1454 2153 1635 2211 Verbo
1658 2170 1765 2225 quo
1790 2155 2017 2213 Creator
2039 2157 2121 2212 di-

537 2243 613 2299 cit
636 2243 825 2297 outnia
854 2256 975 2311 qua:
1004 2242 1151 2309 facit,
1184 2242 1378 2297 obtulit
1401 2257 1461 2298 se
1486 2228 1725 2300 Verbum
1748 2254 1856 2316 quo
1882 2247 2119 2318 seipsutn

538 2334 674 2391 dicit
714 2335 803 2404 qui
848 2334 1027 2403 omnia
1068 2334 1218 2389 facit.
1256 2335 1336 2389 An
1381 2349 1517 2406 ergo.
1541 2334 1841 2394 alio’verbo
1869 2338 1999 2394 dicit
2035 2354 2120 2394 se-

543 2425 745 2496 ipsum,
768 2435 822 2483 et
840 2427 946 2481 alio
971 2443 1033 2481 ea
1058 2443 1178 2497 qua:
1199 2428 1454 2505 facitf”;
1482 2439 1575 2495 aut
1598 2431 1775 2499 potius
1796 2434 1982 2487 eodem
2005 2434 2122 2504 ipso

548 2514 724 2573 Verbo
744 2532 852 2588 quo
880 2518 1011 2572 dicit
1043 2519 1304 2587 seipsum,
1343 2520 1473 2575 dicit
1508 2536 1844 2592 quaecunque
1872 2523 2000 2579 facit
2021 2523 2122 2578 ‘3‘?

546 2600 680 2660 Nam
704 2605 807 2661 hoc
825 2621 1040 2675 quoque
1059 2606 1316 2672 Verbum,
1338 2622 1448 2676 quo
1470 2608 1705 2677 seipsum
1728 2612 1877 2679 dicit,
1902 2627 2123 2670 necesse

546 2703 630 2750 est
650 2694 897 2763 ,idipsum
927 2711 1050 2751 esse
1086 2696 1230 2767 quod
1271 2698 1386 2766 ipse
1410 2688 1603 2765 est‘",
1637 2701 1780 2757 sicut
1813 2713 2026 2758 constat
2055 2704 2123 2758 de

451 2833 454 2836 .
547 2781 727 2840 Verbo
767 2783 858 2840 illo
886 2801 994 2857 quo
1023 2787 1155 2841 dicit
1189 2803 1251 2843 ea
1290 2803 1411 2858 qme
1451 2790 1593 2846 facta
1632 2801 1758 2847 sunt
1796 2809 1825 2846 a
1868 2808 1946 2849 se.
1988 2794 2120 2850 Cum

545 2875 714 2940 enim,
738 2876 951 2934 etiamsi
981 2877 1115 2939 nihil
1142 2893 1378 2950 unquam
1406 2882 1553 2936 aliud
1581 2891 1727 2939 esset
1749 2885 1848 2939 nisi
1879 2866 2123 2943 summus

547 2961 639 3017 ille
682 2965 938 3034 Spiritus,
985 2967 1125 3022 ratio
1172 2977 1353 3023 tamen
1396 2980 1555 3042 cogat
1596 2972 1667 3003 W’
1712 2973 1945 3028 Verbum
1994 2973 2123 3028 illud

544 3068 653 3122 quo
697 3068 758 3110 se
798 3055 930 3113 dicit
971 3073 1037 3113 ex
1085 3062 1406 3116 necessitate
1451 3077 1609 3127 esse,
1658 3063 1786 3132 quid
1832 3064 2013 3120 verius
2052 3066 2122 3098 ⁴⁸⁸

548 3159 713 3213 qnam
771 3149 875 3205 hoc
938 3150 1174 3207 Verbum
1239 3153 1358 3223 ejus
1413 3169 1519 3209 non
1580 3170 1701 3211 esse
1759 3156 1904 3211 aliud
1961 3172 2121 3226 quam

546 3237 689 3305 quod
732 3237 849 3309 ipSe
883 3242 995 3296 est?
1035 3242 1177 3315 Ergo
1214 3245 1260 3300 si
1302 3252 1356 3300 et
1395 3246 1663 3314 seipsum.
1702 3258 1756 3301 et
1789 3262 1853 3300 ea
1884 3263 2005 3314 qua:
2044 3248 2127 3301 fa-

546 3328 625 3383 cit
645 3327 741 3398 m,
778 3333 1224 3389 consubstantiali
1250 3334 1349 3389 sibi
1384 3335 1559 3390 Verbo
1584 3336 1742 3397 dicit,
1781 3320 2124 3391 manifestum

452 3418 453 3421 “
549 3430 640 3475 est
683 3421 812 3492 quia
857 3422 1018 3479 Verbi
1058 3438 1170 3493 quo
1217 3437 1275 3479 se
1310 3423 1471 3489 dicit,
1519 3432 1574 3478 et
1621 3424 1782 3479 Verbi
1829 3440 1935 3496 quo
1972 3440 2127 3480 crea—

552 3519 733 3565 turam
775 3511 935 3575 dicit,
984 3528 1089 3568 una
1139 3513 1436 3568 substantia
1490 3524 1594 3568 est.
1652 3514 1946 3580 Quomodo‘
1974 3529 2126 3583 ergo,

551 3602 595 3656 si
629 3616 736 3655 una
766 3602 1065 3661 substantia
1090 3604 1159 3636 δ”
1180 3613 1284 3669 est,
1318 3605 1422 3661 duo
1449 3606 1608 3660 verba
1659 3607 1824 3660 sunt?
1882 3606 1986 3662 Sed
2022 3607 2126 3677 17

549 3689 779 3748 forsitan
823 3706 930 3747 non
970 3693 1115 3764 cogit
1142 3694 1395 3749 identitas
1428 3695 1742 3751 substantia:
1776 3694 2128 3753 Vetbiunita-

549 3787 660 3834 tem
696 3780 1091 3838 admitterem.
1120 3782 1254 3837 Nam
1290 3784 1430 3838 idem
1459 3785 1574 3852 ipse
1603 3786 1691 3853 qui
1726 3786 1811 3838 bis
1852 3784 2030 3839 verbis
2051 3784 2129 3839 lo-

551 3872 759 3939 quitur,
793 3872 1034 3936 eamdem
1071 3886 1195 3926 cum
1227 3872 1331 3927 illis
1382 3873 1450 3904 ⁸⁸⁸
1476 3873 1639 3929 habet
1668 3873 2046 3939 substantiam,
2073 3883 2128 3928 et

554 3969 735 4013 tamen
780 3960 1023 4015 Verbum
1050 3976 1154 4016 non
1201 3971 1305 4017 est.
1368 3962 1472 4019 Sed
1515 3963 1700 4032 utique
1751 3964 1993 4030 verbum,
2020 3978 2126 4032 quo

549 4063 611 4103 se
665 4047 798 4101 dicit
840 4062 1047 4106 summa
1103 4050 1388 4119 sapientia,
1455 4052 1959 4106 convenientissime
2020 4052 2127 4106 diei

550 4145 725 4206 potest
752 4135 823 4192 Ve
840 4137 983 4193 rbem
1011 4137 1127 4207 ejus
1145 4141 1436 4195 secundum
1460 4142 1792 4209 superiorem
1840 4140 2125 4204 rationem,

550 4227 678 4294 quia
703 4228 817 4298 ejus
850 4227 1143 4300 perlectam
1174 4240 1321 4286 tenet
1342 4230 1774 4285 simiutudinem.
1816 4229 1949 4284 Nam
1982 4230 2124 4301 nulla

550 4317 759 4373 ratione
779 4322 961 4386 negari
993 4328 1195 4395 potest,
1224 4336 1360 4373 'cum
1392 4336 1543 4375 mens
1585 4320 1864 4375 rationalis
1894 4321 2122 4389 seipsam

551 4408 841 4478 cdgitando
871 4410 1117 4481 intelligit
1141 4411 1427 4480 imaginem
1450 4411 1618 4480 ipsnus
1645 4412 1790 4465 nasci
1820 4410 1873 4464 in
1909 4425 2002 4464 sua
2027 4425 2120 4464 eo-
2157 4436 2205 4497 ο

551 4499 812 4569 gitatione
852 4501 1007 4559 :imo
1056 4502 1224 4571 ipsam
1278 4502 1658 4570 cogitationem
1701 4501 1783 4556 sui
1814 4514 1931 4555 esse
1968 4515 2121 4554 suam
2159 4514 2165 4519 ·

1230 4594 1241 4617 J'

2209 546 2416 616 ex'ejns
2461 550 2811 619 impressione
2859 553 3167 612 formatam.
3203 559 3587 631 Quamcunqne
3634 565 3781 618 enim

2168 676 2177 679 -
2214 657 2327 695 rem
2377 651 2554 708 mens,
2584 659 2680 698 seu
2712 658 2808 712 per
2832 648 3075 715 corporis
3114 648 3547 718 imaginationem
3568 668 3661 710 seu
3684 667 3786 724 per
3872 714 3875 717 _

2212 730 2473 784 rationem
2502 726 2657 800 cupit
2689 736 2951 789 veraciter
2978 737 3238 807 cogitare,
3281 739 3397 809 ejus
3418 742 3604 810 utique
3632 738 3787 798 simi-

2210 820 2486 873 litudinem
2508 859 2524 884 ,
2547 830 2804 889 quantum
2856 824 3040 892 valet,
3079 827 3131 880 in
3161 822 3276 898 ipsa
3312 843 3408 883 sua
3447 815 3787 898 icogitatidne

2212 907 2282 940 "'
2306 918 2535 964 conatur
2575 909 2899 991 exprimere.
2952 911 3104 980 Quod
3148 898 3351 986 quanto
3394 904 3575 972 verius
3630 918 3783 988 facit,

2221 1007 2370 1068 tanto
2397 1012 2509 1055 rem
2542 999 2713 1068 ipsam
2742 1000 2922 1057 verius
2942 1003 3170 1072 cogitat;
3195 1014 3250 1059 et
3270 1005 3633 1075 hoc'quidem,
3658 1022 3783 1064 etuti

2221 1089 2421 1160 cogitat
2462 1088 2676 1158 aliquid
2715 1090 2860 1144 aliud
2901 1092 3041 1159 quod
3090 1092 3203 1162 ipsa
3258 1110 3366 1151 non
3427 1104 3529 1163 est,
3580 1106 3634 1151 et
3673 1111 3788 1151 ma-

2190 1177 2359 1231 xime
2385 1191 2505 1233 cum
2554 1176 2766 1251 aliquod
2792 1179 3012 1248 'eogitat
3054 1180 3127 1213 ⁶⁹⁶
3162 1196 3379 1253 corpus.
3432 1180 3628 1241 clarius
3654 1180 3786 1258 per-4

2212 1265 2456 1336 spicitur.
2476 1265 2609 1321 Cum
2630 1268 2772 1322 enim
2795 1269 2972 1340 cogito
2995 1259 3180 1326 notum
3214 1268 3343 1327 mihi
3374 1274 3643 1330 hominem
3688 1285 3791 1332 ab-

2213 1364 2446 1419 sentem,
2479 1355 2742 1413 formatur
2783 1360 2929 1414 acies
2975 1361 3317 1430 cogitationis
3350 1377 3483 1419 mea:
3517 1363 3570 1418 in
3598 1356 3786 1437 [talem

2214 1446 2502 1517 imaginem
2554 1446 2668 1519 ejus
2703 1449 2914 1518 qualem
2957 1450 3108 1506 illam
3136 1466 3234 1521 per
3280 1444 3454 1509 visum
3506 1448 3786 1510 oculorum

2215 1538 2269 1592 in
2309 1538 2623 1594 memoriam
2645 1540 2885 1606 attraxi;
2920 1554 3039 1609 quas
3079 1541 3260 1612 imago
3319 1542 3373 1597 in
3438 1532 3788 1615 cogitatione,

2213 1628 2443 1699 verbum
2474 1637 2558 1684 est
2608 1630 2847 1699 ejusdem
2896 1630 3153 1697 hominis,
3200 1644 3359 1702 quem
3402 1634 3685 1703 cogitando
3718 1638 3786 1682 ἔτι

2216 1714 2360 1776 dico.
2398 1718 2573 1777 Habet
2593 1720 2756 1791 igitur
2777 1736 2931 1776 mens
2956 1722 3256 1790 rationalis,
3277 1738 3398 1777 cum
3414 1738 3473 1779 se
3497 1726 3788 1796 cegitando

2218 1798 2488 1878 intelligit,
2519 1826 2699 1867 secum
2721 1811 3009 1887 imaginem
3053 1828 3204 1867 suam
3225 1827 3292 1868 ex
3313 1827 3371 1869 se
3392 1810 3597 1880 natam,
3628 1817 3680 1870 id
3705 1823 3791 1872 est

2218 1901 2597 1973 cogitationem
2621 1902 2703 1956 sui
2734 1901 2801 1955 ad
2834 1917 2987 1957 suam
3020 1900 3449 1969 similitudinem,
3489 1905 3646 1974 quasi
3692 1920 3790 1961 sua

2218 1991 2570 2062 impressione
2593 1990 2901 2060 formatam,
2930 1993 3179 2064 quamvis
3212 1993 3326 2063 ipsa
3369 2010 3428 2050 se
3464 2011 3494 2049 a
3525 2010 3621 2050 sua
3651 1996 3788 2049 ima-
3830 2036 3837 2039 ι

2220 2084 2363 2156 gine,
2412 2083 2661 2140 nonnisi
2711 2085 2925 2140 ratione
2978 2082 3113 2152 Sola,
3159 2102 3411 2157 separare
3450 2086 3640 2155 possit,
3670 2072 3795 2155 quas

2221 2175 2397 2244 imago
2445 2173 2817 2243 ejus‘verbum
2871 2174 2987 2244 ejus
3030 2186 3133 2231 cst.
3173 2176 3285 2248 (53)
3314 2177 3385 2209 ⁸⁸⁸
3433 2160 3546 2230 lioc
3599 2170 3783 2245 itaque

2220 2265 2401 2331 modo,
2429 2265 2551 2334 quis
2590 2274 2747 2334 neget
2774 2279 3037 2319 summam
3089 2264 3428 2334 sapientiam,
3467 2279 3588 2319 cum
3629 2263 3795 2319 sedi-

2219 2344 2392 2409 cendo
2436 2354 2685 2425 intelligit
2722 2357 2812 2421 δ”,
2862 2356 3084 2427 gignere
3124 2346 3657 2411 consubstantialem.
3686 2354 3791 2409 sibi

2222 2444 2627 2500 similitudinem
2661 2460 2835 2511 suam,
2884 2448 2935 2500 id
2979 2456 3065 2502 est
3115 2446 3352 2502 Verbum
3405 2447 3603 2502 suum?
3632 2446 3791 2513 Quod

2222 2538 2480 2602 Verbum,
2508 2538 2633 2593 licet
2658 2539 2722 2594 de
2748 2554 2805 2593 re
2829 2548 2939 2593 tam
2987 2539 3339 2610 singulariter
3379 2540 3634 2594 eminenti
3669 2552 3797 2608 pro-

2222 2615 2341 2696 prie
2367 2626 2567 2699 aliquid
2605 2628 2737 2683 satis
2761 2615 3143 2684 convenienter
3168 2630 3277 2684 dici
3300 2630 3405 2685 non
3443 2631 3640 2699 possit,
3682 2644 3794 2683 non

2225 2723 2403 2769 tamen
2429 2717 2896 2782 inconvenieuter,
2926 2717 3066 2772 sicut
3105 2717 3419 2785 similitudo,
3468 2718 3542 2772 ita
3576 2727 3631 2787 et
3660 2718 3798 2770 ima-

2223 2821 2312 2875 go,
2333 2810 2387 2861 e't
2417 2805 2586 2874 figura
2620 2807 2690 2838 ‘°°
2712 2808 3092 2871 etcharactcr,
3120 2809 3238 2874 ejus
3274 2808 3379 2863 dici
3408 2816 3607 2876 potest.
3666 2806 3800 2861 Ver-

2225 2896 2348 2949 bum
2371 2906 2548 2957 autem
2580 2910 2686 2965 quo
2714 2908 3016 2950 creaturam
3041 2882 3207 2960 dicit,
3237 2912 3574 2966 nequaquam
3606 2895 3799 2951 simili-

2227 2995 2309 3039 ter
2338 2995 2421 3041 est
2442 2988 2662 3041 verbum
2687 2972 2966 3048 creatum,
2992 2987 3118 3055 quia
3149 3001 3254 3041 non
3276 2995 3360 3040 est
3392 2984 3508 3055 ejus
3544 2985 3800 3064 similitu-

2226 3080 2314 3145 do,
2342 3081 2435 3136 sed
2459 3068 2769 3150 prin'Cipalis
2805 3080 3060 3135 essentia.
3111 3079 3470 3149 Consequitur
3523 3078 3685 3147 igitur
3740 3088 3801 3132 ut

2230 3170 2398 3239 ipsam
2438 3180 2742 3226 creaturam
2767 3185 2876 3225 non
2907 3171 3053 3226 dicat
3079 3158 3578 3227 verbf'creaturze.
3629 3166 3799 3237 Cujus

2228 3274 2355 3330 ergo
2378 3262 2543 3314 verbo
2569 3273 2686 3313 eam
2711 3261 2858 3322 dicit,
2883 3260 3062 3314 sinon
3112 3259 3246 3315 dicit
3285 3274 3405 3314 eam
3431 3259 3597 3313 verbo
3643 3257 3798 3327 ejus?

2228 3348 2361 3403 Nam
2385 3349 2526 3418 quod
2550 3334 2716 3415 dicit,
2742 3350 2909 3404 verbo
2938 3350 3099 3413 dicit;
3126 3357 3182 3403 et
3218 3350 3440 3405 verbum
3465 3346 3694 3416 alicujus
3716 3357 3803 3403 est

2228 3436 2471 3507 verbum,
2504 3438 2660 3491 idest
2710 3438 3029 3494 similitudo.
3083 3438 3191 3494 Sed
3220 3439 3265 3493 si
3299 3438 3433 3493 nihil
3464 3437 3607 3493 aliud
3663 3438 3801 3495 dicit

2227 3543 2388 3598 quam
2415 3544 2474 3583 se
2531 3539 2623 3583 ant
2651 3539 2956 3586 creaturam
2988 3529 3120 3585 nihil
3145 3530 3327 3584 dicere
3353 3524 3550 3599 poteSI,
3575 3529 3681 3607 nisi
3703 3538 3802 3583 aut

2226 3634 2344 3683 suo,
2373 3629 2466 3674 aut
2487 3621 2603 3688 ejus
2624 3620 2809 3675 verbo.
2835 3620 2889 3675 Si
2922 3635 3050 3688 ergo
3073 3621 3203 3683 nihil
3230 3620 3363 3675 dicit
3425 3619 3594 3675 verbo
3643 3635 3801 3674 crea-

2230 3716 2386 3771 tnrze,
2407 3706 2662 3775 quidquid
2714 3710 2864 3770 dicit,
2911 3707 3087 3762 Verbo
3128 3723 3224 3762 suo
3274 3708 3424 3762 dicit.
3470 3705 3588 3761 Uno
3632 3708 3802 3777 igitur

2227 3794 2523 3863 eodemque
2564 3796 2737 3849 Verbo
2754 3796 2880 3850 dicit
2909 3796 3164 3864 seipsmn,
3188 3805 3241 3850 et
3269 3810 3603 3865 quaacunque
3646 3794 3798 3851 fecit.

2512 3884 2736 3942 CAPUT
2768 3886 2981 3941 xxxw
3028 3887 3125 3959 [αι.
3153 3886 3388 3959 xxxnt]
3421 3888 3513 3939 ιοι.

2229 3975 2501 4043 Quomodo
2535 3992 2643 4030 suo
2664 3978 2733 4009 ’θ’
2773 3974 2933 4029 Verbo
2968 3979 3128 4029 videri
3150 3976 3221 4009 ⁸⁸⁸
3254 3980 3412 4046 possit
3443 3979 3615 4030 dicere
3646 3992 3803 4032 crea-

2913 4056 3108 4099 turam.

2230 4133 2572 4189 Coasrscrcs
2590 4149 2816 4199 CAPITIS.
2847 4165 2915 4173 ——
2937 4134 3050 4203 Ipse
3076 4144 3157 4189 est
3180 4150 3389 4189 smnma
3419 4135 3579 4198 ratio,
3609 4133 3799 4203 inqua

2305 4214 2428 4274 sunt
2454 4205 2633 4257 omnia
2678 4220 2797 4273 qua:
2826 4202 2971 4257 facta
3015 4215 3160 4274 sunt.
3194 4205 3345 4274 Ergo,
3389 4220 3511 4259 eum
3550 4202 3677 4258 dicit
3711 4219 3803 4257 se-

2301 4272 2495 4343 ipsum,
2513 4274 2642 4327 dicit
2662 4274 2839 4326 otnnia
2865 4288 2984 4341 quae
3006 4273 3143 4327 facta
3162 4272 3303 4327 sunt.
3320 4273 3595 4328 Creaturze
3616 4282 3800 4327 autem

2300 4342 2352 4395 in
2380 4342 2573 4411 seipsis
2594 4350 2716 4395 sunt
2736 4343 2968 4396 essentia
2997 4343 3296 4407 mutabilis;
3327 4345 3377 4396 in
3403 4342 3516 4410 ipso
3538 4352 3664 4395 sunt
3685 4344 3803 4411 ipsa

2299 4412 2469 4481 prima
2501 4412 2755 4479 essentia,
2794 4422 2845 4464 et
2874 4413 3042 4480 prima
3087 4414 3348 4471 existeudi
3374 4413 3593 4466 veritas.

2302 4502 2407 4558 Sed
2440 4503 2706 4571 quomodo
2736 4510 2839 4556 tam
2872 4502 3178 4559 diﬂ‘crentes
3212 4517 3319 4569 res,
3348 4503 3556 4558 scilicet
3606 4515 3804 4559 crcans

1824 4657 2054 4713 VARI/8
2094 4658 2476 4715 LECTIONES

628 4802 695 4835 ⁸⁸⁵
715 4800 787 4855 Ea
815 4814 936 4869 qua:
965 4798 1325 4869 fecit_ntss.ea
1355 4811 1473 4869 qua:
1500 4793 1629 4851 facit
1703 4797 1771 4828 ⁸⁸³
1810 4796 2163 4869 Qumcunque
2189 4794 2313 4869 fecit
2350 4811 2480 4869 mss.
2511 4811 2846 4869 quarcunque
2871 4795 3001 4851 facit
3067 4796 3151 4869 ‘Ffi
3174 4794 3328 4869 Quod
3359 4795 3541 4869 ipsum
3566 4802 3646 4869 est
3669 4811 3799 4849 mss.

560 4872 705 4941 quod
736 4863 847 4939 ipse
869 4866 1275 4941 estA"TTatiten
1299 4863 1444 4941 cogit
1467 4875 1791 4941 mss._tamcn
1812 4877 1969 4941 cogat
2026 4865 2096 4941 ξ⁸⁸
2130 4865 2281 4932 Quod
2311 4868 2489 4920 verius
2518 4863 2641 4941 mss.
2676 4863 2802 4941 quid
2827 4868 3035 4941 verius
3087 4867 3155 4897 ‘3’
3183 4866 3249 4918 Et
3275 4881 3336 4941 ea
3368 4880 3486 4941 qua:
3516 4863 3643 4916 fecit
3671 4880 3800 4941 mss.

556 4931 613 4996 e't
638 4945 700 4993 ea
728 4931 845 5007 quae
876 4938 1004 4993 facit
1040 4938 1110 4969 ⁸⁹⁰
1128 4937 1184 4990 Si
1220 4931 1665 5007 unasitbstautia
1694 4953 1790 4989 ms.
1829 4931 1963 5007 T/itt.
1997 4936 2040 4987 si
2074 4931 2185 5007 una,
2210 4951 2418 4989 summa
2447 4931 2749 5007 substantia
2824 4935 2891 4966 ⁸⁹¹
2934 4935 3207 5007 Uuitatem
3240 4935 3523 5007 admittere
3547 4950 3643 4987 ms.
3686 4931 3799 4987 Vic.

553 5013 608 5064 '5.
636 5003 891 5062 unitatem
917 5010 1165 5063 amittere
1225 5008 1294 5039 δ”
1316 5006 1575 5059 Eanulenr
1595 5005 1699 5059 illis
1728 5022 1850 5057 mss.
1881 5003 2013 5057 Tlm.
2033 5006 2279 5057 eamdem
2302 5021 2422 5058 cum
2444 5006 2546 5058 illis
2586 5006 2762 5059 mSui
2789 5021 2909 5060 esse
2930 5006 3227 5073 imaginem
3245 5020 3369 5056 mss.
3397 5003 3477 5056 sui
3502 5017 3803 5073 essegsuam

554 5080 847 5145 imaginem
888 5078 1053 5131 δεδΑά
1082 5080 1161 5131 sui
1195 5075 1605 5129 similitudinem
1632 5092 1758 5128 mss.
1791 5076 1857 5128 ad
1885 5074 2430 5145 ejus,similitmlincm
2474 5076 2541 5107 "5
2562 5074 2668 5128 Sua
2710 5071 3324 5145 cogitationc'mssfi'lm.
3356 5086 3454 5125 sua
3492 5071 3805 5145 cognitione

559 5150 628 5181 *οδ
661 5144 795 5199 Cum
818 5214 829 5216 _
859 5146 1060 5216 aliquid
1092 5147 1293 5216 cogitat
1326 5162 1450 5215 mss.
1504 5160 1625 5216 cum
1660 5145 1874 5216 aliquod
1902 5144 2100 5212 cogitat

554 5220 623 5249 “'3
662 5216 795 5283 (Ion.
816 5213 904 5268 δὲ.
936 5216 989 5266 iu
1020 5232 1139 5267 mss.
1162 5212 1410 5267 omnibus
1440 5214 1775 5283 continuatur
1816 5213 1984 5280 Caput
2009 5212 2306 5280 prmcedens

2200 5142 2265 5173 ⁸⁵⁷
2305 5143 2473 5209 Quem
2511 5140 2803 5212 cogitando
2835 5160 2931 5196 ms.
2969 5143 3103 5196 Tim.
3153 5143 3240 5196 90.
3283 5157 3470 5212 quam
3516 5140 3823 5212 cogitando.

2406 5214 2476 5243 ‘9“
2520 5209 2753 5267 Dicenda
2784 5214 3044 5281 intelligat
3095 5229 3221 5265 mss.
3284 5209 3510 5281 dicendo
3551 5209 3805 5281 intelligit

553 5290 626 5321 ⁸⁰⁹
664 5279 748 5340 Ita
774 5294 825 5337 et
863 5284 1037 5351 imago
1060 5294 1113 5335 et
1142 5284 1307 5352 figura
1356 5300 1479 5335 mss.
1518 5282 1651 5335 Tlm.
1683 5283 1771 5335 90.
1812 5284 1981 5334 omitt.
2012 5279 2087 5352 ita
2128 5292 2181 5334 et
2214 5283 2388 5348 imago
2462 5284 2529 5313 5‘"
2570 5283 2699 5352 Cap.
2738 5285 2805 5337 53
2848 5294 2920 5336 est
2962 5279 3015 5333 in
3060 5299 3182 5335 mss.
3221 5290 3374 5347 caput
3441 5279 3510 5352 54
3562 5295 3678 5331 cum
3702 5279 3802 5352 hoc

551 5357 704 5410 titulo
742 5372 758 5407 :
791 5347 1071 5416 (inmundo
1092 5347 1381 5421 suo'verbo
1405 5352 1572 5405 videri
1599 5362 1694 5405 etc.
1744 5362 1797 5404 ut
1848 5353 1899 5404 in
1925 5350 2077 5403 titulo
2109 5351 2295 5411 capitis
2328 5347 2396 5404 55
2471 5352 2540 5382 ⁶⁰²
2573 5351 2637 5406 In
2668 5354 2747 5404 tit.
2791 5352 2931 5421 quod
2962 5367 3058 5406 suo
3090 5367 3215 5405 mss.
3248 5351 3514 5419 quomodo
3557 5361 3656 5401 suo
3728 5347 3803 5379 ⁸⁸³

556 5428 749 5479 Videre
776 5440 896 5477 mss.
932 5432 978 5474 ct
1003 5422 1087 5473 ctl.
1120 5418 1236 5473 (ἔοι.
1273 5423 1440 5483 videri

2072 5529 2295 5586 ΝΟΤίΕ.

628 5646 739 5715 (355)
781 5647 921 5701 Alius
964 5646 1050 5701 hic
1080 5644 1261 5714 incipit
1296 5659 1411 5711 cap.
1444 5644 1529 5695 32!.
