4226 6200
532 0 971 11 “Wmu-

526 99 631 156 I95

976 0 1223 17 Ἥ*

1460 0 1669 15 Ἰώδαν-Μ
1542 0 1553 1 7
1616 12 1619 13 ν

1672 0 1855 11 «wit-*7
1880 0 1973 11 ——-r4

1230 0 1375 19 ’,βξ-Ἃ
1382 0 1553 17 ἵν’-ΓἭ

525 306 649 369 lius,
706 305 902 374 quibus
956 303 1087 357 mira
1151 300 1397 369 quardam
1449 308 1557 353 tam
1609 298 1892 353 inell'abilis
1944 310 2101 364 quam

502 442 507 447 .
526 386 851 450 inevitabilis
869 393 919 444 in
936 406 1049 444 sum
1060 403 1142 443 ma
1156 388 1364 441 unitate
1378 376 1636 455 probatur
1656 380 1774 441 esse
1799 382 2100 452 pluralitas,

526 485 683 540 valde
716 484 845 539 mihi
874 482 1087 535 videtur
1119 480 1436 535 delectabile
1461 464 1751 534 retractare
1775 476 1972 544 saepius
1997 482 2103 529 tam

511 566 933 645 impenetrabile
961 583 1251 627 secretum.
1296 571 1434 627 Ecce
1478 562 1618 624 enim
1661 582 1781 621 cum
1805 567 2106 637 sicimpos-
2170 565 2176 573 ”

526 652 884 735 sibilc‘sit‘“
912 659 1163 713 ennnlem
1193 673 1312 713 esse
1362 654 1453 724 qui
1504 655 1697 725 gignit,
1750 662 1804 708 et
1844 668 1967 708 eum
2013 652 2105 721 qui

523 740 989 822 g‘iguitur;'atqne
1013 751 1260 804 eumdem
1290 762 1410 802 esse
1454 755 1735 816 parentem
1778 752 1832 799 et
1852 744 2055 812 prolem
2087 756 2101 794 :

522 849 583 895 ut
607 856 830 897 necesse
861 843 935 896 sit
956 842 1114 894 alimn
1136 853 1255 894 esse
1278 838 1599 907 genitorem,
1636 835 1799 891 alium
1829 833 2100 904 genitum;

522 942 579 985 et
602 932 767 987 alium
791 948 914 987 esse
942 932 1175 991 Patrem,
1218 927 1383 981 alium
1430 927 1625 981 Filium
1654 943 1667 977 :
1698 924 1775 978 sic
1801 932 1981 977 tamen
2007 937 2105 977 ne-

522 1022 678 1078 ces’se
710 1022 783 1054 ⁵⁸⁸
832 1033 915 1077 est
941 1022 1078 1074 idem
1102 1034 1229 1074 esse
1259 1018 1406 1073 illum
1431 1018 1520 1086 qui
1542 1015 1731 1085 gignit,
1763 1024 1818 1069 et
1844 1015 1990 1081 illum
2016 1015 2107 1083 qtti

512 1110 781 1181 gignitur,
816 1098 1038 1164 necnon
1070 1114 1349 1178 parentem
1398 1114 1451 1158 et
1479 1104 1707 1173 prolem,
1750 1110 1810 1157 ut
1854 1103 2105 1172 impossi-

523 1203 632 1258 bile
661 1203 733 1257 sit
760 1200 905 1254 aliud
926 1212 1048 1255 esse
1074 1198 1368 1269 genitorem
1404 1196 1506 1263 ⁸⁸⁷,
1536 1208 1700 1265 quam
1739 1194 1881 1265 quod
1906 1200 1990 1248 est
2018 1208 2109 1263 ge-

523 1298 700 1359 nitus;
758 1294 905 1350 aliud
960 1307 1081 1348 esse
1146 1291 1405 1352 Patrem,
1459 1302 1622 1356 quam
1680 1287 1823 1357 quod
1869 1296 1954 1341 est
2014 1284 2107 1340 Fi-

524 1388 651 1442 lius.
689 1387 803 1458 (61)
834 1384 904 1417 ⁸³⁸
929 1384 998 1439 Ει
1023 1397 1142 1437 cum
1175 1382 1247 1435 ita
1270 1379 1341 1435 sit
1365 1378 1634 1446 aliusille,
1664 1387 1721 1435 et
1748 1378 1885 1433 alius
1913 1379 2021 1442 ille,
2050 1387 2109 1434 ut
2170 1434 2177 1442 ,

523 1480 746 1533 omnino
790 1484 970 1548 pateat
999 1472 1144 1543 quod
1170 1473 1277 1526 duo
1308 1472 1418 1526 sint
1450 1470 1555 1537 "9;
1594 1470 1674 1525 sic
1721 1479 1903 1523 tamen
1935 1485 2100 1523 unmn

1024 70 1112 155 ‘S.
1149 80 1447 155 ΑΝεέωιι
1486 92 1841 152 CANTUAR.
1883 93 2199 149 ARCHIEP.
2247 93 2392 150 Ol’l’.
2435 92 2614 147 PARS
2642 92 2681 148 l.
2724 125 2789 132 -—
2830 93 3253 157 DOGM.\TIC.\'-

596 211 833 267 Inventis
867 219 945 265 tot
988 220 1042 264 et
1088 211 1247 264 tantis
1286 209 1356 239 ‘“
1385 208 1718 277 singulorum
1759 207 2102 278 proprietati-
2132 207 2177 259 Α

2152 0 2333 11 *ιιι-..Η

3668 102 3769 160 l96

2275 204 2377 259 dici
2445 216 2622 282 potest
2695 217 2752 260 ut
2814 223 3019 282 summa
3101 209 3771 282 nnitas_simplicitasque

2275 280 2677 331 commendetur
2704 278 3003 331 communis
3031 290 3253 333 naturae.
3274 280 3388 334 Non
3422 278 3597 336 tamen
3635 278 3769 339 dicit-

2256 346 2559 426 ,tur’lfatcr
2586 346 2819 399 essentia
2856 347 2973 401 Filii
2992 388 3005 411 ,
3040 359 3093 426 et
3121 348 3542 426 Filiuscssentia
3568 350 3768 417 Patris;

2277 416 2427 481 qua’si
2456 416 2593 467 alter
2615 430 2717 468 non
2759 431 2857 483 per
2875 430 2953 481 se,
3002 417 3092 470 sed
3121 433 3216 485 per
3254 420 3493 485 alterum
3530 416 3766 476 evistat:

2276 498 2483 537 summa
2525 485 2667 537 enim
2707 487 2937 539 essentia
2972 500 3185 554 semper
3231 498 3313 544 est
3344 503 3455 555 per
3503 505 3584 552 se,
3636 492 3773 545 sicut

2276 566 2484 606 summa
2506 555 2767 626 sapientia
2790 570 3021 626 semper
3044 556 3183 624 sapit
3211 572 3305 625 per
3332 572 3410 611 se.
3444 558 3595 613 Unde
3617 558 3774 614 Pater

2276 635 2371 689 per
2397 636 2454 677 se
2476 622 2579 687 εει,
2607 632 2661 677 et
2686 622 2888 695 pariter
2914 624 3082 677 Filius
3106 622 3225 695 iper'
3238 641 3296 679 se
3324 634 3435 692 est;
3466 628 3588 695 quia
3615 627 3774 684 Pater

2275 701 2361 746 est
2390 708 2598 762 summa
2635 694 2891 762 essentia,
2917 704 2972 747 et
3004 693 3202 762 pariter
3244 695 3412 751 Filius
3450 693 3535 751 eist
3563 709 3771 751 summa

2276 764 2528 816 essentia.
2569 761 2734 814 Filius
2760 763 2976 829 quidem
3005 761 3095 816 est
3137 767 3370 819 essentia
3406 774 3529 819 nata
3565 768 3630 821 de
3675 768 3773 821 Pn-

2278 831 2379 911 tris
2404 832 2662 911 essentia,
2709 843 2765 884 et
2811 833 3070 911 sapientia
3101 832 3503 911 de_sapietttia;
3542 837 3633 890 sed
3666 849 3772 890 non

2279 902 2479 955 ideirco
2502 902 2681 964 minus
2708 902 2943 968 perfecta
2982 910 3088 975 est,
3117 904 3464 975 nibilpminus
3489 906 3630 959 enim
3660 906 3772 975 ipsa

2276 985 2374 1093 per
2400 985 2460 1025 se
2506 981 2607 1033 est,
2658 978 2713 1023 et
2749 973 3134 1051 persesapit.
3177 972 3284 1027 Nec
3326 982 3584 1042 repugnat
3630 972 3773 1043 quod

2325 1041 2443 1093 illus
2471 1050 2524 1093 et
2550 1055 2644 1093 Der
2671 1054 2732 1092 se
2760 1041 3038 1093 subsrstat.
3067 1052 3121 1093 et
3149 1045 3216 1093 de
3240 1042 3396 1093 Patre
3421 1044 3615 1093 habeat
3633 1058 3773 1093 esse.

2325 1041 2443 1094 ilius
2471 1050 2524 1094 et
2549 1055 2644 1108 per
2671 1054 2732 1092 se
2760 1041 3038 1104 subsistat,
3067 1052 3121 1095 et
3149 1045 3216 1096 de
3240 1041 3396 1099 Patre
3420 1044 3615 1097 habeat
3633 1041 3774 1099 esse.

2278 1108 2412 1180 Nam
2442 1127 2469 1163 a
2495 1109 2657 1169 Patre
2697 1110 2857 1180 liabet
2881 1118 2949 1180 ut
2982 1127 3078 1180 per
3106 1124 3165 1164 se
3187 1112 3329 1165 sitet
3354 1128 3448 1180 per
3473 1128 3532 1166 se
3562 1114 3773 1180 sapiat;

2276 1179 2514 1248 alioquin
2540 1193 2645 1232 non
2672 1191 2815 1233 esset
2841 1179 3121 1234 idemesse
3147 1180 3324 1234 Patris
3349 1179 3399 1234 et
3440 1181 3578 1235 Filii.
3617 1179 3777 1236 Deni-

2277 1264 2382 1318 que
2406 1247 2624 1320 utrique
2653 1264 2758 1302 non
2783 1247 2925 1320 aliud
2954 1264 3036 1320 est
3064 1250 3262 1304 habere
3282 1251 3591 1320 essentiam,
3614 1266 3775 1320 quam

2277 1333 2391 1372 esse
2420 1318 2573 1371 uiam
2619 1317 2937 1387 essertErgo
2980 1319 3121 1374 sicut
3163 1319 3324 1373 habet
3374 1319 3510 1373 alter
3557 1317 3780 1377 alterius

2277 1402 2327 1458 et
2349 1388 2601 1450 .euliant;
2629 1387 2704 1439 ita
2731 1386 2975 1458 altercat
3002 1387 3224 1458 alterius
3248 1390 3509 1456 essentia,
3540 1391 3643 1446 boe
3672 1401 3777 1458 est,

2279 1457 2419 1511 idem
2442 1471 2562 1511 esse
2589 1464 2671 1510 est
2695 1455 2874 1519 alteri,
2896 1459 3037 1526 quod
3065 1465 3149 1511 est
3172 1456 3354 1512 alteri.

525 1580 581 1627 ct
634 1571 775 1625 idem
791 1543 978 1636 ipsum
1005 1565 1076 1597 m
1120 1574 1226 1629 est,
1267 1564 1320 1618 id
1362 1563 1504 1632 quod
1542 1570 1648 1618 est‘
1674 1548 1765 1615 ille
1803 1571 1857 1616 et
1906 1561 2015 1627 ille,
2048 1569 2107 1614 ut
2128 1543 2180 1596 ’Β
2280 1546 2434 1601 Unde
2463 1546 2623 1601 etiam
2646 1544 2693 1599 si
2722 1544 2794 1577 ⁵⁷⁸
2821 1546 2961 1599 alter
2994 1545 3216 1601 alterius
3260 1548 3471 1601 dicatur
3518 1547 3782 1613 essentia,

524 1662 739 1732 penitus
772 1658 938 1712 lateat
962 1649 1190 1726 qui‘duo
1219 1662 1347 1709 sint.
1372 1650 1509 1706 Nam
1547 1650 1626 1706 sic
1653 1658 1736 1706 est
1762 1650 1898 1704 alius
1924 1648 2103 1713 Pater,

529 1754 668 1807 alius
696 1749 881 1814 Filius,
904 1743 983 1812 ut,
998 1762 1120 1803 cum
1147 1745 1335 1799 ambos
1357 1742 1608 1808 dixerim,
1631 1742 1841 1797 videam
1864 1756 1951 1795 me
1975 1739 2108 1795 duos

525 1845 758 1908 dixisse;
789 1851 847 1896 et
874 1840 954 1896 sic
992 1846 1076 1893 est
1120 1838 1356 1907 idipsum
1405 1833 1548 1903 quod
1582 1844 1686 1897 est,
1737 1841 1793 1887 et
1838 1831 2002 1885 Pater
2054 1839 2108 1885 et

528 1935 723 1999 Filius,
755 1942 814 1987 ut
849 1946 953 1985 non
984 1928 1279 1997 intelligam
1303 1926 1433 1996 quid
1461 1925 1598 1979 duos
1628 1922 1879 1977 dixerim.
1906 1920 2109 1987 Quam-

525 2024 609 2078 vis
660 2035 895 2091 namque
951 2018 1193 2088 singulas
1245 2016 1409 2070 Pater
1454 2015 1526 2069 sit
1586 2012 1825 2081 perfecte
1866 2025 2110 2067 summus

529 2114 787 2185 Spiritus,
814 2120 870 2165 et
891 2106 1135 2179 singnlus
1160 2105 1329 2160 Filius
1359 2105 1429 2159 sit
1454 2102 1692 2173 perfecte
1725 2115 1969 2156 summus
1989 2097 2114 2172 Spi-

530 2208 700 2270 ritus;
734 2204 813 2259 sic
847 2212 1024 2256 tamen
1056 2214 1221 2253 unum
1249 2196 1503 2264 idemque
1528 2194 1598 2225 ³⁷¹
1640 2202 1724 2247 est
1768 2190 2008 2260 Spiritus
2039 2190 2111 2222 ⁸η

528 2294 693 2353 Pater
716 2304 770 2347 et
796 2291 1034 2361 Spiritus
1064 2287 1254 2351 Filius,
1298 2294 1356 2340 ut
1384 2285 1545 2339 Pater
1571 2292 1624 2338 et
1651 2281 1819 2336 Filius
1860 2296 1966 2335 non
2006 2280 2116 2335 sint

530 2388 638 2442 duo
667 2383 922 2452 Spiritus,
976 2379 1071 2435 sed
1119 2391 1259 2433 unus
1315 2374 1549 2445 Spiritus
1575 2388 1593 2425 :
1625 2380 1684 2425 ut
1716 2372 1855 2426 sicut
1904 2370 2115 2437 singula

531 2476 747 2547 prppria
778 2460 1115 2543 singulorum
1144 2484 1251 2557 non
1277 2466 1544 2536 recipiunt
1568 2463 1957 2533 pluralitatem,
1989 2461 2115 2530 quia

534 2585 641 2622 non
668 2576 795 2623 sunt
827 2567 1090 2626 duorum;
1123 2553 1197 2613 ita
1226 2558 1278 2612 id
1306 2556 1448 2625 quod
1484 2568 1771 2609 commune
1809 2561 1892 2606 est
1925 2553 2115 2626 ambo-

535 2646 680 2719 rum,
711 2654 1042 2708 individuam
1094 2655 1282 2709 teneat
1330 2642 1615 2706 unita‘tetn,
1658 2642 1907 2710 quamvis
1950 2647 2117 2694 totum

533 2749 608 2803 sit
632 2746 991 2817 singulorum.
1037 2740 1171 2817 Nam
1200 2738 1339 2792 sicut
1372 2750 1478 2790 non
1512 2742 1639 2788 sunt
1667 2733 1772 2786 dno
1796 2740 1998 2801 patres,
2029 2740 2122 2785 aut

536 2840 643 2893 duo
674 2838 801 2900 lilii;
848 2833 944 2889 sed
976 2845 1114 2886 unus
1149 2828 1327 2903 Pater;
1373 2834 1431 2896 et
1458 2838 1596 2878 unus
1644 2821 1829 2884 Filius,
1864 2821 2116 2889 quoniam

534 2928 740 2999 singula
778 2936 908 2981 sunt
931 2921 1266 2992 singulorum
1310 2916 1561 2987 propria;
1592 2916 1663 2967 ita
1689 2928 1794 2967 non
1838 2923 1964 2966 sunt
1990 2911 2115 2977 duo,

535 3022 633 3075 sed
675 3033 812 3070 unus
866 3013 1128 3084 Spiritus;
1181 3008 1429 3077 quamvis
1478 3014 1533 3059 et
1583 3003 1777 3071 singuli
1833 3002 2033 3065 Patris,
2066 3010 2122 3055 et

538 3109 734 3180 singuli
765 3107 911 3171 Filii,
938 3106 1010 3160 sit
1038 3102 1337 3172 perfectura
1386 3109 1509 3152 esse
1549 3094 1831 3163 Spiritum.
1876 3090 1966 3145 Sic
1995 3100 2123 3145 sunt

539 3201 769 3274 oppositi
815 3195 1188 3277 relationibus,
1240 3200 1299 3244 ut
1352 3188 1804 3265 alteruunquam
1865 3182 2123 3260 suscipiat

540 3292 821 3364 proprium
873 3274 1122 3348 alterius;
1169 3282 1251 3336 sic
1284 3279 1426 3335 ’sunt
1473 3274 1773 3361 concordes
1822 3280 2016 3326 natura
2065 3282 2125 3325 ut

541 3362 680 3438 alter
705 3380 775 3412 ⁵⁷³
807 3391 1020 3446 semper
1066 3380 1248 3429 teneat
1288 3369 1594 3425 essentiam“
1618 3365 1865 3420 alterius.
1918 3362 2125 3433 (62)m

541 3476 637 3532 Sic
656 3471 798 3529 enim
829 3467 1027 3525 diversi
1055 3472 1198 3529 sunt,
1242 3466 1348 3532 per‘
1366 3463 1466 3516 lioc
1497 3459 1640 3530 quod
1666 3457 1807 3511 alter
1831 3464 1915 3507 est
1940 3453 2122 3517 Pater,

543 3574 601 3620 ct
638 3563 775 3617 alter
822 3559 991 3612 Filius
1019 3555 1113 3623 "",
1160 3561 1221 3606 ut
1253 3563 1528 3618 nunquam
1576 3548 1789 3600 dicatur
1841 3552 1932 3596 aut
1968 3542 2129 3596 Pater

544 3652 739 3710 Filius,
788 3655 881 3700 aut
908 3644 1074 3698 Filius
1099 3641 1291 3705 Pater;
1341 3649 1391 3692 et
1424 3640 1503 3691 sic
1550 3637 1687 3690 idem
1715 3643 1840 3688 sunt
1882 3647 1976 3700 per
2002 3634 2129 3685 sub-

547 3738 825 3800 stantiam,
855 3744 913 3789 ut
937 3746 1151 3801 semper
1171 3730 1243 3784 sit
1281 3728 1334 3781 in
1364 3726 1529 3780 Patre
1555 3723 1795 3779 essentia
1822 3722 1966 3786 Filii,
1991 3728 2045 3775 et
2074 3720 2127 3772 in

548 3832 687 3887 Filio
737 3827 972 3882 essentia
1016 3823 1215 3878 Patris.
1265 3819 1361 3874 Est
1402 3820 1547 3874 enim
1594 3830 1701 3869 non
1740 3815 1983 3879 diversa,
2034 3813 2129 3867 sed

547 3921 771 3983 eadem;
804 3932 909 3971 non
942 3915 1143 3984 plures,
1167 3912 1264 3966 sed
1288 3926 1402 3964 una
1423 3908 1706 3976 utriusque
1734 3905 1996 3960 essentia.

1043 4021 1270 4079 CAPUT
1309 4018 1467 4074 xuv
1502 4018 1631 4089 (63).

812 4109 1084 4182 Quomodo
1116 4114 1249 4166 alter
1280 4111 1497 4164 alterius
1519 4110 1586 4161 sit
1607 4106 1851 4160 essentia.

2211 1650 2318 1692 non
2341 1646 2557 1691 erratur
2578 1653 2607 1691 a
2638 1638 2896 1703 veritate;
2927 1641 3023 1695 sed
3071 1651 3280 1692 summa
3317 1638 3496 1691 unitas
3519 1638 3777 1707 simplici-

2212 1736 2403 1797 tasque
2428 1730 2837 1801 commendatur
2869 1730 3170 1785 communis
3216 1737 3437 1783 naturai.
3480 1727 3594 1783 Non
3635 1729 3780 1783 enim

2210 1820 2663 1886 quemadmodum
2704 1810 3020 1889 intelligitur
3068 1822 3331 1891 sapientia
3382 1820 3648 1895 hominis,
3688 1835 3785 1889 per

2211 1923 2372 1976 quam
2404 1910 2566 1983 homo
2597 1911 2813 1979 sapiens
2841 1918 2944 1975 est,
2967 1911 3059 1980 qui
3088 1927 3184 1980 per
3210 1926 3269 1964 se
3294 1926 3400 1965 non
3447 1920 3626 1979 potest
3666 1923 3783 1965 esse
3860 1946 3873 1954 ι

2194 2000 2280 2063 η⁵⁷⁷
2310 1988 2556 2069 sapiens;
2594 2002 2666 2055 ita
2706 2001 2932 2072 intelligi
2963 2012 3163 2072 potest,
3195 2001 3241 2055 si
3264 2002 3474 2057 dicatur
3499 2000 3663 2059 Pater
3691 2018 3783 2059 es-

2212 2096 2386 2176 sentia
2414 2098 2559 2163 Filii,
2615 2108 2670 2153 et
2700 2089 2871 2152 Filius
2896 2101 3129 2154 essentia
3156 2098 3355 2165 Patris,
3408 2108 3467 2153 ut
3516 2114 3583 2154 eo
3625 2101 3783 2157 modo

2211 2188 2282 2223 ⁸⁷⁸
2315 2189 2386 2242 sit
2412 2188 2579 2243 Filius
2605 2189 2844 2243 existens
2888 2204 2985 2258 per
3022 2199 3259 2258 patrem,
3305 2199 3360 2243 et
3387 2188 3549 2243 Pater
3572 2203 3668 2257 per
3698 2189 3783 2243 Fi-

2214 2278 2364 2342 lium,
2384 2269 2547 2347 quasi
2597 2293 2705 2333 non
2754 2278 2921 2347 possit
2960 2277 3096 2333 alter
3119 2278 3358 2332 existens
3383 2291 3535 2343 (εεεθΧ
3552 2277 3655 2331 nisi
3692 2264 3789 2346 per

2216 2367 2484 2431 alterum;
2518 2367 2659 2421 sicut
2704 2367 2865 2426 homo
2907 2382 3011 2419 non
3045 2357 3219 2434 potest
3250 2380 3371 2420 esse
3416 2366 3654 2433 sapiens,
3683 2364 3786 2417 nisi

2216 2474 2313 2528 per
2357 2460 2699 2529 sapientiam.
2752 2456 2901 2512 Sicut
2934 2446 3407 2526 natnque'summa
3436 2455 3697 2526 sapientia
3715 2453 3787 2486 "’

2218 2563 2431 2617 semper
2463 2550 2605 2617 sapit
2627 2564 2723 2618 per
2748 2562 2838 2611 se;
2872 2547 2943 2600 ita
2971 2552 3178 2600 summa
3210 2544 3444 2618 essentia
3474 2546 3688 2612 semper
3705 2527 3817 2597 est?

2220 2628 2325 2708 per.
2365 2655 2445 2694 se.
2499 2640 2601 2693 Est
2634 2617 2822 2691 autem
2875 2635 3115 2705 perfecte
3157 2633 3227 2667 ⁸⁸⁰
3277 2617 3486 2705 summa
3552 2619 3787 2687 essenta

2220 2731 2402 2797 Pater,
2451 2740 2505 2787 et
2536 2730 2773 2805 perfecte
2818 2744 3028 2783 summa
3081 2725 3311 2781 essentia
3334 2725 3533 2789 Filius;
3587 2724 3791 2793 pariter
3851 2762 3853 2764 -

2221 2839 2351 2893 ergo
2378 2822 2650 2892 perfectus
2680 2820 2840 2874 Pater
2882 2834 2975 2889 per
3002 2834 3061 2873 se
3086 2825 3186 2882 est,
3206 2825 3261 2870 et
3289 2813 3493 2886 pariter
3522 2814 3790 2886 perfectus

2222 2915 2290 2947 ⁶⁸¹
2314 2914 2483 2969 Filius
2504 2930 2601 2985 per
2627 2927 2686 2967 se
2707 2920 2810 2977 est,
2843 2913 2984 2966 sicut
3008 2919 3236 2979 uterque
3263 2908 3405 2978 sapit
3432 2922 3530 2977 per
3558 2921 3638 2962 se.
3666 2905 3783 2962 Non

2222 3007 2367 3062 enim
2394 3007 2596 3060 ideirco
2620 3005 2798 3058 minus
2819 3002 3058 3071 perfecta
3081 3010 3177 3055 test
3204 3000 3441 3055 essentia
3468 2998 3553 3069 vel
3576 3000 3787 3069 sapien-

2225 3098 2297 3150 tia
2319 3096 2507 3161 Filius,
2540 3095 2667 3164 quia
2688 3102 2771 3147 est
2796 3093 3030 3147 essentia
3070 3101 3191 3145 nata
3223 3090 3289 3144 de
3327 3090 3503 3144 Patris
3533 3088 3790 3154 essentia,

2222 3198 2275 3243 et
2303 3188 2563 3257 sapientia
2598 3187 2664 3240 de
2690 3184 2983 3253 sapientia;
3031 3183 3124 3239 sed
3172 3192 3304 3237 tunc
3342 3182 3517 3236 minus
3556 3182 3794 3250 perlecta

2223 3280 2460 3333 essentia
2485 3278 2564 3333 vel
2597 3277 2862 3347 sapientia
2890 3284 3058 3341 esset,
3093 3275 3137 3331 si
3168 3262 3273 3329 nan
3313 3285 3458 3330 esset
3488 3289 3586 3344 per
3617 3289 3674 3330 se
3700 3284 3793 3329 aut

2227 3385 2331 3424 non
2364 3379 2580 3438 saperet
2621 3383 2719 3438 per
2744 3381 2825 3420 se.
2857 3367 3205 3435 Nequaquam
3252 3366 3396 3419 enim
3429 3372 3691 3435 repugnat
3734 3378 3796 3419 ut

2227 3460 2398 3513 Filius
2446 3469 2501 3513 et
2531 3473 2626 3528 per
2668 3472 2725 3512 se
2752 3458 2823 3489 ⁸⁸⁸
2871 3445 3149 3518 subsistat,
3204 3464 3260 3509 et
3311 3457 3377 3509 de
3420 3454 3580 3533 Patre
3602 3455 3798 3510 habeat

2228 3558 2364 3605 esse.
2401 3550 2553 3604 Sicut
2580 3550 2722 3604 enim
2765 3548 2927 3602 Pater
2962 3546 3129 3627 [habet
3168 3547 3483 3613 essentiam,
3508 3557 3565 3601 et
3586 3547 3801 3615 sapien-

2231 3643 2381 3706 tiam,
2425 3651 2479 3695 et
2524 3642 2690 3695 vitam
2719 3642 2773 3695 in
2804 3640 3126 3709 semetipso;
3175 3646 3235 3692 ut
3271 3653 3375 3692 non
3424 3654 3519 3707 per
3544 3638 3798 3705 alienam,

2229 3734 2322 3790 sed
2355 3748 2449 3802 per
2478 3748 2631 3787 suam
2680 3732 2969 3785 essentiam
3006 3732 3095 3797 sit,
3145 3745 3244 3798 per
3284 3746 3441 3785 suam
3479 3730 3799 3800 sapientiam

2231 3826 2428 3894 sapiat,
2468 3839 2564 3893 per
2608 3839 2761 3878 suam
2803 3823 2968 3876 vitam
3031 3824 3203 3885 vivat;
3256 3822 3329 3874 ita
3378 3820 3667 3891 gignendo,
3707 3820 3803 3876 dat

2231 3918 2370 3973 Filio
2408 3916 2701 3994 essentiam
2757 3915 2978 3978 habere,
3024 3920 3080 3966 et
3117 3911 3434 3981 sapientiam
3462 3920 3514 3965 et
3549 3909 3712 3975 vitam
3744 3912 3800 3965 in

2233 3988 2552 4077 semetipso;
2595 4018 2654 4059 nt
2679 4022 2781 4059 non
2814 4020 2909 4073 per
2935 4012 3273 4067 extraneam,
3312 4003 3406 4057 sed
3432 3987 3582 4056 suam
3614 4014 3801 4057 εδεθη-

2239 4103 2392 4164 tiam,
2426 4099 2748 4167 sapientiam
2774 4104 2829 4148 et
2849 4096 3010 4147 vitam
3033 4094 3314 4156 subsistat,
3343 4092 3523 4160 sapiat
3545 4099 3600 4145 et
3619 4090 3799 4157 vivat;

550 4212 890 4267 Coxsrscrus
914 4219 1144 4261 caetris.
1172 4232 1243 4242 —-
1268 4201 1418 4256 Alter
1448 4198 1672 4253 alterius
1716 4193 1951 4251 essentia
1980 4202 2130 4248 recte
2160 4212 2209 4269 ι)
2236 4191 2471 4259 alioquin
2508 4204 2611 4242 non
2651 4188 2752 4240 erit
2784 4186 2925 4239 idem
2967 4199 3087 4239 esse
3112 4184 3291 4239 Patris
3320 4192 3376 4239 et
3401 4182 3540 4247 Filii,
3577 4197 3677 4237 nec
3699 4182 3809 4237 erit.

1832 4304 2066 4361 VARI/8
2104 4302 2503 4382 LECTIONES.

626 4410 964 4463 “"invcntts
990 4416 1065 4462 tot
1090 4416 1145 4461 ct
1188 4404 1373 4466 tantis,
1405 4412 1498 4455 etc.
1531 4402 1585 4453 in
1615 4416 1739 4452 mss.
1765 4398 1873 4450 hic.
1900 4397 2077 4466 ing'pit
2106 4408 2259 4465 caput
2304 4394 2522 4466 45.__sub
2562 4393 2659 4466 hoc
2687 4388 2837 4443 titulo
2865 4407 2882 4443 :
2916 4388 3425 4466 Retractatio,nctc.
3460 4398 3514 4466 πει
3568 4386 3810 4466 ξιι-ξξιεζο

556 4482 744 4550 capitis
774 4480 865 4532 η.
894 4481 945 4531 in
987 4493 1209 4532 περίεις.

556 4542 735 4607 ιηιίιριι
800 4563 1022 4604 necesse
1072 4564 1195 4599 mss.
1244 4542 1395 4601 .Tliu.
1447 4542 1491 4593 si
1548 4548 2024 4607 tamen_necesse

556 4639 677 4677 esse
744 4620 1128 4691 genitorent..._
1177 4614 1487 4691 aliudness‘e

558 4687 864 4760 Ήιμαίιιοιι
924 4691 1031 4741 duo
1089 4687 1196 4737 sint

558 4753 805 4827 idemque
858 4776 982 4811 mss.
1032 4771 1193 4808 unum
1244 4753 1494 4827 idemque

1320 4454 1559 4525 “vitium
1597 4470 1665 4521 sit
1695 4454 2034 4535 impossib—tle
2079 4454 2328 4519 sic'mss.
2400 4463 2535 4516 Vict.
2594 4460 2724 4527 Sag.
2767 4474 2887 4535 cum
2951 4459 3031 4511 sic
3080 4456 3408 4535 impossibile
3451 4457 3520 4510 sit
3615 4455 3629 4521 ‘_

2134 4535 2201 4565 ⁸⁸⁷
2260 4535 2437 4588 Alium
2499 4546 2620 4585 esse
2673 4525 3428 4598 genitorem...aliumdesse
3475 4536 3613 4598 mss:
3656 4525 3808 4580 aliud

1622 4608 1692 4636 ³⁸⁵⁸
1738 4604 1803 4657 In
1847 4620 1973 4657 mss.
2015 4606 2381 4672 continuatur]
2409 4612 2561 4672 caput
2619 4598 2932 4672 prwcedeus.

1298 4682 1366 4712 ⁶⁷⁰
1428 4677 1603 4732 Unum
1667 4685 1718 4727 et
1786 4674 1924 4727 idem
1986 4674 2156 4741 ipsum
2208 4690 2331 4726 mss.
2370 4664 2550 4737 ξϐέηι.
2588 4664 2785 4741 Ῠςὶδζεν.
2824 4678 3007 4741 unum
3072 4674 3127 4719 et
3182 4664 3233 4716 id
3285 4665 3457 4741 ipsum

1601 4747 1669 4775 ⁵⁷³
1714 4745 1971 4797 Summus
2029 4743 2249 4808 spiritus
2314 4760 2407 4794 ius.
2456 4743 2517 4795 S.

3615 4455 3688 4487 ua
3716 4454 3810 4511 Sic

3062 4597 3130 4627 "9
3172 4594 3309 4659 Quid
3358 4596 3463 4647 duo
3520 4594 3627 4649 sint
3681 4610 3810 4648 nus.

3558 4664 3626 4693 ‘“
3660 4661 3815 4717 Until

2577 4739 2737 4791 Illic/1.
2796 4740 2941 4789 omit.
3009 4749 3249 4788 summus
3357 4734 3427 4764 ⁸⁷³
3486 4732 3639 4786 Sicut
3682 4741 3815 4788 sunt

558 4802 1494 4884 alt—eruiss.
1530 4818 1607 4871 sic
1636 4827 1758 4867 sunt
1798 4822 1988 4884 natura
2022 4802 2403 4884 concordes‘ut
2434 4811 2570 4884 alter
2618 4824 2714 4860 ms.
2742 4805 2928 4884 (aster.
2963 4807 3107 4884 omit.
3132 4812 3299 4883 sunt.
3342 4804 3412 4834 ⁵⁷⁸
3444 4802 3652 4881 Intnsa.
3685 4816 3814 4884 eqvi.

559 4903 798 4952 linuntur
824 4898 988 4964 Cupttt
1017 4897 1331 4964 pra'cerlcns.

558 4971 739 5034 incipit
778 4967 942 5032 Caput
974 4967 1055 5017 Ην.

560 5055 658 5110 per
688 5054 747 5089 sc
774 5053 899 5110 mss.
934 5051 1109 5110 νυν-δυ
1143 5048 1257 5109 uult
1273 5038 1449 5096 potest
1478 5042 1596 5081 esse

1088 4980 1202 5015 cum
1235 4978 1292 5013 eo
1326 4958 1474 5010 titulo
1504 4973 1522 5009 :
1548 4955 1829 5020 Quomodo
1854 4950 2008 5014 alter,
2032 4962 2129 5002 etc.
2158 4961 2213 5002 ut
2250 4952 2303 5001 in
2345 4946 2496 5000 titulo
2520 4947 2718 5016 Capitis
2749 4946 2818 4999 45
2852 4946 2903 5020 in
2934 4946 3156 5020 excusis.

1671 5024 1742 5054 ⁸⁷⁸
1780 5022 1846 5077 Ut
1868 5036 1932 5074 eo
1966 5008 2125 5073 modo
2152 5036 2273 5071 mss.
2303 5019 2433 5070 'l'ltn.
2461 5029 2516 5070 ut
2546 5008 2735 5070 eodem
2766 5018 2920 5066 tundo
2995 5010 3065 5043 “’9
3091 5012 3333 5074 Namque
3363 5026 3572 5064 summa
3600 5008 3816 5076 sapien-

1410 4869 1478 4918 δτδ
1513 4869 1578 4939 Et
1608 4886 1766 4937 aliter
1796 4882 1936 4935 illius
1964 4899 2089 4934 mss.
2136 4880 2264 4933 Vict.
2301 4880 2428 4947 Sag.
2464 4882 2610 4931 omit.
2637 4887 2691 4928 et
2762 4876 2833 4947 ἐπ’
2858 4875 3030 4947 iUude
3072 4873 3301 4947 etiamsi
3332 4884 3429 4947 etc.
3457 4871 3511 4923 in
3541 4873 3684 4924 miss.
3723 4869 3810 4923 hic
3880 4930 3881 4935 η

3235 4941 3301 4971 ⁸⁷⁷
3336 4942 3445 4993 Non
3481 4950 3659 5008 potest
3689 4954 3813 4993 esse

520 5114 523 5115 ⁷
1143 5080 1326 5153 Ioniit't.
1356 5080 1565 5151 summa
1638 5095 1706 5125 ⁸¹¹⁹
1754 5094 1847 5146 Est
1878 5099 2055 5162 autem
2087 5089 2323 5156 perfecte
2357 5106 2464 5162 ius.
2506 5086 2637 5138 Vict.
2676 5085 2728 5137 ’5.
2759 5086 2901 5136 omit.
2935 5085 3172 5162 perfecte
3247 5082 3409 5162 ⁵ξξξιιὶι
3440 5080 3644 5162 pariter
3686 5092 3814 5144 per-

562 5149 1385 5237 i’liltur.
1424 5167 1571 5219 omit.
1606 5166 1810 5235 pariter
1882 5162 1951 5191 ⁵⁸³
1993 5149 2274 5228 ltepnguat
2305 5169 2361 5210 ut
2396 5158 2533 5210 Illius
2565 5170 2661 5225 per
2690 5170 2747 5208 se
2776 5170 2898 5206 mss.
2925 5152 3078 5245 .l'ict.
3108 5154 3234 5221 Sag.
3273 5149 3405 5203 'l‘lm.
3440 5149 3626 5203 (Δίδιον.
3652 5161 3814 5218 repu-

2034 5297 2259 5354 NOTAE.

562 5257 734 5316 gnant
758 5254 816 5297 ut
847 5244 987 5295 lilius
1010 5252 1061 5294 et
1089 5256 1182 5308 per
1203 5254 1263 5293 se

636 5386 748 5453 (Gl)
786 5384 932 5439 Alias
958 5382 1043 5435 hic
1074 5379 1264 5453 incipit
1290 5372 1408 5447 cap.
1597 5393 1601 5396 ’

637 5448 748 5526 (69.)
790 5456 937 5508 Alias
960 5454 1044 5506 hic
1072 5451 1251 5519 incipit
1280 5466 1395 5517 cap.
1426 5448 1515 5500 45.

2318 5368 2428 5439 (63)
2470 5365 2615 5419 Alias
2638 5373 2716 5419 est
2743 5378 2864 5432 pars
2896 5376 3010 5431 cap.
3049 5359 3132 5412 45.
