4226 6190
389 201 489 262 197

1772 199 2251 260 MONOLOGIUM.
2276 167 2279 171 ⁴

3549 213 3640 272 ωδ

389 339 488 393 par
520 304 669 378 Pairi
722 318 886 375 Filius
917 337 931 375 :
960 322 1103 391 quod
1142 334 1302 390 quam
1352 318 1545 373 falsum
1590 317 1659 349 ⁵⁸³
1707 318 1775 372 sit
1806 319 1960 387 liqni-
1990 323 2032 377 Α
2063 318 2229 372 Filius
2257 318 2430 372 Patris
2474 320 2763 373 essentiam
2795 334 2954 388 quam
3005 321 3165 375 Pater
3216 322 3357 387 Filii,
3405 324 3475 379 ita
3504 322 3649 380 con;

388 413 611 467 dissime
646 413 894 481 superius
924 414 1193 482 pervisum
1224 410 1536 476 est.‘Qnare
1557 424 1663 463 non
1696 420 1963 480 repugnat

374 500 588 556 Filium
614 511 673 555 et
696 501 991 555 subsistere
1020 516 1117 570 per
1138 515 1217 564 se,
1254 509 1309 554 et
1350 515 1470 555 esse
1502 501 1565 554 de
1597 498 1788 562 Patre;
1839 499 1966 567 quia

391 591 492 644 hoc
521 592 715 659 ipsum,
756 592 809 645 id
839 600 943 655 est,
994 606 1090 659 per
1126 606 1185 647 se
1230 607 1400 660 ipsum
1447 606 1602 659 posse
1649 591 1965 656 subsistere,

392 698 613 737 neresse
640 693 723 738 est
754 683 902 736 illum
934 684 999 737 de
1028 683 1187 736 Patre
1220 664 1420 737 habere
1444 682 1549 735 σει,
1572 680 1704 735 Nam
1752 682 1795 735 si
1845 683 1966 749 quis

392 773 608 839 sapiens
631 787 783 825 suam
814 787 901 826 me
935 773 1005 825 '9'
1032 772 1377 841 sapientiam,
1410 772 1561 847 cujus
1589 771 1739 840 prius
1772 786 1967 840 expers

391 875 590 926 essem,
619 861 863 925 doceret,
900 863 1087 932 utique
1121 864 1219 918 hoc
1271 864 1387 933 ipsa
1430 862 1501 894 ⁵⁸⁸
1530 863 1796 932 sapientia
1847 861 1963 931 ejus
2014 918 2019 921 .

388 951 570 1006 facere
617 966 720 1005 non
752 952 1044 1023 incongrue
1070 955 1362 1027 diceretur,
1407 956 1502 1010 sed
1540 958 1789 1025 quamvis
1840 972 1958 1011 mea

390 1042 661 1109 sapientia
686 1044 753 1098 ab
784 1044 926 1098 illius
947 1046 1212 1113 sapientia
1236 1047 1460 1101 haberet
1492 1038 1619 1101 esse
1646 1058 1701 1101 et
1734 1062 1961 1117 sapere;

392 1142 571 1185 tamen
597 1148 717 1187 cum
742 1133 858 1202 jam
886 1144 1048 1197 esset,
1078 1136 1290 1190 nonnisi
1316 1152 1409 1191 sua
1439 1137 1673 1191 essentia
1707 1148 1851 1192 esset
1874 1138 1963 1202 ⁸⁸⁷,

388 1239 490 1279 nec
548 1236 764 1295 saperet
814 1227 917 1281 nisi
974 1228 1149 1297 seipsa
1212 1229 1305 1282 'I“.
1368 1228 1531 1283 Multo
1574 1229 1738 1298 igitur
1792 1231 1966 1301 magis

329 1358 342 1377 ,
389 1316 575 1368 teterni
604 1314 779 1370 Patris
810 1326 1108 1370 coaeternus
1129 1317 1318 1381 Filius,
1348 1318 1544 1387 quisic
1570 1316 1734 1373 habet
1752 1334 1781 1372 a
1808 1318 1968 1374 Patre

389 1419 529 1469 esse,
568 1416 625 1458 ut
651 1422 755 1460 non
790 1407 897 1461 sint
920 1407 1037 1461 dua:
1063 1410 1333 1475 essentiae,
1366 1425 1461 1479 per
1502 1424 1559 1464 se
1586 1410 1850 1473 subsistit,
1876 1424 1967 1465 sa-

389 1496 467 1564 pit
492 1506 546 1549 et
568 1495 720 1550 vivit.
748 1495 862 1550 Non
894 1498 1058 1565 igitur
1079 1499 1158 1553 sic
1180 1499 1401 1569 intelligi
1430 1511 1603 1570 poteSt
1624 1502 1767 1569 quod
1801 1500 1965 1554 Pater

388 1582 534 1651 Filii,
582 1594 675 1639 aut
719 1585 886 1641 Filius
910 1586 1088 1641 Patris
1116 1586 1189 1642 sit
1213 1588 1478 1653 essentia;
1514 1589 1667 1657 quasi
1690 1588 1826 1642 alter
1855 1602 1961 1644 non

387 1677 563 1745 possit
590 1677 883 1732 subsistere
934 1692 1031 1755 per
1072 1692 1130 1732 se
1181 1678 1273 1733 sed
1320 1694 1416 1748 per
1461 1679 1726 1743 alterum;
1772 1679 1865 1734 sed
1895 1679 1960 1733 ad
1993 1659 2040 1719 Β

389 1767 799 1836 signiﬁcandum
820 1767 891 1800 ⁸⁸⁹
912 1784 1071 1836 quam
1094 1769 1292 1823 habent
1312 1770 1741 1824 eommunionetn
1756 1784 1967 1824 summe

388 1857 670 1927 simplicis,
723 1875 1043 1931 summeque
1095 1861 1255 1914 unius
1298 1860 1569 1922 essentia).
1623 1860 1700 1914 sie
1729 1876 1966 1930 congrue

388 1947 460 1979 "°
491 1948 595 2002 dici
627 1956 681 2003 et
715 1949 1147 2019 intelligi'potest
1201 1951 1326 2019 quia
1372 1950 1451 2005 sic
1481 1959 1564 2004 est
1600 1950 1669 1981 ⁸⁹¹
1705 1949 1840 2006 alter
1885 1950 1968 2005 id-

387 2038 565 2106 ipsum
605 2040 746 2108 quod
785 2040 940 2103 alter,
974 2037 1034 2094 ut
1072 2040 1209 2095 alter
1247 2041 1445 2095 habeat
1502 2032 1795 2097 essentiam
1831 2043 1965 2099 alte-
2016 2084 2021 2091 .

388 2129 523 2183 rius.
556 2127 666 2183 llae
698 2129 882 2199 itaque
910 2132 1138 2197 ratione,
1173 2133 1430 2202 quoniam
1477 2134 1661 2201 utique
1689 2148 1793 2186 non
1820 2131 1962 2187 aliud

385 2228 470 2270 est
515 2217 714 2272 habere
760 2218 1073 2283 essentiam,
1105 2218 1269 2288 quani
1319 2220 1609 2273 essentiam
1658 2220 1766 2289 20
1792 2235 1959 2274 esse:

385 2306 737 2363 sicnt'babet
779 2308 917 2363 alter
962 2308 1186 2363 alterius
1230 2304 1553 2375 essentiam,
1591 2309 1663 2364 ita
1716 2320 1800 2363 est
1825 2310 1963 2364 alter

383 2396 611 2452 alterius
663 2398 922 2465 essentia,
955 2399 1010 2453 id
1037 2408 1140 2465 est,
1173 2398 1312 2453 idem
1343 2414 1463 2454 esse
1490 2406 1571 2456 est
1603 2399 1777 2465 alteri,
1818 2400 1961 2469 quod

382 2484 561 2542 alteri.

716 2619 943 2677 CAPUT
982 2620 1118 2675 xev
1143 2586 1241 2693 [αι.
1300 2619 1487 2691 xm]
1517 2622 1611 2674 ω.

384 2730 538 2814 Quod
561 2733 731 2801 aptius
773 2734 879 2814 dici
905 2734 1066 2814 possit
1108 2733 1277 2787 Filius
1312 2734 1537 2814 essentia.
1571 2730 1959 2814 Patris,_qunm

455 2800 615 2873 Pater
655 2804 877 2873 essentia
905 2800 1073 2857 Filii:
1112 2815 1158 2855 et
1204 2805 1340 2873 quod
1380 2802 1619 2873 similiter
1659 2805 1725 2855 sit
1777 2800 1958 2857 Filius

455 2871 633 2925 Patris
658 2868 839 2935 vi‘r'tus,
870 2882 917 2924 et
948 2868 1226 2941 sapientia,
1255 2884 1301 2925 et
1334 2872 1550 2926 similia.

2068 409 2372 464 venientius
2402 409 2503 463 dici
2544 418 2719 478 potest
2772 409 2937 464 Filius
2987 411 3159 466 Patris
3208 414 3439 467 essentia
3480 432 3640 486 quam

2069 501 2228 556 Pater
2277 501 2421 555 Filii.
2476 500 2607 554 Nam
2660 502 2930 563 lucentia
2970 502 3013 554 si
3063 502 3153 556 liat
3202 504 3455 573 prolatio,
3511 510 3643 563 satis

2067 605 2221 648 acuta
2250 594 2514 649 brevitate
2546 595 2891 649 commendat
2922 594 3111 647 Filium
3143 610 3245 649 non
3279 597 3452 652 solum
3494 613 3644 652 cani-

2069 684 2191 749 dein
2227 674 2527 739 essentiam
2572 686 2771 740 habere
2820 700 2941 737 cum
2975 683 3155 747 Patre,
3186 688 3276 740 sed
3307 688 3442 743 hanc
3471 689 3643 758 ipsam

2068 775 2283 830 habere:
2298 774 2363 827 de
2397 774 2594 828 Patre:
2628 785 2685 828 ut
2721 776 2824 829 hoc
2853 774 2925 826 sit
2955 774 3046 837 ⁵⁸⁵,
3081 773 3247 827 Filius
3276 784 3358 828 est
3403 778 3641 833 essentia

2066 862 2263 929 Patris,
2297 865 2438 935 quod
2467 876 2570 931 est,
2604 863 2770 919 Filius
2798 875 2879 919 est
2909 881 3014 919 non
3038 864 3292 920 tlili‘erens
3314 869 3545 922 essentia
3574 872 3641 923 de

2066 954 2242 1010 Patris
2262 956 2520 1021 essentia,
2559 956 2668 1009 imo
2698 955 2765 1009 de
2796 956 2952 1009 Patre
2982 957 3213 1011 essentia
3254 958 3345 1010 ⁵⁸⁸.
3378 957 3640 1012 Similiter

2067 1058 2195 1115 ergo
2240 1054 2323 1097 est
2373 1044 2539 1098 Filius
2585 1042 2766 1097 Patris
2798 1045 2990 1109 virtus,
3035 1054 3088 1097 et
3118 1030 3412 1115 sapientia,
3447 1063 3541 1105 seu
3572 1048 3641 1079 "7

2010 1146 2013 1147 '
2054 1138 2269 1209 ,veritas
2298 1143 2348 1190 et
2373 1132 2615 1202 jnstitia;
2645 1145 2699 1189 et
2722 1134 2987 1205 quidquid
3019 1138 3214 1190 summi
3253 1138 3486 1206 Spiritus
3512 1153 3640 1194 con-

2067 1226 2214 1281 venit
2241 1226 2497 1283 essentia:

2416 1310 2643 1370 CAPUT
2686 1315 2839 1371 XLVI
2864 1317 2959 1389 [αΙ.
3009 1316 3170 1389 XLV]
3202 1318 3293 1372 '9'.

2069 1406 2343 1473 Quomodo
2372 1411 2615 1479 qmrdam
2644 1424 2707 1461 ex
2734 1410 2813 1461 liis
2838 1426 2957 1478 qua:
2998 1412 3073 1461 sic
3105 1410 3468 1477 proferuntur,
3490 1412 3645 1466 aliter

2490 1493 2696 1550 quoque
2728 1481 2927 1549 possint
2970 1479 3209 1548 intelligi.

2068 1570 2408 1627 Coxsrsc'rus
2448 1586 2673 1626 ωριτες.
2706 1598 2774 1611 —-
2806 1568 2979 1625 Filius
3006 1571 3110 1625 dici
3155 1571 3316 1623 etiam
3363 1580 3535 1639 potest
3564 1574 3647 1628 in-

2144 1641 2430 1709 telligentia
2458 1650 2514 1694 et
2539 1639 2830 1709 sapientia,
2853 1640 3076 1699 scientia
3102 1650 3156 1694 et
3177 1642 3411 1705 cognitio
3434 1642 3639 1708 Patris;

2136 1708 2269 1779 quia
2284 1710 2547 1779 intelligit,
2572 1708 2671 1779 scit
2692 1718 2745 1763 et
2768 1709 2916 1763 novit
2936 1708 3106 1777 ipsam
3123 1709 3301 1764 Patris
3322 1713 3641 1768 essentiam.

2139 1780 2353 1836 Veritas
2400 1778 2565 1833 etiam
2602 1778 2783 1851 Patris
2816 1794 2880 1851 eo
2931 1794 3089 1851 sensu
3138 1780 3239 1833 dici
3288 1790 3467 1847 potes.
3514 1783 3644 1851 quia

2138 1866 2255 1919 non
2289 1859 2373 1903 est
2424 1848 2734 1919 imperfecta
2772 1848 3020 1911 imitatio,
3058 1851 3152 1901 sed
3187 1850 3391 1919 integra
3440 1848 3643 1904 veritas

2036 1954 2040 1958 -
2134 1928 2193 1974 et
2243 1918 2355 1987 ipsa
2404 1918 2637 1973 essentia
2666 1928 2910 1987 paterna:
2952 1918 3391 1983 substantiae,'et
3426 1937 3530 1975 non
3558 1930 3645 1975 est

2137 1987 2281 2043 aliud
2315 1992 2474 2059 quam
2504 1988 2647 2057 quod
2681 1997 2763 2042 est
2791 1987 2973 2041 Pater.
3342 2008 3348 2023 ν
3452 2024 3458 2057 .

2137 2080 2403 2135 Videntur
2441 2089 2617 2135 tamen
2647 2079 2717 2112 δ”
2747 2078 3016 2148 quasdam,
3047 2094 3110 2132 ex
3137 2080 3220 2133 his
3247 2095 3366 2148 qua:
3394 2081 3474 2137 sic
3503 2096 3635 2151 pro-

2067 2172 2194 2226 ferri
2223 2180 2277 2224 et
2308 2170 2527 2239 intelligi
2587 2180 2832 2239 possunt,
2868 2169 3031 2223 aliam
3059 2185 3272 2241 quoque
3320 2188 3423 2225 non
3450 2173 3642 2230 incon-

2066 2276 2254 2332 gruam
2286 2262 2386 2316 sub
2416 2260 2519 2315 hac
2570 2261 2685 2330 ipsa
2736 2262 3178 2330 pronuntiatione
3228 2262 3640 2332 intelligentiam

2064 2353 2359 2421 suscipere.
2391 2350 2587 2422 Liquet
2617 2352 2761 2407 enim
2791 2352 2984 2407 Filium
3004 2366 3124 2407 esse
3151 2368 3337 2408 verum
3373 2355 3629 2419 Verbum.
3718 2368 3719 2371 ‘

2064 2445 2118 2500 id
2154 2453 2239 2499 est
2294 2443 2588 2513 perfectam
2630 2444 3066 2514 intelligentiam,
3096 2446 3211 2501 sive
3241 2447 3533 2517 perfectam
3560 2461 3641 2505 tos

2054 2533 2172 2590 tius
2192 2542 2430 2604 paternre
2458 2531 2773 2590 substantia:
2815 2537 3199 2607 cognitionem,
3247 2548 3300 2592 et
3329 2540 3636 2606 scientiam,

2065 2635 2118 2682 et
2153 2626 2490 2697 sapientiam,
2542 2626 2595 2681 id
2641 2637 2746 2693 est,
2795 2643 2925 2698 qua!
2966 2629 3136 2697 ipsam
3166 2628 3349 2685 Patris
3392 2632 3642 2703 intelligit

2062 2716 2382 2782 essentiam,
2435 2722 2492 2769 et
2520 2716 2819 2785 cognoscit,
2860 2725 2914 2771 et
2958 2704 3080 2783 scit,
3114 2727 3168 2771 et
3197 2718 3357 2788 sapit.
3388 2720 3445 2774 Si
3479 2721 3642 2791 igitur

2061 2805 2169 2860 boc
2202 2818 2362 2860 sensu
2391 2805 2605 2860 dicatur
2634 2806 2675 2859 F
2680 2805 2804 2883 ilius
2836 2805 3012 2862 Patris
3040 2790 3433 2879 intelligentia,
3465 2790 3521 2866 et
3550 2827 3639 2866 sa-

2062 2896 2288 2965 pientia,
2329 2904 2385 2948 et
2414 2890 2661 2961 scientia,
2694 2904 2749 2950 et
2789 2898 3053 2965 cognitio,
3078 2897 3193 2952 sive
3241 2900 3469 2966 notitia;
3498 2915 3638 2969 quo-

381 2982 725 3059 Consescrus
743 2998 968 3059 caetris.
997 3015 1067 3059 τ-
1092 2980 1257 3057 Magis
1284 2994 1460 3059 tamen
1488 2985 1736 3059 congruit
1759 2986 1953 3059 Filium
1982 2988 2024 3046 (Ζ
2059 2984 2206 3038 niam
2235 2983 2508 3054 intelligit,
2540 2986 2699 3055 sapit,
2733 2986 2838 3041 scit
2865 2996 2921 3040 et
2958 2988 3105 3040 novit
3135 2986 3371 3052 Patrem,
3424 3005 3638 3059 nequa-

453 3055 559 3110 dici
584 3057 871 3110 essentiam
897 3055 1090 3118 Patris,
1118 3054 1279 3123 quam
1300 3054 1512 3110 Patrem
1541 3056 1643 3110 dici
1666 3058 1953 3111 essentiam

451 3124 614 3178 Filii:
643 3141 763 3178 eum
795 3126 937 3178 enim
971 3124 1137 3179 Filius
1166 3125 1360 3178 haheat
1387 3126 1677 3180 essentiam
1711 3142 1739 3179 a
1772 3126 1953 3189 Patre,

452 3193 561 3249 dici
607 3203 780 3263 potest
809 3196 1009 3264 habere
1050 3195 1339 3264 essentiam
1389 3193 1585 3259 Patris,
1635 3204 1689 3264 et
1735 3196 1957 3264 proinde

453 3278 575 3317 esse
608 3260 846 3317 essentia
873 3262 1069 3318 Patris.
1103 3262 1194 3317 Sic
1228 3260 1395 3318 Filius
1419 3264 1617 3317 dicitur
1646 3260 1819 3317 Pat'ris
1848 3265 1955 3316 \‘ir-

454 3333 870 3455 tttﬁkf'apientia.
889 3331 1496 3401 veritas.justitia,etc.,
1516 3334 1642 3402 quia
1657 3333 1770 3387 hate
1793 3333 1955 3387 habet

454 3416 482 3453 a
550 3419 580 3455 εί
633 3417 684 3455 e.

451 3416 482 3453 a
504 3413 684 3456 l’iill‘e.

451 3489 604 3555 Quod
628 3489 753 3544 licet
777 3490 1073 3551 secundum
1114 3498 1450 3560 perspectam
1482 3490 1745 3545 rationem
1768 3504 1954 3546 verum

376 3581 474 3639 sit,
502 3578 657 3633 valde
699 3589 877 3634 tamen
910 3582 1082 3648 magis
1106 3582 1353 3647 congruit
1394 3580 1587 3635 Filium
1619 3581 1723 3634 diei
1766 3595 1953 3635 essen-

380 3668 512 3720 tiam
542 3665 738 3731 Patris,
757 3683 917 3737 quam
957 3668 1175 3722 Patrem
1203 3669 1494 3723 essentiam
1524 3667 1668 3735 Filii,
1698 3670 1951 3743 quoniam

377 3773 617 3829 namque
665 3759 827 3813 Pater
869 3773 899 3812 a
947 3759 1095 3815 nullo
1140 3760 1303 3815 habet
1332 3758 1619 3814 essentiam
1653 3758 1756 3813 nisi
1808 3775 1839 3813 a
1870 3775 1955 3815 se-

375 3848 520 3917 ipso,
565 3860 671 3901 non
723 3848 857 3903 satis
902 3858 1027 3917 apte
1061 3848 1259 3911 dicitur
1288 3848 1489 3902 habere
1535 3847 1827 3901 essentiam
1856 3848 1955 3901 ali-

375 3938 535 4009 cujus
574 3939 679 3993 nisi
722 3954 907 4004 suatn;
938 3939 1062 4007 quia
1109 3953 1237 3993 vero
1265 3938 1433 3993 Filius
1478 3937 1768 3992 essentiam
1797 3954 1951 3993 suam

374 4030 541 4084 habet
566 4045 596 4084 a
622 4022 805 4094 Patre,
830 4038 888 4084 et
913 4031 1157 4101 eamdem
1188 4044 1349 4099 quam
1368 4028 1531 4083 habet
1554 4028 1626 4059 ⁸⁹³
1653 4027 1835 4094 Pater,
1858 4045 1954 4098 ap-

377 4119 589 4174 tissime
615 4120 719 4174 dici
747 4128 927 4189 potest
964 4120 1165 4173 habere
1207 4120 1498 4174 essentiam
1541 4116 1740 4172 Patris.
1772 4118 1952 4185 Quare

372 4210 630 4280 quoniam
679 4218 871 4265 neuter
909 4209 981 4253 m.
1022 4210 1180 4264 aliter
1224 4208 1387 4265 habet
1423 4209 1735 4270 essentiam,
1786 4224 1948 4278 quam

2055 3092 2219 3147 quam
2263 3092 2293 3129 a
2324 3079 2554 3133 veritate
2599 3078 2917 3133 disceditur.
2952 3078 3169 3133 Veritas
3198 3094 3413 3148 quoque
3443 3080 3639 3135 'Patris

2056 3169 2333 3238 aptissime
2364 3168 2467 3223 diei
2520 3177 2699 3238 potest
2748 3167 3078 3235 I-‘ilius,nou
3130 3170 3300 3225 solum
3346 3184 3412 3224 eo
3445 3185 3633 3238 sensu,

2054 3262 2181 3329 quia
2211 3269 2295 3314 est
2321 3261 2507 3314 eadem
2541 3257 2665 3314 Filii
2694 3261 2894 3315 veritas
2921 3274 3040 3329 quas
3066 3268 3151 3315 est
3178 3269 3235 3314 et
3264 3259 3440 3313 Patsz
3458 3300 3473 3325 ,
3496 3261 3636 3315 sicut

2050 3348 2162 3419 iam
2220 3358 2562 3420 perspectqu
2620 3360 2731 3417 est;
2798 3353 2890 3405 sed
2942 3352 3107 3405 etiam
3161 3351 3262 3405 hoc
3309 3365 3511 3405 sensu.
3577 3362 3639 3405 ut

2056 3440 2110 3493 in
2138 3454 2203 3495 eo
2240 3437 2570 3508 intelligatur
2608 3455 2714 3495 non
2757 3440 3075 3508 imperfecta
3101 3439 3345 3509 quaedam
3376 3440 3632 3504 imitatio,

2055 3530 2150 3584 sed
2182 3529 2390 3598 integra
2417 3530 2617 3585 veritas
2646 3530 3239 3598 paternasubstantiw,
3270 3530 3399 3598 qu'a
3422 3538 3637 3583 nonest

2055 3620 2199 3675 aliud
2226 3635 2388 3690 quam
2428 3619 2569 3690 quod
2600 3627 2684 3675 est
2708 3618 2889 3675 Pater.

2524 3727 2755 3784 CAPUT
2794 3725 2976 3781 XLVII
3004 3726 3138 3797 (at).

2056 3840 2209 3909 Quod
2257 3840 2428 3896 Filius
2474 3843 2537 3896 sit
2567 3842 2923 3922 intelligentia.
2948 3839 3305 3909 intelligentia:
3334 3849 3382 3892 et
3427 3838 3629 3895 l’eritus

2717 3921 2969 3964 veritatis.

2056 4004 2403 4059 Consrecrus
2425 4018 2651 4057 ωριτες.
2679 4031 2749 4053 -—.-
2789 4000 2844 4054 ld
2874 4009 3043 4070 patet,
3067 4000 3192 4068 quia
3228 3998 3397 4053 Filius
3426 4009 3513 4054 est
3548 4002 3631 4054 in-
3660 4026 3663 4029 -

2126 4074 2442 4141 telligentia,
2494 4082 2548 4125 et
2594 4072 2843 4134 scientia,
2894 4079 2951 4141 et
2999 4070 3388 4141 sapietttinLCt
3433 4072 3632 4124 veritas

2123 4138 2363 4211 pateiane
2394 4143 2731 4211 substantiae,
2760 4156 2878 4209 qua:
2909 4139 3020 4211 ipsa
3054 4148 3138 4192 est
3166 4138 3535 4209 intelligentia,
3569 4149 3626 4193 et

2126 4208 2377 4276 scientia,
2403 4208 2767 4279 et'sapientia,
2780 4208 2846 4263 et
2873 4208 3094 4263 veritas.

371 4300 660 4355 existendo
703 4299 975 4366 essentia;
1008 4300 1152 4356 sicut
1176 4300 1354 4369 aptius
1396 4289 1717 4353 iniellivitur
1748 4299 1947 4354 habere
1980 4314 2029 4373 ι)
2066 4370 2071 4374 ν
2124 4298 2195 4353 At
2240 4299 2285 4353 si
2318 4301 2431 4375 ipsa
2476 4297 2777 4354 substantia
2809 4296 2879 4328 “°
2909 4295 3087 4351 Patris
3117 4305 3199 4351 est
3250 4294 3626 4367 intelligentia,

1673 4409 1907 4465 vanum
1938 4410 2318 4466 LECTIONES
3444 4396 3447 4403 ’

446 4528 520 4561 ⁸⁸³
573 4526 834 4596 Quodque
894 4543 1089 4582 salsum
1149 4543 1276 4581 mss.
1332 4528 1475 4597 quod
1531 4540 1692 4595 quam
1749 4524 1942 4579 falsum

370 4599 506 4654 bere
609 4598 680 4630 ⁸⁸⁸
718 4598 882 4652 Suam
931 4613 1015 4650 me
1070 4598 1266 4651 habere
1292 4613 1406 4654 san.
1442 4613 1567 4649 mss.
1606 4606 1939 4654 excepturus.

447 4613 506 4653 re

609 4598 680 4630 ⁸⁸⁸
718 4593 882 4677 Suam
931 4598 1266 4677 m_e_ltabere
1292 4593 1413 4677 sap.
1442 4593 1567 4649 uias.
1606 4606 1815 4663 excepto
1840 4595 2031 4675 uisas.
2066 4593 2231 4675 Micli.
2269 4593 2412 4675 omit.
2479 4596 2679 4649 habere

2084 4525 2155 4594 Ψ
2210 4525 2284 4578 De
2342 4534 2495 4594 patre
2554 4524 2756 4579 habere
2820 4539 2947 4578 mss.
3003 4523 3249 4594 Thraex
3310 4535 3465 4594 pa.re
3528 4522 3626 4575 ha-

2785 4594 2855 4626 m
2909 4594 3101 4662 Utique
3141 4593 3281 4662 inec
3322 4592 3437 4660 ipsa
3498 4608 3625 4645 mss.

372 4670 563 4737 utique
593 4668 696 4721 hoc
737 4668 850 4736 ipsa
923 4668 992 4702 ⁸⁸⁷
1026 4666 1227 4722 Tamen
1254 4659 1507 4734 cuuijam
1533 4683 1639 4720 non
1663 4659 1828 4727 esSet,
1858 4665 1963 4737 nisi
1991 4678 2087 4717 sua
2115 4667 2387 4737 sapientia
2412 4674 2555 4718 esset
2594 4681 2718 4718 mss.
2747 4674 2956 4737 excepto
2984 4659 3097 4737 ms.
3127 4659 3184 4715 S.
3232 4660 3394 4713 Micli.
3441 4668 3622 4737 tamen

370 4727 499 4791 cuni
524 4736 637 4803 jam
667 4727 835 4801 esset,
862 4751 967 4790 non
998 4737 1099 4790 nisi
1128 4751 1224 4789 sua
1256 4727 1493 4790 essentia
1525 4744 1667 4790 esset
1696 4750 1818 4787 mss.
1856 4732 1994 4786 Tlm.
2025 4727 2203 4787 tamen
2228 4749 2348 4787 cum
2372 4735 2480 4802 jam
2512 4742 2679 4796 esset,
2709 4751 2803 4787 sua
2830 4727 3094 4803 sapientia
3119 4742 3263 4803 esset
3282 4744 3406 4783 mss.
3434 4727 3625 4785 Cister.

374 4801 556 4860 tamen
588 4822 709 4859 cum
733 4807 843 4872 jam
878 4816 1047 4869 esset,
1075 4820 1179 4858 non
1208 4805 1309 4859 nisi
1340 4805 1393 4858 in
1437 4820 1531 4859 sua
1577 4806 1812 4858 essentia
1846 4808 2016 4855 eSset.
2094 4802 2165 4833 ⁵⁸⁸
2195 4804 2304 4857 Nec
2334 4812 2550 4870 separet
2580 4804 2681 4856 nisi
2717 4801 2907 4873 seipsa
2928 4819 3023 4855 ms.
3057 4801 3256 4854 Cister.
3288 4812 3627 4873 nee‘separet

371 4877 477 4930 nisi
508 4874 560 4926 in
584 4868 781 4953 se_ipsa
828 4875 925 4953 Α⁸⁸⁹
952 4868 1600 4953 Addesignandumﬂmss.
1633 4874 2145 4953 aii-signiﬁcandam
2221 4874 2291 4904 ⁸⁹⁰
2338 4868 2668 4953 δξξςοιιδξμεξ,
2693 4868 2819 4926 mss.
2847 4874 2926 4953 sic
2956 4885 3195 4953 congrue
3266 4869 3332 4904 ⁸⁹¹
3365 4868 3628 4953 Quod_sic

370 4955 457 4999 est
490 4961 615 4998 uisa.
648 4936 781 4997 Vict.
822 4942 947 5014 Sag.
994 4946 1119 5013 quia
1152 4936 1229 4997 sic
1257 4953 1340 4997 est
1413 4944 1483 4973 ⁸³⁸
1529 4944 1659 5014 βίῳ.
1694 4936 1803 5014 liv
1819 4953 1892 4993 est
1930 4944 2142 5014 inmss.
2173 4953 2325 5008 caput
2632 4944 2700 5014 Ιεζιν
2723 4944 2946 4995 eandem
2980 4936 3140 5014 habet
3164 4955 3287 5014 mss.
3314 4936 3621 5014 et_e_:t_tidetit

370 5018 533 5084 qd'am
564 5013 724 5084 habet
800 5014 869 5044 ⁸⁸³
895 5006 1166 5079 Quoniam
1198 5024 1388 5068 neuter
1408 5028 1532 5065 mss.
1566 5006 2105 5084 '1'ltu._30.quoniam
2134 5006 2385 5084 neutrum
2460 5012 2528 5084 f”
2562 5011 2629 5065 Ut
2655 5013 2739 5065 hic
2766 5014 2835 5084 sit
2857 5027 2979 5084 mss.
3008 5020 3064 5084 ut
3093 5010 3192 5061 hoc
3221 5008 3290 5061 sit
3311 5076 3345 5084 ﬂ
3364 5006 3433 5037 ⁸³⁸
3455 5007 3625 5084 latino

372 5074 439 5137 sic
461 5082 632 5152 patris
653 5083 883 5137 essentia
913 5074 1039 5135 mss.
1068 5084 1230 5135 immo
1254 5089 1320 5136 dc
1350 5093 1502 5151 patre
1524 5082 1757 5152 essentia
1776 5150 1797 5152 μ
1833 5074 1899 5112 ⁸³⁵⁷
1932 5079 2111 5152 Patris
2140 5081 2601 5152 essentia,_\_'irtus
2636 5091 2690 5152 et
2715 5081 2977 5148 sapientia
3010 5081 3123 5131 site
3154 5095 3277 5129 mss.
3302 5076 3447 5152 lieni.
3489 5074 3622 5128 Vict.

371 5146 500 5222 Sag}.
523 5152 700 5206 Patris
730 5153 898 5205 virtus
922 5162 975 5205 et
1006 5153 1268 5222 sapientia
1304 5146 1395 5205 seu
1472 5152 1541 5182 δυ’
1571 5150 1704 5215 Cap.
1734 5150 1823 5222 43.
1851 5160 1944 5222 est
1970 5150 2026 5201 in
2056 5166 2181 5222 mss.
2215 5161 2367 5222 rirpnt
2393 5150 2485 5203 46.
2562 5152 2631 5181 ‘99
2658 5146 2881 5222 Videtur
2906 5160 3085 5222 tamen
3116 5164 3237 5222 mss.
3259 5146 3514 5222 _videi_i_tur
3539 5155 3617 5222 ta-

371 5214 521 5276 men.
596 5222 666 5252 ⁶⁰⁰
696 5223 767 5276 At
797 5222 840 5274 si
873 5222 985 5287 ipsa
1017 5214 1323 5274 substantia
1352 5234 1449 5274 etc.
1491 5222 1545 5273 in
1585 5214 1705 5272 mss.
1735 5219 1816 5271 llic
1843 5219 2031 5287 incipit
2055 5218 2187 5286 Cap.
2226 5214 2291 5271 47
2322 5222 2414 5271 sub
2452 5222 2547 5272 hoc
2578 5222 2731 5272 titulo
2760 5236 2781 5275 ε
2815 5220 2964 5284 Quod
2993 5218 3130 5270 lilins
3154 5217 3222 5270 sit
3258 5214 3616 5287 intelligentia
3672 5244 3678 5249 -

371 5238 521 5276 "lC-II.
597 5238 666 5252 “’¹”’
696 5238 767 5276 Al
797 5238 840 5274 SI
874 5238 883 5272 Ι
927 5238 985 5274 Sil
1017 5238 1323 5274 SUDSli‘Illlil
1352 5238 1449 5274 ωε.
1491 5238 1545 5273 lu
1585 5238 1705 5272 MSS.
1735 5238 1816 5271 ωε
1843 5238 2030 5287 ιιιαριι
2055 5238 2187 5286 Lup.
2226 5238 2287 5271 Ill
2322 5238 2414 5271 8N0
2452 5238 2547 5272 HOC
2578 5238 2731 5272 muto
2760 5238 2781 5275 ἕ
2815 5238 2964 5284 ullo“
2993 5238 3130 5270 lllllIS
3154 5238 3222 5270 511
3258 5238 3612 5283 ιιιιυιιιςυιιιιϊ

369 5300 469 5369 etc.
504 5300 557 5343 ut
589 5292 641 5344 in
670 5290 827 5411 titullo
858 5238 1056 5358 simne
1079 5290 1148 5343 16
1179 5291 1231 5342 in
1263 5293 1485 5345 excusis.
1524 5307 1647 5344 mss.
1685 5289 1815 5342 'l'liu.
1844 5289 1999 5354 Quod
2034 5288 2175 5345 lilius
2201 5291 2271 5344 sit
2300 5290 2652 5360 intelligentia
2685 5289 3072 5358 intelligentite,
3100 5298 3156 5342 et
3179 5286 3376 5339 veritas
3409 5282 3612 5338 verita-

373 5370 443 5411 Its
489 5374 502 5411 :
546 5370 602 5411 et
639 5376 762 5411 smn
789 5368 910 5411 Iter.
1950 5401 1954 5403 Α

373 5362 443 5414 tis
489 5374 502 5411 :
546 5370 602 5413 et
639 5361 910 5416 similiter.

1854 5466 1897 5521 Ν
1908 5466 2081 5523 ΟΤΛΞ.

441 5562 553 5632 (6i)
588 5562 736 5617 Alias
756 5570 837 5616 est
860 5576 983 5630 pars
1012 5574 1127 5629 Cap.
1154 5561 1221 5614 55
