4226 6272
345 336 441 390 901

1705 331 2169 384 MONOLOGlliM.

3444 315 3548 375 2’31

343 449 493 503 Patet
542 449 701 518 igitur
756 464 989 501 amorem
1022 450 1211 501 summi
1259 446 1488 513 Spiritus
1517 461 1582 497 ex
1612 461 1675 497 eo
1705 460 1897 511 proce—
1931 451 1972 505 Α
2005 443 2251 509 Spiritus.
2284 442 2517 510 Denique
2549 442 2589 494 si
2633 441 2772 493 nulla
2801 444 3033 507 unquam
3076 447 3344 497 creatura.
3384 440 3435 492 id
3472 450 3558 495 est,

343 538 491 603 dere,
521 538 642 605 quia
672 538 753 589 sui
810 553 1013 590 memor
1041 547 1141 597 est,
1168 544 1221 587 et
1258 550 1315 588 sc
1369 533 1630 601 intelligit.
1677 530 1826 597 Quod
1854 532 1899 583 si

342 630 395 682 in
423 630 678 682 memoria
700 627 891 678 summi
920 626 1150 693 Spiritus
1178 608 1491 693 intelligitur
1516 623 1692 684 Pater,
1727 623 1777 673 in
1816 622 1898 672 iu-

341 716 627 784 telligentia
658 715 823 766 Filius
862 714 1202 765 manifestum
1233 722 1315 765 est
1352 712 1476 779 quia
1507 728 1534 764 a
1563 710 1726 762 Patre
1754 709 1897 774 pari-

338 816 425 859 ter
455 814 509 857 et
537 820 566 856 a
592 803 728 855 Filio
758 802 849 863 ⁸⁸⁸,
879 802 1071 853 summi
1098 802 1329 869 Spiritus
1359 817 1508 853 amor
1534 798 1790 868 procedit.

720 888 942 943 CAPUT
980 889 1040 941 LI
1083 889 1177 959 [αι.
1205 888 1386 958 XLIX}
1431 889 1518 941 δι’.

426 979 576 1043 Quod
600 988 811 1046 uterque
832 979 949 1045 pari
975 994 1149 1030 amore
1177 978 1360 1043 diligat
1383 993 1455 1039 se,
1481 987 1528 1029 et
1559 977 1800 1029 alterunt.

340 1069 675 1122 Cousrscrus
703 1084 928 1121 CAPITIS.
953 1098 1019 1106 —
1037 1067 1289 1119 Summus
1341 1066 1572 1134 Spiritus
1629 1081 1687 1119 se
1732 1072 1896 1134 amat.
1916 1081 1932 1097 ο

415 1138 555 1206 Ergo
585 1137 742 1188 Pater
792 1152 849 1189 se
902 1146 1065 1195 amat,
1095 1146 1149 1186 et
1178 1134 1343 1206 Filius
1383 1132 1650 1206 seamat;
1684 1143 1737 1184 et
1766 1132 1901 1206 a_lte_r

409 1198 635 1257 alterum
681 1214 824 1254 amat
855 1220 867 1252 :
899 1218 1135 1255 summus
1184 1203 1325 1254 enim
1369 1212 1417 1253 et
1451 1202 1752 1251 individuus
1780 1198 1900 1265 Spi-

412 1274 546 1324 ritus
574 1282 655 1323 est
689 1270 848 1322 Pater
874 1279 926 1321 et
955 1270 1140 1329 Filius,
1167 1284 1221 1320 Cl.
1249 1268 1406 1320 ambo
1436 1268 1591 1320 simul
1620 1277 1740 1318 sunt
1764 1281 1898 1318 unus

409 1340 649 1406 spiritus.
707 1336 938 1406 Uterque
976 1339 1136 1389 etiam
1181 1351 1237 1388 se
1274 1348 1328 1406 et
1355 1336 1580 1406 alterum
1632 1334 1897 1406 intelligit,

398 1404 535 1474 quia
568 1407 646 1457 sui
667 1415 721 1457 et
743 1405 962 1457 alterius
984 1406 1241 1456 meminit.
1272 1404 1337 1456 Et
1362 1404 1615 1474 tr|uouiam
1665 1405 1714 1452 in
1755 1412 1899 1453 utru-

409 1473 513 1542 que
544 1474 683 1539 quod
708 1482 853 1525 amat
882 1473 1109 1542 idipsum
1136 1473 1382 1542 estquod
1413 1480 1643 1533 amatur,
1676 1478 1903 1537 uterque

397 1539 525 1608 'pari
566 1556 746 1593 amore
773 1556 830 1593 se
859 1548 911 1593 et
943 1540 1167 1591 alterunt
1199 1539 1388 1607 diligit.

411 1630 516 1684 Sed
549 1630 593 1682 si
630 1645 688 1683 se
718 1634 863 1681 amat
888 1644 1127 1682 summus
1160 1628 1415 1696 Spiritus,
1439 1626 1629 1695 procul
1658 1627 1816 1679 dubio
1845 1642 1901 1679 se

2001 532 2043 581 si
2085 530 2214 582 nihil
2245 544 2477 596 unquam
2512 529 2653 582 aliud
2680 538 2824 582 esset
2845 544 3003 595 quam
3029 542 3271 580 summus
3303 526 3554 594 Spiritus,

2001 617 2159 671 Pater
2183 626 2238 671 et
2266 618 2433 670 Filius
2460 618 2803 669 uihilmuinus
2828 618 3029 683 seipsos
3054 625 3105 668 et
3137 616 3363 669 invicem
3400 616 3562 671 Pater

2000 717 2054 760 et
2086 707 2247 761 Filius
2269 708 2566 773 diligerent.
2596 705 3138 771 Consequituritaque
3162 707 3303 758 hunc
3322 705 3558 759 amorem

1995 788 2106 845 tiou
2135 808 2251 846 esse
2274 794 2413 846 aliud
2443 808 2601 860 quam
2630 792 2771 859 quod
2798 800 2879 843 est
2910 790 3066 843 Pater
3100 802 3153 843 ct
3182 792 3365 857 Filius,
3417 796 3560 861 quod

2001 890 2085 935 est
2114 897 2318 933 summa
2351 882 2606 935 essentia.
2651 884 2719 933 At
2767 879 3023 947 quoniam
3057 894 3276 931 summa:
3311 883 3561 935 essentia:

2001 970 2181 1039 plures
2219 985 2338 1023 esse
2366 986 2466 1023 non
2499 979 2743 1036 possunt,
2796 968 2921 1036 quid
2981 969 3145 1036 magis
3196 972 3558 1022 necessarium

2002 1074 2160 1125 quam
2199 1058 2408 1111 Patrem
2433 1066 2485 1109 tl
2512 1059 2723 1117 Filium.
2759 1070 2813 1111 et,
2834 1059 3108 1123 utriusque
3137 1072 3371 1110 amorem
3402 1074 3560 1110 unam

2000 1164 2121 1203 esse
2149 1163 2410 1201 summam
2459 1146 2785 1201 essentiam?
2841 1146 2932 1198 Est
2986 1146 3145 1212 igitur
3196 1147 3335 1199 idenl
3410 1159 3562 1201 amor

2001 1252 2208 1291 summa
2242 1234 2524 1302 sapientia,
2555 1249 2761 1287 summa
2789 1234 3005 1295 veritas,
3043 1249 3306 1287 summum
3338 1236 3558 1299 bonum,

2000 1332 2053 1374 et
2103 1322 2359 1389 quidquid
2410 1323 2475 1375 de
2508 1322 2700 1374 sunnui
2751 1320 2986 1388 Spiritus
3013 1320 3309 1374 substantia
3333 1324 3436 1376 dici
3467 1340 3559 1390 poi

2006 1418 2125 1463 test.

2390 1497 2614 1551 CAPUT
2655 1497 2760 1550 LIV
2795 1495 2890 1566 [(ιι.
2926 1495 3032 1567 Lll]
3087 1496 3177 1527 "5‘

2006 1588 2155 1650 Quod
2189 1599 2326 1640 lotus
2359 1590 2608 1662 procedat
2627 1605 2657 1638 ο
2686 1588 2863 1665 Patre,
2887 1595 3022 1638 totus
3054 1603 3083 1637 a
3113 1582 3288 1648 Filio;
3314 1595 3362 1637 et
3392 1594 3565 1641 tamen

2439 1672 2538 1706 non
2567 1667 2629 1707 stt
2677 1672 2772 1706 ms:
2810 1671 2942 1706 unus
2979 1670 3144 1705 amor.

339 1730 483 1774 amat
513 1720 684 1785 Pater,
714 1729 857 1773 amat
907 1736 965 1773 se
995 1714 1181 1782 Filius,
1214 1720 1432 1773 cLalter
1468 1730 1731 1785 alterum;
1772 1723 1895 1787 quia
1934 1748 1977 1804 Β
2007 1743 2340 1797 CONSPECTUS
2380 1726 2605 1797 “plus
2631 1772 2701 1782 __
2728 1743 2890 1793 Amm.
2912 1743 3013 1808 istc
3038 1738 3138 1795 ηὸη
3164 1758 3227 1794 ρο
3247 1743 3485 1808 Procedit
3509 1744 3562 1795 in

340 1810 578 1878 singulas
622 1810 780 1862 Pater
807 1818 889 1862 est
933 1825 1173 1862 summus
1204 1810 1272 1840 "°
1304 1810 1554 1876 Spiritus,
1585 1819 1636 1863 et
1667 1810 1905 1879 singulus

339 1896 529 1959 Filius,
563 1910 801 1948 summus
832 1895 1099 1961 Spiritus;
1143 1903 1195 1947 et
1231 1896 1386 1950 ambo
1416 1896 1596 1958 simul,
1628 1911 1765 1948 unus
1795 1897 1903 1963 spi-

340 1986 494 2039 ritus.
523 1984 586 2037 Et
616 1985 737 2051 quia
768 1993 990 2050 uterque
1021 1987 1219 2051 pariter
1240 1972 1329 2036 sui
1360 1995 1415 2036 et
1462 1984 1684 2037 alterius
1714 1985 1903 2035 memi-

338 2058 438 2134 nit,
472 2082 525 2125 et
551 2087 609 2123 se
638 2082 691 2123 et
738 2071 960 2121 alterum
1007 2070 1286 2137 intelligit:
1318 2079 1371 2123 et
1396 2071 1648 2138 quoniam
1688 2071 1906 2124 omnino

341 2161 568 2227 idipsum
593 2168 673 2211 est
699 2160 839 2225 quod
868 2167 1033 2222 amat,
1077 2158 1158 2211 vel
1203 2167 1414 2210 amatur
1448 2159 1498 2210 in
1544 2158 1703 2210 Patre
1729 2158 1820 2219 m,
1853 2168 1907 2210 et

340 2249 482 2316 quod
511 2249 563 2301 in
596 2247 978 2324 Filio‘necesse
1011 2256 1093 2299 cst
1120 2254 1177 2299 ut
1206 2248 1322 2314 pari
1354 2261 1534 2301 amore
1578 2256 1806 2315 uterque
1828 2248 1906 2301 di-

340 2339 470 2407 ligat
497 2353 554 2391 se
576 2345 631 2390 ct
659 2337 911 2389 alterum.

757 2445 979 2500 CAPUT
1022 2444 1102 2498 Lll
1136 2445 1233 2515 [ιιι.
1294 2446 1356 2516 L]
1394 2448 1461 2477 δι’

343 2531 495 2594 Quod
516 2541 689 2583 tantus
716 2532 897 2584 sitiste
927 2548 1095 2652 ιυηὲι-ζ
1135 2544 1365 2612 {mantus
1413 2544 1486 2586 est
1516 2535 1622 2601 ipse
1670 2551 1904 2588 summus

1043 2612 1248 2653 mntus.

1043 2618 1248 2669 pimus.

340 2686 680 2743 Cossaeorus
709 2704 933 2741 CAPms.
967 2719 1033 2727 -—
1062 2690 1113 2741 ld
1162 2698 1369 2742 constat
1416 2690 1537 2757 quia
1596 2700 1773 2743 tantus
1825 2701 1909 2745 est

413 2772 567 2827 amor
597 2758 717 2827 iste,
761 2768 1017 2824 quantum
1050 2757 1137 2811 ille
1172 2773 1229 2811 se
1260 2758 1540 2827 intelligit;
1571 2768 1776 2812 tantum
1808 2777 1904 2813 au-

415 2836 521 2876 tem
554 2825 817 2891 intelligit,
845 2835 1082 2891 quantus
1112 2835 1215 2877 est.

414 2910 656 2974 Quantus
690 2926 819 2979 ergo
845 2922 929 2964 est
977 2926 1130 2964 amor
1178 2914 1275 2964 istc
1326 2915 1520 2965 summi
1555 2914 1621 2944 ⁸³³
1649 2915 1902 2981 Spiritus,

341 3001 423 3052 sic
449 3001 749 3051 communis
778 2999 917 3051 Patri
955 3010 1009 3052 et
1034 3000 1197 3053 Filio!
1246 3002 1351 3054 Sed
1376 3004 1417 3055 si
1452 3018 1510 3056 se
1546 3012 1752 3056 tantum
1780 3005 1904 3057 dili-

340 3088 441 3155 git,
482 3095 736 3152 quantum
767 3088 845 3153 sui
897 3090 1139 3141 meminit
1185 3100 1237 3143 et
1280 3106 1337 3144 sc
1366 3090 1655 3160 intelligit:
1696 3067 1901 3147 taiitum

339 3167 523 3229 autem
556 3175 635 3228 sui
663 3191 865 3228 memor
889 3185 973 3230 est
1000 3188 1052 3229 et
1070 3178 1324 3247 intelligit
1351 3194 1432 3241 se,
1459 3189 1657 3247 quanta
1683 3191 1764 3233 est
1793 3181 1907 3247 ejus

340 3264 601 3328 essentia,
625 3264 766 3331 quod
792 3265 947 3318 aliter
970 3280 1090 3318 esse
1135 3281 1239 3319 non
1272 3277 1447 3334 potest
1477 3287 1489 3320 :
1519 3268 1760 3338 profecto
1792 3278 1907 3323 tan-

342 3364 435 3406 tus
463 3362 545 3405 est
574 3368 724 3406 amor
744 3353 881 3418 ejus,
904 3366 1135 3421 quantus
1164 3357 1276 3423 ipse
1314 3366 1414 3410 est.
1656 3343 1660 3347 θ

752 3460 976 3515 CAPUT
1014 3461 1119 3514 Llll
1152 3463 1246 3533 [aL
1285 3463 1368 3533 LI]
1404 3464 1493 3516 ⁵⁸³⁵.

346 3557 504 3619 Quod
528 3556 663 3609 idem
692 3574 845 3629 amor_
864 3559 929 3610 sit
960 3559 1182 3629 idipsum
1209 3563 1346 3629 quod
1371 3572 1444 3612 est
1478 3578 1708 3615 summus
1741 3561 1909 3629 Spiri-

418 3635 529 3700 tus;
560 3636 606 3674 et
632 3635 801 3677 tamen
829 3625 933 3691 ipse
961 3627 1024 3677 sit
1053 3644 1168 3677 cum
1200 3627 1356 3680 Patre
1379 3640 1423 3680 et
1460 3629 1595 3681 Filio
1622 3647 1754 3682 unus
1781 3625 1907 3699 'spi-

417 3701 571 3745 ηεαδ.

343 3795 689 3873 Co§sPsc1us
716 3812 940 3873 cAPtrts.
969 3827 1039 3837 -—
1068 3798 1219 3873 ΝἰμίιΔ
1233 3810 1406 3873 potest
1435 3816 1553 3873 esse
1580 3820 1676 3873 par
1701 3820 1909 3859 summo

421 3865 644 3939 Spiritui
682 3865 1073 3939 nisi_summus
1131 3865 1376 3935 Spiritus.
1430 3871 1561 3925 Cum
1580 3865 1719 3939 ergo
1758 3888 1911 3925 amur

420 3934 736 4010 istetautus
775 3934 863 3994 sit,
901 3944 1133 4001 quantus
1159 3934 1241 3989 est
1268 3954 1509 4010 sumunis
1540 3934 1806 4005 Spiritus.
1841 3942 1908 4010 li-

418 4008 547 4074 quet
578 4002 699 4074 quia
725 4002 826 4054 iste
854 4017 1003 4054 amor
1030 4014 1112 4074 est
1140 4020 1379 4058 summus
1425 4002 1677 4074 Spiritus.
1706 4009 1908 4062 Deinde

416 4068 522 4121 etsi
549 4068 680 4143 nihil
709 4083 938 4143 unquam
966 4072 1222 4143 existeret
1244 4089 1420 4143 Aquam
1448 4068 1692 4143 summus
1732 4076 1905 4143 Spiri-

421 4144 512 4209 tus
530 4174 543 4199 ,
570 4134 729 4187 Pater
750 4134 810 4209 et
826 4135 989 4189 Filius
1016 4134 1360 4209 nihilominus
1382 4142 1585 4209 seipsos
1608 4154 1659 4194 et
1681 4134 1905 4196 invicem

417 4202 725 4278 diligerent;
772 4203 911 4270 Ergo
942 4219 1105 4278 amor
1142 4207 1239 4260 iste
1292 4224 1394 4261 nou
1445 4202 1527 4263 est
1577 4211 1715 4262 aliud
1744 4227 1904 4278 quam

415 4271 562 4341 quod
586 4279 666 4322 est
690 4270 848 4323 Pater
867 4279 921 4325 et
942 4271 1131 4336 Filius,
1155 4278 1294 4341 quod
1315 4286 1397 4329 est
1417 4293 1622 4331 summa
1649 4270 1903 4331 essentia.

422 4337 920 4411 l_)enique‘summa:
961 4337 1207 4394 essentia).
1243 4345 1422 4411 plures
1469 4362 1587 4398 esse
1614 4358 1902 4409 nequeunt.
1939 4356 1981 4408 D

419 4405 564 4484 Ergo
596 4406 873 4484 utriusque
900 4422 1050 4484 arnor
1089 4426 1189 4461 uua
1222 4405 1302 4463 est
1322 4482 1330 4484 Α
1350 4428 1468 4464 cum
1496 4415 1654 4466 Patre
1680 4405 1731 4467 et
1776 4416 1906 4468 Filio

419 4476 629 4551 summa
660 4476 911 4526 essentia.
961 4477 1097 4551 Ergo
1144 4494 1292 4531 amor
1321 4482 1431 4547 ipse
1462 4492 1544 4534 est
1590 4498 1793 4534 summa
1823 4499 1907 4536 sa-

418 4547 645 4618 pientia,
669 4547 1116 4618 suxuuiahveri‘tas,
1140 4562 1403 4618 summum
1426 4551 1641 4609 bonum,
1672 4562 1725 4602 et
1749 4553 1907 4618 quid-

418 4609 547 4676 quid
568 4610 633 4660 de
655 4610 847 4676 summi
876 4609 1104 4677 Spiritus
1139 4615 1435 4668 substantia
1477 4618 1581 4670 dici
1610 4609 1801 4684 potest.

420 4716 618 4770 Verum
650 4717 773 4784 quid
802 4726 973 4784 potest
994 4734 1113 4774 esse
1144 4738 1241 4791 par
1271 4730 1481 4781 summo
1510 4727 1756 4795 Spiritui,
1802 4731 1903 4782 nisi

344 4817 592 4858 summus
622 4804 886 4872 Spiritus?
912 4806 1013 4859 Iste
1043 4809 1223 4877 itaque
1253 4811 1320 4841 δ”
1355 4828 1507 4865 amor
1546 4826 1629 4867 est
1659 4831 1902 4869 summus

2075 1819 2182 1877 qdo
2206 1812 2362 1864 Pater
2389 1812 2624 1863 ctFilius
2652 1811 2829 1876 plures
2858 1803 3015 1871 sunt,
3047 1811 3136 1861 sed
3170 1803 3319 1869 ρκ’ρο
3363 1811 3413 1863 in
3462 1825 3568 1877 quo

2075 1891 2194 1932 Sunt
2210 1895 2393 1932 unum.
2425 1878 2535 1932 Non
2559 1881 2698 1932 enim
2724 1880 2957 1945 procedit
2978 1894 3039 1930 ex
3058 1878 3423 1939 relationibus,
3443 1894 3564 1945 qua:

2080 1948 2257 2015 plures
2286 1958 2429 2009 sunt,
2465 1964 2584 1999 cum
2634 1948 2737 2001 alia
2766 1947 2840 1999 sit
2899 1946 3083 1998 relatio
3138 1945 3327 2008 Patris,
3380 1955 3436 2015 et
3464 1947 3566 1999 alia

2082 2013 2265 2066 relatio
2291 2016 2405 2068 Filii
2432 2033 2445 2079 ;
2480 2017 2570 2067 sed
2604 2032 2668 2069 ex
2705 2016 2815 2133 ilpsa
2846 2030 2939 2067 sua
2972 2015 3218 2071 essentia,
3249 2029 3365 2080 quae
3390 2013 3568 2081 plum-

2082 2083 2282 2133 Iitatem
2315 2099 2417 2133 non
2440 2084 2690 2133 admittit.
2736 2088 2871 2133 ’ater
2896 2092 2949 2133 et
2987 2081 3150 2133 Filius
3173 2084 3422 2133 emittunt
3451 2091 3568 2133 tau-

2078 2083 2282 2134 litatem
2315 2099 2417 2134 non
2440 2084 2690 2145 admittit,
2714 2081 2871 2134 Pater
2896 2092 2949 2135 et
2987 2081 3150 2133 Filius
3173 2084 3422 2134 emittunt
3451 2091 3585 2133 tau-.

2086 2160 2195 2202 tum
2226 2150 2457 2213 bonum;
2495 2152 2572 2204 sic
2600 2162 2799 2209 taiuen,
2835 2160 2892 2200 ut
2938 2159 3078 2201 totus
3108 2165 3134 2199 a
3171 2149 3324 2201 Patre
3349 2160 3403 2201 et
3425 2159 3568 2201 totus

2076 2234 2106 2270 a
2137 2218 2269 2270 Filio
2308 2230 2358 2271 et
2391 2218 2627 2271 totus‘ab
2657 2227 2881 2284 utroque
2910 2232 3046 2268 unus
3102 2218 3346 2285 idemque
3377 2233 3569 2285 proce-

2078 2288 2197 2348 dat;
2234 2288 2357 2355 quia
2391 2302 2419 2338 a
2450 2286 2629 2355 Patre.
2660 2287 2773 2355 qui
2808 2286 3047 2355 singultus
3092 2292 3145 2336 et
3176 2300 3416 2355 summus
3448 2285 3568 2351 5ρί-

2077 2350 2266 2423 ιέῇιιιε,⁷
2290 2370 2397 2423 ηοη
2436 2350 2689 2423 procedit
2726 2352 2827 2406 nisi
2881 2350 3119 2405 summus
3172 2350 3511 2423 Spiritus,et
3538 2368 3571 2405 λ

2078 2422 2213 2475 Filio
2241 2424 2331 2489 qui
2361 2418 2599 2491 singulas
2651 2422 2852 2488 pariter
2892 2423 2983 2491 est
3016 2435 3270 2491 summus
3313 2418 3569 2491 Spiritus,

2083 2506 2188 2542 non
2222 2488 2469 2557 procedit
2491 2490 2590 2541 nisi
2624 2504 2864 2550 summus
2887 2489 3147 2554 Spiritus;
3179 2497 3230 2557 et
3251 2502 3307 2557 an
3331 2488 3487 2540 Patre
3511 2498 3568 2541 et

2086 2554 2243 2620 Filio,
2271 2560 2379 2624 qui
2413 2574 2515 2610 non
2544 2561 2647 2610 duo
2696 2558 2787 2609 sed
2836 2572 2969 2608 unus
3018 2566 3140 2607 sunt
3174 2554 3425 2620 Spiritus,
3461 2571 3569 2609 non

2080 2629 2369 2683 orocedere
2399 2635 2575 2694 potest
2609 2626 2709 2677 nisi
2738 2640 2875 2676 unus
2913 2638 3153 2675 summus
3181 2624 3423 2689 spiritus.

2088 2736 2406 2789 Intuendum
2437 2744 2521 2788 est
2552 2734 2833 2803 diligenter
2862 2742 3040 2787 utrum
3070 2733 3178 2786 sint
3204 2733 3308 2787 duo
3334 2749 3573 2797 amores,

2009 2841 2148 2880 unus
2176 2842 2203 2879 a
2237 2818 2394 2879 Patre
2421 2813 2737 2894 procedens,
2762 2824 2899 2877 alter
2917 2839 2944 2876 a
2970 2823 3104 2876 Filio
3136 2838 3150 2876 :
3182 2838 3248 2875 an
3276 2839 3432 2886 unus,
3465 2839 3573 2877 non

2011 2920 2151 2969 totus
2177 2916 2245 2967 ab
2275 2928 2382 2968 uno
2411 2904 2727 2981 procedens,
2756 2914 2847 2966 sed
2876 2912 3070 2981 partim
3110 2928 3138 2965 a
3169 2913 3350 2970 Patre.
3377 2914 3571 2979 partim

2007 3022 2037 3057 a
2064 3005 2238 3058 Filio:
2270 3019 2334 3056 an
2361 3019 2460 3056 nec
2490 3004 2688 3070 plures,
2720 3016 2818 3055 nec
2859 3016 2995 3054 unus
3041 3002 3232 3068 partim
3276 3002 3572 3067 procedens

1952 3087 1975 3106 ³
2007 3112 2036 3148 a
2067 3095 2311 3163 singulis,
2342 3094 2435 3146 sed
2464 3109 2599 3145 unus
2624 3101 2764 3145 totus
2790 3107 2817 3144 a
2844 3092 3083 3159 singulis,
3112 3101 3165 3144 ct
3195 3090 3331 3143 idem
3378 3100 3517 3142 totus
3541 3107 3570 3143 a

2009 3185 2212 3237 duobus
2237 3183 2412 3235 simul.
2448 3183 2553 3233 Sed
2580 3181 2878 3249 liujusmodi
2912 3180 3258 3232 dubitationis
3306 3180 3571 3233 certitudo

2010 3270 2137 3323 hinc
2164 3268 2532 3321 indubitanter
2555 3266 2919 3335 cognoscitur,
2939 3267 3062 3332 quia
3086 3280 3188 3318 non
3220 3280 3283 3316 ex
3308 3281 3370 3316 eo
3392 3280 3573 3331 proce-

2008 3358 2104 3419 dit,
2136 3358 2187 3409 in
2233 3371 2339 3424 quo
2366 3358 2547 3424 plures
2575 3367 2699 3408 sunt
2733 3354 2892 3407 Pater
2915 3363 2968 3405 et
2998 3353 3183 3415 Filius,
3220 3355 3310 3405 sed
3339 3368 3400 3405 ex
3429 3369 3493 3406 eo
3516 3355 3574 3407 in

2007 3458 2113 3509 quo
2143 3458 2303 3493 unum
2346 3450 2486 3494 sunt.
2516 3442 2647 3492 Nam
2693 3457 2796 3493 non
2816 3456 2889 3492 ex
2924 3440 3269 3492 relationibus
3296 3441 3428 3501 suis,
3456 3455 3576 3507 quae

2007 3531 2187 3598 plures
2215 3539 2338 3583 sunt
2365 3569 2379 3593 ,
2405 3529 2507 3581 alia
2540 3540 2623 3582 est
2646 3530 2785 3581 enim
2820 3528 3007 3579 relatio
3040 3528 3231 3591 Patris,
3284 3528 3385 3580 alia
3417 3528 3569 3594 Filii;

2009 3619 2101 3671 sed
2117 3634 2181 3672 ex
2199 3619 2305 3686 ipsa
2322 3633 2416 3672 sua
2433 3620 2658 3671 essentia
2672 3658 2684 3678 ,
2698 3616 3181 3684 quaepluralitatem
3200 3632 3301 3669 non
3315 3617 3568 3681 admittit,

2010 3708 2259 3761 emittunt
2280 3706 2439 3759 Pater
2455 3715 2508 3759 et
2529 3705 2693 3757 Filius
2717 3714 2920 3756 tantum
2946 3704 3144 3771 pariter
3166 3705 3383 3757 bonum.
3415 3704 3571 3757 Sicut

2009 3811 2138 3864 ergo
2163 3794 2404 3864 singulus
2423 3795 2585 3848 Pater
2623 3803 2704 3848 est
2726 3809 2969 3846 summus
2996 3793 3227 3861 Spiritus
3246 3803 3299 3845 et
3317 3795 3564 3858 siugulus

2007 3884 2173 3936 Filius
2200 3892 2284 3936 est
2330 3898 2573 3937 summus
2627 3883 2862 3949 Spiritus
2891 3891 2945 3934 et
2972 3882 3129 3935 simul
3154 3882 3312 3935 Pater
3334 3892 3385 3935 et
3408 3883 3575 3937 Filius

2008 3988 2113 4025 non
2137 3973 2262 4034 duo,
2299 3971 2393 4024 sed
2425 3987 2562 4023 unus
2593 3971 2662 4001 ⁸³⁷
2728 3970 2979 4038 spiritus;
3016 3971 3089 4022 ita
3122 3986 3149 4021 a
3180 3970 3389 4039 singulo
3417 3972 3575 4031 Patre

2008 4070 2193 4113 manat
2213 4069 2352 4111 totus
2378 4067 2529 4111 amor
2561 4060 2755 4112 summi
2804 4058 3035 4127 Spiritus
3064 4067 3115 4110 et
3144 4073 3173 4110 a
3197 4059 3407 4128 singulo
3435 4059 3572 4113 Filio

2009 4158 2177 4211 totus;
2212 4158 2265 4201 et
2305 4148 2519 4200 simula
2548 4148 2708 4201 Patre
2737 4157 2791 4201 et
2839 4147 2972 4201 Filio
2997 4162 3100 4202 non
3152 4149 3259 4200 duo
3305 4147 3420 4212 toti,
3475 4134 3613 4202 sed.
3702 4204 3710 4211 ,

2007 4254 2143 4292 unus
2174 4240 2418 4305 idemque
2451 4247 2612 4290 totus.

2389 4348 2614 4401 CAPUT
2652 4347 2737 4400 LV
2768 4347 2862 4419 [αι.
2910 4347 3040 4418 Llll]
3094 4313 3181 4402 "5.

2298 4457 2448 4521 Quod
2481 4473 2580 4509 non
2611 4459 2675 4509 sit
2706 4474 2882 4509 eorum
2929 4456 3099 4510 Filius
3120 4473 3264 4510 amor

1974 4570 1981 4575 -
2015 4547 2353 4600 Cousrscrus
2384 4561 2608 4599 ωριτες.
2643 4576 2711 4584 —
2736 4548 2901 4598 Amor
2940 4555 3116 4599 tamen
3148 4547 3375 4601 iste-nee
3400 4543 3571 4601 Patris

2090 4631 2185 4668 nec
2211 4613 2394 4678 Verbi,
2441 4631 2468 4666 a
2497 4616 2689 4681 quibus
2722 4615 2984 4682 procedit.
3022 4625 3102 4667 est
3131 4610 3315 4678 Filius,
3349 4616 3469 4682 quia
3500 4631 3567 4667 ex

2088 4698 2193 4749 quo
2219 4685 2285 4736 ab
2314 4683 2418 4736 illis
2456 4684 2717 4750 procedit,
2756 4698 2859 4733 non
2890 4683 3053 4734 refert
3088 4698 3269 4734 eorum
3315 4682 3566 4750 similitu-

2092 4752 2267 4804 dinem
2293 4764 2311 4800 :
2342 4749 2469 4803 licet
2503 4750 2721 4802 omnino
2765 4750 2904 4802 idem
2946 4752 3015 4802 sit
3045 4750 3185 4815 quod
3217 4759 3296 4800 est
3323 4749 3481 4800 Pater
3509 4757 3566 4801 et

2092 4818 2276 4871 Filius.
2301 4820 2500 4872 Deinde
2522 4819 2564 4871 si
2592 4818 2958 4885 proleseorum
2979 4826 3053 4869 est
3077 4853 3089 4878 ,
3118 4816 3357 4869 autalter
3380 4832 3565 4869 eorum

1616 4923 1848 4977 VAltlrE
1892 4926 2298 4981 LECTlONlCS.

415 5040 487 5071 ⁶¹⁸
516 5039 581 5091 Et
622 5054 651 5091 a
706 5039 837 5113 Filio
879 5058 1000 5113 ntss.
1063 5044 1194 5096 νέοι.
1244 5046 1366 5113 Sag.
1424 5059 1475 5099 et
1526 5051 1659 5102 Filio

729 5051 837 5119 filio
879 5058 1000 5121 mss.
1063 5051 1366 5121 t’icl.___Sug.
1417 5059 1481 5121 et
1526 5051 1693 5121 Filio;
1770 5053 1836 5082 “‘9
1882 5051 2008 5120 Cap.
2059 5054 2126 5105 49
2173 5066 2243 5106 est
2292 5071 2342 5105 ιη
2396 5070 2513 5103 mss.
2572 5054 2628 5104 51
2681 5052 2772 5103 sub
2818 5054 2913 5105 hoc
2966 5052 3114 5105 titulo
3158 5068 3176 5107 :
3222 5055 3370 5120 Quod
3422 5066 3568 5109 uter-

347 5124 485 5177 que,
526 5117 624 5159 etc.
649 5118 701 5177 ut
724 5110 777 5177 iit
803 5110 949 5171 titulo
973 5114 1153 5177 capitis
1184 5115 1251 5165 49
1284 5110 1335 5165 iu
1363 5119 1511 5167 editis
1529 5136 1623 5169 ms.
1654 5118 1785 5171 Tlm.
1812 5120 1878 5172 90
1911 5110 2075 5172 militi.
2106 5134 2152 5171 et
2185 5124 2423 5172 alterum.

346 5174 594 5250 intramus
664 5174 731 5205 ‘“
762 5174 1154 5250 lit_patre_iuss.
1189 5180 1316 5231 Vict.
1346 5182 1469 5249 Sag.
1500 5202 1527 5235 a
1566 5197 1715 5250 patre
1793 5190 1861 5218 δ’*
1894 5188 1966 5238 Ca

2502 5121 2569 5150 ⁶²⁰
2604 5121 2758 5171 Pater
2786 5136 3025 5173 summus
3056 5132 3136 5173 est
3166 5140 3288 5174 mss.
3313 5134 3461 5188 pater
3481 5137 3567 5179 est

1971 5206 2021 5255 ρ.
2052 5192 2117 5240 fill
2144 5199 2215 5239 est
2261 5190 2314 5239 in
2344 5205 2467 5239 mss.
2494 5198 2645 5254 caput
2674 5189 2741 5239 5‘2
2787 5191 2879 5240 sub
2909 5191 3005 5241 hoc
3037 5191 3189 5241 titulo
3222 5205 3238 5240 :
3268 5191 3415 5254 Quod
3448 5204 3565 5244 tan-

350 5254 440 5324 tus
473 5243 566 5324 sit,
608 5252 707 5294 etc.
750 5246 881 5324 umtnin
907 5247 1055 5324 titulo
1089 5247 1284 5324 Chapitis
1316 5250 1383 5301 50
1417 5243 1468 5301 in
1498 5243 1647 5324 editis
1677 5270 1797 5324 mss.
1848 5243 2049 5306 'Iliuim.
2085 5256 2171 5308 90.
2204 5258 2353 5320 Quod
2388 5243 2567 5308 tantus
2605 5257 2675 5307 sit
2711 5272 2862 5307 amur
2905 5260 3023 5319 iste,
3053 5243 3562 5324 quantuswsuuimus

346 5310 725 5381 Spirittls._nts.
756 5310 959 5381 Tltuan.
978 5314 1077 5381 750.

408 5315 725 5391 tiritus..nts.
756 5315 1077 5391 Τρυηηε-ῇο.
1111 5315 1470 5391 Quodtautus
1496 5320 1566 5370 sit
1595 5336 1745 5391 amor
1776 5323 1893 5383 iste,
1926 5334 2156 5389 quantus
2184 5315 2265 5376 est
2292 5326 2401 5391 ipsc
2434 5325 2663 5390 Spiritus
2690 5340 2949 5377 summus.
3014 5315 3086 5355 ’δή
3120 5328 3209 5379 Est
3240 5342 3388 5379 amor
3415 5341 3564 5378 sum-

348 5375 423 5434 ιιἰί
452 5392 576 5429 mss.
618 5375 746 5445 Vict.
787 5378 912 5445 Sag.
956 5380 1085 5432 Tlut.
1116 5375 1170 5435 Β.
1208 5383 1362 5435 Mich.
1388 5395 1639 5439 estamor
1678 5389 1775 5439 iste
1807 5375 1997 5442 summi
2075 5393 2142 5422 ⁶²⁵
2169 5375 2239 5443 CA

2246 5410 2295 5459 p.
2327 5391 2387 5442 5|
2416 5403 2486 5442 est
2513 5394 2567 5444 in
2590 5410 2713 5445 mss.
2746 5403 2897 5454 caput
2926 5394 3012 5445 55.
3089 5394 3157 5425 ⁸³³
3186 5395 3293 5448 Nisi
3322 5408 3566 5448 summus

348 5446 617 5528 Spiris-Is?
645 5443 745 5528 lite
772 5443 950 5528 itaque
979 5466 1100 5501 mss.
1147 5450 1278 5528 l’ict.
1322 5454 1447 5528 ng.
1480 5454 1587 5507 Nisi
1623 5457 1821 5528 summi
1856 5458 2090 5528 Spiritus
2123 5443 2305 5512 amo'r?
2337 5462 2437 5511 Iste
2470 5443 2709 5527 namque
2751 5443 2840 5490 7""
2869 5443 3009 5528 Cap.
3037 5462 3105 5512 52
3126 5443 3563 5512 “£5181;de

345 5513 440 5580 put
490 5513 559 5565 54

660 5512 753 5594 “.7”
771 5511 956 5594 Filius,
997 5531 1099 5568 non
1134 5522 1256 5594 duo,
1294 5511 1558 5594 nsediuuus
1586 5511 1949 5594 nns.s.-Tliu.'§lt

1976 5550 1999 5581 η.
2032 5511 2355 5594 Εὶιίιιδςιιοιι
2381 5528 2520 5591 dico,
2552 5511 2798 5590 mnu—sed
2828 5511 2994 5581 unus
3038 5511 3105 5559 "3
3301 5530 3361 5578 55
3396 5539 3468 5579 est
3506 5543 3561 5581 in

346 5599 475 5637 ut“.
506 5590 659 5645 caput
689 5580 756 5631 55
779 5595 893 5630 cum
925 5582 1019 5631 hoc
1044 5589 1191 5635 titulo
1271 5590 1421 5652 Quod
1452 5606 1554 5643 non
1598 5592 1667 5644 sit
1694 5607 1882 5646 eorum
1916 5580 2103 5648 Filius,

546 5678 549 5681 ’
590 5674 836 5731 Parum.
896 5672 1158 5732 CLVlll.

3142 5686 3169 5743 ἶ
