4226 6216
361 171 465 226 205

1718 161 2189 216 MOXULOGIUM.

3447 163 3551 214 ΞΜ

328 316 334 322 -
362 284 514 353 quasi
545 286 780 355 spirante
800 283 1059 346 nascitur;
1092 284 1192 337 iste
1220 288 1396 333 autem
1420 277 1713 329 :estimetur
1738 274 1909 342 Spiri-
1932 288 1976 341 Α
2006 276 2197 344 gentite
2241 274 2501 341 meminit,
2530 284 2586 328 et
2634 284 2798 328 totam
2842 283 3018 336 animi;
3066 282 3120 325 et
3160 274 3320 325 totius
3360 278 3555 324 illliol’is

364 373 761 439 tusutriusque;
787 371 906 436 quia
932 370 996 422 ab
1013 377 1255 431 utroque,
1282 382 1375 417 suo
1398 363 1620 432 quodam
1641 362 1911 413 inenarra-
1933 374 1945 388 δ

364 461 457 516 bili
485 460 666 520 modo,
704 459 941 525 spirante
966 456 1281 507 mirabiliter
1313 457 1571 521 procedit.
1613 454 1711 520 Qui
1747 453 1909 504 etiam

360 564 427 603 ex
452 564 516 603 eo
541 549 663 615 quia
688 544 1102 599 est‘communio
1128 543 1302 595 Patris
1325 554 1375 597 et
1407 543 1542 607 Filii,
1575 557 1678 594 non
1711 542 1910 606 absque

342 638 569 707 ratione
600 633 750 701 quasi
780 635 1049 700 proprium
1084 645 1353 684 assumere
1378 646 1538 699 posse
1564 630 1775 682 videtur
1806 626 1905 679 ali—

364 723 507 791 quod
548 734 763 782 nomen,
806 718 948 786 quod
977 715 1122 770 Patri
1169 717 1406 785 Filioque
1430 731 1710 770 commune
1738 716 1831 778 sit;
1865 714 1910 767 si

359 810 561 878 proprii
621 807 854 861 nominis
915 807 1081 873 exigit
1132 805 1441 875 indigentia.
1494 805 1643 871 Quod
1696 804 1910 872 quidem

359 900 405 952 si
435 899 499 929 “‘
527 899 639 960 ﬁat,
683 899 905 961 scilicet,
936 906 993 950 ut
1040 899 1153 965 ipse
1196 913 1349 950 amor
1398 898 1609 949 nomine
1658 894 1923 962 Spirilllsr

359 988 500 1056 quod
545 988 897 1041 substantiam
934 987 1136 1054 pariter
1166 986 1342 1038 Patris
1384 994 1439 1038 et
1467 984 1589 1037 Filii
1616 983 1903 1051 signiﬁcat,

361 1076 513 1143 quasi
567 1078 784 1144 preprio
819 1076 1124 1144 designetur
1152 1092 1164 1124 :
1195 1074 1257 1125 ad
1290 1075 1389 1126 hoc
1427 1088 1638 1140 quoque
1669 1088 1771 1125 non
1823 1072 1907 1145 in—

360 1163 562 1215 utiliter
590 1162 806 1223 valebit,
854 1171 913 1213 ut
958 1174 1051 1227 per
1080 1160 1181 1212 hoc
1229 1159 1455 1225 idipsutn
1492 1173 1633 1221 esse,
1663 1158 1802 1225 quod
1830 1164 1911 1210 est

362 1249 517 1302 Pater
542 1257 597 1302 et
635 1248 821 1309 Filius,
853 1246 1095 1317 quamvis
1125 1245 1191 1299 ab
1222 1244 1323 1297 illis
1356 1259 1475 1298 esse
1504 1260 1656 1298 suum
1689 1244 1901 1307 haheat,

360 1339 660 1392 intimetur.

723 1443 950 1500 CAPUT
988 1442 1140 1496 Lvm
1172 1441 1265 1512 [ιιι.
1294 1440 1425 1511 LVI]
1458 1441 1547 1493 δι’.

362 1556 511 1622 Quod
537 1558 668 1610 sicut
699 1554 744 1607 Ρ
748 1556 867 1607 ilius
901 1563 973 1607 est
997 1552 1218 1610 essentia
1237 1551 1313 1603 vel
1333 1550 1584 1622 sapientia
1620 1548 1817 1622 Patris,
1843 1565 1901 1600 eo

428 1641 606 1685 sensu,
633 1625 755 1689 quia
770 1624 917 1675 habet
944 1622 1171 1689 eumdem
1209 1611 1479 1689 essentiam
1502 1618 1576 1689 uel
1597 1618 1905 1689 sapientium
1940 1611 1979 1663 B

428 1683 817 1760 quant-713mm;
850 1692 932 1760 sic
954 1690 1100 1760 idem
1140 1688 1366 1760 Spiritus
1394 1685 1457 1737 sit
1499 1686 1674 1737 Patris
1699 1694 1745 1736 et
1782 1683 1907 1735 Filii

430 1753 651 1811 Essenlia
678 1769 725 1809 et
746 1753 1020 1827 sapientia,
1044 1765 1091 1806 et
1125 1753 1336 1826 similia.

434 1846 619 1901 Potest
645 1859 858 1913 quoque
882 1841 1326 1911 quemadmodum
1361 1841 1525 1893 Filius
1549 1847 1629 1893 est
1662 1838 1879 1891 substan
1896 1866 1913 1876 -

366 1934 464 1997 tia,
514 1941 568 1987 et
617 1933 901 2001 sapientia,
945 1939 1002 1983 et
1051 1931 1220 1985 virtus
1258 1929 1454 1991 Patris,
1488 1942 1552 1981 eo
1592 1941 1751 1979 sensu
1790 1925 1913 1992 quia

364 2028 527 2081 habet
553 2026 621 2063 εδδ
652 2025 894 2079 eamdem
916 2025 1229 2087 essentiam,
1269 2031 1323 2076 et
1351 2018 1690 2088 sapientiam,
1726 2024 1781 2068 et
1808 2016 1914 2066 vir-

364 2126 556 2179 tutem,
591 2129 751 2183 quam
778 2114 971 2185 Pater;
1001 2114 1072 2167 ita
1114 2112 1391 2178 utriusque
1425 2107 1655 2174 Spiritus
1687 2102 1905 2169 intelligi

365 2203 617 2262 essentia,
675 2201 758 2254 vel
807 2192 1087 2269 sapientia,
1138 2199 1222 2252 vel
1264 2199 1434 2251 virtus
1476 2193 1651 2245 Patris
1683 2199 1736 2244 et
1762 2188 1914 2251 Filii,

362 2295 488 2363 quia
520 2293 681 2345 liabet
701 2292 921 2345 omnino
947 2292 1188 2343 eamdem
1218 2301 1378 2354 quam
1401 2284 1601 2337 habent
1622 2280 1695 2332 illi

734 2397 958 2453 CAPUT
998 2396 1108 2449 LIX
1139 2395 1235 2465 [αἱ.
1264 2390 1417 2461 LVII]
1453 2391 1544 2442 ⁸³⁸.

436 2512 587 2578 Quod
617 2511 791 2575 Pater,
817 2518 863 2561 et
889 2505 1077 2578 Filius,
1102 2514 1148 2557 et
1167 2520 1343 2578 eorum
1375 2501 1623 2568 Spiritus,
1654 2498 1847 2566 pariter

884 2578 982 2629 sint
1015 2576 1131 2627 inse
1160 2572 1392 2623 invicem.

363 2690 701 2743 (ἔοικε-»ηιατυς
744 2691 968 2738 caetris.
1008 2709 1069 2719 -
1125 2679 1186 2731 lli
1247 2686 1354 2729 tres
1405 2682 1527 2727 sum
1577 2687 1680 2727 una
1732 2671 1917 2724 eadem

437 2770 643 2809 summa
683 2752 1084 2820 essentia,»qnae
1116 2761 1211 2820 nec
1256 2747 1369 2798 sine
1394 2759 1470 2805 se,
1515 2748 1623 2820 nec
1652 2748 1800 2820 citra
1831 2752 1914 2820 se,

436 2806 734 2884 neemajor
769 2819 850 2872 vel
888 2806 1061 2886 mitior
1087 2815 1258 2886 seipsa
1309 2818 1649 2886 csse__potes_t_.
1688 2808 1826 2873 Ergo
1864 2806 1916 2858 hi

438 2876 547 2944 tres
575 2876 699 2941 sunt
724 2888 776 2938 in
805 2901 862 2939 se
886 2884 1141 2955 invicem;
1169 2876 1245 2933 ita
1275 2887 1330 2932 ut
1356 2878 1529 2955 nullus
1571 2876 1730 2955 alium
1762 2889 1919 2955 esce-

437 2959 549 3011 dat.
581 2955 778 3009 Deinde
810 2950 1064 3003 memoria
1089 2962 1310 3001 summa:
1336 2950 1579 3019 essentia:
1618 2952 1725 3019 tota
1750 2950 1910 3017 estin

433 3023 552 3091 ejus
581 3019 919 3087 intelligentia
942 3026 998 3073 et
1020 3028 1231 3080 amore,
1253 3021 1311 3067 et
1342 3011 1684 3091 intelligentia
1710 3011 1915 3091 in_ejus

436 3081 692 3145 memoria
716 3081 775 3140 εἴ
800 3100 1014 3145 amore,
1044 3095 1099 3137 et
1148 3097 1299 3151 antu;
1345 3081 1397 3133 in
1445 3081 1698 3151 memoria
1739 3085 1794 3127 et
1836 3081 1915 3151 i_n-

440 3152 883 3237 telligett-tja_ejus.
909 3151 1051 3237 Ergo
1071 3145 1399 3237 tot-Italiam:
1413 3147 1500 3214 qui
1520 3145 1909 3237 estnmgnrqria,

442 3210 527 3278 est
552 3210 615 3277 in
646 3210 803 3283 Filio,
855 3220 946 3287 qui
974 3210 1056 3271 est
1086 3210 1459 3287 intelligentia,
1507 3222 1562 3287 et
1596 3212 1645 3262 in
1686 3210 1911 3287 Spiritu,

441 3276 533 3358 qui
560 3276 644 3347 est.
664 3276 812 3343 amor
840 3276 940 3358 _:'e_t
972 3295 1114 3358 totus
1141 3276 1306 3358 Filius
1334 3289 1414 3335 est
1442 3279 1681 3358 inﬂPatrc
1708 3287 1761 3358 et
1789 3276 1910 3343 Spi-

440 3347 571 3420 r'itu,
628 3368 683 3411 et
712 3354 851 3409 totus
899 3354 1129 3420 Spiritus
1150 3352 1204 3403 in
1231 3350 1455 3420 Patrect
1483 3347 1617 3399 Filio
1647 3362 1660 3396 :
1692 3355 1743 3397 ct
1777 3359 1914 3395 unus

439 3416 650 3481 illorum
680 3438 782 3477 non
817 3416 994 3491 potest
1021 3434 1139 3474 esse
1162 3416 1440 3471 sine~aliis.

440 3528 736 3590 iucundum
759 3539 842 3585 est
863 3529 1058 3583 intueri
1090 3529 1142 3580 in
1175 3526 1353 3589 Patre,
1390 3535 1444 3578 et
1471 3523 1608 3576 Filio
1640 3529 1693 3574 et
1715 3519 1914 3573 utrius-

368 3636 479 3690 que
545 3619 767 3688 Spiritu,
816 3615 1081 3685 quomodo
1131 3614 1237 3667 sint
1276 3612 1328 3665 in
1377 3626 1435 3665 se
1496 3609 1727 3663 invicem"
1770 3617 1917 3691 tanta

368 3710 677 3779 aequalitate
700 3716 757 3760 ut
777 3707 949 3759 nullus
972 3704 1133 3757 alium
1156 3705 1394 3755 excedat.
1417 3700 1617 3753 Praeter
1637 3700 1735 3751 hoc
1750 3698 1914 3760 enim,

370 3799 501 3865 quia
540 3794 904 3862 unusquisque
943 3804 1125 3844 eorum
1179 3789 1257 3842 sic
1302 3794 1383 3840 est
1440 3784 1675 3853 perfecte
1711 3799 1919 3839 summa

368 3885 623 3943 essentia,
673 3891 728 3935 ut
775 3891 948 3933 tamen
980 3892 1168 3932 omnes
1215 3886 1321 3929 tres
1351 3874 1504 3927 simul
1538 3889 1641 3926 non
1681 3874 1790 3927 sint
1818 3875 1917 3926 nisi

369 3972 605 4030 essentia
637 3984 737 4023 una
768 3982 998 4029 summa,
1027 3980 1143 4031 quae
1179 3978 1275 4016 nec
1302 3963 1418 4016 sine
1449 3968 1507 4017 se
1550 3962 1633 4016 vel
1666 3969 1815 4015 extra
1840 3975 1917 4024 se,
1952 3998 1971 4023 η

368 4076 476 4115 nec
499 4059 669 4126 major
684 4056 765 4109 vel
789 4054 966 4127 minor
987 4053 1159 4120 seipsa
1182 4065 1300 4105 esse
1324 4058 1499 4119 potest
1530 4068 1543 4101 :
1573 4065 1668 4117 per
1688 4048 1921 4118 singulos

370 4157 555 4203 tamen
583 4145 808 4212 idipsum
839 4156 942 4194 non
970 4141 1145 4193 minus
1173 4139 1313 4191 valet
1342 4138 1575 4205 probari.
1602 4137 1695 4190 Est
1723 4136 1919 4190 etenim

373 4242 529 4286 totus
561 4214 720 4285 Pater
751 4232 801 4282 in
842 4229 973 4281 Filio
1003 4237 1058 4281 et
1083 4227 1353 4282 communi
1396 4224 1629 4292 Spiritu;
1663 4235 1717 4278 et
1755 4224 1920 4278 Filius
1951 4218 1994 4271 D

372 4320 430 4372 in
460 4318 639 4380 Patre,
667 4325 721 4370 et
744 4317 929 4389 eodem
956 4315 1191 4382 Spiritu;
1224 4322 1278 4366 et
1304 4312 1442 4365 idem
1484 4311 1715 4379 Spiritus
1747 4311 1797 4363 in
1820 4311 1921 4364 Pa-

375 4418 459 4459 tre
486 4416 540 4457 et
566 4404 729 4466 Filio;
784 4404 908 4471 quia
949 4403 1202 4454 memoria
1254 4414 1476 4453 summa:
1524 4399 1768 4451 essentia:
1812 4406 1920 4449 tota

371 4504 458 4548 est
482 4495 533 4545 in
550 4494 663 4561 ejus
687 4491 1030 4558 intelligentia
1048 4498 1099 4543 et
1121 4490 1172 4542 in
1198 4502 1396 4549 amore,
1415 4498 1466 4541 et
1491 4486 1835 4555 intelligentia
1853 4486 1920 4515 "'5

372 4586 431 4636 in
460 4580 715 4634 memoria
746 4589 800 4633 et
830 4582 881 4632 in
918 4594 1121 4640 amore,
1151 4586 1203 4631 et
1232 4592 1381 4630 amor
1414 4577 1465 4628 in
1502 4577 1756 4629 memoria
1783 4584 1836 4628 et
1864 4576 1917 4629 in

372 4668 749 4737 intelligentia.
800 4666 984 4719 Totam
1043 4668 1235 4734 quippe
1292 4680 1442 4721 suam
1493 4663 1561 4693 “°
1611 4664 1919 4716 memoriam

373 4770 621 4808 summus
642 4754 1224 4821 intelligitSpiritus,et
1251 4762 1422 4813 amat;
1453 4760 1505 4803 et
1536 4751 1695 4802 totius
1720 4750 1917 4803 intelli-

2011 362 2274 424 memiuit,
2302 368 2358 414 et
2385 370 2557 414 totum.
2607 361 2871 429 intelligit.
2922 360 3238 427 lntelligitur
3283 373 3460 412 autem
3502 360 3554 412 iu

2010 448 2261 500 memoria
2289 446 2476 511 Pater;
2523 448 2575 499 in
2622 447 2970 515 intelligentia
3008 447 3203 510 Filius;
3247 446 3299 498 in
3343 460 3553 507 amore,

2010 534 2287 600 utriusque
2318 532 2574 600 Spiritus.
2614 532 2782 585 Tanta
2814 534 2976 600 igitur
3001 524 3166 586 Pater
3202 543 3255 586 et
3286 533 3472 596 Filius,
3503 541 3557 586 et

2012 618 2284 686 utriusque
2311 618 2566 686 Spiritus,
2588 620 2892 687 aequalitate
2934 635 3052 674 sese
3097 621 3553 688 complectuntur,

2009 711 2065 756 et
2080 713 2211 757 sunt
2235 706 2287 757 in
2324 720 2383 758 se
2434 707 2662 759 invicem
2698 716 2754 759 ut
2785 723 2971 761 eorum
3008 708 3182 762 nullus
3211 710 3371 762 alium
3398 724 3556 762 exce-

2010 792 2137 846 dere
2162 801 2257 845 aut
2280 793 2395 846 sine
2419 808 2482 846 eo
2504 808 2620 846 esse
2643 794 2912 861 probetur.

2382 920 2605 974 CAPUT
2645 922 2734 975 ω(
2766 924 2859 992 [αι.
2892 923 3069 997 Lvuq
3095 925 3181 976 επ.

2011 1008 2161 1078 Quod
2216 1008 2386 1078 nullus
2430 1025 2605 1062 eorum
2651 1011 2755 1063 aiio
2794 1013 3020 1078 indigeat
3051 1014 3117 1063 ad
3150 1002 3555 1078 memorandum,

2078 1076 2164 1150 vel_
2202 1076 2607 1145 intelligendum,
2651 1078 2755 1150 Ave!
2796 1076 3108 1150 aumatium;
3155 1084 3273 1149 quia
3324 1076 3558 1150 singulas

2076 1146 2287 1212 quisque
2310 1155 2382 1197 est
2448 1148 2714 1211 memoria,
2747 1156 2794 1200 et
2822 1146 3179 1213 intelligentia,
3218 1158 3268 1199 et
3308 1146 3471 1213 amor,
3510 1161 3559 1203 et

2077 1213 2325 1280 quidquid
2355 1228 2555 1265 necesse
2576 1223 2650 1266 est
2681 1218 2842 1268 inesse
2871 1231 3086 1269 summa
3115 1217 3363 1269 essentia'.

2015 1343 2353 1400 Cousnecrus
2388 1361 2613 1401 carms.
2644 1376 2712 1385 —
2758 1346 2866 1400 Nec
2911 1355 3088 1400 tamen
3145 1347 3325 1401 nullus
3375 1363 3560 1410 eorum

2080 1415 2183 1466 alio
2217 1415 2417 1481 indiget
2441 1415 2553 1467 sive
2583 1415 2647 1467 ad
2674 1416 3095 1479 memorandum,
3128 1417 3241 1469 sive
3270 1414 3337 1469 ad
3365 1417 3561 1470 intelli-

2078 1482 2338 1549 gendum,
2371 1488 2485 1533 sive
2504 1482 2578 1552 ad
2610 1483 2917 1552 amandum.
2965 1482 3096 1552 Cum
3148 1486 3287 1535 enim
3337 1485 3563 1552 quisque
3624 1500 3633 1505 ’

2082 1552 2150 1602 sit
2165 1550 2635 1617 summaessentia,
2651 1549 2886 1615 singulos
2905 1551 3131 1616 quisque
3155 1566 3250 1617 per
3273 1568 3329 1604 se
3350 1549 3430 1603 est
3452 1549 3562 1603 nic-

2085 1618 2277 1679 moria,
2307 1616 2654 1686 intelligentia
2678 1626 2730 1669 et
2753 1631 2933 1681 amor;
2968 1627 3023 1669 et
3046 1620 3115 1670 ita
3146 1616 3389 1685 singulas
3419 1620 3563 1686 quis-

2086 1700 2190 1752 que
2219 1684 2695 1762 pensememiuit,
2741 1700 2837 1751 per
2864 1700 2923 1738 se
2966 1684 3251 1752 intelligit,
3280 1684 3461 1755 θυρεξὲ
3500 1703 3563 1740 se

2086 1765 2261 1816 amat;
2289 1760 2428 1805 sicut
2453 1766 2548 1820 per
2573 1766 2631 1805 se
2653 1764 2754 1805 est.

2084 1885 2189 1939 Sed
2216 1887 2270 1938 in
2301 1886 2385 1938 his
2409 1886 2708 1941 nullatenus
2755 1886 3083 1957 negligenter
3106 1893 3376 1946 memoria:
3405 1908 3556 1946 com-

2015 1974 2386 2037 mendandum,
2425 1976 2567 2042 quod
2596 1976 2819 2029 intuenti
2846 1978 2972 2031 milii
3006 1982 3259 2045 occurrit,
3292 1982 3558 2035 existimo.

2020 2060 2112 2113 Sic
2135 2062 2277 2114 enim
2308 2078 2526 2115 necesse
2548 2073 2629 2116 est
2652 2072 2707 2116 ut
2738 2064 2898 2117 Pater
2924 2067 3246 2134 intelligatur
3271 2072 3560 2133 memoria,

2014 2146 2180 2200 Filius
2229 2148 2599 2217 intelligentia,
2643 2150 2875 2218 Spiritus
2922 2166 3103 2217 amor;
3152 2164 3208 2205 ut
3257 2170 3355 2207 nec
3403 2156 3568 2210 Pater

2016 2234 2247 2301 indigeat
2275 2234 2432 2298 Filio,
2464 2247 2554 2289 aut
2581 2240 2848 2290 communi
2882 2239 3103 2305 Spiritu,
3138 2257 3234 2294 nec
3272 2243 3438 2296 Filius
3461 2242 3564 2295 Pa-

2020 2330 2099 2373 tre
2128 2322 2209 2373 vel
2232 2321 2416 2375 eodem
2454 2322 2678 2389 Spiritu,
2719 2325 2831 2377 sive
2860 2326 2995 2379 idem
3026 2327 3258 2393 Spiritus
3286 2321 3446 2383 Patre
3469 2342 3563 2383 aut

1940 2464 1945 2483 ,
2018 2410 2153 2464 Filio
2180 2411 2278 2474 ως
2309 2412 2457 2478 quasi
2489 2412 2650 2466 Pater
2671 2428 2766 2481 per
2796 2429 2855 2466 se
2898 2417 3203 2470 meminisse
3246 2418 3417 2471 solum
3438 2433 3564 2486 pos-

2020 2497 2112 2562 sit,
2145 2498 2443 2568 intelligere
2470 2508 2648 2553 autem
2682 2503 2890 2555 nonnisi
2914 2517 3008 2569 per
3050 2503 3256 2559 Filium.
3301 2515 3356 2558 et
3378 2521 3563 2562 amare

2020 2587 2233 2639 nonnisi
2258 2602 2356 2653 per
2384 2603 2538 2641 suum
2585 2590 2812 2657 Filiique
2850 2592 3150 2663 Spiritum;
3183 2604 3237 2646 et
3276 2594 3443 2650 Filius
3468 2612 3564 2664 per

2020 2686 2079 2724 se
2098 2673 2403 2740 intelligere
2436 2683 2638 2744 tantum
2677 2686 2855 2743 queat,
2885 2694 2980 2745 per
3000 2679 3216 2734 Patrem
3246 2692 3421 2737 autem
3450 2701 3565 2739 me-

2020 2776 2138 2813 mor
2157 2762 2248 2824 sit,
2271 2770 2442 2829 etper
2469 2762 2728 2847 Spiritum
2758 2781 2909 2819 suum
2943 2778 3115 2833 amet;
3147 2780 3199 2823 et
3231 2772 3366 2825 idem
3397 2772 3567 2841 Spiri-

2023 2857 2106 2901 tus
2129 2864 2224 2916 per
2247 2865 2304 2902 se
2330 2866 2435 2903 non
2466 2852 2606 2904 aliud
2632 2868 2788 2919 quam
2817 2870 2997 2908 amare
3021 2857 3086 2887 “9
3115 2859 3308 2921 valeat,
3334 2862 3427 2915 sed
3459 2861 3561 2916 Pa—

2018 2945 2098 2989 ter
2137 2938 2208 2989 illi
2231 2939 2301 2991 sit
2331 2954 2555 3001 memor,
2582 2952 2635 2992 et
2672 2942 2837 2996 Filius
2864 2945 2938 2995 illi
2979 2946 3254 3014 intelligat.
3278 2948 3410 3003 Nam
3439 2966 3559 3004 cum

2016 3027 2067 3079 in
2099 3027 2180 3080 his
2214 3026 2399 3091 tribus,
2425 3030 2786 3101 unusquisque
2804 3033 3042 3100 singulos
3066 3036 3137 3088 sit
3157 3053 3362 3089 summa
3385 3054 3565 3093 essen-

2018 3117 2086 3168 tia
2116 3126 2169 3169 ct
2210 3132 2417 3169 summa
2465 3119 2721 3185 sapientia
2748 3121 2829 3173 sic
2874 3122 3129 3189 perfecta,
3159 3133 3218 3176 ut
3247 3127 3358 3193 ipsa
3383 3143 3477 3195 per
3507 3145 3565 3182 se.
3650 3162 3653 3165 -

2014 3219 2221 3257 memor
2258 3205 2328 3256 sit
2373 3213 2427 3257 et
2473 3204 2758 3271 intelligat,
2808 3217 2863 3260 et
2899 3223 3062 3270 amet,
3103 3228 3319 3266 necesse
3374 3227 3457 3268 est
3508 3228 3567 3269 nt

2015 3296 2189 3348 nullus
2225 3296 2414 3350 horum
2439 3294 2443 3298 ’
2470 3302 2629 3350 trium
2660 3298 2727 3327 ⁸⁸⁸
2758 3298 2862 3350 alio
2902 3300 3157 3367 indigeat.
3210 3304 3313 3371 23
3355 3314 3449 3358 aut
3496 3310 3565 3360 ad

2017 3384 2438 3447 memorandum,
2464 3395 2555 3437 aut
2591 3386 2655 3437 ad
2686 3387 3106 3452 intelligendum,
3142 3402 3231 3442 aut
3265 3394 3329 3445 ad
3374 3406 3573 3448 aman-‘

2016 3466 2173 3524 dmn.‘
2217 3471 2467 3541 Singulus
2514 3463 2655 3525 enim
2697 3474 2923 3541 quisque
2969 3479 3332 3532 essentialiter
3377 3492 3459 3534 est
3512 3496 3567 3540 ct

2018 3561 2295 3624 memoria,
2363 3571 2417 3614 et
2457 3560 2827 3629 intelligentia,
2875 3571 2929 3615 et
2980 3578 3150 3623 amor.
3203 3573 3256 3619 et
3306 3546 3567 3638 quidquid

2016 3665 2239 3704 summa:
2267 3651 2514 3705 essentia:
2544 3666 2764 3705 necesse
2795 3660 2877 3705 est
2908 3653 3083 3706 inesse
3105 3656 3189 3708 6“.

2397 3778 2620 3834 CAPUT
2661 3778 2771 3832 LXI
2804 3780 2897 3850 [αι.
2924 3780 3059 3852 LIX]
3092 3782 3178 3837 ‘5‘.

2021 3890 2170 3954 Quod
2207 3901 2506 3963 tamennon
2536 3892 2636 3944 sint
2668 3903 2789 3951 tres,
2819 3893 2907 3944 sed
2931 3910 3089 3953 unus,
3130 3910 3218 3945 seu
3259 3896 3443 3963 Pater,
3466 3885 3563 3954 ’δρα

2254 3966 2255 3969 “
2327 3958 2496 4011 Filius
2519 3999 2532 4021 ,
2580 3976 2668 4012 seu
2704 3963 2967 4028 utriusque
3004 3962 3249 4029 Spiritus.

2020 4068 2352 4121 Cousrscrus
2387 4083 2692 4122 camrrs.—
2711 4070 2963 4135 Quamvis
2992 4082 3165 4125 autem
3202 4073 3359 4126 Pater
3380 4076 3455 4135 sit
3482 4077 3560 4130 in-

2091 4136 2396 4207 telligeutia
2413 4147 2465 4189 et
2496 4153 2692 4207 amor,
2742 4134 2849 4194 non
2901 4148 3087 4193 tamen.
3116 4152 3196 4193 est
3226 4142 3388 4195 Filius
3412 4185 3426 4207 ,
3447 4134 3456 4149 ⁸
3476 4155 3568 4197 aut

2090 4205 2311 4281 alicujus
2367 4204 2626 4281 Spiritus_;
2665 4208 2787 4281 quia
2827 4223 2930 4260 non
2974 4204 3430 4281 estintelljgcntia
3473 4227 3567 4279 ge-

2096 4274 2225 4343 nita,
2258 4288 2365 4343 nec
2392 4289 2541 4339 amor
2563 4275 2629 4326 ab
2655 4275 2835 4340 aliqua
2881 4274 3187 4343 procedens.
3230 4274 3292 4329 Εἰ
3336 4274 3569 4331 ΙίοθιῬὶ-

2098 4340 2197 4393 lius
2226 4342 2295 4393 sit
2318 4343 2569 4394 memoria
2612 4350 2667 4393 et
2705 4340 2894 4404 amor,
2916 4359 3017 4395 non
3073 4354 3244 4397 tamen
3276 4356 3355 4399 est
3388 4346 3565 4402 Pater.

2048 4426 2051 4429 ’
2097 4416 2187 4461 aut
2215 4409 2446 4477 Spiritus
2489 4409 2741 4479 alicujus;
2780 4410 2900 4476 quia
2946 4427 3050 4465 non
3096 4424 3176 4465 est
3204 4416 3453 4465 tnernoria
3483 4416 3564 4479 gi-

2098 4490 2281 4541 gnens,
2304 4492 2399 4544 nec
2419 4492 2569 4529 amor
2591 4480 2656 4531 ab
2680 4478 2783 4529 alio
2808 4480 3119 4543 procedens.
3147 4480 3281 4533 sicut
3313 4478 3564 4544 Spiritus.

2100 4544 2187 4596 Sic
2219 4545 2317 4598 etsi
2348 4542 2579 4612 Spiritus
2599 4554 2679 4598 est
2709 4542 2960 4598 memoria
2988 4556 3039 4598 et
3062 4542 3434 4610 intelligentia,
3460 4562 3564 4602 non

2097 4620 2269 4664 tamen
2309 4612 2486 4673 Pater,
2535 4622 2623 4665 aut
2649 4613 2831 4671 Filius.
2880 4614 3000 4677 quia
3033 4627 3134 4665 non
3181 4623 3260 4664 est
3311 4617 3566 4668 memoria

2095 4680 2346 4745 gignens,
2398 4696 2494 4731 nec
2531 4680 2872 4742 intelligentia
2911 4679 3270 4744 genita.Unus
3306 4682 3486 4744 itaque
3515 4684 3566 4737 in

2095 4762 2300 4799 summa
2351 4748 2576 4801 essentia
2606 4746 2782 4809 Pater,
2822 4762 2955 4799 unus
2991 4747 3176 4811 FllllIS,
3226 4765 3363 4801 unus
3394 4751 3567 4817 Spiri-

1646 4858 1877 4912 vaum
1908 4855 2321 4925 LECTIONESa

456 4970 519 5000 ’τί
551 4968 711 5049 Quod
728 4970 939 5039 quidem
968 4968 1011 5021 si
1038 4983 1132 5019 ms.
1155 4966 1452 5049 Thultinziio
1490 4981 1629 5049 (Ill-9t]
1659 4967 1795 5043 idem
1823 4966 1866 5017 si
1941 4964 2007 4993 δι’
2038 4962 2181 5049 Cap.n
2196 4962 2261 5012 56
2281 4963 2437 5049 ἐξείη
2469 4977 2588 5013 mss.
2623 4971 2773 5040 caput
2967 4952 3189 5042 “ﬂQuia
3220 4964 3411 5049 haheat
3436 4979 3562 5049 (mss.

377 5039 519 5091 Tuu.
557 5030 644 5087 30.
672 5030 851 5088 Crater.
884 5038 1002 5103 quia
1030 5038 1186 5091 habet
1262 5035 1328 5103 ⁵⁷σὲ
1357 5034 1484 5103 (ξαρ.
1509 5030 1583 5085 ’57
1607 5035 1755 5103 estin
1786 5050 1906 5084 mss.
1934 5042 2081 5100 caput
2116 5030 2181 5103 5Q

375 5117 435 5160 et
466 5107 518 5157 in
544 5118 723 5155 amore
764 5113 816 5155 et
851 5097 1192 5170 intelligentia
1268 5102 1336 5170 Ψ
1370 5097 1557 5170 Totam
1602 5097 2143 5170 quippesuam'mss1
2167 5097 2405 5170 Πρω-,90
2442 5106 2604 5170 to_tam
2632 5099 3131 5170 qttippesupttnam

370 5170 473 5226 est
495 5174 547 5222 iu
578 5186 700 5225 mss.
745 5184 893 5236 caput
930 5174 997 5223 (id
1021 5163 1047 5170 ν
1106 5171 1172 5201 ⁶⁸⁸
1201 5169 1431 5238 Spiritus
1464 5163 1631 5223 Patre
1657 5163 1710 5220 et
1733 5163 1745 5166 ⁷
1770 5168 1903 5238 Filio
1940 5182 2063 5238 mss;
2104 5165 2253 5238 (Iem.
2306 5164 2434 5215 Vict.
2468 5164 2592 5231 Sag.
2625 5163 2679 5216 S.

374 5184 473 5226 est
495 5174 547 5222 iu
578 5186 700 5225 mss.
745 5184 893 5236 caput
930 5174 997 5223 (id

2281 5030 2347 5058 ⁸³⁵
2375 5029 2437 5081 Ει
2460 5044 2638 5081 amore
2662 5041 2713 5078 et
2739 5031 3080 5097 intelligentia
3112 5047 3232 5082 mss.
3268 5030 3399 5080 Vict.
3433 5028 3559 5094 Sag.

2286 5136 2297 5149 .
2337 5097 2405 5149 90
2442 5106 2604 5149 totam
2636 5099 2830 5149 uttinue
2871 5113 3131 5149 summam
3237 5098 3301 5127 ⁸⁸⁷
3334 5097 3459 5149 Cap.
3495 5097 3566 5149 58

3375 5115 3459 5148 αι).
3495 5115 3527 5148 ἱ)

2792 5114 2830 5148 »ρ
2871 5113 3131 5151 summam
3237 5113 3297 5127 ιη’
3334 5113 3459 5161 Lup.
3495 5113 3565 5149 at!

2792 5166 2888 5217 iclt.
2921 5166 3151 5231 Spiritus
3180 5166 3333 5217 Patre
3360 5173 3412 5214 el
3434 5163 3565 5216 Filio

375 5242 450 5272 ⁸³⁸
486 5238 715 5306 Spiritus
742 5230 834 5304 per
861 5252 917 5306 se
947 5253 1048 5306 non
1078 5238 1213 5289 aliud
1245 5230 1409 5303 quam
1437 5250 1619 5306 amare
1643 5252 1764 5287 mss.
1796 5234 1996 5306 Tﬁuau.
2017 5232 2261 5306 Spiritus
2290 5248 2382 5297 per
2406 5248 2462 5284 se
2495 5230 2595 5284 neu
2630 5249 2722 5299 per
2744 5234 2884 5306 aliud
2908 5230 3088 5286 amare
3146 5234 3222 5306 _‘5°
3253 5230 3560 5306 Nullusneu.

379 5325 505 5360 rum
529 5296 686 5358 'trium
716 5296 833 5356 nias.
864 5304 919 5355 S.
957 5303 1114 5355 Mida.
1146 5296 1327 5355 Cistér.
1361 5304 1534 5355 nullus
1565 5306 1751 5355 horum
1781 5304 1936 5353 trium
2013 5296 2085 5330 5““
2126 5296 2357 5353 Summa:
2396 5309 2476 5352 est
2508 5296 2720 5351 necesse
2749 5304 2919 5354 inesse
2965 5303 3204 5354 essentia:
3243 5316 3365 5350 mss.
3430 5296 3560 5358 Vict.

376 5376 515 5444 Sag.
546 5373 732 5429 Cister.
761 5372 989 5425 Summa:
1013 5372 1255 5424 essentne
1286 5386 1498 5425 necesse
1538 5380 1619 5423 est
1663 5372 1835 5424 inesse
1910 5370 1977 5399 ⁵⁸⁸
2008 5369 2133 5429 Cap.
2166 5368 2232 5421 59
2258 5380 2327 5419 est
2356 5370 2407 5419 in
2438 5386 2559 5420 mss.
2596 5381 2742 5437 caput
2776 5370 2834 5420 (il
