4226 6202
628 236 728 289 ἓυτ

1153 236 1206 285 S.
1250 228 1545 315 ANSEIJMI
1575 230 1919 283 tZAN'I'UAlI.
1955 231 2268 283 AlltIHllil‘.
2305 232 2452 286 Ol‘l‘.
2497 233 2671 287 PARS
2703 234 2742 287 l.
2773 265 2822 274 —-

1619 230 1919 283 ANI‘UAII.
1955 231 2268 283 AIICHIICP.
2305 232 2452 286 Ol‘l‘.
2497 233 2671 287 PARS
2703 234 2742 287 l.
2773 265 2841 301 -έ
2882 236 3285 289 ΒΟΩΜΑΊΊΠΑ.

629 393 632 395 Α
688 358 768 413 Ius
799 367 808 397 :
844 356 893 397 et
939 361 1041 396 non
1085 351 1190 395 tres
1221 341 1422 402 I‘atres,
1454 354 1552 394 nec
1587 348 1696 393 tres
1743 338 1892 402 Filii;
1929 354 2025 391 nec
2058 348 2165 393 tres
2198 343 2243 400 Λ
2270 339 2465 405 aliquid
2489 341 2625 406 quod
2647 352 2795 393 extra
2824 343 2937 408 ejus
2958 352 3187 397 mentem
3215 356 3432 405 cst,non
3461 350 3831 406 nasciturum-

689 418 935 482 Spiritus.

686 504 979 568 Qnannlam
1011 502 1095 553 hic
1122 499 1274 551 video
1302 500 1647 566 quaestionem
1688 511 1993 550 occurrere.
2038 499 2175 553 Nam

615 595 657 647 si
690 595 841 645 l'atet‘
868 592 936 641 ita
969 599 1047 641 est
1089 589 1437 656 intelligentia
1474 598 1527 640 et
1551 601 1719 648 amor,
1752 576 1890 638 sicut
1929 595 2014 639 est
2060 603 2170 641 me-

613 682 802 741 moria,
833 684 885 730 e’t
923 678 1088 731 Filius
1120 678 1196 729 sic
1226 686 1309 729 cst
1333 676 1585 729 memoria
1617 684 1670 727 et
1704 690 1876 739 amor,
1906 679 2170 743 quomodo

609 783 686 819 est
724 769 1098 836 intelligentia;
1122 777 1175 820 et
1198 767 1473 831 utriusque
1500 763 1732 832 Spiritus
1762 781 1867 818 non
1894 766 2069 820 minus
2089 778 2169 820 est

611 876 805 913 inciam
824 860 871 911 ia
899 870 950 910 ct
980 854 1351 923 intelligentia,
1378 867 1539 920 quam
1572 867 1724 906 amor
1745 871 1756 906 :
1776 855 2042 922 quomodo
2063 870 2166 909 non

610 956 691 999 est
723 947 895 1005 Pater,
944 945 1126 1007 Filius,
1166 950 1220 994 ct
1250 941 1473 1007 alicujus
1514 941 1585 972 ⁵⁵³
1622 941 1881 1009 Spiritus;
1927 951 1979 996 et
2002 958 2169 1011 quare

602 1051 710 1087 non
733 1044 812 1086 est
845 1032 1029 1093 Filius,
1062 1031 1224 1084 Pater
1252 1041 1305 1083 et
1330 1030 1557 1099 alicujus
1586 1031 1837 1100 Spiritus,
1866 1042 1918 1085 et
1942 1050 2037 1086 cur
2062 1046 2163 1085 non

606 1132 688 1176 cst
715 1123 852 1175 idem
884 1122 1140 1190 Spiritus,
1173 1110 1396 1190 aliciijns
1423 1121 1599 1183 Pater,
1637 1132 1690 1174 et
1714 1122 1937 1188 alicujus
1962 1123 2165 1174 Filius?

606 1211 682 1264 sic
710 1212 904 1279 quippe
939 1210 1332 1277 intelligebatur
1359 1210 1500 1275 quod
1530 1210 1783 1259 memoria
1812 1219 1956 1261 esset
1983 1200 2158 1273 Pater,

608 1298 773 1351 Filius
804 1298 1171 1367 intelligentia,
1206 1297 1480 1361 utriusque
1507 1295 1746 1361 Spiritus
1775 1310 1943 1347 amor.
1968 1296 2161 1349 Verum

608 1389 719 1440 haec
747 1388 971 1455 quaestio
1002 1403 1105 1439 non
1136 1385 1349 1438 ditIieile
1380 1387 1624 1447 solvitur,
1648 1388 1691 1439 si
1719 1402 1779 1440 ea
1802 1387 2038 1454 qtnejan.
2072 1405 2160 1442 ra-

605 1477 747 1527 tione
771 1475 980 1526 inventa
1012 1482 1137 1526 sunt
1176 1474 1602 1527 considerentur.
1633 1476 1837 1528 Idcirco
1868 1476 2011 1529 enim
2057 1492 2159 1530 non

602 1572 682 1615 cst
719 1560 880 1615 Pater
914 1561 1106 1626 Filius,
1138 1568 1244 1614 'aut
1285 1560 1506 1628 alicujus
1534 1562 1765 1630 Spiritus
1795 1564 1883 1625 ⁸⁸⁸,
1926 1564 2050 1618 licet
2092 1568 2161 1620 sit

2270 430 2393 481 bum
2436 431 2679 496 cogitatae
2726 433 2800 485 rei
2837 449 2901 485 ex
2946 434 3059 501 ipsa
3092 450 3177 499 rc;
3208 436 3333 502 quia
3370 436 3480 503 ipsa
3512 439 3703 492 absens
3746 453 3831 496 est

2270 532 2298 568 a
2329 519 2663 585 cogitationis
2709 520 2934 587 intuitu,
2968 524 3059 576 sed
3109 538 3174 577 cx
3232 525 3304 577 rei
3347 525 3523 593 aliqua
3572 529 3825 581 similitu-

2270 604 2391 657 dine
2423 605 2503 658 vel
2535 607 2784 671 imagine,
2808 625 2926 674 qua:
2952 622 3034 664 est
3056 613 3109 665 iu
3133 615 3417 682 cogitantis
3440 619 3718 681 memoria,
3735 631 3831 672 aut

2269 694 2408 745 forte
2440 710 2558 760 qnze
2604 704 2749 757 tunc,
2787 713 2909 748 cum
2942 704 3174 767 cogitat,
3207 718 3301 770 per
3345 721 3659 773 corporeum
3707 725 3825 761 sen-

2268 795 2382 833 sum
2410 796 2474 832 ex
2505 797 2561 835 re
2591 786 2837 849 praesenti
2870 788 3171 842 innuentem
3198 795 3508 846 attrahitur.
3542 798 3595 849 In
3620 814 3829 852 summa

2265 880 2391 919 vero
2418 870 2647 922 essentia
2675 871 2754 925 sic
2794 874 2893 926 sibi
2926 889 3136 942 semper
3164 876 3230 905 ⁸⁸⁵
3253 890 3377 930 sunt
3416 895 3703 946 prmsentcs
3736 887 3830 938 Pa—

2248 964 2369 1019 ter,
2397 965 2451 1009 et
2489 957 2674 1023 Filius,
2709 970 2761 1014 et
2787 978 2971 1016 eorum
3024 964 3301 1032 Spiritus:
3355 977 3435 1019 est
3480 970 3645 1030 enim,
3691 974 3829 1033 sient

2256 1044 2368 1111 jam
2417 1061 2755 1118 perspectum
2804 1062 2921 1114 est,
2973 1056 3337 1122 unusquisque
3391 1071 3493 1108 non
3548 1059 3721 1111 minus
3770 1060 3826 1113 in

2263 1137 2385 1189 aliis
2412 1153 2572 1204 quam
2604 1139 2656 1191 in
2687 1142 2893 1207 seipso;
2934 1150 2990 1194 ut
3015 1158 3133 1194 cum
3169 1144 3395 1196 invicem
3436 1159 3494 1197 se
3519 1145 3724 1208 dicunt,
3747 1148 3826 1201 sic

2261 1226 2501 1277 videatur
2532 1227 2667 1280 idem
2716 1229 2828 1296 ipse
2854 1269 2867 1291 ,
2904 1232 2994 1298 qui
3040 1230 3275 1294 dicitur,
3335 1234 3553 1301 gignere
3601 1237 3823 1289 verbum

2262 1327 2437 1376 suum,
2486 1315 2933 1381 quemadmodum
2964 1334 3085 1371 cum
3125 1335 3155 1371 a
3198 1320 3376 1387 seipse
3415 1322 3632 1374 dicitur.
3682 1323 3826 1388 Quo-

2262 1404 2417 1455 modo
2446 1419 2571 1471 ergo
2623 1405 2753 1457 nihil
2783 1407 2950 1474 gignit
3002 1408 3185 1471 Filius,
3238 1419 3329 1461 aut
3377 1410 3493 1476 ejus
3539 1411 3824 1481 Patrisque

2262 1488 2520 1557 Spiritus;
2552 1492 2595 1545 si
2621 1495 3183 1562 nnusqnisqnecorum
3209 1497 3431 1550 verbum
3454 1500 3819 1573 gignitsunm,

2260 1592 2380 1631 eum
2416 1596 2442 1631 a
2474 1581 2652 1647 scipso
2682 1582 2881 1665 dicitur
2918 1583 3001 1637 vel
3033 1585 3100 1638 ab
3152 1584 3255 1636 alio
3296 1585 3407 1637 “'2'
3453 1586 3593 1650 Quo.
3641 1597 3818 1641 autem

602 1648 944 1716 intelligentia
973 1658 1026 1702 et
1057 1665 1236 1713 amor;
1262 1649 1383 1717 quia
1413 1664 1518 1702 non
1564 1657 1648 1703 est
1691 1650 2042 1720 intelligentia
2070 1670 2161 1722 ge-
2192 1646 2235 1704 Β
2261 1683 2271 1709 η

2147 1685 2161 1696 -
2192 1646 2235 1704 Β
2261 1667 2420 1721 verba
2454 1669 2666 1735 probari
2708 1647 2930 1737 ptissuut
2965 1672 3031 1725 de
3072 1687 3278 1725 summa
3306 1675 3449 1727 nasci
3495 1678 3816 1742 substantia,

602 1738 733 1801 nita,
768 1747 857 1789 ant
886 1754 1036 1790 amor
1076 1740 1142 1793 ab
1185 1738 1361 1807 aliquo
1391 1740 1711 1806 procedens;
1764 1742 1856 1795 sed
1903 1743 2160 1811 quidquid

520 1870 531 1882 ,
600 1834 704 1887 est,
748 1826 970 1892 gignens
1019 1833 1101 1877 est
1155 1833 1462 1886 tantnin,ct
1508 1840 1536 1877 a
1582 1841 1688 1893 quo
1734 1829 1975 1894 procedit
2002 1830 2152 1883 alius.

601 1913 765 1965 Filius
797 1928 1008 1981 quoque
1050 1913 1167 1965 ideo
1199 1927 1302 1966 non
1334 1924 1416 1967 est
1455 1914 1635 1977 Pater,
1671 1925 1764 1968 aut
1790 1915 2012 1982 alicujus
2043 1919 2160 1987 Spi-

602 2005 764 2065 ritus’;
796 2001 1042 2069 quamvis
1072 2003 1247 2069 seipso
1290 2011 1345 2055 et
1395 2016 1600 2055 memor
1628 2003 1697 2043 ⁵⁸³
1737 2004 1843 2069 sit,
1890 2014 1945 2058 et
1979 2016 2155 2070 amet;

599 2092 721 2157 quia
749 2106 852 2142 non
885 2099 965 2142 est
994 2091 1248 2143 memoria
1274 2091 1521 2159 gignens,
1558 2101 1651 2145 aut
1677 2107 1827 2146 amor
1849 2095 1915 2147 ab
1942 2084 2063 2155 alio,
2094 2097 2159 2149 ad

596 2175 739 2229 simil
765 2175 999 2227 tudinem
1024 2175 1106 2227 sui
1137 2175 1387 2242 Spiritus,
1417 2178 1739 2242 procedens;
1773 2180 1867 2232 sed
1900 2181 2158 2248 quidquid

597 2266 802 2323 existit,
837 2273 1039 2317 tantum
1070 2263 1326 2333 gignitur,
1369 2274 1423 2317 et
1464 2273 1545 2318 est
1570 2280 1598 2317 a
1626 2279 1733 2333 quo
1772 2266 2003 2336 Spiritus
2038 2286 2161 2337 pru-
2216 2261 2225 2267 ’

599 2353 759 2406 cedit.
801 2352 1058 2419 Spiritum
1098 2366 1314 2420 quoque
1358 2350 1468 2406 non
1513 2355 1656 2421 cogit
1682 2370 1803 2409 esse
1830 2356 2041 2409 Patrem
2072 2367 2163 2410 aut

601 2440 813 2501 Filium,
847 2442 966 2505 hoc,
991 2440 1116 2508 quia
1162 2448 1450 2494 contentus
1478 2449 1561 2492 est
1598 2444 1857 2496 memoria
1890 2452 1982 2496 aut
2012 2446 2163 2497 intel-

598 2528 810 2596 ligentia
838 2544 953 2591 sua,
986 2544 1107 2581 cum
1156 2544 1259 2582 non
1295 2529 1364 2561 ⁸⁸³
1393 2531 1465 2582 sit
1496 2533 1751 2584 memoria
1797 2534 2042 2601 gignens,
2072 2546 2163 2588 aut

597 2618 939 2684 intelligentia
976 2618 1151 2683 genita
1177 2655 1191 2680 ,
1221 2619 1312 2671 sed
1341 2619 1535 2684 solum,
1569 2620 1822 2688 quidquid
1847 2633 1948 2685 cst,
1979 2639 2162 2689 procc-

597 2704 689 2756 dat
739 2704 830 2755 “7.
862 2703 998 2769 Quid
1050 2704 1210 2772 igitur
1265 2706 1512 2771 prohibet
1564 2706 1808 2759 concludi
1856 2708 1977 2773 quia
2026 2722 2160 2762 unus

597 2802 803 2845 tantum
846 2793 1006 2844 estin
1056 2807 1259 2844 smnma
1303 2794 1535 2845 essentia
1581 2794 1774 2853 Pater,
1810 2811 1946 2847 unus
1976 2795 2155 2859 Filius,

596 2898 734 2935 unus
766 2881 1027 2949 Spiritus;
1060 2890 1110 2934 ct
1141 2898 1243 2934 non
1276 2893 1383 2935 tres
1411 2883 1617 2945 Patres,
1650 2892 1741 2935 aut
1766 2884 2011 2949 Filii,aut
2042 2888 2160 2954 Spi-

598 2976 775 3029 ritus?

975 3060 1215 3135 carui,
1240 3065 1381 3135 LXII
1413 3064 1505 3134 [(ιί.
1538 3062 1664 3135 LX]
1691 3067 1777 3117 επ.

558 3160 561 3161 ν
602 3134 871 3196 Oiwmodo
918 3148 980 3184 ex
1010 3135 1088 3183 his
1129 3134 1292 3183 tribus
1330 3134 1502 3199 plures
1540 3134 1660 3213 ﬁlii"
1689 3134 1833 3185 nosci
1871 3134 2156 3185 vidcantur.

598 3223 939 3275 Cossrecrus
963 3235 1265 3287 CAPITIS.—-—
1286 3220 1413 3271 Cum
1438 3221 1674 3285 singulas
1700 3222 1923 3287 quisque
1949 3220 2156 3271 illorum

672 3291 829 3341 trinut
871 3304 927 3339 se
954 3298 1004 3339 et
1032 3285 1164 3343 alius
1194 3287 1474 3353 intelligat,
1506 3302 1567 3339 at;
1600 3285 1821 3353 proinde
1842 3285 2017 3346 dicat,
2082 3288 2157 3337 vi-

668 3360 819 3409 detur
843 3357 982 3421 quod
1012 3354 1249 3421 singidus
1284 3360 1511 3420 quisque
1544 3355 1802 3421 producat
1829 3370 1981 3406 suum
2028 3356 2152 3407 Ver—

667 3426 791 3477 Inun
842 3440 933 3477 seu
988 3424 1182 3476 Filium
1231 3434 1333 3474 :ct
1365 3424 1505 3488 quod
1556 3424 1776 3487 proinde
1828 3424 2005 3489 plures
2052 3425 2159 3474 sint

666 3493 806 3546 Filii.

670 3572 773 3635 Sed
812 3598 876 3635 ne
927 3581 1064 3634 forte
1122 3587 1377 3647 repugnet
1423 3577 1547 3631 huic
1589 3579 1868 3632 asscrtioni
1901 3570 2039 3645 quod
2080 3580 2159 3631 in-

601 3683 754 3725 tueor
789 3689 801 3723 2
838 3686 960 3722 nam
983 3670 1199 3722 dubium
1224 3683 1341 3720 esse
1387 3682 1490 3719 non
1524 3668 1681 3721 debet
1728 3668 1849 3735 quia
1882 3667 2057 3731 Pater,
2106 3679 2159 3722 et

602 3761 786 3821 Filius,
828 3768 881 3811 et
914 3775 1099 3811 eorum
1127 3758 1389 3826 Spiritus,
1426 3758 1791 3824 unusquisque
1820 3759 2053 3824 seipsum
2105 3769 2159 3812 et

600 3851 735 3904 alios
759 3851 941 3902 ambos
969 3848 1124 3911 dicit;
1161 3847 1296 3900 sicut
1337 3861 1421 3907 se,
1456 3856 1508 3899 ct
1549 3846 1679 3898 alios
1712 3847 1972 3914 intelligit.
2008 3847 2155 3912 Quod

600 3941 643 3994 si
677 3941 747 3991 ita
776 3949 877 3998 est,
908 3938 1173 4006 quomodo
1199 3953 1300 3988 non
1332 3944 1459 3987 sunt
1485 3935 1535 3986 in
1578 3950 1787 3988 summa
1813 3938 2044 3989 essentia
2080 3947 2156 3991 ιυι

600 4030 760 4081 verba
788 4039 918 4096 quot
945 4036 1069 4100 sunt
1100 4023 1361 4088 dicentes,
1386 4033 1439 4076 et
1458 4033 1586 4091 quot
1607 4036 1729 4077 sunt
1753 4026 1841 4092 qui
1870 4025 2155 4078 dicuntur?

600 4118 657 4172 Si
701 4118 841 4170 enim
872 4118 1054 4185 plures
1103 4116 1345 4168 homines
1375 4130 1534 4166 unum
1586 4113 1785 4181 aliquid
1832 4115 2156 4182 cogitatione

598 4209 797 4271 dicant,
837 4217 913 4259 tot
940 4206 1058 4273 ejus
1089 4206 1335 4257 videntur
1376 4218 1496 4255 esse
1539 4205 1699 4254 verba
1745 4210 1875 4267 quot
1916 4210 2035 4253 sunt
2067 4217 2153 4253 co-

601 4297 860 4364 gitantes;
896 4296 1017 4362 quia
1049 4295 1100 4346 in
1131 4292 1455 4361 singulorum
1495 4289 1903 4357 cogitationibus
1933 4290 2150 4341 verbum

601 4386 715 4451 ejus
742 4394 841 4437 est.
874 4384 1029 4445 Item,
1063 4383 1105 4435 si
1151 4396 1286 4433 unus
1326 4381 1486 4432 homo
1515 4378 1714 4445 cogitat
1754 4376 1925 4444 aliqua
1980 4377 2163 4443 plura,

601 4484 679 4530 tot
708 4477 868 4527 verba
914 4482 1035 4525 sunt
1085 4472 1133 4524 in
1183 4480 1359 4523 mente
1400 4469 1686 4538 cogitantis
1731 4478 1863 4534 quot
1910 4476 2032 4521 sunt
2062 4484 2153 4521 res

600 4564 860 4631 cogitatio
892 4560 997 4614 Sed
1028 4561 1078 4611 in
1111 4557 1341 4612 hominis
1360 4558 1684 4624 cogitatione
1706 4556 1795 4620 ⁸⁸9,
1818 4572 1937 4609 cum
1961 4556 2155 4625 cogitat

2262 1765 2339 1808 tot
2380 1772 2496 1808 eam
2526 1772 2744 1811 necesse
2773 1769 2873 1822 est,
2904 1762 3197 1812 secundum
3227 1762 3293 1793 °"
3322 1763 3650 1829 superiorem
3685 1781 3817 1817 con-

2259 1846 2634 1899 sideratiouem
2661 1886 2676 1912 ,
2723 1847 2859 1901 ﬁlios
2907 1850 3160 1917 gignere,
3203 1858 3257 1902 et
3296 1859 3373 1903 tot
3417 1853 3664 1906 emittere
3708 1855 3821 1922 spi-

2264 1933 2418 1985 ritus.

2714 2019 2938 2075 CAPUT
2995 2021 3151 2076 LXIII
3196 2022 3327 2091 (67).

2263 2109 2531 2191 ῥιιοηιοαο
2558 2143 2659 2178 non
2688 2128 2753 2178 sit
2786 2128 2855 2178 ibi
2883 2128 2982 2179 nisi
3019 2146 3149 2181 unus
3176 2130 3363 2189 artius;
3392 2131 3488 2183 hoc
3510 2141 3608 2194 est,
3654 2149 3814 2185 unum

2346 2208 2349 2209 '
2644 2194 2881 2257 Verbum,
2923 2205 2968 2247 et
3009 2212 3073 2248 ea:
3110 2196 3217 2249 solo
3257 2195 3433 2249 Patre.

2259 2298 2594 2371 Coasrscrus
2628 2314 2938 2371 αλιιιτιερέ
2964 2301 3207 2353 Attamen
3236 2317 3356 2354 cum
3382 2319 3476 2355 nec
3501 2304 3682 2371 plures
3701 2309 3816 2369 sint

2332 2368 2586 2444 dicentes,
2606 2384 2701 2418 nec
2730 2369 3007 2445 plnrfisint
3030 2385 3144 2445 qua:
3173 2372 3423 2445 dicuntur
3443 2410 3459 2437 ,
3493 2368 3583 2424 sed
3613 2368 3711 2425 una
3738 2376 3845 2428 'sit'

2330 2434 2558 2486 essentia
2584 2450 2700 2501 quzc
2732 2434 2974 2509 intelligit
3006 2434 3057 2488 et
3090 2434 3665 2509 intelligiturpconstat
3689 2447 3816 2509 quia

2332 2516 2501 2571 neque
2546 2512 2670 2571 sunt
2702 2502 3134 2571 jplurespatres,
3170 2502 3283 2557 nec
3302 2506 3450 2571 plura
3491 2512 3667 2567 verba,
3708 2502 3814 2563 'nee

2332 2569 2508 2639 plures
2532 2570 2653 2632 ﬁlii;
2678 2569 2768 2621 sed
2793 2582 3028 2639 unusest
3050 2569 3355 2635 dicens,seu
3373 2574 3556 2639 Pater,
3575 2587 3627 2629 et
3651 2592 3813 2630 unum

2336 2636 2720 2709 yttl'lMImLSQII
2761 2651 2899 2689 unus
2928 2638 3111 2709 Filius.
3152 2640 3300 2693 Licet
3330 2656 3459 2708 ergo
3484 2636 3658 2709 Pater,
3687 2645 3814 2698 Ver-

2332 2706 2474 2764 huni,
2504 2713 2555 2755 ct
2583 2702 2815 2775 Spiritus
2842 2705 3041 2775 pariter
3064 2722 3121 2757 se
3145 2718 3195 2759 et
3219 2702 3562 2763 anihoswalios
3591 2702 3765 2763 dicant
3794 2752 3811 2775 ,

2331 2785 2491 2841 unum
2524 2771 2691 2823 solum
2725 2772 2793 2822 ibi
2836 2782 2917 2823 est
2944 2773 3191 2833 Verbum,
3226 2775 3367 2841 quod
3410 2791 3506 2837 nec
3551 2771 3815 2833 ullatenus

2330 2840 2562 2911 omnium
2603 2841 2783 2911 trium,
2817 2840 2909 2911 sed
2934 2840 3189 2911 duntaxat
3217 2840 3376 2911 unius
3408 2845 3642 2911 ipsorum
3664 2886 3677 2909 ,
3708 2854 3814 2899 sci-

2332 2904 2681 2982 licet_lf5iti'is,
2726 2905 2955 2982 Verbum
2979 2910 3080 2960 dici
3112 2920 3305 2975 potest.
3330 2904 3441 2964 Non
3464 2914 3606 2965 enim
3638 2904 3813 2982 imago

2333 2983 2424 3025 attt
2459 2973 2622 3048 Ifilius
2643 2984 2723 3025 est
2743 2976 2956 3048 suimet,
3008 2973 3161 3027 aut‘a
3195 2992 3251 3029 se
3282 2981 3614 3044 procedentis
3645 2973 3815 3048 Spiri-

2334 3051 2435 3094 tus.
2471 3040 2599 3092 Nam
2633 3057 2730 3094 nec
2756 3056 2819 3092 ex
2849 3044 3054 3112 seipse,
3090 3060 3185 3095 nec
3214 3040 3297 3097 ρι’
3328 3048 3647 3112 procedente
3678 3040 3709 3100 ait
3754 3066 3814 3101 se

2331 3112 2607 3180 nascitur;
2649 3125 2745 3180 nec
2787 3111 3046 3180 seipstnn,
3092 3120 3179 3161 aut
3242 3116 3616 3178 procedentem
3662 3131 3690 3167 a
3730 3132 3817 3180 se,

2331 3178 2607 3230 cxistendo
2651 3178 2907 3229 imitatur.
2950 3177 3133 3229 Restat
3164 3179 3324 3245 igitur
3352 3183 3449 3234 hoc
3489 3184 3656 3234 solum
3682 3177 3815 3236 Ver;

2331 3246 2452 3296 butn
2486 3245 2623 3318 illius
2662 3246 2960 3318 soiinsesse
2982 3248 3045 3298 tie
3076 3261 3182 3318 quo
3207 3250 3472 3318 nascendo
3499 3249 3655 3318 habet
3673 3266 3809 3313 esse,

2329 3322 2379 3363 et
2410 3315 2472 3363 ad
2501 3313 2649 3378 cujus
2672 3313 3030 3364 omnimodam
3064 3315 3466 3369 similitudinem
3498 3313 3697 3369 existit.

2329 3401 2436 3451 Ilae
2473 3400 2648 3465 itaque
2680 3403 2883 3451 ratione
2918 3401 2984 3429 ⁸⁸³
3020 3388 3267 3454 videntur
3316 3404 3368 3455 in
3415 3402 3504 3457 illa
3539 3419 3657 3458 esse
3704 3422 3814 3460 non

2258 3484 2425 3536 solum
2459 3485 2609 3537 multi
2642 3495 2839 3551 patres,
2871 3495 2923 3537 et
2957 3487 3071 3549 lilii,
3123 3498 3175 3538 ct
3223 3490 3592 3554 procedentes,
3627 3493 3717 3544 sed
3757 3502 3814 3547 et

2260 3573 2376 3625 alia:
2408 3574 2865 3639 necessitudines;
2897 3584 2988 3627 aut
3014 3585 3160 3627 certe
3190 3576 3349 3631 Pater
3374 3617 3390 3643 ,
3431 3589 3485 3631 et
3526 3580 3717 3645 Filius,
3758 3592 3815 3636 et

2259 3678 2439 3715 eorum
2466 3662 2717 3730 Spiritus,
2747 3663 2811 3716 de
2837 3652 3035 3733 quibus
3057 3666 3167 3731 jam
3193 3670 3546 3722 certissimum
3574 3680 3653 3724 est
3688 3676 3813 3739 quia

2258 3766 2379 3804 vere
2405 3750 2657 3815 existunt,
2704 3770 2805 3805 non
2831 3766 2955 3807 sunt
2986 3766 3094 3808 tres
3130 3759 3390 3823 dicentes,
3423 3761 3665 3826 quamvis
3694 3764 3812 3815 sin-

2257 3843 2410 3910 gulns
2458 3843 2683 3909 quisque
2736 3845 2805 3897 sit
2861 3846 3077 3911 dicens;
3118 3863 3215 3901 nec
3270 3859 3395 3903 sunt
3447 3851 3640 3919 plura,
3692 3868 3813 3919 qua:

2257 3932 2523 3995 dicuntur,
2570 3948 2689 3985 cum
2723 3934 3085 4002 unusquisque
3114 3936 3348 4003 seipsum
3370 3977 3385 4001 ,
3417 3947 3471 3991 et
3508 3938 3640 3993 alios
3679 3939 3812 3995 duos

2256 4020 2402 4072 dicit.
2447 4021 2597 4074 Sicut
2626 4022 2766 4075 enim
2817 4039 3037 4077 summae
3076 4025 3350 4093 sapientize
3397 4026 3535 4081 inest
3573 4028 3714 4082 scire
3754 4037 3812 4082 et

2256 4108 2575 4175 intelligere;
2639 4111 2709 4162 ita
2765 4113 2945 4182 utique
3005 4122 3216 4166 aeterna:
3251 4114 3813 4185 incommutabilisque

2256 4198 2490 4249 scicntia!
2535 4208 2588 4250 et
2641 4199 3003 4266 intelligentia
3052 4201 3292 4252 naturale
3344 4211 3444 4267 est,
3498 4202 3547 4253 id
3599 4218 3813 4271 semper

2255 4301 2485 4352 przescns
2518 4287 2733 4350 intueri,
2760 4289 2899 4345 quod
2933 4290 3034 4341 scit
3069 4299 3122 4341 et
3166 4289 3430 4359 intelligit.
3464 4290 3605 4343 Nihil
3631 4300 3812 4345 autem

2256 4378 2394 4427 aliud
2421 4385 2502 4429 cst
2534 4392 2743 4430 summo
2772 4380 2982 4446 spiritui
3008 4378 3309 4447 hujusmodi
3337 4368 3514 4433 dicere
3537 4379 3623 4441 ‘“,
3647 4395 3811 4446 quam

2254 4468 2402 4533 quasi
2436 4468 2717 4535 cogitando
2747 4468 2972 4524 intueri;
3005 4470 3143 4523 sicut
3169 4476 3365 4524 nostra:
3393 4469 3586 4522 mentis
3612 4468 3814 4523 locutio

2257 4556 2389 4608 nihil
2438 4556 2583 4609 aliud
2616 4566 2697 4610 est
2749 4557 2814 4586 ⁸⁸⁸
2850 4572 3009 4626 quam
3034 4557 3316 4626 cogitantis
3361 4558 3640 4624 inspectio.
3674 4557 3809 4608 (ler-

3718 243 3825 297 208
3906 287 3915 291 κ

1857 4686 2081 4739 VARle
2123 4686 2516 4741 LECTIONES.

3822 4738 3859 4745 __

669 4820 737 4850 ⁸⁸³
769 4818 924 4870 Pater
946 4830 997 4869 et
1024 4818 1187 4871 Filius
1216 4823 1264 4869 ct
1288 4817 1650 4886 alii-njnsmss.
1686 4814 2051 4886 Patchilins,
2084 4828 2135 4868 et
2159 4816 2379 4883 alicujus
2455 4819 2523 4851 ⁸⁸³
2543 4820 2641 4868 Atil
2668 4818 2890 4886 alicujus
2918 4817 3146 4886 Spiritus
3175 4834 3294 4870 mss.
3323 4824 3409 4867 aut
3443 4815 3656 4869 alterius
3684 4817 3811 4884 Spi-

604 4890 737 4943 ritus
809 4888 874 4915 m
906 4888 1086 4951 Seipso
1118 4901 1317 4936 memor
1346 4900 1467 4935 mss.
1505 4885 1632 4935 νάει.
1665 4884 2002 4955 Sug.__Cistcr.
2029 4886 2200 4950 seipso
2223 4897 2273 4955 et
2303 4901 2501 4955 memor
2575 4884 3157 4955 “"‘lntelllgentia,cum
3183 4903 3284 4955 non
3311 4902 3433 4955 mss.
3462 4886 3806 4955 intcltigcntia

602 4974 731 5019 sua;
769 4971 888 5006 euut
922 4950 1022 5005 non
1098 4955 1161 4982 (⁵⁵⁷
1202 4954 1315 5015 Est,
1348 4955 1595 5019 procedat
1623 4970 1743 5003 mss.
1782 4950 1912 5002 Tlm.
1936 4962 2036 5011 est,
2059 4954 2294 5017 procedit
2368 4954 2435 4982 ’⁵⁵⁸
2466 4954 2589 5019 Cap.
2611 4956 2677 5005 lii)
2701 4968 2772 5005 est
2796 4950 2854 5005 iii
2877 4972 2998 5007 mss.
3036 4964 3184 5020 caput
3210 4954 3294 5004 6'2.
3371 4953 3438 4981 “5’
3469 4953 3519 5003 In
3543 4950 3685 5004 omni
3708 4970 3803 5005 co-

600 5026 857 5094 gitationc
884 5039 1004 5074 mss.
1036 5023 1085 5073 in
1120 5022 1690 5094 hominiscogiratione
1764 5020 1831 5049 ⁶⁶⁰
1862 5022 1949 5071 Sic
1981 5022 2071 5094 tibi
2096 5036 2305 5086 semper
2338 5037 2461 5073 mss.
2498 5022 2574 5073 sic
2596 5022 2695 5074 sibi
2726 5038 2936 5094 semper
3002 5024 3074 5094 Ὗ
3096 5024 3138 5094 A
3172 5025 3344 5094 scipso
3368 5022 3561 5094 dicitur
3598 5022 3677 5072 vel
3699 5024 3807 5075 alio

600 5089 723 5146 mss.
747 5108 775 5143 a
800 5108 856 5144 se
882 5092 1076 5142 dicitur
1108 5090 1187 5142 vel
1214 5090 1277 5139 ab
1306 5090 1406 5141 alio
1480 5089 1545 5117 "'5"
1568 5090 1793 5141 Necesse
1815 5089 2104 5139 secundum
2130 5105 2251 5139 mss.
2281 5104 2497 5141 necesse
2525 5098 2607 5141 cst
2636 5089 2921 5143 secundum
2997 5091 3063 5120 ⁸⁸³
3093 5089 3201 5141 llac
3233 5090 3416 5156 itaque
3444 5090 3669 5150 ratione,
3700 5105 3801 5142 cw.

602 5165 653 5213 in
682 5177 803 5212 mss.
831 5162 914 5211 Iu'c
938 5159 1109 5222 incipit
1141 5168 1287 5221 caput
1312 5158 1399 5226 (3'57
1424 5157 1484 5206 ab
1512 5158 1603 5207 hoc
1635 5156 1827 5226 titulo:
1850 5156 2131 5226 Quomodo
2189 5171 2289 5226 non
2344 5158 2410 5208 sit
2440 5159 2508 5210 ibi
2558 5160 2657 5210 nisi
2710 5174 2844 5210 unus
2899 5159 3074 5217 unius,
3098 5169 3149 5208 ut
3185 5157 3408 5226 inlittth
3437 5159 3617 5226 capitis
3655 5158 3711 5207 til
3748 5160 3804 5208 in

602 5231 750 5280 editis
849 5229 918 5259 θεά
944 5227 1162 5294 Spiritui
1193 5224 1345 5291 hujus
1373 5225 1547 5277 dicere
1574 5242 1693 5276 mss.
1721 5225 1936 5290 Spiritui
1965 5224 2259 5289 hujnsmodi
2285 5226 2457 5278 dicere
2528 5227 2594 5257 “5
2622 5226 2760 5279 Nihil
2784 5226 2921 5279 aliud
2948 5236 3025 5279 cst
3055 5242 3173 5277 mss.
3211 5224 3338 5276 Tim.
3389 5224 3662 5279 non'aliud
3688 5233 3773 5277 est

2058 5357 2258 5410 ΝΟΤίΕ
2269 5398 2280 5409 .

677 5452 786 5518 ίὶἇῖ)
818 5455 957 5502 λιξμά
994 5462 1067 5502 est
1113 5468 1232 5502 nars
1264 5464 1378 5514 cap.
1405 5449 1490 5499 (il).
