  <div class='ocr_page' id='page_1' title='image "/cluster/home/n/w/nwhite01/storage/ocr_20150623/158/uva.x000829800/110.png"; bbox 0 0 4226 6194; ppageno 0'>
   <div class='ocr_carea' id='block_1_1' title="bbox 35 66 677 269">
    <p class='ocr_par' dir='ltr' id='par_1_1' title="bbox 35 66 677 269">
     <span class='ocr_line' id='line_1_1' title="bbox 35 66 677 269; baseline 0.002 -203"><span class='ocrx_word' id='word_1_1' title='bbox 35 68 619 269; x_wconf 51' lang='grc' dir='ltr'><strong>τ</strong></span> 
     </span>
    </p>
   </div>
   <div class='ocr_carea' id='block_1_2' title="bbox 298 286 399 340">
    <p class='ocr_par' dir='ltr' id='par_1_2' title="bbox 298 286 399 340">
     <span class='ocr_line' id='line_1_2' title="bbox 298 286 399 340; baseline -0.02 0"><span class='ocrx_word' id='word_1_2' title='bbox 298 286 399 340; x_wconf 71' lang='lat'><strong>209</strong></span> 
     </span>
    </p>
   </div>
   <div class='ocr_carea' id='block_1_3' title="bbox 1662 280 2138 337">
    <p class='ocr_par' dir='ltr' id='par_1_3' title="bbox 1662 280 2138 337">
     <span class='ocr_line' id='line_1_3' title="bbox 1662 280 2138 337; baseline 0 -2"><span class='ocrx_word' id='word_1_3' title='bbox 1662 280 2138 337; x_wconf 74' lang='lat' dir='ltr'><strong>MONOLOCIUM.</strong></span> 
     </span>
    </p>
   </div>
   <div class='ocr_carea' id='block_1_4' title="bbox 3410 287 3512 340">
    <p class='ocr_par' dir='ltr' id='par_1_4' title="bbox 3410 287 3512 340">
     <span class='ocr_line' id='line_1_4' title="bbox 3410 287 3512 340; baseline 0 0"><span class='ocrx_word' id='word_1_4' title='bbox 3410 287 3512 340; x_wconf 76' lang='lat' dir='ltr'><strong>2H)</strong></span> 
     </span>
    </p>
   </div>
   <div class='ocr_carea' id='block_1_5' title="bbox 298 391 3516 463">
    <p class='ocr_par' dir='ltr' id='par_1_5' title="bbox 298 391 3516 463">
     <span class='ocr_line' id='line_1_5' title="bbox 298 391 3516 463; baseline -0.001 -14"><span class='ocrx_word' id='word_1_5' title='bbox 298 397 563 449; x_wconf 58' lang='lat' dir='ltr'><strong>tss-imum</strong></span> <span class='ocrx_word' id='word_1_6' title='bbox 603 403 778 450; x_wconf 86' lang='lat' dir='ltr'><strong>autem</strong></span> <span class='ocrx_word' id='word_1_7' title='bbox 799 394 910 463; x_wconf 87' lang='lat' dir='ltr'><strong>jam</strong></span> <span class='ocrx_word' id='word_1_8' title='bbox 930 394 1296 448; x_wconf 61' lang='lat' dir='ltr'><strong>&#39;consideratte</strong></span> <span class='ocrx_word' id='word_1_9' title='bbox 1327 394 1562 450; x_wconf 99' lang='lat' dir='ltr'><strong>rationes</strong></span> <span class='ocrx_word' id='word_1_10' title='bbox 1605 396 1849 450; x_wconf 79' lang='lat' dir='ltr'><strong>reddide-</strong></span> <span class='ocrx_word' id='word_1_11' title='bbox 1879 397 1923 453; x_wconf 77' lang='grc' dir='ltr'>Α</span> <span class='ocrx_word' id='word_1_12' title='bbox 1951 394 2149 446; x_wconf 68' lang='lat' dir='ltr'><strong>existit.</strong></span> <span class='ocrx_word' id='word_1_13' title='bbox 2188 392 2334 448; x_wconf 86' lang='lat' dir='ltr'><strong>Unus</strong></span> <span class='ocrx_word' id='word_1_14' title='bbox 2374 408 2502 461; x_wconf 81' lang='lat' dir='ltr'><strong>ergo</strong></span> <span class='ocrx_word' id='word_1_15' title='bbox 2548 391 2728 456; x_wconf 81' lang='lat' dir='ltr'><strong>Pater,</strong></span> <span class='ocrx_word' id='word_1_16' title='bbox 2767 408 2873 445; x_wconf 84' lang='lat' dir='ltr'><strong>non</strong></span> <span class='ocrx_word' id='word_1_17' title='bbox 2910 393 3090 461; x_wconf 88' lang='lat' dir='ltr'><strong>plures</strong></span> <span class='ocrx_word' id='word_1_18' title='bbox 3128 396 3336 461; x_wconf 81' lang='lat' dir='ltr'><strong>patres&#39;;</strong></span> <span class='ocrx_word' id='word_1_19' title='bbox 3379 411 3516 450; x_wconf 80' lang='lat' dir='ltr'><strong>unus</strong></span> 
     </span>
    </p>
   </div>
   <div class='ocr_carea' id='block_1_6' title="bbox 298 484 1856 554">
    <p class='ocr_par' dir='ltr' id='par_1_6' title="bbox 298 484 1856 554">
     <span class='ocr_line' id='line_1_6' title="bbox 298 484 1856 554; baseline 0 -17"><span class='ocrx_word' id='word_1_20' title='bbox 298 494 444 549; x_wconf 84' lang='lat' dir='ltr'><strong>runt,</strong></span> <span class='ocrx_word' id='word_1_21' title='bbox 473 486 729 554; x_wconf 77' lang='lat' dir='ltr'><strong>quidquid</strong></span> <span class='ocrx_word' id='word_1_22' title='bbox 762 499 981 538; x_wconf 73' lang='lat' dir='ltr'><strong>summa:</strong></span> <span class='ocrx_word' id='word_1_23' title='bbox 1006 493 1208 536; x_wconf 64' lang='lat' dir='ltr'><strong>naturae</strong></span> <span class='ocrx_word' id='word_1_24' title='bbox 1233 485 1369 537; x_wconf 85' lang='lat' dir='ltr'><strong>inest</strong></span> <span class='ocrx_word' id='word_1_25' title='bbox 1398 484 1856 548; x_wconf 48' lang='lat' dir='ltr'><strong>essentialitcrdd</strong></span> 
     </span>
    </p>
   </div>
   <div class='ocr_carea' id='block_1_7' title="bbox 298 568 1860 641">
    <p class='ocr_par' dir='ltr' id='par_1_7' title="bbox 298 568 1860 641">
     <span class='ocr_line' id='line_1_7' title="bbox 298 568 1860 641; baseline 0 -18"><span class='ocrx_word' id='word_1_26' title='bbox 298 576 531 640; x_wconf 72' lang='lat' dir='ltr'><strong>perfecte</strong></span> <span class='ocrx_word' id='word_1_27' title='bbox 560 572 850 626; x_wconf 85' lang='lat' dir='ltr'><strong>convenire</strong></span> <span class='ocrx_word' id='word_1_28' title='bbox 890 571 1055 632; x_wconf 86' lang='lat' dir='ltr'><strong>Patri,</strong></span> <span class='ocrx_word' id='word_1_29' title='bbox 1089 579 1143 623; x_wconf 89' lang='lat' dir='ltr'><strong>et</strong></span> <span class='ocrx_word' id='word_1_30' title='bbox 1170 568 1307 623; x_wconf 80' lang='lat' dir='ltr'><strong>Filio</strong></span> <span class='ocrx_word' id='word_1_31' title='bbox 1330 612 1343 634; x_wconf 88' lang='lat'><strong>,</strong></span> <span class='ocrx_word' id='word_1_32' title='bbox 1375 580 1428 625; x_wconf 91' lang='lat' dir='ltr'><strong>et</strong></span> <span class='ocrx_word' id='word_1_33' title='bbox 1473 588 1658 627; x_wconf 87' lang='lat' dir='ltr'><strong>eorum</strong></span> <span class='ocrx_word' id='word_1_34' title='bbox 1693 572 1860 641; x_wconf 88' lang='lat' dir='ltr'><strong>Spiri-</strong></span> 
     </span>
    </p>
   </div>
   <div class='ocr_carea' id='block_1_8' title="bbox 301 659 1860 730">
    <p class='ocr_par' dir='ltr' id='par_1_8' title="bbox 301 659 1860 730">
     <span class='ocr_line' id='line_1_8' title="bbox 301 659 1860 730; baseline 0.001 -17"><span class='ocrx_word' id='word_1_35' title='bbox 301 662 399 725; x_wconf 91' lang='lat' dir='ltr'><strong>tui,</strong></span> <span class='ocrx_word' id='word_1_36' title='bbox 431 661 771 730; x_wconf 72' lang='lat' dir='ltr'><strong>singulatim;</strong></span> <span class='ocrx_word' id='word_1_37' title='bbox 798 669 852 712; x_wconf 89' lang='lat' dir='ltr'><strong>et</strong></span> <span class='ocrx_word' id='word_1_38' title='bbox 893 670 1071 711; x_wconf 83' lang='lat' dir='ltr'><strong>tamen</strong></span> <span class='ocrx_word' id='word_1_39' title='bbox 1101 659 1358 726; x_wconf 90' lang='lat' dir='ltr'><strong>idipsum,</strong></span> <span class='ocrx_word' id='word_1_40' title='bbox 1391 662 1434 715; x_wconf 89' lang='lat' dir='ltr'><strong>si</strong></span> <span class='ocrx_word' id='word_1_41' title='bbox 1464 663 1620 716; x_wconf 87' lang='lat' dir='ltr'><strong>simul</strong></span> <span class='ocrx_word' id='word_1_42' title='bbox 1651 664 1860 715; x_wconf 77' lang='lat' dir='ltr'><strong>dicatur</strong></span> 
     </span>
    </p>
   </div>
   <div class='ocr_carea' id='block_1_9' title="bbox 297 746 1862 817">
    <p class='ocr_par' dir='ltr' id='par_1_9' title="bbox 297 746 1862 817">
     <span class='ocr_line' id='line_1_9' title="bbox 297 746 1862 817; baseline 0 -15"><span class='ocrx_word' id='word_1_43' title='bbox 297 750 363 803; x_wconf 80' lang='lat' dir='ltr'><strong>de</strong></span> <span class='ocrx_word' id='word_1_44' title='bbox 390 750 585 813; x_wconf 86' lang='lat' dir='ltr'><strong>tribus,</strong></span> <span class='ocrx_word' id='word_1_45' title='bbox 635 765 740 802; x_wconf 91' lang='lat' dir='ltr'><strong>non</strong></span> <span class='ocrx_word' id='word_1_46' title='bbox 778 748 1063 801; x_wconf 85' lang='lat' dir='ltr'><strong>admittere</strong></span> <span class='ocrx_word' id='word_1_47' title='bbox 1116 746 1496 815; x_wconf 88' lang='lat' dir='ltr'><strong>pluralitatem.</strong></span> <span class='ocrx_word' id='word_1_48' title='bbox 1551 751 1681 804; x_wconf 90' lang='lat' dir='ltr'><strong>Cum</strong></span> <span class='ocrx_word' id='word_1_49' title='bbox 1734 764 1862 817; x_wconf 78' lang='lat' dir='ltr'><strong>ergo</strong></span> 
     </span>
    </p>
   </div>
   <div class='ocr_carea' id='block_1_10' title="bbox 294 830 1861 905">
    <p class='ocr_par' dir='ltr' id='par_1_10' title="bbox 294 830 1861 905">
     <span class='ocr_line' id='line_1_10' title="bbox 294 830 1861 905; baseline 0 -14"><span class='ocrx_word' id='word_1_50' title='bbox 294 845 507 891; x_wconf 81' lang='lat' dir='ltr'><strong>constet</strong></span> <span class='ocrx_word' id='word_1_51' title='bbox 525 830 646 904; x_wconf 84' lang='lat' dir='ltr'><strong>quia</strong></span> <span class='ocrx_word' id='word_1_52' title='bbox 673 837 811 889; x_wconf 90' lang='lat' dir='ltr'><strong>sicut</strong></span> <span class='ocrx_word' id='word_1_53' title='bbox 834 836 1063 903; x_wconf 90' lang='lat' dir='ltr'><strong>pertinet</strong></span> <span class='ocrx_word' id='word_1_54' title='bbox 1090 837 1155 888; x_wconf 89' lang='lat' dir='ltr'><strong>ad</strong></span> <span class='ocrx_word' id='word_1_55' title='bbox 1177 835 1289 904; x_wconf 82' lang='lat' dir='ltr'><strong>ejus</strong></span> <span class='ocrx_word' id='word_1_56' title='bbox 1327 839 1613 905; x_wconf 77' lang='lat' dir='ltr'><strong>essentiam</strong></span> <span class='ocrx_word' id='word_1_57' title='bbox 1640 839 1861 892; x_wconf 87' lang='lat' dir='ltr'><strong>scientia</strong></span> 
     </span>
    </p>
   </div>
   <div class='ocr_carea' id='block_1_11' title="bbox 296 918 1865 997">
    <p class='ocr_par' dir='ltr' id='par_1_11' title="bbox 296 918 1865 997">
     <span class='ocr_line' id='line_1_11' title="bbox 296 918 1865 997; baseline 0 -18"><span class='ocrx_word' id='word_1_58' title='bbox 296 936 352 979; x_wconf 82' lang='lat' dir='ltr'><strong>et</strong></span> <span class='ocrx_word' id='word_1_59' title='bbox 382 918 730 995; x_wconf 84' lang='lat' dir='ltr'><strong>intelligentia</strong></span> <span class='ocrx_word' id='word_1_60' title='bbox 753 966 768 991; x_wconf 92' lang='lat'><strong>,</strong></span> <span class='ocrx_word' id='word_1_61' title='bbox 797 925 875 979; x_wconf 92' lang='lat' dir='ltr'><strong>sic</strong></span> <span class='ocrx_word' id='word_1_62' title='bbox 904 925 1020 994; x_wconf 86' lang='lat' dir='ltr'><strong>ejus</strong></span> <span class='ocrx_word' id='word_1_63' title='bbox 1052 926 1192 980; x_wconf 89' lang='lat' dir='ltr'><strong>scire</strong></span> <span class='ocrx_word' id='word_1_64' title='bbox 1230 935 1284 979; x_wconf 92' lang='lat' dir='ltr'><strong>et</strong></span> <span class='ocrx_word' id='word_1_65' title='bbox 1325 927 1624 997; x_wconf 84' lang='lat' dir='ltr'><strong>intelligere</strong></span> <span class='ocrx_word' id='word_1_66' title='bbox 1655 942 1758 980; x_wconf 91' lang='lat' dir='ltr'><strong>non</strong></span> <span class='ocrx_word' id='word_1_67' title='bbox 1784 938 1865 979; x_wconf 88' lang='lat' dir='ltr'><strong>est</strong></span> 
     </span>
    </p>
   </div>
   <div class='ocr_carea' id='block_1_12' title="bbox 299 1014 1861 1086">
    <p class='ocr_par' dir='ltr' id='par_1_12' title="bbox 299 1014 1861 1086">
     <span class='ocr_line' id='line_1_12' title="bbox 299 1014 1861 1086; baseline 0.001 -18"><span class='ocrx_word' id='word_1_68' title='bbox 299 1015 442 1068; x_wconf 82' lang='lat' dir='ltr'><strong>aliud</strong></span> <span class='ocrx_word' id='word_1_69' title='bbox 470 1030 629 1082; x_wconf 90' lang='lat' dir='ltr'><strong>quam</strong></span> <span class='ocrx_word' id='word_1_70' title='bbox 650 1014 830 1068; x_wconf 88' lang='lat' dir='ltr'><strong>dicere</strong></span> <span class='ocrx_word' id='word_1_71' title='bbox 858 1015 944 1078; x_wconf 79' lang='lat'><strong>°“,</strong></span> <span class='ocrx_word' id='word_1_72' title='bbox 988 1015 1038 1068; x_wconf 91' lang='lat' dir='ltr'><strong>id</strong></span> <span class='ocrx_word' id='word_1_73' title='bbox 1066 1025 1148 1070; x_wconf 92' lang='lat' dir='ltr'><strong>est</strong></span> <span class='ocrx_word' id='word_1_74' title='bbox 1173 1032 1385 1086; x_wconf 86' lang='lat' dir='ltr'><strong>semper</strong></span> <span class='ocrx_word' id='word_1_75' title='bbox 1405 1033 1642 1086; x_wconf 69' lang='lat' dir='ltr'><strong>prtesens</strong></span> <span class='ocrx_word' id='word_1_76' title='bbox 1672 1017 1861 1071; x_wconf 90' lang='lat' dir='ltr'><strong>intueri</strong></span> 
     </span>
    </p>
   </div>
   <div class='ocr_carea' id='block_1_13' title="bbox 300 1102 1865 1175">
    <p class='ocr_par' dir='ltr' id='par_1_13' title="bbox 300 1102 1865 1175">
     <span class='ocr_line' id='line_1_13' title="bbox 300 1102 1865 1175; baseline 0.002 -19"><span class='ocrx_word' id='word_1_77' title='bbox 300 1104 441 1174; x_wconf 79' lang='lat' dir='ltr'><strong>quod</strong></span> <span class='ocrx_word' id='word_1_78' title='bbox 484 1102 586 1155; x_wconf 88' lang='lat' dir='ltr'><strong>scit</strong></span> <span class='ocrx_word' id='word_1_79' title='bbox 628 1111 683 1156; x_wconf 90' lang='lat' dir='ltr'><strong>et</strong></span> <span class='ocrx_word' id='word_1_80' title='bbox 714 1103 965 1173; x_wconf 86' lang='lat' dir='ltr'><strong>intelligit</strong></span> <span class='ocrx_word' id='word_1_81' title='bbox 999 1122 1011 1157; x_wconf 93' lang='lat'><strong>:</strong></span> <span class='ocrx_word' id='word_1_82' title='bbox 1046 1120 1267 1159; x_wconf 85' lang='lat' dir='ltr'><strong>necesse</strong></span> <span class='ocrx_word' id='word_1_83' title='bbox 1294 1115 1375 1159; x_wconf 90' lang='lat' dir='ltr'><strong>est</strong></span> <span class='ocrx_word' id='word_1_84' title='bbox 1420 1114 1479 1159; x_wconf 91' lang='lat' dir='ltr'><strong>ut</strong></span> <span class='ocrx_word' id='word_1_85' title='bbox 1522 1105 1865 1175; x_wconf 82' lang='lat' dir='ltr'><strong>quemadmo-</strong></span> 
     </span>
    </p>
   </div>
   <div class='ocr_carea' id='block_1_14' title="bbox 302 1189 1867 1264">
    <p class='ocr_par' dir='ltr' id='par_1_14' title="bbox 302 1189 1867 1264">
     <span class='ocr_line' id='line_1_14' title="bbox 302 1189 1867 1264; baseline 0.004 -22"><span class='ocrx_word' id='word_1_86' title='bbox 302 1193 426 1243; x_wconf 89' lang='lat' dir='ltr'><strong>dum</strong></span> <span class='ocrx_word' id='word_1_87' title='bbox 469 1189 713 1260; x_wconf 76' lang='lat' dir='ltr'><strong>singulas</strong></span> <span class='ocrx_word' id='word_1_88' title='bbox 742 1191 921 1255; x_wconf 86' lang='lat' dir='ltr'><strong>Pater,</strong></span> <span class='ocrx_word' id='word_1_89' title='bbox 960 1194 1200 1263; x_wconf 85' lang='lat' dir='ltr'><strong>singulus</strong></span> <span class='ocrx_word' id='word_1_90' title='bbox 1234 1194 1302 1225; x_wconf 79' lang='grc'><strong>⁸⁸⁷</strong></span> <span class='ocrx_word' id='word_1_91' title='bbox 1329 1193 1519 1258; x_wconf 82' lang='lat' dir='ltr'><strong>Filius,</strong></span> <span class='ocrx_word' id='word_1_92' title='bbox 1543 1203 1598 1249; x_wconf 89' lang='lat' dir='ltr'><strong>et</strong></span> <span class='ocrx_word' id='word_1_93' title='bbox 1626 1195 1867 1264; x_wconf 81' lang='lat' dir='ltr'><strong>singulas</strong></span> 
     </span>
    </p>
   </div>
   <div class='ocr_carea' id='block_1_15' title="bbox 298 1277 1865 1351">
    <p class='ocr_par' dir='ltr' id='par_1_15' title="bbox 298 1277 1865 1351">
     <span class='ocr_line' id='line_1_15' title="bbox 298 1277 1865 1351; baseline 0.004 -20"><span class='ocrx_word' id='word_1_94' title='bbox 298 1293 486 1331; x_wconf 86' lang='lat' dir='ltr'><strong>eorum</strong></span> <span class='ocrx_word' id='word_1_95' title='bbox 515 1277 747 1347; x_wconf 73' lang='lat' dir='ltr'><strong>Spiritus</strong></span> <span class='ocrx_word' id='word_1_96' title='bbox 770 1290 851 1335; x_wconf 89' lang='lat' dir='ltr'><strong>est</strong></span> <span class='ocrx_word' id='word_1_97' title='bbox 872 1283 1049 1334; x_wconf 87' lang='lat' dir='ltr'><strong>sciens</strong></span> <span class='ocrx_word' id='word_1_98' title='bbox 1075 1292 1129 1335; x_wconf 91' lang='lat' dir='ltr'><strong>et</strong></span> <span class='ocrx_word' id='word_1_99' title='bbox 1157 1281 1479 1351; x_wconf 87' lang='lat' dir='ltr'><strong>intelligens,</strong></span> <span class='ocrx_word' id='word_1_100' title='bbox 1508 1292 1563 1337; x_wconf 89' lang='lat' dir='ltr'><strong>et</strong></span> <span class='ocrx_word' id='word_1_101' title='bbox 1607 1293 1779 1339; x_wconf 88' lang='lat' dir='ltr'><strong>tamen</strong></span> <span class='ocrx_word' id='word_1_102' title='bbox 1812 1284 1865 1338; x_wconf 91' lang='lat' dir='ltr'><strong>hi</strong></span> 
     </span>
    </p>
   </div>
   <div class='ocr_carea' id='block_1_16' title="bbox 304 1372 1863 1443">
    <p class='ocr_par' dir='ltr' id='par_1_16' title="bbox 304 1372 1863 1443">
     <span class='ocr_line' id='line_1_16' title="bbox 304 1372 1863 1443; baseline 0.003 -20"><span class='ocrx_word' id='word_1_103' title='bbox 304 1380 415 1426; x_wconf 72' lang='lat' dir='ltr'><strong>tres</strong></span> <span class='ocrx_word' id='word_1_104' title='bbox 437 1372 595 1424; x_wconf 89' lang='lat' dir='ltr'><strong>simul</strong></span> <span class='ocrx_word' id='word_1_105' title='bbox 613 1388 717 1426; x_wconf 91' lang='lat' dir='ltr'><strong>non</strong></span> <span class='ocrx_word' id='word_1_106' title='bbox 746 1383 870 1426; x_wconf 90' lang='lat' dir='ltr'><strong>sunt</strong></span> <span class='ocrx_word' id='word_1_107' title='bbox 903 1374 1085 1442; x_wconf 86' lang='lat' dir='ltr'><strong>plures</strong></span> <span class='ocrx_word' id='word_1_108' title='bbox 1111 1373 1344 1427; x_wconf 87' lang='lat' dir='ltr'><strong>scientes</strong></span> <span class='ocrx_word' id='word_1_109' title='bbox 1369 1384 1459 1427; x_wconf 90' lang='lat' dir='ltr'><strong>aut</strong></span> <span class='ocrx_word' id='word_1_110' title='bbox 1492 1373 1863 1443; x_wconf 87' lang='lat' dir='ltr'><strong>intelligentes,</strong></span> 
     </span>
    </p>
   </div>
   <div class='ocr_carea' id='block_1_17' title="bbox 303 1468 1870 1541">
    <p class='ocr_par' dir='ltr' id='par_1_17' title="bbox 303 1468 1870 1541">
     <span class='ocr_line' id='line_1_17' title="bbox 303 1468 1870 1541; baseline 0.002 -17"><span class='ocrx_word' id='word_1_111' title='bbox 303 1470 395 1524; x_wconf 50' lang='grc' dir='ltr'><strong>ονιύ</strong></span> <span class='ocrx_word' id='word_1_112' title='bbox 425 1484 559 1523; x_wconf 88' lang='lat' dir='ltr'><strong>unus</strong></span> <span class='ocrx_word' id='word_1_113' title='bbox 585 1470 789 1534; x_wconf 79' lang='lat' dir='ltr'><strong>sciens,-</strong></span> <span class='ocrx_word' id='word_1_114' title='bbox 813 1481 865 1523; x_wconf 90' lang='lat' dir='ltr'><strong>et</strong></span> <span class='ocrx_word' id='word_1_115' title='bbox 895 1485 1033 1523; x_wconf 89' lang='lat' dir='ltr'><strong>unus</strong></span> <span class='ocrx_word' id='word_1_116' title='bbox 1058 1470 1127 1501; x_wconf 78' lang='lat'><strong>“&#39;</strong></span> <span class='ocrx_word' id='word_1_117' title='bbox 1151 1468 1489 1539; x_wconf 79' lang='lat' dir='ltr'><strong>intelligens;</strong></span> <span class='ocrx_word' id='word_1_118' title='bbox 1521 1470 1596 1525; x_wconf 88' lang='lat' dir='ltr'><strong>ita</strong></span> <span class='ocrx_word' id='word_1_119' title='bbox 1630 1471 1870 1541; x_wconf 86' lang='lat' dir='ltr'><strong>singulus</strong></span> 
     </span>
    </p>
   </div>
   <div class='ocr_carea' id='block_1_18' title="bbox 302 1558 1869 1627">
    <p class='ocr_par' dir='ltr' id='par_1_18' title="bbox 302 1558 1869 1627">
     <span class='ocr_line' id='line_1_18' title="bbox 302 1558 1869 1627; baseline 0.003 -17"><span class='ocrx_word' id='word_1_120' title='bbox 302 1559 531 1627; x_wconf 77' lang='lat' dir='ltr'><strong>quisque</strong></span> <span class='ocrx_word' id='word_1_121' title='bbox 580 1558 654 1611; x_wconf 89' lang='lat' dir='ltr'><strong>sit</strong></span> <span class='ocrx_word' id='word_1_122' title='bbox 692 1559 904 1622; x_wconf 85' lang='lat' dir='ltr'><strong>dicens;</strong></span> <span class='ocrx_word' id='word_1_123' title='bbox 955 1574 1053 1613; x_wconf 90' lang='lat' dir='ltr'><strong>nec</strong></span> <span class='ocrx_word' id='word_1_124' title='bbox 1092 1567 1269 1613; x_wconf 88' lang='lat' dir='ltr'><strong>tamen</strong></span> <span class='ocrx_word' id='word_1_125' title='bbox 1321 1559 1431 1613; x_wconf 83' lang='lat' dir='ltr'><strong>sint</strong></span> <span class='ocrx_word' id='word_1_126' title='bbox 1477 1568 1586 1613; x_wconf 88' lang='lat' dir='ltr'><strong>tres</strong></span> <span class='ocrx_word' id='word_1_127' title='bbox 1630 1559 1869 1615; x_wconf 84' lang='lat' dir='ltr'><strong>dicentes</strong></span> 
     </span>
    </p>
   </div>
   <div class='ocr_carea' id='block_1_19' title="bbox 303 1642 1868 1719">
    <p class='ocr_par' dir='ltr' id='par_1_19' title="bbox 303 1642 1868 1719">
     <span class='ocr_line' id='line_1_19' title="bbox 303 1642 1868 1719; baseline -0.003 -13"><span class='ocrx_word' id='word_1_128' title='bbox 303 1650 460 1706; x_wconf 81' lang='lat' dir='ltr'><strong>simul</strong></span> <span class='ocrx_word' id='word_1_129' title='bbox 504 1642 596 1713; x_wconf 66' lang='grc' dir='ltr'><strong>η’,</strong></span> <span class='ocrx_word' id='word_1_130' title='bbox 645 1650 737 1704; x_wconf 84' lang='lat' dir='ltr'><strong>sed</strong></span> <span class='ocrx_word' id='word_1_131' title='bbox 768 1649 1154 1705; x_wconf 85' lang='lat' dir='ltr'><strong>unus-dicens.</strong></span> <span class='ocrx_word' id='word_1_132' title='bbox 1203 1648 1340 1702; x_wconf 81' lang='lat' dir='ltr'><strong>Hinc</strong></span> <span class='ocrx_word' id='word_1_133' title='bbox 1376 1649 1503 1703; x_wconf 87' lang='lat' dir='ltr'><strong>illud</strong></span> <span class='ocrx_word' id='word_1_134' title='bbox 1549 1665 1759 1719; x_wconf 90' lang='lat' dir='ltr'><strong>quoque</strong></span> <span class='ocrx_word' id='word_1_135' title='bbox 1807 1650 1868 1703; x_wconf 84' lang='lat' dir='ltr'><strong>ii-</strong></span> 
     </span>
    </p>
   </div>
   <div class='ocr_carea' id='block_1_20' title="bbox 302 1738 1864 1808">
    <p class='ocr_par' dir='ltr' id='par_1_20' title="bbox 302 1738 1864 1808">
     <span class='ocr_line' id='line_1_20' title="bbox 302 1738 1864 1808; baseline 0.001 -19"><span class='ocrx_word' id='word_1_136' title='bbox 302 1738 466 1806; x_wconf 88' lang='lat' dir='ltr'><strong>quide</strong></span> <span class='ocrx_word' id='word_1_137' title='bbox 495 1740 740 1807; x_wconf 78' lang='lat' dir='ltr'><strong>cognosci</strong></span> <span class='ocrx_word' id='word_1_138' title='bbox 788 1749 963 1807; x_wconf 88' lang='lat' dir='ltr'><strong>potest</strong></span> <span class='ocrx_word' id='word_1_139' title='bbox 1004 1739 1153 1808; x_wconf 83' lang='lat' dir='ltr'><strong>quia,</strong></span> <span class='ocrx_word' id='word_1_140' title='bbox 1186 1754 1309 1793; x_wconf 88' lang='lat' dir='ltr'><strong>cum</strong></span> <span class='ocrx_word' id='word_1_141' title='bbox 1343 1738 1397 1793; x_wconf 91' lang='lat' dir='ltr'><strong>hi</strong></span> <span class='ocrx_word' id='word_1_142' title='bbox 1451 1751 1559 1794; x_wconf 89' lang='lat' dir='ltr'><strong>tres</strong></span> <span class='ocrx_word' id='word_1_143' title='bbox 1592 1740 1864 1803; x_wconf 86' lang='lat' dir='ltr'><strong>dicuntur,</strong></span> 
     </span>
    </p>
   </div>
   <div class='ocr_carea' id='block_1_21' title="bbox 305 1826 1871 1896">
    <p class='ocr_par' dir='ltr' id='par_1_21' title="bbox 305 1826 1871 1896">
     <span class='ocr_line' id='line_1_21' title="bbox 305 1826 1871 1896; baseline 0.001 -20"><span class='ocrx_word' id='word_1_144' title='bbox 305 1826 389 1879; x_wconf 86' lang='lat' dir='ltr'><strong>vel</strong></span> <span class='ocrx_word' id='word_1_145' title='bbox 420 1842 448 1878; x_wconf 90' lang='lat' dir='ltr'><strong>a</strong></span> <span class='ocrx_word' id='word_1_146' title='bbox 478 1826 693 1894; x_wconf 88' lang='lat' dir='ltr'><strong>seipsis,</strong></span> <span class='ocrx_word' id='word_1_147' title='bbox 725 1826 808 1880; x_wconf 87' lang='lat' dir='ltr'><strong>vel</strong></span> <span class='ocrx_word' id='word_1_148' title='bbox 847 1826 915 1880; x_wconf 89' lang='lat' dir='ltr'><strong>ab</strong></span> <span class='ocrx_word' id='word_1_149' title='bbox 964 1826 1216 1889; x_wconf 77' lang='lat' dir='ltr'><strong>invicem,</strong></span> <span class='ocrx_word' id='word_1_150' title='bbox 1248 1840 1354 1880; x_wconf 86' lang='lat' dir='ltr'><strong>non</strong></span> <span class='ocrx_word' id='word_1_151' title='bbox 1403 1836 1529 1880; x_wconf 84' lang='lat' dir='ltr'><strong>sunt</strong></span> <span class='ocrx_word' id='word_1_152' title='bbox 1558 1826 1707 1896; x_wconf 87' lang='lat' dir='ltr'><strong>plura</strong></span> <span class='ocrx_word' id='word_1_153' title='bbox 1751 1841 1871 1891; x_wconf 79' lang='lat' dir='ltr'><strong>qua:</strong></span> 
     </span>
    </p>
   </div>
   <div class='ocr_carea' id='block_1_22' title="bbox 304 1913 1866 1983">
    <p class='ocr_par' dir='ltr' id='par_1_22' title="bbox 304 1913 1866 1983">
     <span class='ocr_line' id='line_1_22' title="bbox 304 1913 1866 1983; baseline 0 -16"><span class='ocrx_word' id='word_1_154' title='bbox 304 1914 573 1967; x_wconf 68' lang='lat' dir='ltr'><strong>dicuntur.</strong></span> <span class='ocrx_word' id='word_1_155' title='bbox 603 1915 738 1979; x_wconf 86' lang='lat' dir='ltr'><strong>Quid</strong></span> <span class='ocrx_word' id='word_1_156' title='bbox 785 1928 1013 1983; x_wconf 85' lang='lat' dir='ltr'><strong>namque</strong></span> <span class='ocrx_word' id='word_1_157' title='bbox 1044 1914 1115 1967; x_wconf 90' lang='lat' dir='ltr'><strong>ibi</strong></span> <span class='ocrx_word' id='word_1_158' title='bbox 1162 1914 1378 1976; x_wconf 87' lang='lat' dir='ltr'><strong>dicitur,</strong></span> <span class='ocrx_word' id='word_1_159' title='bbox 1426 1913 1528 1969; x_wconf 90' lang='lat' dir='ltr'><strong>nisi</strong></span> <span class='ocrx_word' id='word_1_160' title='bbox 1556 1930 1742 1968; x_wconf 88' lang='lat' dir='ltr'><strong>eorum</strong></span> <span class='ocrx_word' id='word_1_161' title='bbox 1775 1928 1866 1967; x_wconf 84' lang='lat' dir='ltr'><strong>es-</strong></span> 
     </span>
    </p>
   </div>
   <div class='ocr_carea' id='block_1_23' title="bbox 305 1988 1872 2071">
    <p class='ocr_par' dir='ltr' id='par_1_23' title="bbox 305 1988 1872 2071">
     <span class='ocr_line' id='line_1_23' title="bbox 305 1988 1872 2071; baseline -0.003 -14"><span class='ocrx_word' id='word_1_162' title='bbox 305 2003 517 2057; x_wconf 82' lang='lat' dir='ltr'><strong>seutia?</strong></span> <span class='ocrx_word' id='word_1_163' title='bbox 546 2003 600 2055; x_wconf 92' lang='lat' dir='ltr'><strong>Si</strong></span> <span class='ocrx_word' id='word_1_164' title='bbox 650 2016 779 2071; x_wconf 89' lang='lat' dir='ltr'><strong>ergo</strong></span> <span class='ocrx_word' id='word_1_165' title='bbox 807 2003 894 2055; x_wconf 87' lang='lat' dir='ltr'><strong>illa</strong></span> <span class='ocrx_word' id='word_1_166' title='bbox 940 2017 1044 2055; x_wconf 85' lang='lat' dir='ltr'><strong>una</strong></span> <span class='ocrx_word' id='word_1_167' title='bbox 1091 2002 1204 2055; x_wconf 86' lang='lat' dir='ltr'><strong>sola</strong></span> <span class='ocrx_word' id='word_1_168' title='bbox 1242 1988 1326 2055; x_wconf 85' lang='lat' dir='ltr'><strong>est</strong></span> <span class='ocrx_word' id='word_1_169' title='bbox 1353 2003 1458 2065; x_wconf 81' lang='lat'><strong>&quot;°,</strong></span> <span class='ocrx_word' id='word_1_170' title='bbox 1501 2018 1662 2054; x_wconf 89' lang='lat' dir='ltr'><strong>unum</strong></span> <span class='ocrx_word' id='word_1_171' title='bbox 1699 2000 1872 2055; x_wconf 84' lang='lat' dir='ltr'><strong>solum</strong></span> 
     </span>
    </p>
   </div>
   <div class='ocr_carea' id='block_1_24' title="bbox 305 2090 1869 2161">
    <p class='ocr_par' dir='ltr' id='par_1_24' title="bbox 305 2090 1869 2161">
     <span class='ocr_line' id='line_1_24' title="bbox 305 2090 1869 2161; baseline -0.002 -13"><span class='ocrx_word' id='word_1_172' title='bbox 305 2102 410 2156; x_wconf 80' lang='lat' dir='ltr'><strong>est,</strong></span> <span class='ocrx_word' id='word_1_173' title='bbox 441 2094 583 2161; x_wconf 86' lang='lat' dir='ltr'><strong>quod</strong></span> <span class='ocrx_word' id='word_1_174' title='bbox 602 2090 800 2146; x_wconf 87' lang='lat' dir='ltr'><strong>dicitur</strong></span> <span class='ocrx_word' id='word_1_175' title='bbox 828 2110 841 2146; x_wconf 88' lang='lat'><strong>:</strong></span> <span class='ocrx_word' id='word_1_176' title='bbox 873 2107 1001 2160; x_wconf 79' lang='lat' dir='ltr'><strong>ergo</strong></span> <span class='ocrx_word' id='word_1_177' title='bbox 1024 2093 1067 2145; x_wconf 92' lang='lat' dir='ltr'><strong>si</strong></span> <span class='ocrx_word' id='word_1_178' title='bbox 1098 2108 1260 2146; x_wconf 90' lang='lat' dir='ltr'><strong>unum</strong></span> <span class='ocrx_word' id='word_1_179' title='bbox 1281 2093 1450 2147; x_wconf 89' lang='lat' dir='ltr'><strong>solum</strong></span> <span class='ocrx_word' id='word_1_180' title='bbox 1472 2102 1556 2147; x_wconf 91' lang='lat' dir='ltr'><strong>est</strong></span> <span class='ocrx_word' id='word_1_181' title='bbox 1579 2093 1645 2125; x_wconf 86' lang='grc'><strong>⁸⁷¹</strong></span> <span class='ocrx_word' id='word_1_182' title='bbox 1671 2096 1721 2147; x_wconf 91' lang='lat' dir='ltr'><strong>in</strong></span> <span class='ocrx_word' id='word_1_183' title='bbox 1747 2093 1869 2157; x_wconf 88' lang='lat' dir='ltr'><strong>illis,</strong></span> 
     </span>
    </p>
   </div>
   <div class='ocr_carea' id='block_1_25' title="bbox 308 2178 1874 2248">
    <p class='ocr_par' dir='ltr' id='par_1_25' title="bbox 308 2178 1874 2248">
     <span class='ocr_line' id='line_1_25' title="bbox 308 2178 1874 2248; baseline 0.002 -19"><span class='ocrx_word' id='word_1_184' title='bbox 308 2180 449 2247; x_wconf 73' lang='lat' dir='ltr'><strong>quo]</strong></span> <span class='ocrx_word' id='word_1_185' title='bbox 489 2181 646 2244; x_wconf 87' lang='lat' dir='ltr'><strong>dicit,</strong></span> <span class='ocrx_word' id='word_1_186' title='bbox 672 2192 725 2235; x_wconf 91' lang='lat' dir='ltr'><strong>et</strong></span> <span class='ocrx_word' id='word_1_187' title='bbox 751 2194 939 2240; x_wconf 86' lang='lat' dir='ltr'><strong>unum.</strong></span> <span class='ocrx_word' id='word_1_188' title='bbox 970 2178 1110 2247; x_wconf 90' lang='lat' dir='ltr'><strong>quod</strong></span> <span class='ocrx_word' id='word_1_189' title='bbox 1134 2179 1370 2244; x_wconf 88' lang='lat' dir='ltr'><strong>dicitur;</strong></span> <span class='ocrx_word' id='word_1_190' title='bbox 1417 2195 1520 2233; x_wconf 86' lang='lat' dir='ltr'><strong>una</strong></span> <span class='ocrx_word' id='word_1_191' title='bbox 1550 2181 1744 2248; x_wconf 86' lang='lat' dir='ltr'><strong>quippe</strong></span> <span class='ocrx_word' id='word_1_192' title='bbox 1781 2195 1874 2232; x_wconf 82' lang='lat' dir='ltr'><strong>sa-</strong></span> 
     </span>
    </p>
   </div>
   <div class='ocr_carea' id='block_1_26' title="bbox 308 2268 1872 2337">
    <p class='ocr_par' dir='ltr' id='par_1_26' title="bbox 308 2268 1872 2337">
     <span class='ocr_line' id='line_1_26' title="bbox 308 2268 1872 2337; baseline 0.002 -17"><span class='ocrx_word' id='word_1_193' title='bbox 308 2269 507 2337; x_wconf 86' lang='lat' dir='ltr'><strong>pientia</strong></span> <span class='ocrx_word' id='word_1_194' title='bbox 537 2277 640 2334; x_wconf 90' lang='lat' dir='ltr'><strong>est,</strong></span> <span class='ocrx_word' id='word_1_195' title='bbox 665 2278 783 2337; x_wconf 67' lang='lat' dir='ltr'><strong>Quae</strong></span> <span class='ocrx_word' id='word_1_196' title='bbox 822 2270 873 2322; x_wconf 90' lang='lat' dir='ltr'><strong>in</strong></span> <span class='ocrx_word' id='word_1_197' title='bbox 905 2268 1010 2324; x_wconf 86' lang='lat' dir='ltr'><strong>illis</strong></span> <span class='ocrx_word' id='word_1_198' title='bbox 1035 2269 1193 2329; x_wconf 86' lang='lat' dir='ltr'><strong>dicit,</strong></span> <span class='ocrx_word' id='word_1_199' title='bbox 1230 2277 1286 2323; x_wconf 91' lang='lat' dir='ltr'><strong>et</strong></span> <span class='ocrx_word' id='word_1_200' title='bbox 1307 2283 1410 2322; x_wconf 88' lang='lat' dir='ltr'><strong>una</strong></span> <span class='ocrx_word' id='word_1_201' title='bbox 1435 2268 1734 2322; x_wconf 82' lang='lat' dir='ltr'><strong>substantia</strong></span> <span class='ocrx_word' id='word_1_202' title='bbox 1754 2285 1872 2337; x_wconf 76' lang='lat' dir='ltr'><strong>quae</strong></span> 
     </span>
    </p>
   </div>
   <div class='ocr_carea' id='block_1_27' title="bbox 311 2356 1873 2426">
    <p class='ocr_par' dir='ltr' id='par_1_27' title="bbox 311 2356 1873 2426">
     <span class='ocr_line' id='line_1_27' title="bbox 311 2356 1873 2426; baseline -0.001 -14"><span class='ocrx_word' id='word_1_203' title='bbox 311 2358 512 2412; x_wconf 76' lang='lat' dir='ltr'><strong>dicitur</strong></span> <span class='ocrx_word' id='word_1_204' title='bbox 544 2374 558 2410; x_wconf 85' lang='lat'><strong>:</strong></span> <span class='ocrx_word' id='word_1_205' title='bbox 588 2359 938 2426; x_wconf 89' lang='lat' dir='ltr'><strong>consequitur</strong></span> <span class='ocrx_word' id='word_1_206' title='bbox 982 2373 1087 2412; x_wconf 88' lang='lat' dir='ltr'><strong>non</strong></span> <span class='ocrx_word' id='word_1_207' title='bbox 1128 2358 1198 2412; x_wconf 87' lang='lat' dir='ltr'><strong>ibi</strong></span> <span class='ocrx_word' id='word_1_208' title='bbox 1228 2371 1348 2411; x_wconf 88' lang='lat' dir='ltr'><strong>esse</strong></span> <span class='ocrx_word' id='word_1_209' title='bbox 1369 2357 1523 2425; x_wconf 88' lang='lat' dir='ltr'><strong>plura</strong></span> <span class='ocrx_word' id='word_1_210' title='bbox 1557 2356 1749 2419; x_wconf 81' lang='lat' dir='ltr'><strong>verba,</strong></span> <span class='ocrx_word' id='word_1_211' title='bbox 1781 2356 1873 2411; x_wconf 90' lang='lat' dir='ltr'><strong>sed</strong></span> 
     </span>
    </p>
   </div>
   <div class='ocr_carea' id='block_1_28' title="bbox 312 2443 1874 2513">
    <p class='ocr_par' dir='ltr' id='par_1_28' title="bbox 312 2443 1874 2513">
     <span class='ocr_line' id='line_1_28' title="bbox 312 2443 1874 2513; baseline 0.003 -21"><span class='ocrx_word' id='word_1_212' title='bbox 312 2459 507 2498; x_wconf 71' lang='lat' dir='ltr'><strong>unum.</strong></span> <span class='ocrx_word' id='word_1_213' title='bbox 529 2443 678 2499; x_wconf 78' lang='lat' dir='ltr'><strong>Licet</strong></span> <span class='ocrx_word' id='word_1_214' title='bbox 709 2443 872 2513; x_wconf 81' lang='lat' dir='ltr'><strong>igitur</strong></span> <span class='ocrx_word' id='word_1_215' title='bbox 918 2444 1283 2512; x_wconf 87' lang='lat' dir='ltr'><strong>unusquisque</strong></span> <span class='ocrx_word' id='word_1_216' title='bbox 1312 2443 1568 2510; x_wconf 83' lang='lat' dir='ltr'><strong>seipsum,</strong></span> <span class='ocrx_word' id='word_1_217' title='bbox 1604 2454 1658 2496; x_wconf 91' lang='lat' dir='ltr'><strong>et</strong></span> <span class='ocrx_word' id='word_1_218' title='bbox 1687 2457 1874 2497; x_wconf 89' lang='lat' dir='ltr'><strong>omnes</strong></span> 
     </span>
    </p>
   </div>
   <div class='ocr_carea' id='block_1_29' title="bbox 310 2532 1873 2603">
    <p class='ocr_par' dir='ltr' id='par_1_29' title="bbox 310 2532 1873 2603">
     <span class='ocr_line' id='line_1_29' title="bbox 310 2532 1873 2603; baseline 0 -20"><span class='ocrx_word' id='word_1_219' title='bbox 310 2532 542 2584; x_wconf 83' lang='lat' dir='ltr'><strong>invicem</strong></span> <span class='ocrx_word' id='word_1_220' title='bbox 571 2547 628 2584; x_wconf 91' lang='lat' dir='ltr'><strong>se</strong></span> <span class='ocrx_word' id='word_1_221' title='bbox 654 2532 864 2594; x_wconf 87' lang='lat' dir='ltr'><strong>dicant,</strong></span> <span class='ocrx_word' id='word_1_222' title='bbox 905 2532 1235 2599; x_wconf 88' lang='lat' dir='ltr'><strong>impossibile</strong></span> <span class='ocrx_word' id='word_1_223' title='bbox 1261 2539 1439 2584; x_wconf 90' lang='lat' dir='ltr'><strong>tamen</strong></span> <span class='ocrx_word' id='word_1_224' title='bbox 1484 2539 1564 2603; x_wconf 85' lang='lat' dir='ltr'><strong>est</strong></span> <span class='ocrx_word' id='word_1_225' title='bbox 1591 2532 1643 2585; x_wconf 91' lang='lat' dir='ltr'><strong>in</strong></span> <span class='ocrx_word' id='word_1_226' title='bbox 1668 2545 1873 2585; x_wconf 91' lang='lat' dir='ltr'><strong>summa</strong></span> 
     </span>
    </p>
   </div>
   <div class='ocr_carea' id='block_1_30' title="bbox 310 2619 1873 2689">
    <p class='ocr_par' dir='ltr' id='par_1_30' title="bbox 310 2619 1873 2689">
     <span class='ocr_line' id='line_1_30' title="bbox 310 2619 1873 2689; baseline 0.002 -17"><span class='ocrx_word' id='word_1_227' title='bbox 310 2633 398 2672; x_wconf 63' lang='lat' dir='ltr'><strong>ess</strong></span> <span class='ocrx_word' id='word_1_228' title='bbox 418 2620 544 2672; x_wconf 66' lang='lat' dir='ltr'><strong>‘ntia</strong></span> <span class='ocrx_word' id='word_1_229' title='bbox 571 2634 690 2674; x_wconf 89' lang='lat' dir='ltr'><strong>esse</strong></span> <span class='ocrx_word' id='word_1_230' title='bbox 724 2621 944 2674; x_wconf 79' lang='lat' dir='ltr'><strong>verbum</strong></span> <span class='ocrx_word' id='word_1_231' title='bbox 972 2620 1113 2674; x_wconf 86' lang='lat' dir='ltr'><strong>aliud</strong></span> <span class='ocrx_word' id='word_1_232' title='bbox 1143 2628 1337 2689; x_wconf 74' lang='lat' dir='ltr'><strong>prmter</strong></span> <span class='ocrx_word' id='word_1_233' title='bbox 1367 2620 1512 2684; x_wconf 86' lang='lat' dir='ltr'><strong>illud,</strong></span> <span class='ocrx_word' id='word_1_234' title='bbox 1550 2621 1613 2675; x_wconf 90' lang='lat' dir='ltr'><strong>de</strong></span> <span class='ocrx_word' id='word_1_235' title='bbox 1640 2636 1745 2689; x_wconf 91' lang='lat' dir='ltr'><strong>quo</strong></span> <span class='ocrx_word' id='word_1_236' title='bbox 1762 2619 1873 2689; x_wconf 65' lang='lat' dir='ltr'><strong>jam</strong></span> 
     </span>
    </p>
   </div>
   <div class='ocr_carea' id='block_1_31' title="bbox 310 2706 1875 2775">
    <p class='ocr_par' dir='ltr' id='par_1_31' title="bbox 310 2706 1875 2775">
     <span class='ocr_line' id='line_1_31' title="bbox 310 2706 1875 2775; baseline 0.001 -17"><span class='ocrx_word' id='word_1_237' title='bbox 310 2714 523 2760; x_wconf 86' lang='lat' dir='ltr'><strong>constat</strong></span> <span class='ocrx_word' id='word_1_238' title='bbox 550 2708 689 2775; x_wconf 90' lang='lat' dir='ltr'><strong>quod</strong></span> <span class='ocrx_word' id='word_1_239' title='bbox 716 2706 795 2761; x_wconf 89' lang='lat' dir='ltr'><strong>sic</strong></span> <span class='ocrx_word' id='word_1_240' title='bbox 847 2709 1085 2762; x_wconf 87' lang='lat' dir='ltr'><strong>nascitur</strong></span> <span class='ocrx_word' id='word_1_241' title='bbox 1123 2724 1188 2761; x_wconf 80' lang='lat' dir='ltr'><strong>ex</strong></span> <span class='ocrx_word' id='word_1_242' title='bbox 1219 2723 1283 2761; x_wconf 87' lang='lat' dir='ltr'><strong>eo</strong></span> <span class='ocrx_word' id='word_1_243' title='bbox 1324 2706 1476 2773; x_wconf 80' lang='lat' dir='ltr'><strong>cujus</strong></span> <span class='ocrx_word' id='word_1_244' title='bbox 1505 2717 1586 2761; x_wconf 90' lang='lat' dir='ltr'><strong>est</strong></span> <span class='ocrx_word' id='word_1_245' title='bbox 1621 2707 1875 2773; x_wconf 86' lang='lat' dir='ltr'><strong>Verbum,</strong></span> 
     </span>
    </p>
   </div>
   <div class='ocr_carea' id='block_1_32' title="bbox 311 2794 1874 2863">
    <p class='ocr_par' dir='ltr' id='par_1_32' title="bbox 311 2794 1874 2863">
     <span class='ocr_line' id='line_1_32' title="bbox 311 2794 1874 2863; baseline 0.001 -18"><span class='ocrx_word' id='word_1_246' title='bbox 311 2804 372 2855; x_wconf 82' lang='lat' dir='ltr'><strong>ut</strong></span> <span class='ocrx_word' id='word_1_247' title='bbox 396 2804 448 2846; x_wconf 92' lang='lat' dir='ltr'><strong>et</strong></span> <span class='ocrx_word' id='word_1_248' title='bbox 468 2809 595 2847; x_wconf 86' lang='lat' dir='ltr'><strong>vera</strong></span> <span class='ocrx_word' id='word_1_249' title='bbox 634 2794 703 2825; x_wconf 76' lang='grc' dir='ltr'><strong>’τ’</strong></span> <span class='ocrx_word' id='word_1_250' title='bbox 737 2796 853 2863; x_wconf 84' lang='lat' dir='ltr'><strong>ejus</strong></span> <span class='ocrx_word' id='word_1_251' title='bbox 876 2795 981 2849; x_wconf 92' lang='lat' dir='ltr'><strong>dici</strong></span> <span class='ocrx_word' id='word_1_252' title='bbox 1025 2796 1194 2862; x_wconf 82' lang='lat' dir='ltr'><strong>possit</strong></span> <span class='ocrx_word' id='word_1_253' title='bbox 1224 2795 1420 2862; x_wconf 83' lang='lat' dir='ltr'><strong>imago,</strong></span> <span class='ocrx_word' id='word_1_254' title='bbox 1467 2804 1522 2847; x_wconf 92' lang='lat' dir='ltr'><strong>et</strong></span> <span class='ocrx_word' id='word_1_255' title='bbox 1552 2810 1677 2863; x_wconf 89' lang='lat' dir='ltr'><strong>vere</strong></span> <span class='ocrx_word' id='word_1_256' title='bbox 1705 2794 1874 2847; x_wconf 83' lang='lat' dir='ltr'><strong>Filius</strong></span> 
     </span>
    </p>
   </div>
   <div class='ocr_carea' id='block_1_33' title="bbox 311 2865 1873 2950">
    <p class='ocr_par' dir='ltr' id='par_1_33' title="bbox 311 2865 1873 2950">
     <span class='ocr_line' id='line_1_33' title="bbox 311 2865 1873 2950; baseline -0.001 -15"><span class='ocrx_word' id='word_1_257' title='bbox 311 2870 569 2948; x_wconf 37' lang='lat' dir='ltr'><strong>eius-sit.</strong></span> <span class='ocrx_word' id='word_1_258' title='bbox 618 2880 675 2934; x_wconf 87' lang='lat' dir='ltr'><strong>In</strong></span> <span class='ocrx_word' id='word_1_259' title='bbox 704 2896 810 2950; x_wconf 91' lang='lat' dir='ltr'><strong>quo</strong></span> <span class='ocrx_word' id='word_1_260' title='bbox 849 2865 1347 2949; x_wconf 59' lang='lat' dir='ltr'><strong>mirumﬁquiddam</strong></span> <span class='ocrx_word' id='word_1_261' title='bbox 1401 2889 1455 2933; x_wconf 91' lang='lat' dir='ltr'><strong>et</strong></span> <span class='ocrx_word' id='word_1_262' title='bbox 1506 2879 1873 2948; x_wconf 79' lang='lat' dir='ltr'><strong>inexplicabile</strong></span> 
     </span>
    </p>
   </div>
   <div class='ocr_carea' id='block_1_34' title="bbox 1959 481 3518 551">
    <p class='ocr_par' dir='ltr' id='par_1_34' title="bbox 1959 481 3518 551">
     <span class='ocr_line' id='line_1_34' title="bbox 1959 481 3518 551; baseline 0.001 -15"><span class='ocrx_word' id='word_1_263' title='bbox 1959 484 2142 542; x_wconf 75' lang='lat' dir='ltr'><strong>Fdins,</strong></span> <span class='ocrx_word' id='word_1_264' title='bbox 2182 498 2287 536; x_wconf 92' lang='lat' dir='ltr'><strong>non</strong></span> <span class='ocrx_word' id='word_1_265' title='bbox 2314 484 2491 550; x_wconf 71' lang='lat' dir='ltr'><strong>plures</strong></span> <span class='ocrx_word' id='word_1_266' title='bbox 2514 483 2630 546; x_wconf 78' lang='lat' dir='ltr'><strong>ﬁlii,</strong></span> <span class='ocrx_word' id='word_1_267' title='bbox 2655 500 2791 535; x_wconf 84' lang='lat' dir='ltr'><strong>unus</strong></span> <span class='ocrx_word' id='word_1_268' title='bbox 2815 483 3112 549; x_wconf 80' lang='lat' dir='ltr'><strong>procedens</strong></span> <span class='ocrx_word' id='word_1_269' title='bbox 3135 481 3387 551; x_wconf 87' lang='lat' dir='ltr'><strong>Spiritus.</strong></span> <span class='ocrx_word' id='word_1_270' title='bbox 3410 500 3518 538; x_wconf 82' lang='lat' dir='ltr'><strong>nntt</strong></span> 
     </span>
    </p>
   </div>
   <div class='ocr_carea' id='block_1_35' title="bbox 1960 569 3535 639">
    <p class='ocr_par' dir='ltr' id='par_1_35' title="bbox 1960 569 3535 639">
     <span class='ocr_line' id='line_1_35' title="bbox 1960 569 3535 639; baseline 0.001 -17"><span class='ocrx_word' id='word_1_271' title='bbox 1960 570 2135 637; x_wconf 86' lang='lat' dir='ltr'><strong>plures</strong></span> <span class='ocrx_word' id='word_1_272' title='bbox 2156 572 2503 639; x_wconf 86' lang='lat' dir='ltr'><strong>procedentes</strong></span> <span class='ocrx_word' id='word_1_273' title='bbox 2529 572 2905 639; x_wconf 78' lang='lat' dir='ltr'><strong>spiritus,s:tnt</strong></span> <span class='ocrx_word' id='word_1_274' title='bbox 2945 569 2996 621; x_wconf 92' lang='lat' dir='ltr'><strong>in</strong></span> <span class='ocrx_word' id='word_1_275' title='bbox 3026 584 3234 622; x_wconf 85' lang='lat' dir='ltr'><strong>summa</strong></span> <span class='ocrx_word' id='word_1_276' title='bbox 3263 580 3535 625; x_wconf 79' lang='lat' dir='ltr'><strong>essenti.t..</strong></span> 
     </span>
    </p>
   </div>
   <div class='ocr_carea' id='block_1_36' title="bbox 1960 656 3519 724">
    <p class='ocr_par' dir='ltr' id='par_1_36' title="bbox 1960 656 3519 724">
     <span class='ocr_line' id='line_1_36' title="bbox 1960 656 3519 724; baseline 0 -14"><span class='ocrx_word' id='word_1_277' title='bbox 1960 658 2056 724; x_wconf 88' lang='lat' dir='ltr'><strong>Qui</strong></span> <span class='ocrx_word' id='word_1_278' title='bbox 2088 675 2210 713; x_wconf 91' lang='lat' dir='ltr'><strong>cum</strong></span> <span class='ocrx_word' id='word_1_279' title='bbox 2243 662 2315 712; x_wconf 91' lang='lat' dir='ltr'><strong>ita</strong></span> <span class='ocrx_word' id='word_1_280' title='bbox 2346 670 2452 713; x_wconf 87' lang='lat' dir='ltr'><strong>tres</strong></span> <span class='ocrx_word' id='word_1_281' title='bbox 2484 660 2611 721; x_wconf 65' lang='lat' dir='ltr'><strong>siit,</strong></span> <span class='ocrx_word' id='word_1_282' title='bbox 2644 668 2701 711; x_wconf 92' lang='lat' dir='ltr'><strong>ut</strong></span> <span class='ocrx_word' id='word_1_283' title='bbox 2734 674 3005 724; x_wconf 91' lang='lat' dir='ltr'><strong>nunquam</strong></span> <span class='ocrx_word' id='word_1_284' title='bbox 3035 659 3195 711; x_wconf 85' lang='lat' dir='ltr'><strong>Pater</strong></span> <span class='ocrx_word' id='word_1_285' title='bbox 3222 658 3294 711; x_wconf 90' lang='lat' dir='ltr'><strong>sit</strong></span> <span class='ocrx_word' id='word_1_286' title='bbox 3332 656 3519 718; x_wconf 79' lang='lat' dir='ltr'><strong>Filius.</strong></span> 
     </span>
    </p>
   </div>
   <div class='ocr_carea' id='block_1_37' title="bbox 1961 743 3524 815">
    <p class='ocr_par' dir='ltr' id='par_1_37' title="bbox 1961 743 3524 815">
     <span class='ocr_line' id='line_1_37' title="bbox 1961 743 3524 815; baseline 0 -18"><span class='ocrx_word' id='word_1_287' title='bbox 1961 758 2052 797; x_wconf 85' lang='lat' dir='ltr'><strong>aut</strong></span> <span class='ocrx_word' id='word_1_288' title='bbox 2082 748 2373 813; x_wconf 87' lang='lat' dir='ltr'><strong>procedens</strong></span> <span class='ocrx_word' id='word_1_289' title='bbox 2396 746 2657 813; x_wconf 86' lang='lat' dir='ltr'><strong>Spiritus;</strong></span> <span class='ocrx_word' id='word_1_290' title='bbox 2692 762 2787 799; x_wconf 90' lang='lat' dir='ltr'><strong>nec</strong></span> <span class='ocrx_word' id='word_1_291' title='bbox 2835 748 2999 800; x_wconf 82' lang='lat' dir='ltr'><strong>Filius</strong></span> <span class='ocrx_word' id='word_1_292' title='bbox 3026 745 3310 815; x_wconf 87' lang='lat' dir='ltr'><strong>aliquando</strong></span> <span class='ocrx_word' id='word_1_293' title='bbox 3333 745 3400 798; x_wconf 87' lang='lat' dir='ltr'><strong>sit</strong></span> <span class='ocrx_word' id='word_1_294' title='bbox 3424 743 3524 797; x_wconf 76' lang='lat' dir='ltr'><strong>Pa-</strong></span> 
     </span>
    </p>
   </div>
   <div class='ocr_carea' id='block_1_38' title="bbox 1965 830 3525 901">
    <p class='ocr_par' dir='ltr' id='par_1_38' title="bbox 1965 830 3525 901">
     <span class='ocr_line' id='line_1_38' title="bbox 1965 830 3525 901; baseline 0.002 -20"><span class='ocrx_word' id='word_1_295' title='bbox 1965 838 2064 890; x_wconf 86' lang='lat' dir='ltr'><strong>ter.</strong></span> <span class='ocrx_word' id='word_1_296' title='bbox 2109 840 2203 884; x_wconf 90' lang='lat' dir='ltr'><strong>aut</strong></span> <span class='ocrx_word' id='word_1_297' title='bbox 2248 830 2480 898; x_wconf 86' lang='lat' dir='ltr'><strong>Spiritus</strong></span> <span class='ocrx_word' id='word_1_298' title='bbox 2520 833 2843 901; x_wconf 79' lang='lat' dir='ltr'><strong>procedens;</strong></span> <span class='ocrx_word' id='word_1_299' title='bbox 2875 848 2975 887; x_wconf 78' lang='lat' dir='ltr'><strong>nec</strong></span> <span class='ocrx_word' id='word_1_300' title='bbox 3021 848 3253 900; x_wconf 88' lang='lat' dir='ltr'><strong>unquam</strong></span> <span class='ocrx_word' id='word_1_301' title='bbox 3288 832 3525 901; x_wconf 82' lang='lat' dir='ltr'><strong>Spiritus</strong></span> 
     </span>
    </p>
   </div>
   <div class='ocr_carea' id='block_1_39' title="bbox 1965 900 3523 989">
    <p class='ocr_par' dir='ltr' id='par_1_39' title="bbox 1965 900 3523 989">
     <span class='ocr_line' id='line_1_39' title="bbox 1965 900 3523 989; baseline 0.001 -20"><span class='ocrx_word' id='word_1_302' title='bbox 1965 915 2137 969; x_wconf 80' lang='lat' dir='ltr'><strong>Patris</strong></span> <span class='ocrx_word' id='word_1_303' title='bbox 2162 923 2214 969; x_wconf 87' lang='lat' dir='ltr'><strong>et</strong></span> <span class='ocrx_word' id='word_1_304' title='bbox 2246 916 2365 970; x_wconf 85' lang='lat' dir='ltr'><strong>Filii</strong></span> <span class='ocrx_word' id='word_1_305' title='bbox 2393 909 2559 970; x_wconf 79' lang='lat' dir='ltr'><strong>&quot;&quot;sit</strong></span> <span class='ocrx_word' id='word_1_306' title='bbox 2589 900 2901 979; x_wconf 40' lang='lat' dir='ltr'><strong>Pater,&#39;aut</strong></span> <span class='ocrx_word' id='word_1_307' title='bbox 2936 920 3102 972; x_wconf 82' lang='lat' dir='ltr'><strong>Filius</strong></span> <span class='ocrx_word' id='word_1_308' title='bbox 3123 959 3137 983; x_wconf 92' lang='lat'><strong>,</strong></span> <span class='ocrx_word' id='word_1_309' title='bbox 3180 928 3233 974; x_wconf 89' lang='lat' dir='ltr'><strong>et</strong></span> <span class='ocrx_word' id='word_1_310' title='bbox 3283 900 3523 989; x_wconf 84' lang='lat' dir='ltr'><strong>singulus</strong></span> 
     </span>
    </p>
   </div>
   <div class='ocr_carea' id='block_1_40' title="bbox 1963 1004 3541 1077">
    <p class='ocr_par' dir='ltr' id='par_1_40' title="bbox 1963 1004 3541 1077">
     <span class='ocr_line' id='line_1_40' title="bbox 1963 1004 3541 1077; baseline 0.004 -23"><span class='ocrx_word' id='word_1_311' title='bbox 1963 1004 2187 1071; x_wconf 84' lang='lat' dir='ltr'><strong>quisque</strong></span> <span class='ocrx_word' id='word_1_312' title='bbox 2227 1004 2305 1055; x_wconf 89' lang='lat' dir='ltr'><strong>sic</strong></span> <span class='ocrx_word' id='word_1_313' title='bbox 2341 1006 2409 1058; x_wconf 89' lang='lat' dir='ltr'><strong>sit</strong></span> <span class='ocrx_word' id='word_1_314' title='bbox 2439 1005 2710 1071; x_wconf 83' lang='lat' dir='ltr'><strong>perfectus</strong></span> <span class='ocrx_word' id='word_1_315' title='bbox 2747 1007 2834 1070; x_wconf 73' lang='grc'><strong>⁸⁷⁸,</strong></span> <span class='ocrx_word' id='word_1_316' title='bbox 2868 1017 2925 1061; x_wconf 92' lang='grc' dir='ltr'><strong>ιιι</strong></span> <span class='ocrx_word' id='word_1_317' title='bbox 2955 1007 3101 1061; x_wconf 89' lang='lat' dir='ltr'><strong>nullo</strong></span> <span class='ocrx_word' id='word_1_318' title='bbox 3152 1008 3384 1077; x_wconf 82' lang='lat' dir='ltr'><strong>indigeat</strong></span> <span class='ocrx_word' id='word_1_319' title='bbox 3426 1025 3440 1062; x_wconf 74' lang='grc' dir='ltr'><strong>ε</strong></span> <span class='ocrx_word' id='word_1_320' title='bbox 3470 1007 3541 1061; x_wconf 74' lang='grc' dir='ltr'><strong>ιιι</strong></span> 
     </span>
    </p>
   </div>
   <div class='ocr_carea' id='block_1_41' title="bbox 1966 1093 3617 1166">
    <p class='ocr_par' dir='ltr' id='par_1_41' title="bbox 1966 1093 3617 1166">
     <span class='ocr_line' id='line_1_41' title="bbox 1966 1093 3617 1166; baseline 0.002 -20"><span class='ocrx_word' id='word_1_321' title='bbox 1966 1102 2141 1146; x_wconf 87' lang='lat' dir='ltr'><strong>tamen</strong></span> <span class='ocrx_word' id='word_1_322' title='bbox 2165 1093 2303 1159; x_wconf 87' lang='lat' dir='ltr'><strong>quod</strong></span> <span class='ocrx_word' id='word_1_323' title='bbox 2336 1102 2479 1158; x_wconf 89' lang='lat' dir='ltr'><strong>sunt,</strong></span> <span class='ocrx_word' id='word_1_324' title='bbox 2513 1094 2592 1147; x_wconf 87' lang='lat' dir='ltr'><strong>sie</strong></span> <span class='ocrx_word' id='word_1_325' title='bbox 2627 1104 2709 1165; x_wconf 88' lang='lat' dir='ltr'><strong>est</strong></span> <span class='ocrx_word' id='word_1_326' title='bbox 2730 1111 2923 1160; x_wconf 88' lang='lat' dir='ltr'><strong>unum;</strong></span> <span class='ocrx_word' id='word_1_327' title='bbox 2950 1098 3171 1150; x_wconf 91' lang='lat' dir='ltr'><strong>utsicut</strong></span> <span class='ocrx_word' id='word_1_328' title='bbox 3203 1097 3271 1152; x_wconf 90' lang='lat' dir='ltr'><strong>de</strong></span> <span class='ocrx_word' id='word_1_329' title='bbox 3298 1097 3527 1166; x_wconf 75' lang='lat' dir='ltr'><strong>singulis</strong></span> <span class='ocrx_word' id='word_1_330' title='bbox 3594 1112 3617 1142; x_wconf 76' lang='grc' dir='ltr'><strong>ι</strong></span> 
     </span>
    </p>
   </div>
   <div class='ocr_carea' id='block_1_42' title="bbox 1967 1182 3528 1250">
    <p class='ocr_par' dir='ltr' id='par_1_42' title="bbox 1967 1182 3528 1250">
     <span class='ocr_line' id='line_1_42' title="bbox 1967 1182 3528 1250; baseline 0.005 -18"><span class='ocrx_word' id='word_1_331' title='bbox 1967 1182 2245 1250; x_wconf 86' lang='lat' dir='ltr'><strong>pluraliter</strong></span> <span class='ocrx_word' id='word_1_332' title='bbox 2270 1183 2372 1235; x_wconf 89' lang='lat' dir='ltr'><strong>dici</strong></span> <span class='ocrx_word' id='word_1_333' title='bbox 2408 1198 2512 1235; x_wconf 89' lang='lat' dir='ltr'><strong>non</strong></span> <span class='ocrx_word' id='word_1_334' title='bbox 2544 1191 2739 1250; x_wconf 84' lang='lat' dir='ltr'><strong>potest,</strong></span> <span class='ocrx_word' id='word_1_335' title='bbox 2773 1184 2845 1235; x_wconf 88' lang='lat' dir='ltr'><strong>ita</strong></span> <span class='ocrx_word' id='word_1_336' title='bbox 2894 1186 3205 1240; x_wconf 66' lang='lat' dir='ltr'><strong>nec-tribus</strong></span> <span class='ocrx_word' id='word_1_337' title='bbox 3253 1186 3433 1240; x_wconf 88' lang='lat' dir='ltr'><strong>simul.</strong></span> <span class='ocrx_word' id='word_1_338' title='bbox 3462 1186 3528 1241; x_wconf 82' lang='lat' dir='ltr'><strong>Et</strong></span> 
     </span>
    </p>
   </div>
   <div class='ocr_carea' id='block_1_43' title="bbox 1965 1271 3531 1342">
    <p class='ocr_par' dir='ltr' id='par_1_43' title="bbox 1965 1271 3531 1342">
     <span class='ocr_line' id='line_1_43' title="bbox 1965 1271 3531 1342; baseline 0.003 -17"><span class='ocrx_word' id='word_1_339' title='bbox 1965 1286 2083 1325; x_wconf 72' lang='lat' dir='ltr'><strong>cum</strong></span> <span class='ocrx_word' id='word_1_340' title='bbox 2122 1271 2327 1339; x_wconf 90' lang='lat' dir='ltr'><strong>pariter</strong></span> <span class='ocrx_word' id='word_1_341' title='bbox 2354 1273 2717 1340; x_wconf 83' lang='lat' dir='ltr'><strong>unusquisque</strong></span> <span class='ocrx_word' id='word_1_342' title='bbox 2758 1272 3023 1342; x_wconf 86' lang='lat' dir='ltr'><strong>seipsum,</strong></span> <span class='ocrx_word' id='word_1_343' title='bbox 3060 1284 3113 1327; x_wconf 92' lang='lat' dir='ltr'><strong>et</strong></span> <span class='ocrx_word' id='word_1_344' title='bbox 3162 1290 3346 1329; x_wconf 91' lang='lat' dir='ltr'><strong>omnes</strong></span> <span class='ocrx_word' id='word_1_345' title='bbox 3392 1277 3531 1330; x_wconf 86' lang='lat' dir='ltr'><strong>invi-</strong></span> 
     </span>
    </p>
   </div>
   <div class='ocr_carea' id='block_1_44' title="bbox 1966 1359 3535 1436">
    <p class='ocr_par' dir='ltr' id='par_1_44' title="bbox 1966 1359 3535 1436">
     <span class='ocr_line' id='line_1_44' title="bbox 1966 1359 3535 1436; baseline 0.005 -25"><span class='ocrx_word' id='word_1_346' title='bbox 1966 1372 2171 1436; x_wconf 78' lang='lat' dir='ltr'><strong>cemse</strong></span> <span class='ocrx_word' id='word_1_347' title='bbox 2196 1359 2406 1424; x_wconf 85' lang='lat' dir='ltr'><strong>dicant;</strong></span> <span class='ocrx_word' id='word_1_348' title='bbox 2437 1376 2540 1413; x_wconf 90' lang='lat' dir='ltr'><strong>non</strong></span> <span class='ocrx_word' id='word_1_349' title='bbox 2575 1372 2752 1417; x_wconf 89' lang='lat' dir='ltr'><strong>tamen</strong></span> <span class='ocrx_word' id='word_1_350' title='bbox 2787 1370 2907 1414; x_wconf 88' lang='lat' dir='ltr'><strong>sunt</strong></span> <span class='ocrx_word' id='word_1_351' title='bbox 2937 1363 3007 1415; x_wconf 85' lang='lat' dir='ltr'><strong>ibi</strong></span> <span class='ocrx_word' id='word_1_352' title='bbox 3044 1364 3194 1431; x_wconf 84' lang='lat' dir='ltr'><strong>plura</strong></span> <span class='ocrx_word' id='word_1_353' title='bbox 3225 1365 3406 1428; x_wconf 83' lang='lat' dir='ltr'><strong>verba,</strong></span> <span class='ocrx_word' id='word_1_354' title='bbox 3435 1364 3535 1419; x_wconf 77' lang='lat' dir='ltr'><strong>sed</strong></span> 
     </span>
    </p>
   </div>
   <div class='ocr_carea' id='block_1_45' title="bbox 1968 1447 3533 1518">
    <p class='ocr_par' dir='ltr' id='par_1_45' title="bbox 1968 1447 3533 1518">
     <span class='ocr_line' id='line_1_45' title="bbox 1968 1447 3533 1518; baseline 0.006 -22"><span class='ocrx_word' id='word_1_355' title='bbox 1968 1461 2128 1497; x_wconf 84' lang='lat' dir='ltr'><strong>unum</strong></span> <span class='ocrx_word' id='word_1_356' title='bbox 2154 1462 2168 1499; x_wconf 87' lang='lat'><strong>:</strong></span> <span class='ocrx_word' id='word_1_357' title='bbox 2192 1454 2247 1499; x_wconf 75' lang='lat' dir='ltr'><strong>et</strong></span> <span class='ocrx_word' id='word_1_358' title='bbox 2286 1447 2462 1516; x_wconf 88' lang='lat' dir='ltr'><strong>ipsum</strong></span> <span class='ocrx_word' id='word_1_359' title='bbox 2490 1463 2592 1500; x_wconf 85' lang='lat' dir='ltr'><strong>non</strong></span> <span class='ocrx_word' id='word_1_360' title='bbox 2628 1448 2961 1518; x_wconf 90' lang='lat' dir='ltr'><strong>singulorum</strong></span> <span class='ocrx_word' id='word_1_361' title='bbox 2983 1488 3001 1515; x_wconf 92' lang='lat'><strong>,</strong></span> <span class='ocrx_word' id='word_1_362' title='bbox 3043 1460 3139 1505; x_wconf 89' lang='lat' dir='ltr'><strong>aut</strong></span> <span class='ocrx_word' id='word_1_363' title='bbox 3172 1452 3414 1506; x_wconf 85' lang='lat' dir='ltr'><strong>omnium</strong></span> <span class='ocrx_word' id='word_1_364' title='bbox 3460 1450 3533 1507; x_wconf 80' lang='lat' dir='ltr'><strong>si-</strong></span> 
     </span>
    </p>
   </div>
   <div class='ocr_carea' id='block_1_46' title="bbox 1970 1532 2705 1595">
    <p class='ocr_par' dir='ltr' id='par_1_46' title="bbox 1970 1532 2705 1595">
     <span class='ocr_line' id='line_1_46' title="bbox 1970 1532 2705 1595; baseline 0.001 -10"><span class='ocrx_word' id='word_1_365' title='bbox 1970 1532 2109 1595; x_wconf 79' lang='lat' dir='ltr'><strong>mul,</strong></span> <span class='ocrx_word' id='word_1_366' title='bbox 2159 1535 2249 1586; x_wconf 88' lang='lat' dir='ltr'><strong>sed</strong></span> <span class='ocrx_word' id='word_1_367' title='bbox 2286 1534 2445 1587; x_wconf 90' lang='lat' dir='ltr'><strong>unius</strong></span> <span class='ocrx_word' id='word_1_368' title='bbox 2479 1544 2705 1587; x_wconf 91' lang='lat' dir='ltr'><strong>tantum.</strong></span> 
     </span>
    </p>
   </div>
   <div class='ocr_carea' id='block_1_47' title="bbox 2318 1645 3177 1719">
    <p class='ocr_par' dir='ltr' id='par_1_47' title="bbox 2318 1645 3177 1719">
     <span class='ocr_line' id='line_1_47' title="bbox 2318 1645 3177 1719; baseline 0.003 -20"><span class='ocrx_word' id='word_1_369' title='bbox 2318 1645 2545 1699; x_wconf 81' lang='lat' dir='ltr'><strong>CAPUT</strong></span> <span class='ocrx_word' id='word_1_370' title='bbox 2593 1647 2750 1701; x_wconf 77' lang='lat' dir='ltr'><strong>LXIV</strong></span> <span class='ocrx_word' id='word_1_371' title='bbox 2778 1648 2874 1717; x_wconf 85' lang='lat' dir='ltr'><strong>[nl.</strong></span> <span class='ocrx_word' id='word_1_372' title='bbox 2901 1647 3058 1719; x_wconf 81' lang='lat' dir='ltr'><strong>LXII]</strong></span> <span class='ocrx_word' id='word_1_373' title='bbox 3087 1649 3177 1702; x_wconf 78' lang='grc'><strong>⁸⁷⁵.</strong></span> 
     </span>
    </p>
   </div>
   <div class='ocr_carea' id='block_1_48' title="bbox 1950 1754 3533 1822">
    <p class='ocr_par' dir='ltr' id='par_1_48' title="bbox 1950 1754 3533 1822">
     <span class='ocr_line' id='line_1_48' title="bbox 1950 1754 3533 1822; baseline 0.006 -17"><span class='ocrx_word' id='word_1_374' title='bbox 1950 1754 2121 1816; x_wconf 78' lang='lat' dir='ltr'><strong>‘Quod</strong></span> <span class='ocrx_word' id='word_1_375' title='bbox 2142 1754 2237 1807; x_wconf 73' lang='lat' dir='ltr'><strong>Iter</strong></span> <span class='ocrx_word' id='word_1_376' title='bbox 2256 1754 2369 1807; x_wconf 82' lang='lat' dir='ltr'><strong>licet</strong></span> <span class='ocrx_word' id='word_1_377' title='bbox 2396 1755 2756 1822; x_wconf 76' lang='lat' dir='ltr'><strong>inexplicabile</strong></span> <span class='ocrx_word' id='word_1_378' title='bbox 2783 1758 2849 1809; x_wconf 74' lang='lat' dir='ltr'><strong>sit</strong></span> <span class='ocrx_word' id='word_1_379' title='bbox 2869 1796 2885 1819; x_wconf 87' lang='lat'><strong>,</strong></span> <span class='ocrx_word' id='word_1_380' title='bbox 2913 1767 3085 1811; x_wconf 84' lang='lat' dir='ltr'><strong>tamen</strong></span> <span class='ocrx_word' id='word_1_381' title='bbox 3110 1759 3420 1817; x_wconf 70' lang='lat' dir='ltr'><strong>credendum</strong></span> <span class='ocrx_word' id='word_1_382' title='bbox 3443 1762 3533 1815; x_wconf 62' lang='lat' dir='ltr'><strong>sit.</strong></span> 
     </span>
    </p>
   </div>
   <div class='ocr_carea' id='block_1_49' title="bbox 1967 1828 3535 1900">
    <p class='ocr_par' dir='ltr' id='par_1_49' title="bbox 1967 1828 3535 1900">
     <span class='ocr_line' id='line_1_49' title="bbox 1967 1828 3535 1900; baseline 0.001 -3"><span class='ocrx_word' id='word_1_383' title='bbox 1967 1828 2307 1897; x_wconf 73' lang='lat' dir='ltr'><strong>C(thPiiCTUS</strong></span> <span class='ocrx_word' id='word_1_384' title='bbox 2338 1857 2564 1896; x_wconf 77' lang='lat' dir='ltr'><strong>CAPITIS.</strong></span> <span class='ocrx_word' id='word_1_385' title='bbox 2589 1873 2655 1883; x_wconf 93' lang='lat'><strong>-—-</strong></span> <span class='ocrx_word' id='word_1_386' title='bbox 2687 1844 2796 1898; x_wconf 89' lang='lat' dir='ltr'><strong>lloc</strong></span> <span class='ocrx_word' id='word_1_387' title='bbox 2819 1845 3118 1898; x_wconf 82' lang='lat' dir='ltr'><strong>certissime</strong></span> <span class='ocrx_word' id='word_1_388' title='bbox 3142 1846 3220 1899; x_wconf 86' lang='lat' dir='ltr'><strong>sic</strong></span> <span class='ocrx_word' id='word_1_389' title='bbox 3238 1838 3355 1900; x_wconf 79' lang='lat' dir='ltr'><strong>esse</strong></span> <span class='ocrx_word' id='word_1_390' title='bbox 3384 1862 3535 1900; x_wconf 73' lang='lat' dir='ltr'><strong>mens</strong></span> 
     </span>
    </p>
   </div>
   <div class='ocr_carea' id='block_1_50' title="bbox 2041 1913 3531 1982">
    <p class='ocr_par' dir='ltr' id='par_1_50' title="bbox 2041 1913 3531 1982">
     <span class='ocr_line' id='line_1_50' title="bbox 2041 1913 3531 1982; baseline 0.001 -17"><span class='ocrx_word' id='word_1_391' title='bbox 2041 1913 2272 1982; x_wconf 84' lang='lat' dir='ltr'><strong>lnunana</strong></span> <span class='ocrx_word' id='word_1_392' title='bbox 2311 1921 2594 1982; x_wconf 72' lang='lat' dir='ltr'><strong>cognoscat</strong></span> <span class='ocrx_word' id='word_1_393' title='bbox 2618 1952 2632 1973; x_wconf 87' lang='lat'><strong>,</strong></span> <span class='ocrx_word' id='word_1_394' title='bbox 2680 1914 2839 1965; x_wconf 87' lang='lat' dir='ltr'><strong>etiam</strong></span> <span class='ocrx_word' id='word_1_395' title='bbox 2882 1914 2938 1982; x_wconf 84' lang='lat' dir='ltr'><strong>si</strong></span> <span class='ocrx_word' id='word_1_396' title='bbox 2972 1916 3259 1982; x_wconf 78' lang='lat' dir='ltr'><strong>penetrare</strong></span> <span class='ocrx_word' id='word_1_397' title='bbox 3298 1925 3531 1982; x_wconf 91' lang='lat' dir='ltr'><strong>nequeat</strong></span> 
     </span>
    </p>
   </div>
   <div class='ocr_carea' id='block_1_51' title="bbox 2040 1979 3535 2048">
    <p class='ocr_par' dir='ltr' id='par_1_51' title="bbox 2040 1979 3535 2048">
     <span class='ocr_line' id='line_1_51' title="bbox 2040 1979 3535 2048; baseline 0.001 -16"><span class='ocrx_word' id='word_1_398' title='bbox 2040 1980 2305 2047; x_wconf 85' lang='lat' dir='ltr'><strong>qumnodo</strong></span> <span class='ocrx_word' id='word_1_399' title='bbox 2353 1980 2439 2032; x_wconf 87' lang='lat' dir='ltr'><strong>sit.</strong></span> <span class='ocrx_word' id='word_1_400' title='bbox 2517 1979 3055 2046; x_wconf 85' lang='lat' dir='ltr'><strong>lncomprehcnsibile</strong></span> <span class='ocrx_word' id='word_1_401' title='bbox 3121 1989 3206 2035; x_wconf 90' lang='lat' dir='ltr'><strong>est</strong></span> <span class='ocrx_word' id='word_1_402' title='bbox 3266 1979 3535 2048; x_wconf 70' lang='lat' dir='ltr'><strong>quoinch</strong></span> 
     </span>
    </p>
   </div>
   <div class='ocr_carea' id='block_1_52' title="bbox 2002 2048 3535 2117">
    <p class='ocr_par' dir='ltr' id='par_1_52' title="bbox 2002 2048 3535 2117">
     <span class='ocr_line' id='line_1_52' title="bbox 2002 2048 3535 2117; baseline 0.001 -17"><span class='ocrx_word' id='word_1_403' title='bbox 2002 2070 2006 2072; x_wconf 42' lang='lat'><strong><em>‘</em></strong></span> <span class='ocrx_word' id='word_1_404' title='bbox 2041 2062 2247 2100; x_wconf 82' lang='lat' dir='ltr'><strong>summa</strong></span> <span class='ocrx_word' id='word_1_405' title='bbox 2281 2048 2539 2113; x_wconf 80' lang='lat' dir='ltr'><strong>sapientia</strong></span> <span class='ocrx_word' id='word_1_406' title='bbox 2580 2049 2723 2117; x_wconf 75' lang='lat' dir='ltr'><strong>sciat</strong></span> <span class='ocrx_word' id='word_1_407' title='bbox 2768 2064 2826 2101; x_wconf 89' lang='lat' dir='ltr'><strong>ea</strong></span> <span class='ocrx_word' id='word_1_408' title='bbox 2872 2064 2989 2115; x_wconf 69' lang='lat' dir='ltr'><strong>qua:</strong></span> <span class='ocrx_word' id='word_1_409' title='bbox 3019 2048 3163 2102; x_wconf 80' lang='lat' dir='ltr'><strong>fecit.</strong></span> <span class='ocrx_word' id='word_1_410' title='bbox 3194 2048 3333 2117; x_wconf 84' lang='lat' dir='ltr'><strong>Ergo</strong></span> <span class='ocrx_word' id='word_1_411' title='bbox 3360 2048 3535 2104; x_wconf 84' lang='lat' dir='ltr'><strong>multo</strong></span> 
     </span>
    </p>
   </div>
   <div class='ocr_carea' id='block_1_53' title="bbox 2042 2116 3535 2193">
    <p class='ocr_par' dir='ltr' id='par_1_53' title="bbox 2042 2116 3535 2193">
     <span class='ocr_line' id='line_1_53' title="bbox 2042 2116 3535 2193; baseline 0.003 -26"><span class='ocrx_word' id='word_1_412' title='bbox 2042 2117 2217 2193; x_wconf 78' lang='lat' dir='ltr'><strong>minus</strong></span> <span class='ocrx_word' id='word_1_413' title='bbox 2247 2124 2420 2183; x_wconf 86' lang='lat' dir='ltr'><strong>potest</strong></span> <span class='ocrx_word' id='word_1_414' title='bbox 2450 2116 2703 2183; x_wconf 78' lang='lat' dir='ltr'><strong>explicari</strong></span> <span class='ocrx_word' id='word_1_415' title='bbox 2746 2118 3015 2183; x_wconf 87' lang='lat' dir='ltr'><strong>quomodo</strong></span> <span class='ocrx_word' id='word_1_416' title='bbox 3062 2117 3202 2171; x_wconf 88' lang='lat' dir='ltr'><strong>sciat</strong></span> <span class='ocrx_word' id='word_1_417' title='bbox 3251 2116 3343 2171; x_wconf 86' lang='lat' dir='ltr'><strong>aut</strong></span> <span class='ocrx_word' id='word_1_418' title='bbox 3390 2119 3535 2172; x_wconf 73' lang='lat' dir='ltr'><strong>dicat</strong></span> 
     </span>
    </p>
   </div>
   <div class='ocr_carea' id='block_1_54' title="bbox 2041 2199 3522 2250">
    <p class='ocr_par' dir='ltr' id='par_1_54' title="bbox 2041 2199 3522 2250">
     <span class='ocr_line' id='line_1_54' title="bbox 2041 2199 3522 2250; baseline 0.002 -16"><span class='ocrx_word' id='word_1_419' title='bbox 2041 2199 2291 2250; x_wconf 74' lang='lat' dir='ltr'><strong>seipsatn.</strong></span> <span class='ocrx_word' id='word_1_420' title='bbox 3518 2215 3522 2219; x_wconf 64' lang='grc'><strong><em>«</em></strong></span> 
     </span>
    </p>
   </div>
   <div class='ocr_carea' id='block_1_55' title="bbox 2041 2270 3534 2340">
    <p class='ocr_par' dir='ltr' id='par_1_55' title="bbox 2041 2270 3534 2340">
     <span class='ocr_line' id='line_1_55' title="bbox 2041 2270 3534 2340; baseline 0.003 -17"><span class='ocrx_word' id='word_1_421' title='bbox 2041 2270 2265 2324; x_wconf 72' lang='lat' dir='ltr'><strong>Videtur</strong></span> <span class='ocrx_word' id='word_1_422' title='bbox 2313 2272 2443 2323; x_wconf 87' lang='lat' dir='ltr'><strong>mihi</strong></span> <span class='ocrx_word' id='word_1_423' title='bbox 2489 2270 2648 2340; x_wconf 82' lang='lat' dir='ltr'><strong>hujus</strong></span> <span class='ocrx_word' id='word_1_424' title='bbox 2700 2280 2805 2324; x_wconf 87' lang='lat' dir='ltr'><strong>tam</strong></span> <span class='ocrx_word' id='word_1_425' title='bbox 2850 2270 3093 2325; x_wconf 82' lang='lat' dir='ltr'><strong>sublimis</strong></span> <span class='ocrx_word' id='word_1_426' title='bbox 3140 2272 3218 2325; x_wconf 80' lang='lat' dir='ltr'><strong>rei</strong></span> <span class='ocrx_word' id='word_1_427' title='bbox 3268 2282 3534 2328; x_wconf 88' lang='lat' dir='ltr'><strong>secretum</strong></span> 
     </span>
    </p>
   </div>
   <div class='ocr_carea' id='block_1_56' title="bbox 1975 2359 3538 2419">
    <p class='ocr_par' dir='ltr' id='par_1_56' title="bbox 1975 2359 3538 2419">
     <span class='ocr_line' id='line_1_56' title="bbox 1975 2359 3538 2419; baseline 0.005 -8"><span class='ocrx_word' id='word_1_428' title='bbox 1975 2362 2353 2411; x_wconf 84' lang='lat' dir='ltr'><strong>transcendere</strong></span> <span class='ocrx_word' id='word_1_429' title='bbox 2386 2373 2599 2412; x_wconf 86' lang='lat' dir='ltr'><strong>omnem</strong></span> <span class='ocrx_word' id='word_1_430' title='bbox 2635 2359 2935 2412; x_wconf 82' lang='lat' dir='ltr'><strong>intellectus</strong></span> <span class='ocrx_word' id='word_1_431' title='bbox 2989 2360 3157 2414; x_wconf 90' lang='lat' dir='ltr'><strong>aciem</strong></span> <span class='ocrx_word' id='word_1_432' title='bbox 3190 2363 3405 2417; x_wconf 83' lang='lat' dir='ltr'><strong>humani</strong></span> <span class='ocrx_word' id='word_1_433' title='bbox 3436 2378 3450 2417; x_wconf 90' lang='lat'><strong>:</strong></span> <span class='ocrx_word' id='word_1_434' title='bbox 3482 2372 3538 2419; x_wconf 90' lang='lat' dir='ltr'><strong>et</strong></span> 
     </span>
    </p>
   </div>
   <div class='ocr_carea' id='block_1_57' title="bbox 1975 2446 3537 2516">
    <p class='ocr_par' dir='ltr' id='par_1_57' title="bbox 1975 2446 3537 2516">
     <span class='ocr_line' id='line_1_57' title="bbox 1975 2446 3537 2516; baseline 0.004 -17"><span class='ocrx_word' id='word_1_435' title='bbox 1975 2446 2173 2501; x_wconf 88' lang='lat' dir='ltr'><strong>idcirco</strong></span> <span class='ocrx_word' id='word_1_436' title='bbox 2215 2456 2463 2500; x_wconf 90' lang='lat' dir='ltr'><strong>conatum</strong></span> <span class='ocrx_word' id='word_1_437' title='bbox 2511 2448 2810 2516; x_wconf 67' lang='lat' dir='ltr'><strong>eXplicandi</strong></span> <span class='ocrx_word' id='word_1_438' title='bbox 2845 2447 3077 2515; x_wconf 86' lang='lat' dir='ltr'><strong>qualiter</strong></span> <span class='ocrx_word' id='word_1_439' title='bbox 3106 2450 3209 2504; x_wconf 87' lang='lat' dir='ltr'><strong>hoc.</strong></span> <span class='ocrx_word' id='word_1_440' title='bbox 3239 2451 3327 2514; x_wconf 88' lang='lat' dir='ltr'><strong>sit,</strong></span> <span class='ocrx_word' id='word_1_441' title='bbox 3366 2454 3537 2506; x_wconf 78' lang='lat' dir='ltr'><strong>conti-</strong></span> 
     </span>
    </p>
   </div>
   <div class='ocr_carea' id='block_1_58' title="bbox 1976 2534 3548 2604">
    <p class='ocr_par' dir='ltr' id='par_1_58' title="bbox 1976 2534 3548 2604">
     <span class='ocr_line' id='line_1_58' title="bbox 1976 2534 3548 2604; baseline 0.004 -16"><span class='ocrx_word' id='word_1_442' title='bbox 1976 2536 2205 2595; x_wconf 85' lang='lat' dir='ltr'><strong>nendum</strong></span> <span class='ocrx_word' id='word_1_443' title='bbox 2253 2546 2399 2604; x_wconf 91' lang='lat' dir='ltr'><strong>puto.</strong></span> <span class='ocrx_word' id='word_1_444' title='bbox 2444 2534 2699 2589; x_wconf 81' lang='lat' dir='ltr'><strong>Suﬂicere</strong></span> <span class='ocrx_word' id='word_1_445' title='bbox 2758 2551 2988 2604; x_wconf 88' lang='lat' dir='ltr'><strong>namque</strong></span> <span class='ocrx_word' id='word_1_446' title='bbox 3043 2536 3243 2594; x_wconf 86' lang='lat' dir='ltr'><strong>debere</strong></span> <span class='ocrx_word' id='word_1_447' title='bbox 3284 2541 3548 2601; x_wconf 78' lang='lat' dir='ltr'><strong>existimo</strong></span> 
     </span>
    </p>
   </div>
   <div class='ocr_carea' id='block_1_59' title="bbox 1977 2625 3540 2701">
    <p class='ocr_par' dir='ltr' id='par_1_59' title="bbox 1977 2625 3540 2701">
     <span class='ocr_line' id='line_1_59' title="bbox 1977 2625 3540 2701; baseline 0.004 -24"><span class='ocrx_word' id='word_1_448' title='bbox 1977 2640 2089 2678; x_wconf 87' lang='lat' dir='ltr'><strong>rem</strong></span> <span class='ocrx_word' id='word_1_449' title='bbox 2123 2625 2715 2692; x_wconf 87' lang='lat' dir='ltr'><strong>incomprehensibilem</strong></span> <span class='ocrx_word' id='word_1_450' title='bbox 2768 2625 3061 2701; x_wconf 70' lang='lat' dir='ltr'><strong>indaganti,</strong></span> <span class='ocrx_word' id='word_1_451' title='bbox 3088 2626 3133 2681; x_wconf 90' lang='lat' dir='ltr'><strong>si</strong></span> <span class='ocrx_word' id='word_1_452' title='bbox 3182 2629 3248 2681; x_wconf 88' lang='lat' dir='ltr'><strong>ad</strong></span> <span class='ocrx_word' id='word_1_453' title='bbox 3305 2630 3407 2683; x_wconf 86' lang='lat' dir='ltr'><strong>hoc</strong></span> <span class='ocrx_word' id='word_1_454' title='bbox 3452 2642 3540 2682; x_wconf 85' lang='lat' dir='ltr'><strong>ra-</strong></span> 
     </span>
    </p>
   </div>
   <div class='ocr_carea' id='block_1_60' title="bbox 1976 2714 3539 2782">
    <p class='ocr_par' dir='ltr' id='par_1_60' title="bbox 1976 2714 3539 2782">
     <span class='ocr_line' id='line_1_60' title="bbox 1976 2714 3539 2782; baseline 0.004 -15"><span class='ocrx_word' id='word_1_455' title='bbox 1976 2714 2280 2767; x_wconf 89' lang='lat' dir='ltr'><strong>tiocinando</strong></span> <span class='ocrx_word' id='word_1_456' title='bbox 2316 2716 2619 2782; x_wconf 89' lang='lat' dir='ltr'><strong>pervenerit</strong></span> <span class='ocrx_word' id='word_1_457' title='bbox 2678 2723 2735 2767; x_wconf 92' lang='lat' dir='ltr'><strong>ut</strong></span> <span class='ocrx_word' id='word_1_458' title='bbox 2770 2730 2889 2769; x_wconf 87' lang='lat' dir='ltr'><strong>eam</strong></span> <span class='ocrx_word' id='word_1_459' title='bbox 2935 2717 3238 2771; x_wconf 83' lang='lat' dir='ltr'><strong>certissime</strong></span> <span class='ocrx_word' id='word_1_460' title='bbox 3285 2734 3401 2772; x_wconf 83' lang='lat' dir='ltr'><strong>esse</strong></span> <span class='ocrx_word' id='word_1_461' title='bbox 3447 2735 3539 2774; x_wconf 83' lang='lat' dir='ltr'><strong>on-</strong></span> 
     </span>
    </p>
   </div>
   <div class='ocr_carea' id='block_1_61' title="bbox 1974 2801 3539 2877">
    <p class='ocr_par' dir='ltr' id='par_1_61' title="bbox 1974 2801 3539 2877">
     <span class='ocr_line' id='line_1_61' title="bbox 1974 2801 3539 2877; baseline 0.007 -26"><span class='ocrx_word' id='word_1_462' title='bbox 1974 2808 2195 2867; x_wconf 84' lang='lat' dir='ltr'><strong>gnoscat</strong></span> <span class='ocrx_word' id='word_1_463' title='bbox 2218 2816 2232 2863; x_wconf 90' lang='lat'><strong>;</strong></span> <span class='ocrx_word' id='word_1_464' title='bbox 2260 2801 2469 2853; x_wconf 88' lang='lat' dir='ltr'><strong>etiamsi</strong></span> <span class='ocrx_word' id='word_1_465' title='bbox 2494 2810 3035 2877; x_wconf 78' lang='lat' dir='ltr'><strong>penetrarenequeat</strong></span> <span class='ocrx_word' id='word_1_466' title='bbox 3062 2806 3360 2866; x_wconf 81' lang='lat' dir='ltr'><strong>intellectu.</strong></span> <span class='ocrx_word' id='word_1_467' title='bbox 3402 2823 3539 2877; x_wconf 83' lang='lat' dir='ltr'><strong>quo-</strong></span> 
     </span>
    </p>
   </div>
   <div class='ocr_carea' id='block_1_62' title="bbox 1975 2874 3539 2949">
    <p class='ocr_par' dir='ltr' id='par_1_62' title="bbox 1975 2874 3539 2949">
     <span class='ocr_line' id='line_1_62' title="bbox 1975 2874 3539 2949; baseline 0.005 -8"><span class='ocrx_word' id='word_1_468' title='bbox 1975 2889 2133 2942; x_wconf 78' lang='lat' dir='ltr'><strong>nmdo</strong></span> <span class='ocrx_word' id='word_1_469' title='bbox 2165 2880 2236 2941; x_wconf 85' lang='lat' dir='ltr'><strong>ita</strong></span> <span class='ocrx_word' id='word_1_470' title='bbox 2284 2889 2356 2941; x_wconf 87' lang='lat' dir='ltr'><strong>sit</strong></span> <span class='ocrx_word' id='word_1_471' title='bbox 2390 2906 2402 2941; x_wconf 90' lang='lat'><strong>:</strong></span> <span class='ocrx_word' id='word_1_472' title='bbox 2436 2874 2788 2944; x_wconf 63' lang='lat' dir='ltr'><strong>nec:idcirco</strong></span> <span class='ocrx_word' id='word_1_473' title='bbox 2834 2893 3009 2948; x_wconf 90' lang='lat' dir='ltr'><strong>minus</strong></span> <span class='ocrx_word' id='word_1_474' title='bbox 3056 2891 3143 2947; x_wconf 78' lang='lat' dir='ltr'><strong>his</strong></span> <span class='ocrx_word' id='word_1_475' title='bbox 3186 2874 3539 2949; x_wconf 81' lang='lat' dir='ltr'><strong>adhibendam</strong></span> 
     </span>
    </p>
   </div>
   <div class='ocr_carea' id='block_1_63' title="bbox 312 2969 3534 3050">
    <p class='ocr_par' dir='ltr' id='par_1_63' title="bbox 312 2969 3534 3050">
     <span class='ocr_line' id='line_1_63' title="bbox 312 2969 3534 3050; baseline 0.004 -27"><span class='ocrx_word' id='word_1_476' title='bbox 312 2972 489 3025; x_wconf 86' lang='lat' dir='ltr'><strong>video.</strong></span> <span class='ocrx_word' id='word_1_477' title='bbox 522 2972 659 3026; x_wconf 84' lang='lat' dir='ltr'><strong>Ecce</strong></span> <span class='ocrx_word' id='word_1_478' title='bbox 700 2971 841 3026; x_wconf 91' lang='lat' dir='ltr'><strong>enim</strong></span> <span class='ocrx_word' id='word_1_479' title='bbox 879 2986 1001 3025; x_wconf 91' lang='lat' dir='ltr'><strong>cum</strong></span> <span class='ocrx_word' id='word_1_480' title='bbox 1041 2969 1382 3024; x_wconf 78' lang='lat' dir='ltr'><strong>manifestum</strong></span> <span class='ocrx_word' id='word_1_481' title='bbox 1414 2970 1484 3023; x_wconf 82' lang='lat' dir='ltr'><strong>sit</strong></span> <span class='ocrx_word' id='word_1_482' title='bbox 1519 2984 1871 3036; x_wconf 51' lang='lat' dir='ltr'><strong>unumqucm‘</strong></span> <span class='ocrx_word' id='word_1_483' title='bbox 1900 2989 1941 3045; x_wconf 74' lang='grc' dir='ltr'>ο</span> <span class='ocrx_word' id='word_1_484' title='bbox 1976 2978 2097 3030; x_wconf 85' lang='lat' dir='ltr'><strong>lidei</strong></span> <span class='ocrx_word' id='word_1_485' title='bbox 2142 2978 2540 3041; x_wconf 88' lang='lat' dir='ltr'><strong>certitudinem,</strong></span> <span class='ocrx_word' id='word_1_486' title='bbox 2570 2994 2691 3047; x_wconf 79' lang='lat' dir='ltr'><strong>quae</strong></span> <span class='ocrx_word' id='word_1_487' title='bbox 2735 2979 3142 3047; x_wconf 80' lang='lat' dir='ltr'><strong>probationibus</strong></span> <span class='ocrx_word' id='word_1_488' title='bbox 3193 2984 3534 3050; x_wconf 85' lang='lat' dir='ltr'><strong>necessariis,</strong></span> 
     </span>
    </p>
   </div>
   <div class='ocr_carea' id='block_1_64' title="bbox 311 3054 1875 3132">
    <p class='ocr_par' dir='ltr' id='par_1_64' title="bbox 311 3054 1875 3132">
     <span class='ocr_line' id='line_1_64' title="bbox 311 3054 1875 3132; baseline -0.004 -16"><span class='ocrx_word' id='word_1_489' title='bbox 311 3078 441 3132; x_wconf 82' lang='lat' dir='ltr'><strong>que,</strong></span> <span class='ocrx_word' id='word_1_490' title='bbox 470 3054 673 3118; x_wconf 85' lang='lat' dir='ltr'><strong>scilicet</strong></span> <span class='ocrx_word' id='word_1_491' title='bbox 706 3062 945 3128; x_wconf 84' lang='lat' dir='ltr'><strong>Patrem,</strong></span> <span class='ocrx_word' id='word_1_492' title='bbox 992 3070 1045 3115; x_wconf 93' lang='lat' dir='ltr'><strong>et</strong></span> <span class='ocrx_word' id='word_1_493' title='bbox 1100 3059 1323 3123; x_wconf 82' lang='lat' dir='ltr'><strong>Filium,</strong></span> <span class='ocrx_word' id='word_1_494' title='bbox 1357 3069 1411 3113; x_wconf 92' lang='lat' dir='ltr'><strong>et</strong></span> <span class='ocrx_word' id='word_1_495' title='bbox 1444 3060 1621 3113; x_wconf 86' lang='lat' dir='ltr'><strong>Patris</strong></span> <span class='ocrx_word' id='word_1_496' title='bbox 1648 3060 1875 3126; x_wconf 83' lang='lat' dir='ltr'><strong>Filiique</strong></span> 
     </span>
    </p>
   </div>
   <div class='ocr_carea' id='block_1_65' title="bbox 315 3148 1877 3226">
    <p class='ocr_par' dir='ltr' id='par_1_65' title="bbox 315 3148 1877 3226">
     <span class='ocr_line' id='line_1_65' title="bbox 315 3148 1877 3226; baseline -0.004 -21"><span class='ocrx_word' id='word_1_497' title='bbox 315 3154 599 3220; x_wconf 87' lang='lat' dir='ltr'><strong>Spiritum,</strong></span> <span class='ocrx_word' id='word_1_498' title='bbox 629 3152 831 3219; x_wconf 89' lang='lat' dir='ltr'><strong>pariter</strong></span> <span class='ocrx_word' id='word_1_499' title='bbox 857 3164 915 3204; x_wconf 91' lang='lat' dir='ltr'><strong>se</strong></span> <span class='ocrx_word' id='word_1_500' title='bbox 943 3158 995 3204; x_wconf 92' lang='lat' dir='ltr'><strong>et</strong></span> <span class='ocrx_word' id='word_1_501' title='bbox 1024 3149 1210 3204; x_wconf 80' lang='lat' dir='ltr'><strong>ambos</strong></span> <span class='ocrx_word' id='word_1_502' title='bbox 1232 3149 1367 3203; x_wconf 87' lang='lat' dir='ltr'><strong>alios</strong></span> <span class='ocrx_word' id='word_1_503' title='bbox 1396 3148 1597 3226; x_wconf 81' lang='lat' dir='ltr'><strong>dicere,</strong></span> <span class='ocrx_word' id='word_1_504' title='bbox 1626 3157 1679 3201; x_wconf 86' lang='lat' dir='ltr'><strong>et</strong></span> <span class='ocrx_word' id='word_1_505' title='bbox 1710 3162 1877 3200; x_wconf 81' lang='lat' dir='ltr'><strong>unum</strong></span> 
     </span>
    </p>
   </div>
   <div class='ocr_carea' id='block_1_66' title="bbox 311 3225 1877 3304">
    <p class='ocr_par' dir='ltr' id='par_1_66' title="bbox 311 3225 1877 3304">
     <span class='ocr_line' id='line_1_66' title="bbox 311 3225 1877 3304; baseline -0.005 -8"><span class='ocrx_word' id='word_1_506' title='bbox 311 3242 489 3296; x_wconf 87' lang='lat' dir='ltr'><strong>solum</strong></span> <span class='ocrx_word' id='word_1_507' title='bbox 537 3240 607 3295; x_wconf 91' lang='lat' dir='ltr'><strong>ibi</strong></span> <span class='ocrx_word' id='word_1_508' title='bbox 658 3225 779 3295; x_wconf 76' lang='lat' dir='ltr'><strong>esse</strong></span> <span class='ocrx_word' id='word_1_509' title='bbox 808 3239 1075 3304; x_wconf 81' lang='lat' dir='ltr'><strong>Verbum;</strong></span> <span class='ocrx_word' id='word_1_510' title='bbox 1126 3238 1430 3293; x_wconf 73' lang='lat' dir='ltr'><strong>nullatenus</strong></span> <span class='ocrx_word' id='word_1_511' title='bbox 1478 3246 1657 3292; x_wconf 84' lang='lat' dir='ltr'><strong>tamen</strong></span> <span class='ocrx_word' id='word_1_512' title='bbox 1707 3238 1877 3304; x_wconf 86' lang='lat' dir='ltr'><strong>ipsum</strong></span> 
     </span>
    </p>
   </div>
   <div class='ocr_carea' id='block_1_67' title="bbox 311 3323 1875 3397">
    <p class='ocr_par' dir='ltr' id='par_1_67' title="bbox 311 3323 1875 3397">
     <span class='ocr_line' id='line_1_67' title="bbox 311 3323 1875 3397; baseline -0.006 -14"><span class='ocrx_word' id='word_1_513' title='bbox 311 3330 553 3383; x_wconf 81' lang='lat' dir='ltr'><strong>Verbum</strong></span> <span class='ocrx_word' id='word_1_514' title='bbox 588 3330 799 3383; x_wconf 90' lang='lat' dir='ltr'><strong>videtur</strong></span> <span class='ocrx_word' id='word_1_515' title='bbox 828 3342 982 3397; x_wconf 89' lang='lat' dir='ltr'><strong>posse</strong></span> <span class='ocrx_word' id='word_1_516' title='bbox 1014 3328 1115 3380; x_wconf 86' lang='lat' dir='ltr'><strong>dit-i</strong></span> <span class='ocrx_word' id='word_1_517' title='bbox 1150 3327 1384 3380; x_wconf 84' lang='lat' dir='ltr'><strong>Verbum</strong></span> <span class='ocrx_word' id='word_1_518' title='bbox 1414 3325 1651 3379; x_wconf 90' lang='lat' dir='ltr'><strong>omnium</strong></span> <span class='ocrx_word' id='word_1_519' title='bbox 1696 3323 1875 3385; x_wconf 83' lang='lat' dir='ltr'><strong>trium,</strong></span> 
     </span>
    </p>
   </div>
   <div class='ocr_carea' id='block_1_68' title="bbox 310 3413 1878 3483">
    <p class='ocr_par' dir='ltr' id='par_1_68' title="bbox 310 3413 1878 3483">
     <span class='ocr_line' id='line_1_68' title="bbox 310 3413 1878 3483; baseline -0.006 -9"><span class='ocrx_word' id='word_1_520' title='bbox 310 3419 412 3474; x_wconf 83' lang='lat' dir='ltr'><strong>sed</strong></span> <span class='ocrx_word' id='word_1_521' title='bbox 439 3428 639 3472; x_wconf 84' lang='lat' dir='ltr'><strong>tantum</strong></span> <span class='ocrx_word' id='word_1_522' title='bbox 665 3417 819 3471; x_wconf 91' lang='lat' dir='ltr'><strong>unius</strong></span> <span class='ocrx_word' id='word_1_523' title='bbox 840 3431 1043 3472; x_wconf 89' lang='lat' dir='ltr'><strong>eorum.</strong></span> <span class='ocrx_word' id='word_1_524' title='bbox 1066 3414 1287 3469; x_wconf 82' lang='lat' dir='ltr'><strong>Constat</strong></span> <span class='ocrx_word' id='word_1_525' title='bbox 1307 3414 1446 3468; x_wconf 90' lang='lat' dir='ltr'><strong>enim</strong></span> <span class='ocrx_word' id='word_1_526' title='bbox 1478 3414 1648 3483; x_wconf 89' lang='lat' dir='ltr'><strong>ipsum</strong></span> <span class='ocrx_word' id='word_1_527' title='bbox 1671 3427 1788 3467; x_wconf 85' lang='lat' dir='ltr'><strong>esse</strong></span> <span class='ocrx_word' id='word_1_528' title='bbox 1810 3413 1878 3443; x_wconf 79' lang='lat'><strong>&quot;&quot;</strong></span> 
     </span>
    </p>
   </div>
   <div class='ocr_carea' id='block_1_69' title="bbox 311 3501 1880 3577">
    <p class='ocr_par' dir='ltr' id='par_1_69' title="bbox 311 3501 1880 3577">
     <span class='ocr_line' id='line_1_69' title="bbox 311 3501 1880 3577; baseline -0.006 -14"><span class='ocrx_word' id='word_1_529' title='bbox 311 3508 603 3577; x_wconf 73' lang='lat' dir='ltr'><strong>imaginem</strong></span> <span class='ocrx_word' id='word_1_530' title='bbox 630 3517 685 3561; x_wconf 89' lang='lat' dir='ltr'><strong>et</strong></span> <span class='ocrx_word' id='word_1_531' title='bbox 706 3506 896 3561; x_wconf 83' lang='lat' dir='ltr'><strong>Filium</strong></span> <span class='ocrx_word' id='word_1_532' title='bbox 922 3506 1037 3571; x_wconf 79' lang='lat' dir='ltr'><strong>ejus</strong></span> <span class='ocrx_word' id='word_1_533' title='bbox 1059 3502 1211 3570; x_wconf 89' lang='lat' dir='ltr'><strong>cujus</strong></span> <span class='ocrx_word' id='word_1_534' title='bbox 1235 3511 1320 3557; x_wconf 90' lang='lat' dir='ltr'><strong>est</strong></span> <span class='ocrx_word' id='word_1_535' title='bbox 1346 3501 1576 3557; x_wconf 80' lang='lat' dir='ltr'><strong>Verbum</strong></span> <span class='ocrx_word' id='word_1_536' title='bbox 1609 3518 1625 3555; x_wconf 91' lang='lat'><strong>:</strong></span> <span class='ocrx_word' id='word_1_537' title='bbox 1656 3510 1707 3556; x_wconf 91' lang='lat' dir='ltr'><strong>et</strong></span> <span class='ocrx_word' id='word_1_538' title='bbox 1736 3509 1880 3570; x_wconf 89' lang='lat' dir='ltr'><strong>patet</strong></span> 
     </span>
    </p>
   </div>
   <div class='ocr_carea' id='block_1_70' title="bbox 310 3582 1880 3665">
    <p class='ocr_par' dir='ltr' id='par_1_70' title="bbox 310 3582 1880 3665">
     <span class='ocr_line' id='line_1_70' title="bbox 310 3582 1880 3665; baseline -0.004 -17"><span class='ocrx_word' id='word_1_539' title='bbox 310 3598 445 3665; x_wconf 81' lang='lat' dir='ltr'><strong>quia</strong></span> <span class='ocrx_word' id='word_1_540' title='bbox 472 3596 539 3627; x_wconf 61' lang='grc'><strong>⁸⁷⁸</strong></span> <span class='ocrx_word' id='word_1_541' title='bbox 570 3610 668 3649; x_wconf 89' lang='lat' dir='ltr'><strong>nec</strong></span> <span class='ocrx_word' id='word_1_542' title='bbox 695 3595 892 3664; x_wconf 84' lang='lat' dir='ltr'><strong>imago,</strong></span> <span class='ocrx_word' id='word_1_543' title='bbox 926 3608 1025 3646; x_wconf 86' lang='lat' dir='ltr'><strong>nec</strong></span> <span class='ocrx_word' id='word_1_544' title='bbox 1070 3582 1238 3646; x_wconf 76' lang='lat' dir='ltr'><strong>Filius</strong></span> <span class='ocrx_word' id='word_1_545' title='bbox 1266 3592 1481 3660; x_wconf 79' lang='lat' dir='ltr'><strong>suimet,</strong></span> <span class='ocrx_word' id='word_1_546' title='bbox 1518 3600 1611 3645; x_wconf 88' lang='lat' dir='ltr'><strong>aut</strong></span> <span class='ocrx_word' id='word_1_547' title='bbox 1658 3605 1686 3643; x_wconf 88' lang='lat' dir='ltr'><strong>a</strong></span> <span class='ocrx_word' id='word_1_548' title='bbox 1729 3604 1786 3643; x_wconf 89' lang='lat' dir='ltr'><strong>se</strong></span> <span class='ocrx_word' id='word_1_549' title='bbox 1812 3590 1880 3621; x_wconf 81' lang='grc'><strong>⁸⁷⁸</strong></span> 
     </span>
    </p>
   </div>
   <div class='ocr_carea' id='block_1_71' title="bbox 310 3666 1881 3752">
    <p class='ocr_par' dir='ltr' id='par_1_71' title="bbox 310 3666 1881 3752">
     <span class='ocr_line' id='line_1_71' title="bbox 310 3666 1881 3752; baseline -0.003 -16"><span class='ocrx_word' id='word_1_550' title='bbox 310 3682 658 3752; x_wconf 86' lang='lat' dir='ltr'><strong>procedentis</strong></span> <span class='ocrx_word' id='word_1_551' title='bbox 683 3680 915 3751; x_wconf 84' lang='lat' dir='ltr'><strong>Spiritus</strong></span> <span class='ocrx_word' id='word_1_552' title='bbox 939 3666 1175 3746; x_wconf 66' lang='lat' dir='ltr'><strong>eongrné</strong></span> <span class='ocrx_word' id='word_1_553' title='bbox 1202 3678 1304 3732; x_wconf 91' lang='lat' dir='ltr'><strong>dici</strong></span> <span class='ocrx_word' id='word_1_554' title='bbox 1332 3668 1527 3747; x_wconf 85' lang='lat' dir='ltr'><strong>potest.</strong></span> <span class='ocrx_word' id='word_1_555' title='bbox 1543 3676 1672 3730; x_wconf 83' lang='lat' dir='ltr'><strong>Nam</strong></span> <span class='ocrx_word' id='word_1_556' title='bbox 1700 3691 1796 3731; x_wconf 90' lang='lat' dir='ltr'><strong>nec</strong></span> <span class='ocrx_word' id='word_1_557' title='bbox 1815 3692 1881 3731; x_wconf 85' lang='lat' dir='ltr'><strong>ex</strong></span> 
     </span>
    </p>
   </div>
   <div class='ocr_carea' id='block_1_72' title="bbox 312 3766 1881 3839">
    <p class='ocr_par' dir='ltr' id='par_1_72' title="bbox 312 3766 1881 3839">
     <span class='ocr_line' id='line_1_72' title="bbox 312 3766 1881 3839; baseline -0.005 -12"><span class='ocrx_word' id='word_1_558' title='bbox 312 3772 519 3839; x_wconf 86' lang='lat' dir='ltr'><strong>seipso,</strong></span> <span class='ocrx_word' id='word_1_559' title='bbox 546 3784 644 3823; x_wconf 89' lang='lat' dir='ltr'><strong>nec</strong></span> <span class='ocrx_word' id='word_1_560' title='bbox 665 3783 728 3822; x_wconf 79' lang='lat' dir='ltr'><strong>ex</strong></span> <span class='ocrx_word' id='word_1_561' title='bbox 746 3768 1068 3836; x_wconf 90' lang='lat' dir='ltr'><strong>procedente</strong></span> <span class='ocrx_word' id='word_1_562' title='bbox 1090 3766 1123 3820; x_wconf 42' lang='lat' dir='ltr'><strong>a‘</strong></span> <span class='ocrx_word' id='word_1_563' title='bbox 1137 3782 1214 3833; x_wconf 89' lang='lat' dir='ltr'><strong>se,</strong></span> <span class='ocrx_word' id='word_1_564' title='bbox 1231 3767 1468 3833; x_wconf 79' lang='lat' dir='ltr'><strong>nascitur</strong></span> <span class='ocrx_word' id='word_1_565' title='bbox 1486 3781 1612 3830; x_wconf 77' lang='lat' dir='ltr'><strong>:nec</strong></span> <span class='ocrx_word' id='word_1_566' title='bbox 1628 3767 1700 3820; x_wconf 91' lang='lat' dir='ltr'><strong>sei</strong></span> <span class='ocrx_word' id='word_1_567' title='bbox 1709 3780 1881 3834; x_wconf 89' lang='lat' dir='ltr'><strong>psum,</strong></span> 
     </span>
    </p>
   </div>
   <div class='ocr_carea' id='block_1_73' title="bbox 312 3852 1883 3926">
    <p class='ocr_par' dir='ltr' id='par_1_73' title="bbox 312 3852 1883 3926">
     <span class='ocr_line' id='line_1_73' title="bbox 312 3852 1883 3926; baseline -0.004 -14"><span class='ocrx_word' id='word_1_568' title='bbox 312 3866 417 3912; x_wconf 81' lang='lat' dir='ltr'><strong>aut</strong></span> <span class='ocrx_word' id='word_1_569' title='bbox 438 3857 810 3926; x_wconf 85' lang='lat' dir='ltr'><strong>procedentem</strong></span> <span class='ocrx_word' id='word_1_570' title='bbox 845 3871 874 3909; x_wconf 90' lang='lat' dir='ltr'><strong>a</strong></span> <span class='ocrx_word' id='word_1_571' title='bbox 914 3870 989 3917; x_wconf 89' lang='lat' dir='ltr'><strong>se,</strong></span> <span class='ocrx_word' id='word_1_572' title='bbox 1020 3853 1300 3909; x_wconf 78' lang='lat' dir='ltr'><strong>existendo</strong></span> <span class='ocrx_word' id='word_1_573' title='bbox 1322 3854 1604 3911; x_wconf 71' lang='lat' dir='ltr'><strong>imitatur.</strong></span> <span class='ocrx_word' id='word_1_574' title='bbox 1638 3852 1883 3921; x_wconf 84' lang='lat' dir='ltr'><strong>Seipsum</strong></span> 
     </span>
    </p>
   </div>
   <div class='ocr_carea' id='block_1_74' title="bbox 311 3942 1884 4016">
    <p class='ocr_par' dir='ltr' id='par_1_74' title="bbox 311 3942 1884 4016">
     <span class='ocr_line' id='line_1_74' title="bbox 311 3942 1884 4016; baseline -0.004 -16"><span class='ocrx_word' id='word_1_575' title='bbox 311 3947 518 4016; x_wconf 88' lang='lat' dir='ltr'><strong>quippe</strong></span> <span class='ocrx_word' id='word_1_576' title='bbox 532 3960 637 4000; x_wconf 88' lang='lat' dir='ltr'><strong>non</strong></span> <span class='ocrx_word' id='word_1_577' title='bbox 666 3945 923 4008; x_wconf 88' lang='lat' dir='ltr'><strong>imitatur,</strong></span> <span class='ocrx_word' id='word_1_578' title='bbox 943 3959 1040 3999; x_wconf 93' lang='lat' dir='ltr'><strong>nec</strong></span> <span class='ocrx_word' id='word_1_579' title='bbox 1062 3958 1091 3997; x_wconf 85' lang='lat' dir='ltr'><strong>a</strong></span> <span class='ocrx_word' id='word_1_580' title='bbox 1108 3958 1167 3997; x_wconf 87' lang='lat' dir='ltr'><strong>se</strong></span> <span class='ocrx_word' id='word_1_581' title='bbox 1180 3943 1343 3997; x_wconf 85' lang='lat' dir='ltr'><strong>trahit</strong></span> <span class='ocrx_word' id='word_1_582' title='bbox 1361 3942 1618 3996; x_wconf 82' lang='lat' dir='ltr'><strong>existendi</strong></span> <span class='ocrx_word' id='word_1_583' title='bbox 1634 3942 1884 3996; x_wconf 85' lang='lat' dir='ltr'><strong>similitu-</strong></span> 
     </span>
    </p>
   </div>
   <div class='ocr_carea' id='block_1_75' title="bbox 310 4031 1882 4104">
    <p class='ocr_par' dir='ltr' id='par_1_75' title="bbox 310 4031 1882 4104">
     <span class='ocr_line' id='line_1_75' title="bbox 310 4031 1882 4104; baseline -0.004 -14"><span class='ocrx_word' id='word_1_584' title='bbox 310 4038 526 4099; x_wconf 87' lang='lat' dir='ltr'><strong>dinem;</strong></span> <span class='ocrx_word' id='word_1_585' title='bbox 548 4036 671 4104; x_wconf 86' lang='lat' dir='ltr'><strong>quia</strong></span> <span class='ocrx_word' id='word_1_586' title='bbox 689 4035 913 4089; x_wconf 87' lang='lat' dir='ltr'><strong>imitatio</strong></span> <span class='ocrx_word' id='word_1_587' title='bbox 929 4044 983 4087; x_wconf 90' lang='lat' dir='ltr'><strong>et</strong></span> <span class='ocrx_word' id='word_1_588' title='bbox 1003 4032 1296 4087; x_wconf 89' lang='lat' dir='ltr'><strong>similitudo</strong></span> <span class='ocrx_word' id='word_1_589' title='bbox 1319 4047 1422 4085; x_wconf 91' lang='lat' dir='ltr'><strong>non</strong></span> <span class='ocrx_word' id='word_1_590' title='bbox 1445 4041 1529 4085; x_wconf 82' lang='lat' dir='ltr'><strong>est</strong></span> <span class='ocrx_word' id='word_1_591' title='bbox 1550 4032 1602 4084; x_wconf 90' lang='lat' dir='ltr'><strong>in</strong></span> <span class='ocrx_word' id='word_1_592' title='bbox 1620 4046 1726 4084; x_wconf 88' lang='lat' dir='ltr'><strong>uno</strong></span> <span class='ocrx_word' id='word_1_593' title='bbox 1748 4031 1882 4095; x_wconf 86' lang='lat' dir='ltr'><strong>solo,</strong></span> 
     </span>
    </p>
   </div>
   <div class='ocr_carea' id='block_1_76' title="bbox 311 4108 1897 4197">
    <p class='ocr_par' dir='ltr' id='par_1_76' title="bbox 311 4108 1897 4197">
     <span class='ocr_line' id='line_1_76' title="bbox 311 4108 1897 4197; baseline -0.006 -17"><span class='ocrx_word' id='word_1_594' title='bbox 311 4126 414 4180; x_wconf 81' lang='lat' dir='ltr'><strong>sed</strong></span> <span class='ocrx_word' id='word_1_595' title='bbox 443 4126 496 4177; x_wconf 90' lang='lat' dir='ltr'><strong>in</strong></span> <span class='ocrx_word' id='word_1_596' title='bbox 518 4122 792 4191; x_wconf 87' lang='lat' dir='ltr'><strong>pluribus;</strong></span> <span class='ocrx_word' id='word_1_597' title='bbox 822 4120 931 4197; x_wconf 64' lang='grc'><strong>24</strong></span> <span class='ocrx_word' id='word_1_598' title='bbox 952 4122 1098 4173; x_wconf 88' lang='lat' dir='ltr'><strong>illum</strong></span> <span class='ocrx_word' id='word_1_599' title='bbox 1116 4135 1245 4175; x_wconf 77' lang='lat' dir='ltr'><strong>vero</strong></span> <span class='ocrx_word' id='word_1_600' title='bbox 1286 4134 1393 4173; x_wconf 86' lang='lat' dir='ltr'><strong>non</strong></span> <span class='ocrx_word' id='word_1_601' title='bbox 1427 4118 1669 4173; x_wconf 89' lang='lat' dir='ltr'><strong>imitatur</strong></span> <span class='ocrx_word' id='word_1_602' title='bbox 1694 4132 1793 4173; x_wconf 90' lang='lat' dir='ltr'><strong>nec</strong></span> <span class='ocrx_word' id='word_1_603' title='bbox 1820 4108 1897 4171; x_wconf 17' lang='lat' dir='ltr'><strong>ad.</strong></span> 
     </span>
    </p>
   </div>
   <div class='ocr_carea' id='block_1_77' title="bbox 309 4205 1887 4283">
    <p class='ocr_par' dir='ltr' id='par_1_77' title="bbox 309 4205 1887 4283">
     <span class='ocr_line' id='line_1_77' title="bbox 309 4205 1887 4283; baseline -0.006 -13"><span class='ocrx_word' id='word_1_604' title='bbox 309 4214 439 4283; x_wconf 82' lang='lat' dir='ltr'><strong>ejus</strong></span> <span class='ocrx_word' id='word_1_605' title='bbox 454 4211 854 4269; x_wconf 87' lang='lat' dir='ltr'><strong>similitudinem</strong></span> <span class='ocrx_word' id='word_1_606' title='bbox 888 4209 1224 4277; x_wconf 76' lang='lat' dir='ltr'><strong>exlstit,quia</strong></span> <span class='ocrx_word' id='word_1_607' title='bbox 1253 4207 1354 4263; x_wconf 90' lang='lat' dir='ltr'><strong>iste</strong></span> <span class='ocrx_word' id='word_1_608' title='bbox 1382 4222 1485 4260; x_wconf 92' lang='lat' dir='ltr'><strong>non</strong></span> <span class='ocrx_word' id='word_1_609' title='bbox 1521 4208 1681 4261; x_wconf 87' lang='lat' dir='ltr'><strong>babet</strong></span> <span class='ocrx_word' id='word_1_610' title='bbox 1702 4207 1772 4259; x_wconf 86' lang='lat' dir='ltr'><strong>ab‘</strong></span> <span class='ocrx_word' id='word_1_611' title='bbox 1798 4205 1887 4261; x_wconf 87' lang='lat' dir='ltr'><strong>illo</strong></span> 
     </span>
    </p>
   </div>
   <div class='ocr_carea' id='block_1_78' title="bbox 1982 3064 3540 3135">
    <p class='ocr_par' dir='ltr' id='par_1_78' title="bbox 1982 3064 3540 3135">
     <span class='ocr_line' id='line_1_78' title="bbox 1982 3064 3540 3135; baseline 0.006 -19"><span class='ocrx_word' id='word_1_612' title='bbox 1982 3064 2122 3117; x_wconf 90' lang='lat' dir='ltr'><strong>nulla</strong></span> <span class='ocrx_word' id='word_1_613' title='bbox 2172 3065 2278 3118; x_wconf 89' lang='lat' dir='ltr'><strong>alia</strong></span> <span class='ocrx_word' id='word_1_614' title='bbox 2324 3076 2652 3135; x_wconf 88' lang='lat' dir='ltr'><strong>repugnante</strong></span> <span class='ocrx_word' id='word_1_615' title='bbox 2697 3070 2901 3123; x_wconf 81' lang='lat' dir='ltr'><strong>ratione</strong></span> <span class='ocrx_word' id='word_1_616' title='bbox 2950 3079 3294 3135; x_wconf 77' lang='lat' dir='ltr'><strong>asseruntur;</strong></span> <span class='ocrx_word' id='word_1_617' title='bbox 3334 3072 3378 3126; x_wconf 89' lang='lat' dir='ltr'><strong>si</strong></span> <span class='ocrx_word' id='word_1_618' title='bbox 3428 3086 3540 3126; x_wconf 64' lang='lat' dir='ltr'><strong>sum</strong></span> 
     </span>
    </p>
   </div>
   <div class='ocr_carea' id='block_1_79' title="bbox 1981 3151 3540 3228">
    <p class='ocr_par' dir='ltr' id='par_1_79' title="bbox 1981 3151 3540 3228">
     <span class='ocr_line' id='line_1_79' title="bbox 1981 3151 3540 3228; baseline 0.006 -23"><span class='ocrx_word' id='word_1_619' title='bbox 1981 3151 2241 3205; x_wconf 83' lang='lat' dir='ltr'><strong>naturalis</strong></span> <span class='ocrx_word' id='word_1_620' title='bbox 2270 3152 2569 3208; x_wconf 75' lang='lat' dir='ltr'><strong>altitudinis</strong></span> <span class='ocrx_word' id='word_1_621' title='bbox 2600 3154 3236 3222; x_wconf 85' lang='lat' dir='ltr'><strong>incomprehensibilitate</strong></span> <span class='ocrx_word' id='word_1_622' title='bbox 3283 3160 3540 3228; x_wconf 69' lang='lat' dir='ltr'><strong>explicari</strong></span> 
     </span>
    </p>
   </div>
   <div class='ocr_carea' id='block_1_80' title="bbox 1982 3238 3541 3311">
    <p class='ocr_par' dir='ltr' id='par_1_80' title="bbox 1982 3238 3541 3311">
     <span class='ocr_line' id='line_1_80' title="bbox 1982 3238 3541 3311; baseline 0.004 -18"><span class='ocrx_word' id='word_1_623' title='bbox 1982 3255 2086 3293; x_wconf 89' lang='lat' dir='ltr'><strong>non</strong></span> <span class='ocrx_word' id='word_1_624' title='bbox 2115 3239 2409 3306; x_wconf 88' lang='lat' dir='ltr'><strong>patiantur.</strong></span> <span class='ocrx_word' id='word_1_625' title='bbox 2438 3240 2575 3305; x_wconf 85' lang='lat' dir='ltr'><strong>Quid</strong></span> <span class='ocrx_word' id='word_1_626' title='bbox 2607 3249 2785 3295; x_wconf 88' lang='lat' dir='ltr'><strong>autem</strong></span> <span class='ocrx_word' id='word_1_627' title='bbox 2824 3251 2928 3295; x_wconf 88' lang='lat' dir='ltr'><strong>tam</strong></span> <span class='ocrx_word' id='word_1_628' title='bbox 2981 3238 3541 3311; x_wconf 82' lang='lat' dir='ltr'><strong>incomprehensibile.</strong></span> 
     </span>
    </p>
   </div>
   <div class='ocr_carea' id='block_1_81' title="bbox 1981 3325 3546 3399">
    <p class='ocr_par' dir='ltr' id='par_1_81' title="bbox 1981 3325 3546 3399">
     <span class='ocr_line' id='line_1_81' title="bbox 1981 3325 3546 3399; baseline 0.005 -21"><span class='ocrx_word' id='word_1_629' title='bbox 1981 3334 2089 3378; x_wconf 83' lang='lat' dir='ltr'><strong>tant</strong></span> <span class='ocrx_word' id='word_1_630' title='bbox 2127 3325 2412 3386; x_wconf 81' lang='lat' dir='ltr'><strong>inclTabile,</strong></span> <span class='ocrx_word' id='word_1_631' title='bbox 2441 3342 2600 3394; x_wconf 85' lang='lat' dir='ltr'><strong>quam</strong></span> <span class='ocrx_word' id='word_1_632' title='bbox 2629 3328 2695 3359; x_wconf 77' lang='lat'><strong>“°</strong></span> <span class='ocrx_word' id='word_1_633' title='bbox 2728 3328 2781 3381; x_wconf 85' lang='lat' dir='ltr'><strong>id</strong></span> <span class='ocrx_word' id='word_1_634' title='bbox 2812 3331 2955 3396; x_wconf 88' lang='lat' dir='ltr'><strong>quod</strong></span> <span class='ocrx_word' id='word_1_635' title='bbox 3001 3346 3159 3399; x_wconf 90' lang='lat' dir='ltr'><strong>supra</strong></span> <span class='ocrx_word' id='word_1_636' title='bbox 3203 3333 3379 3386; x_wconf 85' lang='lat' dir='ltr'><strong>omnia</strong></span> <span class='ocrx_word' id='word_1_637' title='bbox 3416 3334 3546 3388; x_wconf 68' lang='lat' dir='ltr'><strong>est?</strong></span> 
     </span>
    </p>
   </div>
   <div class='ocr_carea' id='block_1_82' title="bbox 1981 3414 3542 3483">
    <p class='ocr_par' dir='ltr' id='par_1_82' title="bbox 1981 3414 3542 3483">
     <span class='ocr_line' id='line_1_82' title="bbox 1981 3414 3542 3483; baseline 0.008 -20"><span class='ocrx_word' id='word_1_638' title='bbox 1981 3414 2317 3481; x_wconf 84' lang='lat' dir='ltr'><strong>Quapropter</strong></span> <span class='ocrx_word' id='word_1_639' title='bbox 2340 3414 2384 3468; x_wconf 87' lang='lat' dir='ltr'><strong>si</strong></span> <span class='ocrx_word' id='word_1_640' title='bbox 2410 3430 2494 3478; x_wconf 88' lang='lat' dir='ltr'><strong>ea,</strong></span> <span class='ocrx_word' id='word_1_641' title='bbox 2520 3430 2638 3483; x_wconf 75' lang='lat' dir='ltr'><strong>qua:</strong></span> <span class='ocrx_word' id='word_1_642' title='bbox 2668 3416 2733 3469; x_wconf 91' lang='lat' dir='ltr'><strong>de</strong></span> <span class='ocrx_word' id='word_1_643' title='bbox 2771 3432 2976 3470; x_wconf 89' lang='lat' dir='ltr'><strong>summa</strong></span> <span class='ocrx_word' id='word_1_644' title='bbox 3016 3421 3249 3473; x_wconf 84' lang='lat' dir='ltr'><strong>essentia</strong></span> <span class='ocrx_word' id='word_1_645' title='bbox 3285 3423 3542 3475; x_wconf 80' lang='lat' dir='ltr'><strong>hactenus</strong></span> 
     </span>
    </p>
   </div>
   <div class='ocr_carea' id='block_1_83' title="bbox 1982 3496 3539 3576">
    <p class='ocr_par' dir='ltr' id='par_1_83' title="bbox 1982 3496 3539 3576">
     <span class='ocr_line' id='line_1_83' title="bbox 1982 3496 3539 3576; baseline 0.006 -20"><span class='ocrx_word' id='word_1_646' title='bbox 1982 3502 2247 3571; x_wconf 86' lang='lat' dir='ltr'><strong>disputata</strong></span> <span class='ocrx_word' id='word_1_647' title='bbox 2278 3512 2424 3568; x_wconf 91' lang='lat' dir='ltr'><strong>sunt,</strong></span> <span class='ocrx_word' id='word_1_648' title='bbox 2473 3506 2791 3559; x_wconf 77' lang='lat' dir='ltr'><strong>necessariis</strong></span> <span class='ocrx_word' id='word_1_649' title='bbox 2818 3496 3118 3561; x_wconf 79' lang='lat' dir='ltr'><strong>retinnibus</strong></span> <span class='ocrx_word' id='word_1_650' title='bbox 3154 3519 3279 3563; x_wconf 92' lang='lat' dir='ltr'><strong>sunt</strong></span> <span class='ocrx_word' id='word_1_651' title='bbox 3308 3521 3539 3576; x_wconf 84' lang='lat' dir='ltr'><strong>asserta,</strong></span> 
     </span>
    </p>
   </div>
   <div class='ocr_carea' id='block_1_84' title="bbox 1983 3590 3544 3663">
    <p class='ocr_par' dir='ltr' id='par_1_84' title="bbox 1983 3590 3544 3663">
     <span class='ocr_line' id='line_1_84' title="bbox 1983 3590 3544 3663; baseline 0.007 -22"><span class='ocrx_word' id='word_1_652' title='bbox 1983 3590 2226 3658; x_wconf 82' lang='lat' dir='ltr'><strong>quamvis</strong></span> <span class='ocrx_word' id='word_1_653' title='bbox 2254 3591 2332 3653; x_wconf 86' lang='lat' dir='ltr'><strong>sic</strong></span> <span class='ocrx_word' id='word_1_654' title='bbox 2363 3590 2630 3645; x_wconf 90' lang='lat' dir='ltr'><strong>intellectu</strong></span> <span class='ocrx_word' id='word_1_655' title='bbox 2662 3594 2930 3661; x_wconf 86' lang='lat' dir='ltr'><strong>penetrari</strong></span> <span class='ocrx_word' id='word_1_656' title='bbox 2968 3610 3081 3648; x_wconf 87' lang='lat' dir='ltr'><strong>non</strong></span> <span class='ocrx_word' id='word_1_657' title='bbox 3123 3596 3351 3663; x_wconf 88' lang='lat' dir='ltr'><strong>possint,</strong></span> <span class='ocrx_word' id='word_1_658' title='bbox 3382 3606 3441 3651; x_wconf 88' lang='lat' dir='ltr'><strong>ut</strong></span> <span class='ocrx_word' id='word_1_659' title='bbox 3487 3608 3544 3652; x_wconf 89' lang='lat' dir='ltr'><strong>et</strong></span> 
     </span>
    </p>
   </div>
   <div class='ocr_carea' id='block_1_85' title="bbox 1985 3677 3568 3748">
    <p class='ocr_par' dir='ltr' id='par_1_85' title="bbox 1985 3677 3568 3748">
     <span class='ocr_line' id='line_1_85' title="bbox 1985 3677 3568 3748; baseline 0.005 -17"><span class='ocrx_word' id='word_1_660' title='bbox 1985 3678 2163 3732; x_wconf 80' lang='lat' dir='ltr'><strong>verbis</strong></span> <span class='ocrx_word' id='word_1_661' title='bbox 2195 3677 2407 3733; x_wconf 86' lang='lat' dir='ltr'><strong>valeant</strong></span> <span class='ocrx_word' id='word_1_662' title='bbox 2441 3679 2731 3748; x_wconf 83' lang='lat' dir='ltr'><strong>explicari;</strong></span> <span class='ocrx_word' id='word_1_663' title='bbox 2773 3682 3075 3737; x_wconf 87' lang='lat' dir='ltr'><strong>nullatenus</strong></span> <span class='ocrx_word' id='word_1_664' title='bbox 3106 3692 3283 3738; x_wconf 89' lang='lat' dir='ltr'><strong>tamen</strong></span> <span class='ocrx_word' id='word_1_665' title='bbox 3324 3686 3568 3741; x_wconf 88' lang='lat' dir='ltr'><strong>eertitu--</strong></span> 
     </span>
    </p>
   </div>
   <div class='ocr_carea' id='block_1_86' title="bbox 1986 3767 3547 3840">
    <p class='ocr_par' dir='ltr' id='par_1_86' title="bbox 1986 3767 3547 3840">
     <span class='ocr_line' id='line_1_86' title="bbox 1986 3767 3547 3840; baseline 0.006 -20"><span class='ocrx_word' id='word_1_666' title='bbox 1986 3767 2125 3820; x_wconf 88' lang='lat' dir='ltr'><strong>diuis</strong></span> <span class='ocrx_word' id='word_1_667' title='bbox 2146 3782 2331 3822; x_wconf 86' lang='lat' dir='ltr'><strong>eorum</strong></span> <span class='ocrx_word' id='word_1_668' title='bbox 2362 3774 2518 3822; x_wconf 90' lang='lat' dir='ltr'><strong>nutat</strong></span> <span class='ocrx_word' id='word_1_669' title='bbox 2562 3769 2825 3825; x_wconf 88' lang='lat' dir='ltr'><strong>soliditas.</strong></span> <span class='ocrx_word' id='word_1_670' title='bbox 2859 3770 3016 3835; x_wconf 85' lang='lat' dir='ltr'><strong>Nam,</strong></span> <span class='ocrx_word' id='word_1_671' title='bbox 3053 3772 3097 3825; x_wconf 91' lang='lat' dir='ltr'><strong>si</strong></span> <span class='ocrx_word' id='word_1_672' title='bbox 3138 3774 3381 3840; x_wconf 88' lang='lat' dir='ltr'><strong>superior</strong></span> <span class='ocrx_word' id='word_1_673' title='bbox 3416 3788 3547 3829; x_wconf 70' lang='lat' dir='ltr'><strong>con~</strong></span> 
     </span>
    </p>
   </div>
   <div class='ocr_carea' id='block_1_87' title="bbox 1987 3854 3551 3929">
    <p class='ocr_par' dir='ltr' id='par_1_87' title="bbox 1987 3854 3551 3929">
     <span class='ocr_line' id='line_1_87' title="bbox 1987 3854 3551 3929; baseline 0.006 -22"><span class='ocrx_word' id='word_1_674' title='bbox 1987 3854 2237 3907; x_wconf 76' lang='lat' dir='ltr'><strong>sitiet-auo</strong></span> <span class='ocrx_word' id='word_1_675' title='bbox 2266 3856 2660 3911; x_wconf 84' lang='lat' dir='ltr'><strong>rationabiliter</strong></span> <span class='ocrx_word' id='word_1_676' title='bbox 2687 3860 3094 3926; x_wconf 84' lang='lat' dir='ltr'><strong>comprehendit</strong></span> <span class='ocrx_word' id='word_1_677' title='bbox 3140 3862 3551 3929; x_wconf 59' lang='lat' dir='ltr'><strong>incomprehenu</strong></span> 
     </span>
    </p>
   </div>
   <div class='ocr_carea' id='block_1_88' title="bbox 1986 3942 3547 4017">
    <p class='ocr_par' dir='ltr' id='par_1_88' title="bbox 1986 3942 3547 4017">
     <span class='ocr_line' id='line_1_88' title="bbox 1986 3942 3547 4017; baseline 0.007 -22"><span class='ocrx_word' id='word_1_678' title='bbox 1986 3942 2137 3998; x_wconf 85' lang='lat' dir='ltr'><strong>sibile</strong></span> <span class='ocrx_word' id='word_1_679' title='bbox 2166 3956 2303 4007; x_wconf 88' lang='lat' dir='ltr'><strong>esse,</strong></span> <span class='ocrx_word' id='word_1_680' title='bbox 2336 3946 2605 4013; x_wconf 88' lang='lat' dir='ltr'><strong>quomodo</strong></span> <span class='ocrx_word' id='word_1_681' title='bbox 2634 3948 2821 4001; x_wconf 91' lang='lat' dir='ltr'><strong>eadem</strong></span> <span class='ocrx_word' id='word_1_682' title='bbox 2861 3964 3067 4003; x_wconf 90' lang='lat' dir='ltr'><strong>summa</strong></span> <span class='ocrx_word' id='word_1_683' title='bbox 3115 3951 3379 4017; x_wconf 85' lang='lat' dir='ltr'><strong>sapientia</strong></span> <span class='ocrx_word' id='word_1_684' title='bbox 3408 3953 3547 4006; x_wconf 88' lang='lat' dir='ltr'><strong>sciat</strong></span> 
     </span>
    </p>
   </div>
   <div class='ocr_carea' id='block_1_89' title="bbox 1987 4030 3546 4102">
    <p class='ocr_par' dir='ltr' id='par_1_89' title="bbox 1987 4030 3546 4102">
     <span class='ocr_line' id='line_1_89' title="bbox 1987 4030 3546 4102; baseline 0.008 -20"><span class='ocrx_word' id='word_1_685' title='bbox 1987 4044 2049 4089; x_wconf 89' lang='lat' dir='ltr'><strong>ea</strong></span> <span class='ocrx_word' id='word_1_686' title='bbox 2072 4045 2187 4097; x_wconf 72' lang='lat' dir='ltr'><strong>qua:</strong></span> <span class='ocrx_word' id='word_1_687' title='bbox 2213 4030 2361 4095; x_wconf 79' lang='lat' dir='ltr'><strong>fecit,</strong></span> <span class='ocrx_word' id='word_1_688' title='bbox 2391 4033 2456 4087; x_wconf 91' lang='lat' dir='ltr'><strong>de</strong></span> <span class='ocrx_word' id='word_1_689' title='bbox 2482 4034 2678 4102; x_wconf 89' lang='lat' dir='ltr'><strong>quibus</strong></span> <span class='ocrx_word' id='word_1_690' title='bbox 2710 4045 2823 4091; x_wconf 83' lang='lat' dir='ltr'><strong>tam</strong></span> <span class='ocrx_word' id='word_1_691' title='bbox 2845 4036 3011 4091; x_wconf 87' lang='lat' dir='ltr'><strong>multa</strong></span> <span class='ocrx_word' id='word_1_692' title='bbox 3036 4052 3133 4091; x_wconf 86' lang='lat' dir='ltr'><strong>nos</strong></span> <span class='ocrx_word' id='word_1_693' title='bbox 3164 4038 3302 4093; x_wconf 88' lang='lat' dir='ltr'><strong>scire</strong></span> <span class='ocrx_word' id='word_1_694' title='bbox 3328 4055 3546 4095; x_wconf 88' lang='lat' dir='ltr'><strong>necesse</strong></span> 
     </span>
    </p>
   </div>
   <div class='ocr_carea' id='block_1_90' title="bbox 1990 4119 3635 4199">
    <p class='ocr_par' dir='ltr' id='par_1_90' title="bbox 1990 4119 3635 4199">
     <span class='ocr_line' id='line_1_90' title="bbox 1990 4119 3635 4199; baseline 0.009 -28"><span class='ocrx_word' id='word_1_695' title='bbox 1990 4129 2107 4172; x_wconf 86' lang='lat' dir='ltr'><strong>est:</strong></span> <span class='ocrx_word' id='word_1_696' title='bbox 2138 4119 2259 4187; x_wconf 91' lang='lat' dir='ltr'><strong>quis</strong></span> <span class='ocrx_word' id='word_1_697' title='bbox 2287 4122 2519 4189; x_wconf 81' lang='lat' dir='ltr'><strong>explicet</strong></span> <span class='ocrx_word' id='word_1_698' title='bbox 2541 4126 2811 4192; x_wconf 91' lang='lat' dir='ltr'><strong>quomodo</strong></span> <span class='ocrx_word' id='word_1_699' title='bbox 2841 4126 2979 4180; x_wconf 89' lang='lat' dir='ltr'><strong>sciat</strong></span> <span class='ocrx_word' id='word_1_700' title='bbox 3008 4136 3101 4181; x_wconf 89' lang='lat' dir='ltr'><strong>aut</strong></span> <span class='ocrx_word' id='word_1_701' title='bbox 3124 4129 3263 4182; x_wconf 88' lang='lat' dir='ltr'><strong>dicat</strong></span> <span class='ocrx_word' id='word_1_702' title='bbox 3290 4130 3559 4199; x_wconf 74' lang='lat' dir='ltr'><strong>seipsani,</strong></span> <span class='ocrx_word' id='word_1_703' title='bbox 3632 4126 3635 4129; x_wconf 65' lang='grc'><em>’</em></span> 
     </span>
    </p>
   </div>
   <div class='ocr_carea' id='block_1_91' title="bbox 1992 4210 3547 4283">
    <p class='ocr_par' dir='ltr' id='par_1_91' title="bbox 1992 4210 3547 4283">
     <span class='ocr_line' id='line_1_91' title="bbox 1992 4210 3547 4283; baseline 0.005 -18"><span class='ocrx_word' id='word_1_704' title='bbox 1992 4210 2057 4265; x_wconf 87' lang='lat' dir='ltr'><strong>de</strong></span> <span class='ocrx_word' id='word_1_705' title='bbox 2085 4225 2186 4278; x_wconf 90' lang='lat' dir='ltr'><strong>qua</strong></span> <span class='ocrx_word' id='word_1_706' title='bbox 2219 4221 2309 4271; x_wconf 85' lang='lat' dir='ltr'><strong>aut</strong></span> <span class='ocrx_word' id='word_1_707' title='bbox 2340 4211 2627 4279; x_wconf 38' lang='lat' dir='ltr'><strong>nihilhaut</strong></span> <span class='ocrx_word' id='word_1_708' title='bbox 2668 4215 2758 4268; x_wconf 81' lang='lat' dir='ltr'><strong>vix</strong></span> <span class='ocrx_word' id='word_1_709' title='bbox 2807 4215 3011 4283; x_wconf 89' lang='lat' dir='ltr'><strong>aliquid</strong></span> <span class='ocrx_word' id='word_1_710' title='bbox 3061 4218 3129 4269; x_wconf 89' lang='lat' dir='ltr'><strong>ab</strong></span> <span class='ocrx_word' id='word_1_711' title='bbox 3159 4218 3374 4275; x_wconf 84' lang='lat' dir='ltr'><strong>homine</strong></span> <span class='ocrx_word' id='word_1_712' title='bbox 3418 4220 3547 4273; x_wconf 83' lang='lat' dir='ltr'><strong>sciri</strong></span> 
     </span>
    </p>
   </div>
   <div class='ocr_carea' id='block_1_92' title="bbox 309 4297 3544 4377">
    <p class='ocr_par' dir='ltr' id='par_1_92' title="bbox 309 4297 3544 4377">
     <span class='ocr_line' id='line_1_92' title="bbox 309 4297 3544 4377; baseline 0.002 -20"><span class='ocrx_word' id='word_1_713' title='bbox 309 4315 465 4362; x_wconf 88' lang='lat' dir='ltr'><strong>esse,</strong></span> <span class='ocrx_word' id='word_1_714' title='bbox 490 4300 583 4355; x_wconf 84' lang='lat' dir='ltr'><strong>sed</strong></span> <span class='ocrx_word' id='word_1_715' title='bbox 606 4299 693 4355; x_wconf 91' lang='lat' dir='ltr'><strong>ille</strong></span> <span class='ocrx_word' id='word_1_716' title='bbox 718 4299 786 4353; x_wconf 90' lang='lat' dir='ltr'><strong>ab</strong></span> <span class='ocrx_word' id='word_1_717' title='bbox 813 4300 914 4353; x_wconf 88' lang='lat' dir='ltr'><strong>isto</strong></span> <span class='ocrx_word' id='word_1_718' title='bbox 942 4298 1033 4351; x_wconf 77' lang='grc'><strong>⁸⁷⁸.</strong></span> <span class='ocrx_word' id='word_1_719' title='bbox 1082 4298 1193 4369; x_wconf 88' lang='lat'><strong>(68)</strong></span> <span class='ocrx_word' id='word_1_720' title='bbox 1226 4298 1413 4353; x_wconf 82' lang='lat' dir='ltr'><strong>Restat</strong></span> <span class='ocrx_word' id='word_1_721' title='bbox 1457 4297 1619 4366; x_wconf 85' lang='lat' dir='ltr'><strong>igitur</strong></span> <span class='ocrx_word' id='word_1_722' title='bbox 1646 4298 1748 4351; x_wconf 89' lang='lat' dir='ltr'><strong>hoc</strong></span> <span class='ocrx_word' id='word_1_723' title='bbox 1795 4311 1881 4350; x_wconf 89' lang='lat' dir='ltr'><strong>so-</strong></span> <span class='ocrx_word' id='word_1_724' title='bbox 1912 4303 1957 4369; x_wconf 12' lang='lat' dir='ltr'><strong>‘D</strong></span> <span class='ocrx_word' id='word_1_725' title='bbox 1984 4300 2231 4368; x_wconf 56' lang='lat' dir='ltr'><strong>poasibile</strong></span> <span class='ocrx_word' id='word_1_726' title='bbox 2265 4302 2381 4354; x_wconf 87' lang='lat' dir='ltr'><strong>est?</strong></span> <span class='ocrx_word' id='word_1_727' title='bbox 2405 4303 2540 4372; x_wconf 83' lang='lat' dir='ltr'><strong>Ergo</strong></span> <span class='ocrx_word' id='word_1_728' title='bbox 2568 4304 2614 4359; x_wconf 87' lang='lat' dir='ltr'><strong>si</strong></span> <span class='ocrx_word' id='word_1_729' title='bbox 2641 4318 2745 4358; x_wconf 92' lang='lat' dir='ltr'><strong>non</strong></span> <span class='ocrx_word' id='word_1_730' title='bbox 2774 4319 2838 4360; x_wconf 95' lang='lat' dir='ltr'><strong>eo</strong></span> <span class='ocrx_word' id='word_1_731' title='bbox 2877 4306 3018 4373; x_wconf 89' lang='lat' dir='ltr'><strong>quod</strong></span> <span class='ocrx_word' id='word_1_732' title='bbox 3048 4307 3274 4377; x_wconf 86' lang='lat' dir='ltr'><strong>seipsam</strong></span> <span class='ocrx_word' id='word_1_733' title='bbox 3300 4310 3425 4362; x_wconf 82' lang='lat' dir='ltr'><strong>dicit</strong></span> <span class='ocrx_word' id='word_1_734' title='bbox 3451 4310 3544 4370; x_wconf 79' lang='grc'><strong>⁸³³.</strong></span> 
     </span>
    </p>
   </div>
   <div class='ocr_carea' id='block_1_93' title="bbox 310 4384 1880 4455">
    <p class='ocr_par' dir='ltr' id='par_1_93' title="bbox 310 4384 1880 4455">
     <span class='ocr_line' id='line_1_93' title="bbox 310 4384 1880 4455; baseline -0.006 -10"><span class='ocrx_word' id='word_1_735' title='bbox 310 4392 435 4445; x_wconf 88' lang='lat' dir='ltr'><strong>lum</strong></span> <span class='ocrx_word' id='word_1_736' title='bbox 461 4387 695 4443; x_wconf 87' lang='lat' dir='ltr'><strong>Verbum</strong></span> <span class='ocrx_word' id='word_1_737' title='bbox 717 4387 858 4443; x_wconf 89' lang='lat' dir='ltr'><strong>illius</strong></span> <span class='ocrx_word' id='word_1_738' title='bbox 884 4388 1051 4443; x_wconf 89' lang='lat' dir='ltr'><strong>solius</strong></span> <span class='ocrx_word' id='word_1_739' title='bbox 1076 4402 1216 4454; x_wconf 81' lang='lat' dir='ltr'><strong>esse,</strong></span> <span class='ocrx_word' id='word_1_740' title='bbox 1244 4386 1310 4440; x_wconf 88' lang='lat' dir='ltr'><strong>de</strong></span> <span class='ocrx_word' id='word_1_741' title='bbox 1340 4401 1447 4455; x_wconf 89' lang='lat' dir='ltr'><strong>quo</strong></span> <span class='ocrx_word' id='word_1_742' title='bbox 1488 4386 1755 4439; x_wconf 87' lang='lat' dir='ltr'><strong>nascendo</strong></span> <span class='ocrx_word' id='word_1_743' title='bbox 1786 4384 1880 4437; x_wconf 90' lang='lat' dir='ltr'><strong>ha-</strong></span> 
     </span>
    </p>
   </div>
   <div class='ocr_carea' id='block_1_94' title="bbox 314 4474 1881 4551">
    <p class='ocr_par' dir='ltr' id='par_1_94' title="bbox 314 4474 1881 4551">
     <span class='ocr_line' id='line_1_94' title="bbox 314 4474 1881 4551; baseline -0.01 -9"><span class='ocrx_word' id='word_1_744' title='bbox 314 4484 415 4543; x_wconf 69' lang='lat' dir='ltr'><strong>bet</strong></span> <span class='ocrx_word' id='word_1_745' title='bbox 464 4496 614 4549; x_wconf 83' lang='lat' dir='ltr'><strong>esse,</strong></span> <span class='ocrx_word' id='word_1_746' title='bbox 645 4489 701 4535; x_wconf 78' lang='lat' dir='ltr'><strong>et</strong></span> <span class='ocrx_word' id='word_1_747' title='bbox 739 4481 806 4535; x_wconf 89' lang='lat' dir='ltr'><strong>ad</strong></span> <span class='ocrx_word' id='word_1_748' title='bbox 853 4480 1006 4551; x_wconf 88' lang='lat' dir='ltr'><strong>cujus</strong></span> <span class='ocrx_word' id='word_1_749' title='bbox 1060 4478 1425 4536; x_wconf 83' lang='lat' dir='ltr'><strong>omnimodam</strong></span> <span class='ocrx_word' id='word_1_750' title='bbox 1476 4474 1881 4531; x_wconf 86' lang='lat' dir='ltr'><strong>similitudinem</strong></span> 
     </span>
    </p>
   </div>
   <div class='ocr_carea' id='block_1_95' title="bbox 1990 4388 3547 4461">
    <p class='ocr_par' dir='ltr' id='par_1_95' title="bbox 1990 4388 3547 4461">
     <span class='ocr_line' id='line_1_95' title="bbox 1990 4388 3547 4461; baseline 0.007 -21"><span class='ocrx_word' id='word_1_751' title='bbox 1990 4398 2211 4458; x_wconf 83' lang='lat' dir='ltr'><strong>generat</strong></span> <span class='ocrx_word' id='word_1_752' title='bbox 2246 4388 2427 4454; x_wconf 88' lang='lat' dir='ltr'><strong>Pater,</strong></span> <span class='ocrx_word' id='word_1_753' title='bbox 2458 4400 2514 4445; x_wconf 88' lang='lat' dir='ltr'><strong>et</strong></span> <span class='ocrx_word' id='word_1_754' title='bbox 2557 4402 2843 4461; x_wconf 89' lang='lat' dir='ltr'><strong>generatur</strong></span> <span class='ocrx_word' id='word_1_755' title='bbox 2887 4393 3053 4450; x_wconf 84' lang='lat' dir='ltr'><strong>Filius</strong></span> <span class='ocrx_word' id='word_1_756' title='bbox 3098 4413 3111 4449; x_wconf 91' lang='lat'><strong>:</strong></span> <span class='ocrx_word' id='word_1_757' title='bbox 3153 4392 3547 4453; x_wconf 81' lang='lat' dir='ltr'><strong>Generationcm</strong></span> 
     </span>
    </p>
   </div>
   <div class='ocr_carea' id='block_1_96' title="bbox 1987 4477 2988 4552">
    <p class='ocr_par' dir='ltr' id='par_1_96' title="bbox 1987 4477 2988 4552">
     <span class='ocr_line' id='line_1_96' title="bbox 1987 4477 2988 4552; baseline 0.007 -24"><span class='ocrx_word' id='word_1_758' title='bbox 1987 4477 2100 4545; x_wconf 76' lang='lat' dir='ltr'><strong>ejus</strong></span> <span class='ocrx_word' id='word_1_759' title='bbox 2135 4479 2249 4547; x_wconf 80' lang='lat' dir='ltr'><strong>quis</strong></span> <span class='ocrx_word' id='word_1_760' title='bbox 2270 4481 2575 4551; x_wconf 62' lang='lat' dir='ltr'><strong>enarrabil}</strong></span> <span class='ocrx_word' id='word_1_761' title='bbox 2600 4480 2732 4550; x_wconf 70' lang='lat' dir='ltr'><strong>(Ira.</strong></span> <span class='ocrx_word' id='word_1_762' title='bbox 2763 4497 2874 4546; x_wconf 80' lang='lat' dir='ltr'><strong>Ltu,</strong></span> <span class='ocrx_word' id='word_1_763' title='bbox 2908 4482 2988 4552; x_wconf 80' lang='grc'><strong>8.)</strong></span> 
     </span>
    </p>
   </div>
   <div class='ocr_carea' id='block_1_97' title="bbox 1599 4603 2273 4663">
    <p class='ocr_par' dir='ltr' id='par_1_97' title="bbox 1599 4603 2273 4663">
     <span class='ocr_line' id='line_1_97' title="bbox 1599 4603 2273 4663; baseline -0.003 0"><span class='ocrx_word' id='word_1_764' title='bbox 1599 4605 1832 4663; x_wconf 65' lang='grc' dir='ltr'><strong>νΑιιιΑη]</strong></span> <span class='ocrx_word' id='word_1_765' title='bbox 1871 4603 2273 4661; x_wconf 82' lang='lat' dir='ltr'><strong>LECTIONES.</strong></span> 
     </span>
    </p>
   </div>
   <div class='ocr_carea' id='block_1_98' title="bbox 387 4714 3545 4790">
    <p class='ocr_par' dir='ltr' id='par_1_98' title="bbox 387 4714 3545 4790">
     <span class='ocr_line' id='line_1_98' title="bbox 387 4714 3545 4790; baseline -0.002 -12"><span class='ocrx_word' id='word_1_766' title='bbox 387 4728 461 4760; x_wconf 78' lang='lat'><strong>“&#39;</strong></span> <span class='ocrx_word' id='word_1_767' title='bbox 490 4724 605 4778; x_wconf 79' lang='lat' dir='ltr'><strong>Non</strong></span> <span class='ocrx_word' id='word_1_768' title='bbox 627 4732 707 4777; x_wconf 86' lang='lat' dir='ltr'><strong>est</strong></span> <span class='ocrx_word' id='word_1_769' title='bbox 724 4723 953 4790; x_wconf 84' lang='lat' dir='ltr'><strong>aliquam</strong></span> <span class='ocrx_word' id='word_1_770' title='bbox 985 4724 1161 4776; x_wconf 87' lang='lat' dir='ltr'><strong>dicere</strong></span> <span class='ocrx_word' id='word_1_771' title='bbox 1190 4739 1311 4776; x_wconf 76' lang='lat' dir='ltr'><strong>mu.</strong></span> <span class='ocrx_word' id='word_1_772' title='bbox 1344 4736 1447 4775; x_wconf 92' lang='lat' dir='ltr'><strong>non</strong></span> <span class='ocrx_word' id='word_1_773' title='bbox 1475 4728 1557 4774; x_wconf 83' lang='lat' dir='ltr'><strong>est</strong></span> <span class='ocrx_word' id='word_1_774' title='bbox 1588 4718 1727 4771; x_wconf 82' lang='lat' dir='ltr'><strong>aliud</strong></span> <span class='ocrx_word' id='word_1_775' title='bbox 1756 4731 1917 4785; x_wconf 84' lang='lat' dir='ltr'><strong>quant</strong></span> <span class='ocrx_word' id='word_1_776' title='bbox 1937 4714 2168 4790; x_wconf 87' lang='lat' dir='ltr'><strong>dicere__</strong></span> <span class='ocrx_word' id='word_1_777' title='bbox 2193 4718 2539 4787; x_wconf 76' lang='lat' dir='ltr'><strong>“&quot;Singulus</strong></span> <span class='ocrx_word' id='word_1_778' title='bbox 2571 4722 2749 4785; x_wconf 79' lang='lat' dir='ltr'><strong>Pater,</strong></span> <span class='ocrx_word' id='word_1_779' title='bbox 2789 4721 3027 4788; x_wconf 84' lang='lat' dir='ltr'><strong>singulus</strong></span> <span class='ocrx_word' id='word_1_780' title='bbox 3074 4737 3195 4772; x_wconf 73' lang='lat' dir='ltr'><strong>mss.</strong></span> <span class='ocrx_word' id='word_1_781' title='bbox 3259 4718 3385 4790; x_wconf 74' lang='lat' dir='ltr'><strong>Vict.</strong></span> <span class='ocrx_word' id='word_1_782' title='bbox 3417 4717 3545 4787; x_wconf 70' lang='lat' dir='ltr'><strong>Sag.</strong></span> 
     </span>
    </p>
   </div>
   <div class='ocr_carea' id='block_1_99' title="bbox 313 4784 3546 4865">
    <p class='ocr_par' dir='ltr' id='par_1_99' title="bbox 313 4784 3546 4865">
     <span class='ocr_line' id='line_1_99' title="bbox 313 4784 3546 4865; baseline -0.002 -20"><span class='ocrx_word' id='word_1_783' title='bbox 313 4794 569 4865; x_wconf 54' lang='lat' dir='ltr'><strong>iugulus</strong></span> <span class='ocrx_word' id='word_1_784' title='bbox 592 4791 770 4865; x_wconf 76' lang='lat' dir='ltr'><strong>Pater,</strong></span> <span class='ocrx_word' id='word_1_785' title='bbox 798 4784 854 4845; x_wconf 79' lang='lat' dir='ltr'><strong>et</strong></span> <span class='ocrx_word' id='word_1_786' title='bbox 882 4792 1119 4865; x_wconf 72' lang='lat' dir='ltr'><strong>singulus</strong></span> <span class='ocrx_word' id='word_1_787' title='bbox 1191 4792 1259 4821; x_wconf 79' lang='grc'><strong>⁸⁸⁸</strong></span> <span class='ocrx_word' id='word_1_788' title='bbox 1298 4790 1444 4843; x_wconf 83' lang='lat' dir='ltr'><strong>linus</strong></span> <span class='ocrx_word' id='word_1_789' title='bbox 1468 4784 1928 4865; x_wconf 31' lang='lat' dir='ltr'><strong>scie_us,_et’unus</strong></span> <span class='ocrx_word' id='word_1_790' title='bbox 1965 4800 2088 4865; x_wconf 75' lang='lat' dir='ltr'><strong>mss.</strong></span> <span class='ocrx_word' id='word_1_791' title='bbox 2134 4784 2457 4865; x_wconf 50' lang='lat' dir='ltr'><strong>Vict.mS(Ig.</strong></span> <span class='ocrx_word' id='word_1_792' title='bbox 2488 4792 2651 4865; x_wconf 65' lang='lat' dir='ltr'><strong>Otttill.</strong></span> <span class='ocrx_word' id='word_1_793' title='bbox 2694 4801 2749 4841; x_wconf 87' lang='lat' dir='ltr'><strong>et</strong></span> <span class='ocrx_word' id='word_1_794' title='bbox 2819 4784 3015 4865; x_wconf 44' lang='lat' dir='ltr'><strong>“fNec</strong></span> <span class='ocrx_word' id='word_1_795' title='bbox 3068 4788 3384 4865; x_wconf 49' lang='lat' dir='ltr'><strong>tanien-sint</strong></span> <span class='ocrx_word' id='word_1_796' title='bbox 3433 4784 3546 4865; x_wconf 55' lang='lat' dir='ltr'><strong>tres</strong></span> 
     </span>
    </p>
   </div>
   <div class='ocr_carea' id='block_1_100' title="bbox 316 4853 3553 4919">
    <p class='ocr_par' dir='ltr' id='par_1_100' title="bbox 316 4853 3553 4919">
     <span class='ocr_line' id='line_1_100' title="bbox 316 4853 3553 4919; baseline -0.007 -2"><span class='ocrx_word' id='word_1_797' title='bbox 316 4853 569 4919; x_wconf 57' lang='lat' dir='ltr'><strong>dieEntes</strong></span> <span class='ocrx_word' id='word_1_798' title='bbox 598 4860 795 4913; x_wconf 78' lang='lat' dir='ltr'><strong>simul:</strong></span> <span class='ocrx_word' id='word_1_799' title='bbox 833 4853 1095 4912; x_wconf 33' lang='lat' dir='ltr'><strong>maxime</strong></span> <span class='ocrx_word' id='word_1_800' title='bbox 1128 4869 1303 4911; x_wconf 82' lang='lat' dir='ltr'><strong>tamen</strong></span> <span class='ocrx_word' id='word_1_801' title='bbox 1328 4873 1515 4911; x_wconf 87' lang='lat' dir='ltr'><strong>oumes</strong></span> <span class='ocrx_word' id='word_1_802' title='bbox 1547 4854 1699 4909; x_wconf 88' lang='lat' dir='ltr'><strong>simul</strong></span> <span class='ocrx_word' id='word_1_803' title='bbox 1740 4864 1845 4905; x_wconf 89' lang='lat' dir='ltr'><strong>tres</strong></span> <span class='ocrx_word' id='word_1_804' title='bbox 1870 4853 2107 4905; x_wconf 69' lang='lat' dir='ltr'><strong>dicentes</strong></span> <span class='ocrx_word' id='word_1_805' title='bbox 2181 4854 2251 4885; x_wconf 71' lang='grc' dir='ltr'><strong>ιτυ</strong></span> <span class='ocrx_word' id='word_1_806' title='bbox 2277 4854 2332 4907; x_wconf 69' lang='lat' dir='ltr'><strong>Si</strong></span> <span class='ocrx_word' id='word_1_807' title='bbox 2358 4853 2485 4919; x_wconf 54' lang='grc' dir='ltr'><strong>ριῑκυ</strong></span> <span class='ocrx_word' id='word_1_808' title='bbox 2519 4860 2601 4907; x_wconf 60' lang='grc' dir='ltr'><strong>,ηδ</strong></span> <span class='ocrx_word' id='word_1_809' title='bbox 2644 4872 2745 4907; x_wconf 66' lang='lat' dir='ltr'><strong>una</strong></span> <span class='ocrx_word' id='word_1_810' title='bbox 2798 4856 2908 4909; x_wconf 63' lang='grc' dir='ltr'>δοιει</span> <span class='ocrx_word' id='word_1_811' title='bbox 2939 4865 3037 4908; x_wconf 68' lang='grc' dir='ltr'><strong>εεει</strong></span> <span class='ocrx_word' id='word_1_812' title='bbox 3088 4872 3182 4907; x_wconf 59' lang='lat' dir='ltr'><strong>ms,</strong></span> <span class='ocrx_word' id='word_1_813' title='bbox 3237 4855 3438 4911; x_wconf 73' lang='grc' dir='ltr'><strong>Τιιηαη,</strong></span> <span class='ocrx_word' id='word_1_814' title='bbox 3475 4856 3553 4910; x_wconf 76' lang='grc' dir='ltr'><strong>δο</strong></span> 
     </span>
    </p>
   </div>
   <div class='ocr_carea' id='block_1_101' title="bbox 315 4922 3544 4997">
    <p class='ocr_par' dir='ltr' id='par_1_101' title="bbox 315 4922 3544 4997">
     <span class='ocr_line' id='line_1_101' title="bbox 315 4922 3544 4997; baseline -0.002 -12"><span class='ocrx_word' id='word_1_815' title='bbox 315 4935 361 4985; x_wconf 79' lang='lat' dir='ltr'><strong>si</strong></span> <span class='ocrx_word' id='word_1_816' title='bbox 386 4943 525 4997; x_wconf 81' lang='lat' dir='ltr'><strong>ergo</strong></span> <span class='ocrx_word' id='word_1_817' title='bbox 553 4928 640 4997; x_wconf 68' lang='lat' dir='ltr'><strong>illa</strong></span> <span class='ocrx_word' id='word_1_818' title='bbox 663 4928 774 4997; x_wconf 78' lang='lat' dir='ltr'><strong>sola</strong></span> <span class='ocrx_word' id='word_1_819' title='bbox 803 4942 904 4977; x_wconf 89' lang='lat' dir='ltr'><strong>una</strong></span> <span class='ocrx_word' id='word_1_820' title='bbox 935 4937 1017 4979; x_wconf 84' lang='lat' dir='ltr'><strong>est</strong></span> <span class='ocrx_word' id='word_1_821' title='bbox 1090 4928 1155 4957; x_wconf 83' lang='grc'><strong>⁶⁷¹</strong></span> <span class='ocrx_word' id='word_1_822' title='bbox 1190 4926 1326 4992; x_wconf 73' lang='lat' dir='ltr'><strong>Ergo</strong></span> <span class='ocrx_word' id='word_1_823' title='bbox 1349 4925 1706 4997; x_wconf 69' lang='lat' dir='ltr'><strong>ttittitn_snlt_tttt</strong></span> <span class='ocrx_word' id='word_1_824' title='bbox 1735 4930 1815 4973; x_wconf 89' lang='lat' dir='ltr'><strong>est</strong></span> <span class='ocrx_word' id='word_1_825' title='bbox 1837 4937 1959 4997; x_wconf 65' lang='lat' dir='ltr'><strong>mss.</strong></span> <span class='ocrx_word' id='word_1_826' title='bbox 1986 4935 2112 4987; x_wconf 79' lang='lat' dir='ltr'><strong>ergo</strong></span> <span class='ocrx_word' id='word_1_827' title='bbox 2144 4922 2187 4973; x_wconf 87' lang='lat' dir='ltr'><strong>si</strong></span> <span class='ocrx_word' id='word_1_828' title='bbox 2214 4939 2376 4974; x_wconf 87' lang='lat' dir='ltr'><strong>nnutn</strong></span> <span class='ocrx_word' id='word_1_829' title='bbox 2434 4936 2516 4977; x_wconf 90' lang='lat' dir='ltr'><strong>est</strong></span> <span class='ocrx_word' id='word_1_830' title='bbox 2550 4923 2867 4997; x_wconf 73' lang='lat' dir='ltr'><strong>ms._Cister.</strong></span> <span class='ocrx_word' id='word_1_831' title='bbox 2922 4938 3049 4993; x_wconf 80' lang='lat' dir='ltr'><strong>ergo</strong></span> <span class='ocrx_word' id='word_1_832' title='bbox 3079 4925 3120 4976; x_wconf 81' lang='lat' dir='ltr'><strong>si</strong></span> <span class='ocrx_word' id='word_1_833' title='bbox 3168 4940 3326 4997; x_wconf 57' lang='lat' dir='ltr'><strong>miunt</strong></span> <span class='ocrx_word' id='word_1_834' title='bbox 3372 4924 3544 4978; x_wconf 81' lang='lat' dir='ltr'><strong>solum</strong></span> 
     </span>
    </p>
   </div>
   <div class='ocr_carea' id='block_1_102' title="bbox 312 4988 3539 5061">
    <p class='ocr_par' dir='ltr' id='par_1_102' title="bbox 312 4988 3539 5061">
     <span class='ocr_line' id='line_1_102' title="bbox 312 4988 3539 5061; baseline -0.002 -13"><span class='ocrx_word' id='word_1_835' title='bbox 312 5009 405 5053; x_wconf 76' lang='lat' dir='ltr'><strong>est</strong></span> <span class='ocrx_word' id='word_1_836' title='bbox 455 4988 553 5027; x_wconf 70' lang='grc'><strong>’⁸⁷³</strong></span> <span class='ocrx_word' id='word_1_837' title='bbox 583 4988 653 5050; x_wconf 76' lang='lat' dir='ltr'><strong>Ut</strong></span> <span class='ocrx_word' id='word_1_838' title='bbox 676 4995 835 5049; x_wconf 87' lang='lat' dir='ltr'><strong>etiam</strong></span> <span class='ocrx_word' id='word_1_839' title='bbox 859 5009 980 5046; x_wconf 86' lang='lat' dir='ltr'><strong>vera</strong></span> <span class='ocrx_word' id='word_1_840' title='bbox 1005 5012 1127 5047; x_wconf 84' lang='lat' dir='ltr'><strong>mss.</strong></span> <span class='ocrx_word' id='word_1_841' title='bbox 1152 5006 1207 5044; x_wconf 90' lang='lat' dir='ltr'><strong>ut</strong></span> <span class='ocrx_word' id='word_1_842' title='bbox 1235 4988 1288 5045; x_wconf 77' lang='lat' dir='ltr'><strong>et</strong></span> <span class='ocrx_word' id='word_1_843' title='bbox 1315 5010 1435 5045; x_wconf 89' lang='lat' dir='ltr'><strong>vera</strong></span> <span class='ocrx_word' id='word_1_844' title='bbox 1512 4994 1582 5030; x_wconf 75' lang='grc'><strong>⁸⁷⁸</strong></span> <span class='ocrx_word' id='word_1_845' title='bbox 1613 4992 1842 5061; x_wconf 62' lang='lat' dir='ltr'><strong>Constat</strong></span> <span class='ocrx_word' id='word_1_846' title='bbox 1856 4988 1995 5061; x_wconf 79' lang='lat' dir='ltr'><strong>enim</strong></span> <span class='ocrx_word' id='word_1_847' title='bbox 2028 5004 2145 5041; x_wconf 84' lang='lat' dir='ltr'><strong>esse</strong></span> <span class='ocrx_word' id='word_1_848' title='bbox 2170 5006 2295 5061; x_wconf 75' lang='lat' dir='ltr'><strong>mss.</strong></span> <span class='ocrx_word' id='word_1_849' title='bbox 2337 5002 2545 5061; x_wconf 79' lang='lat' dir='ltr'><strong>constat</strong></span> <span class='ocrx_word' id='word_1_850' title='bbox 2590 4993 2727 5050; x_wconf 82' lang='lat' dir='ltr'><strong>enim</strong></span> <span class='ocrx_word' id='word_1_851' title='bbox 2775 4994 2945 5059; x_wconf 84' lang='lat' dir='ltr'><strong>ipsum</strong></span> <span class='ocrx_word' id='word_1_852' title='bbox 2988 4988 3117 5045; x_wconf 55' lang='lat' dir='ltr'><strong>ESse</strong></span> <span class='ocrx_word' id='word_1_853' title='bbox 3190 4993 3256 5024; x_wconf 77' lang='grc'><strong>⁸⁷⁸⁸</strong></span> <span class='ocrx_word' id='word_1_854' title='bbox 3281 4992 3345 5045; x_wconf 81' lang='lat' dir='ltr'><strong>Et</strong></span> <span class='ocrx_word' id='word_1_855' title='bbox 3367 5004 3539 5061; x_wconf 85' lang='lat' dir='ltr'><strong>pater,</strong></span> 
     </span>
    </p>
   </div>
   <div class='ocr_carea' id='block_1_103' title="bbox 356 5056 3555 5131">
    <p class='ocr_par' dir='ltr' id='par_1_103' title="bbox 356 5056 3555 5131">
     <span class='ocr_line' id='line_1_103' title="bbox 356 5056 3555 5131; baseline -0.002 -12"><span class='ocrx_word' id='word_1_856' title='bbox 356 5066 467 5119; x_wconf 76' lang='lat' dir='ltr'><strong>uoti</strong></span> <span class='ocrx_word' id='word_1_857' title='bbox 504 5079 603 5131; x_wconf 79' lang='lat' dir='ltr'><strong>nec</strong></span> <span class='ocrx_word' id='word_1_858' title='bbox 623 5080 746 5131; x_wconf 72' lang='lat' dir='ltr'><strong>mss.</strong></span> <span class='ocrx_word' id='word_1_859' title='bbox 778 5070 984 5131; x_wconf 82' lang='lat' dir='ltr'><strong>etpatet</strong></span> <span class='ocrx_word' id='word_1_860' title='bbox 1011 5064 1132 5130; x_wconf 86' lang='lat' dir='ltr'><strong>quia</strong></span> <span class='ocrx_word' id='word_1_861' title='bbox 1206 5063 1277 5131; x_wconf 62' lang='grc'><strong>⁸7⁵</strong></span> <span class='ocrx_word' id='word_1_862' title='bbox 1303 5063 1408 5131; x_wconf 82' lang='lat' dir='ltr'><strong>Nec</strong></span> <span class='ocrx_word' id='word_1_863' title='bbox 1432 5077 1460 5113; x_wconf 91' lang='lat' dir='ltr'><strong>a</strong></span> <span class='ocrx_word' id='word_1_864' title='bbox 1491 5077 1547 5115; x_wconf 87' lang='lat' dir='ltr'><strong>se</strong></span> <span class='ocrx_word' id='word_1_865' title='bbox 1574 5077 1669 5131; x_wconf 74' lang='lat' dir='ltr'><strong>ius.</strong></span> <span class='ocrx_word' id='word_1_866' title='bbox 1704 5056 1762 5110; x_wconf 88' lang='lat' dir='ltr'><strong>S.</strong></span> <span class='ocrx_word' id='word_1_867' title='bbox 1791 5056 1947 5131; x_wconf 49' lang='lat' dir='ltr'><strong>dﬁcit:</strong></span> <span class='ocrx_word' id='word_1_868' title='bbox 1979 5064 2121 5131; x_wconf 5' lang='lat' dir='ltr'><strong>au_tg_a</strong></span> <span class='ocrx_word' id='word_1_869' title='bbox 2152 5072 2208 5131; x_wconf 81' lang='lat' dir='ltr'><strong>se</strong></span> <span class='ocrx_word' id='word_1_870' title='bbox 2379 5064 2429 5110; x_wconf 83' lang='lat' dir='ltr'><strong>in</strong></span> <span class='ocrx_word' id='word_1_871' title='bbox 2450 5076 2570 5111; x_wconf 75' lang='lat' dir='ltr'><strong>mss.</strong></span> <span class='ocrx_word' id='word_1_872' title='bbox 2609 5056 2939 5131; x_wconf 69' lang='lat' dir='ltr'><strong>continuatur</strong></span> <span class='ocrx_word' id='word_1_873' title='bbox 2961 5061 3252 5131; x_wconf 70' lang='lat' dir='ltr'><strong>pt&#39;trcellens</strong></span> <span class='ocrx_word' id='word_1_874' title='bbox 3275 5056 3453 5131; x_wconf 66' lang='lat' dir='ltr'><strong>cupiet.</strong></span> <span class='ocrx_word' id='word_1_875' title='bbox 3481 5062 3555 5131; x_wconf 60' lang='lat' dir='ltr'><strong>A._</strong></span> 
     </span>
    </p>
   </div>
   <div class='ocr_carea' id='block_1_104' title="bbox 312 5085 2915 5189">
    <p class='ocr_par' dir='ltr' id='par_1_104' title="bbox 312 5085 2915 5189">
     <span class='ocr_line' id='line_1_104' title="bbox 356 5085 2907 5131; baseline -0 -18"><span class='ocrx_word' id='word_1_876' title='bbox 356 5085 467 5119; x_wconf 79' lang='grc' dir='ltr'>υυιι</span> <span class='ocrx_word' id='word_1_877' title='bbox 504 5085 603 5117; x_wconf 69' lang='lat' dir='ltr'><strong>&quot;CC</strong></span> <span class='ocrx_word' id='word_1_878' title='bbox 623 5085 746 5117; x_wconf 72' lang='grc' dir='ltr'><strong>ιηεσ.</strong></span> <span class='ocrx_word' id='word_1_879' title='bbox 778 5085 832 5116; x_wconf 69' lang='grc' dir='ltr'>οι</span> <span class='ocrx_word' id='word_1_880' title='bbox 846 5085 984 5131; x_wconf 70' lang='grc' dir='ltr'>νιιιυι</span> <span class='ocrx_word' id='word_1_881' title='bbox 1011 5085 1132 5130; x_wconf 70' lang='grc' dir='ltr'>ιιυιῑι</span> <span class='ocrx_word' id='word_1_882' title='bbox 1209 5085 1275 5092; x_wconf 77' lang='grc'><strong><em>“““</em></strong></span> <span class='ocrx_word' id='word_1_883' title='bbox 1303 5085 1408 5113; x_wconf 58' lang='grc' dir='ltr'>ιηιτυ</span> <span class='ocrx_word' id='word_1_884' title='bbox 1432 5085 1460 5113; x_wconf 69' lang='lat' dir='ltr'><strong>il</strong></span> <span class='ocrx_word' id='word_1_885' title='bbox 1491 5085 1547 5115; x_wconf 67' lang='grc' dir='ltr'><strong>δυ</strong></span> <span class='ocrx_word' id='word_1_886' title='bbox 1574 5085 1669 5112; x_wconf 73' lang='grc'><strong>1115.</strong></span> <span class='ocrx_word' id='word_1_887' title='bbox 1704 5085 1762 5110; x_wconf 70' lang='grc' dir='ltr'><strong>ο.</strong></span> <span class='ocrx_word' id='word_1_888' title='bbox 1791 5085 1836 5108; x_wconf 73' lang='grc' dir='ltr'><strong>ΠΙ</strong></span> <span class='ocrx_word' id='word_1_889' title='bbox 1850 5085 1947 5107; x_wconf 66' lang='lat' dir='ltr'><strong>ﬂvu-</strong></span> <span class='ocrx_word' id='word_1_890' title='bbox 1979 5085 2069 5108; x_wconf 72' lang='lat' dir='ltr'><strong>aus</strong></span> <span class='ocrx_word' id='word_1_891' title='bbox 2094 5085 2121 5107; x_wconf 75' lang='grc' dir='ltr'>α</span> <span class='ocrx_word' id='word_1_892' title='bbox 2152 5085 2208 5109; x_wconf 72' lang='grc' dir='ltr'><strong>δυ</strong></span> <span class='ocrx_word' id='word_1_893' title='bbox 2287 5085 2315 5089; x_wconf 84' lang='grc'><strong>“’</strong></span> <span class='ocrx_word' id='word_1_894' title='bbox 2334 5085 2347 5088; x_wconf 74' lang='grc'>⁷</span> <span class='ocrx_word' id='word_1_895' title='bbox 2379 5085 2429 5110; x_wconf 81' lang='grc' dir='ltr'>ιη</span> <span class='ocrx_word' id='word_1_896' title='bbox 2450 5085 2570 5111; x_wconf 71' lang='grc' dir='ltr'><strong>ιηδδ.</strong></span> <span class='ocrx_word' id='word_1_897' title='bbox 2609 5085 2907 5113; x_wconf 74' lang='grc' dir='ltr'>συηιιηιιυηι</span> 
     </span>
     <span class='ocr_line' id='line_1_105' title="bbox 312 5085 2915 5189; baseline -0.002 -2"><span class='ocrx_word' id='word_1_898' title='bbox 312 5085 385 5189; x_wconf 52' lang='grc' dir='ltr'><strong>9η</strong></span> <span class='ocrx_word' id='word_1_899' title='bbox 406 5130 555 5183; x_wconf 72' lang='lat' dir='ltr'><strong>titul.</strong></span> <span class='ocrx_word' id='word_1_900' title='bbox 594 5130 677 5183; x_wconf 89' lang='lat' dir='ltr'><strong>Sit</strong></span> <span class='ocrx_word' id='word_1_901' title='bbox 704 5146 839 5183; x_wconf 81' lang='lat' dir='ltr'><strong>unus</strong></span> <span class='ocrx_word' id='word_1_902' title='bbox 866 5131 1021 5182; x_wconf 89' lang='lat' dir='ltr'><strong>unius</strong></span> <span class='ocrx_word' id='word_1_903' title='bbox 1049 5147 1168 5181; x_wconf 78' lang='lat' dir='ltr'><strong>mss.</strong></span> <span class='ocrx_word' id='word_1_904' title='bbox 1200 5130 1269 5181; x_wconf 92' lang='lat' dir='ltr'><strong>sit</strong></span> <span class='ocrx_word' id='word_1_905' title='bbox 1292 5130 1391 5179; x_wconf 90' lang='lat' dir='ltr'><strong>nisi</strong></span> <span class='ocrx_word' id='word_1_906' title='bbox 1416 5146 1551 5181; x_wconf 91' lang='lat' dir='ltr'><strong>unus</strong></span> <span class='ocrx_word' id='word_1_907' title='bbox 1580 5130 1736 5179; x_wconf 88' lang='lat' dir='ltr'><strong>unius</strong></span> <span class='ocrx_word' id='word_1_908' title='bbox 1760 5142 1855 5177; x_wconf 80' lang='lat' dir='ltr'><strong>ms.</strong></span> <span class='ocrx_word' id='word_1_909' title='bbox 1884 5123 2015 5175; x_wconf 81' lang='lat' dir='ltr'><strong>Tltu.</strong></span> <span class='ocrx_word' id='word_1_910' title='bbox 2037 5125 2126 5176; x_wconf 82' lang='grc'><strong>50.</strong></span> <span class='ocrx_word' id='word_1_911' title='bbox 2156 5128 2351 5180; x_wconf 76' lang='lat' dir='ltr'><strong>sitnisi</strong></span> <span class='ocrx_word' id='word_1_912' title='bbox 2386 5144 2522 5179; x_wconf 85' lang='lat' dir='ltr'><strong>unus</strong></span> <span class='ocrx_word' id='word_1_913' title='bbox 2545 5130 2701 5180; x_wconf 86' lang='lat' dir='ltr'><strong>unius</strong></span> <span class='ocrx_word' id='word_1_914' title='bbox 2730 5129 2915 5182; x_wconf 81' lang='lat' dir='ltr'><strong>Filius.</strong></span> 
     </span>
    </p>
   </div>
   <div class='ocr_carea' id='block_1_105' title="bbox 2993 5129 3539 5181">
    <p class='ocr_par' dir='ltr' id='par_1_105' title="bbox 2993 5129 3539 5181">
     <span class='ocr_line' id='line_1_106' title="bbox 2993 5129 3539 5181; baseline -0.004 0"><span class='ocrx_word' id='word_1_915' title='bbox 2993 5130 3054 5160; x_wconf 76' lang='lat'><strong>&quot;&#39;</strong></span> <span class='ocrx_word' id='word_1_916' title='bbox 3100 5129 3274 5181; x_wconf 76' lang='lat' dir='ltr'><strong>Patris</strong></span> <span class='ocrx_word' id='word_1_917' title='bbox 3307 5140 3390 5179; x_wconf 88' lang='lat' dir='ltr'><strong>aut</strong></span> <span class='ocrx_word' id='word_1_918' title='bbox 3422 5129 3539 5180; x_wconf 77' lang='lat' dir='ltr'><strong>Filii</strong></span> 
     </span>
    </p>
   </div>
   <div class='ocr_carea' id='block_1_106' title="bbox 315 5191 3543 5265">
    <p class='ocr_par' dir='ltr' id='par_1_106' title="bbox 315 5191 3543 5265">
     <span class='ocr_line' id='line_1_107' title="bbox 315 5191 3543 5265; baseline -0.002 -10"><span class='ocrx_word' id='word_1_919' title='bbox 315 5216 451 5255; x_wconf 73' lang='lat' dir='ltr'><strong>mu.</strong></span> <span class='ocrx_word' id='word_1_920' title='bbox 500 5195 769 5265; x_wconf 62' lang='lat' dir='ltr'><strong>Vict-Sag.</strong></span> <span class='ocrx_word' id='word_1_921' title='bbox 803 5196 975 5251; x_wconf 84' lang='lat' dir='ltr'><strong>Patris</strong></span> <span class='ocrx_word' id='word_1_922' title='bbox 996 5208 1046 5250; x_wconf 88' lang='lat' dir='ltr'><strong>et</strong></span> <span class='ocrx_word' id='word_1_923' title='bbox 1068 5197 1186 5250; x_wconf 80' lang='lat' dir='ltr'><strong>Filii</strong></span> <span class='ocrx_word' id='word_1_924' title='bbox 1260 5198 1329 5228; x_wconf 78' lang='grc'><strong>⁵⁷⁸</strong></span> <span class='ocrx_word' id='word_1_925' title='bbox 1358 5196 1415 5249; x_wconf 91' lang='lat' dir='ltr'><strong>Si</strong></span> <span class='ocrx_word' id='word_1_926' title='bbox 1438 5198 1507 5249; x_wconf 91' lang='lat' dir='ltr'><strong>sit</strong></span> <span class='ocrx_word' id='word_1_927' title='bbox 1533 5196 1799 5265; x_wconf 81' lang='lat' dir='ltr'><strong>perfectus</strong></span> <span class='ocrx_word' id='word_1_928' title='bbox 1820 5209 1916 5265; x_wconf 65' lang='lat' dir='ltr'><strong>ius.</strong></span> <span class='ocrx_word' id='word_1_929' title='bbox 1949 5191 2333 5265; x_wconf 22' lang='lat' dir='ltr'><strong>Ci.stcr.‘sie_sit</strong></span> <span class='ocrx_word' id='word_1_930' title='bbox 2362 5195 2630 5261; x_wconf 76' lang='lat' dir='ltr'><strong>perfectus</strong></span> <span class='ocrx_word' id='word_1_931' title='bbox 2702 5197 2769 5229; x_wconf 71' lang='grc'><strong>⁸⁷⁸</strong></span> <span class='ocrx_word' id='word_1_932' title='bbox 2802 5198 2927 5263; x_wconf 85' lang='lat' dir='ltr'><strong>Cap.</strong></span> <span class='ocrx_word' id='word_1_933' title='bbox 2955 5198 3041 5251; x_wconf 70' lang='lat'><strong>62.</strong></span> <span class='ocrx_word' id='word_1_934' title='bbox 3068 5199 3214 5250; x_wconf 76' lang='lat' dir='ltr'><strong>estin</strong></span> <span class='ocrx_word' id='word_1_935' title='bbox 3244 5214 3362 5249; x_wconf 72' lang='lat' dir='ltr'><strong>mss.</strong></span> <span class='ocrx_word' id='word_1_936' title='bbox 3390 5204 3543 5261; x_wconf 60' lang='grc' dir='ltr'><strong>νίψαι</strong></span> 
     </span>
    </p>
   </div>
   <div class='ocr_carea' id='block_1_107' title="bbox 318 5267 1069 5399">
    <p class='ocr_par' dir='ltr' id='par_1_107' title="bbox 318 5267 1069 5399">
     <span class='ocr_line' id='line_1_108' title="bbox 318 5267 1065 5333; baseline -0.003 -14"><span class='ocrx_word' id='word_1_937' title='bbox 318 5267 417 5321; x_wconf 67' lang='grc'><strong>64.</strong></span> <span class='ocrx_word' id='word_1_938' title='bbox 497 5267 568 5296; x_wconf 78' lang='grc'><strong>⁸⁵⁸</strong></span> <span class='ocrx_word' id='word_1_939' title='bbox 594 5267 1065 5333; x_wconf 77' lang='lat' dir='ltr'><strong>lncomprensibile</strong></span> 
     </span>
     <span class='ocr_line' id='line_1_109' title="bbox 318 5330 1069 5399; baseline -0.007 -9"><span class='ocrx_word' id='word_1_940' title='bbox 318 5334 461 5391; x_wconf 74' lang='lat' dir='ltr'><strong>Tha.</strong></span> <span class='ocrx_word' id='word_1_941' title='bbox 495 5330 562 5387; x_wconf 77' lang='lat'><strong>30</strong></span> <span class='ocrx_word' id='word_1_942' title='bbox 582 5332 724 5399; x_wconf 86' lang='lat' dir='ltr'><strong>quod</strong></span> <span class='ocrx_word' id='word_1_943' title='bbox 753 5332 921 5399; x_wconf 85' lang='lat' dir='ltr'><strong>ipsam</strong></span> <span class='ocrx_word' id='word_1_944' title='bbox 943 5336 1069 5387; x_wconf 85' lang='lat' dir='ltr'><strong>dicit</strong></span> 
     </span>
    </p>
   </div>
   <div class='ocr_carea' id='block_1_108' title="bbox 497 5259 3543 5335">
    <p class='ocr_par' dir='ltr' id='par_1_108' title="bbox 497 5259 3543 5335">
     <span class='ocr_line' id='line_1_110' title="bbox 497 5259 3543 5335; baseline -0.001 -20"><span class='ocrx_word' id='word_1_945' title='bbox 497 5264 568 5335; x_wconf 52' lang='lat' dir='ltr'><strong>ff</strong></span> <span class='ocrx_word' id='word_1_946' title='bbox 594 5259 1065 5335; x_wconf 72' lang='lat' dir='ltr'><strong>incomprensibile</strong></span> <span class='ocrx_word' id='word_1_947' title='bbox 1082 5280 1240 5333; x_wconf 90' lang='lat' dir='ltr'><strong>quam</strong></span> <span class='ocrx_word' id='word_1_948' title='bbox 1263 5280 1385 5317; x_wconf 77' lang='lat' dir='ltr'><strong>mss.</strong></span> <span class='ocrx_word' id='word_1_949' title='bbox 1411 5259 1961 5330; x_wconf 83' lang='lat' dir='ltr'><strong>iucoinprehensibile,</strong></span> <span class='ocrx_word' id='word_1_950' title='bbox 2004 5270 2108 5312; x_wconf 87' lang='lat' dir='ltr'><strong>tam</strong></span> <span class='ocrx_word' id='word_1_951' title='bbox 2140 5259 2437 5327; x_wconf 73' lang='lat' dir='ltr'><strong>ineffabile,</strong></span> <span class='ocrx_word' id='word_1_952' title='bbox 2474 5280 2631 5333; x_wconf 88' lang='lat' dir='ltr'><strong>quam</strong></span> <span class='ocrx_word' id='word_1_953' title='bbox 2706 5266 2771 5297; x_wconf 77' lang='grc'><strong>⁶³¹</strong></span> <span class='ocrx_word' id='word_1_954' title='bbox 2818 5259 2968 5333; x_wconf 84' lang='lat' dir='ltr'><strong>Quod</strong></span> <span class='ocrx_word' id='word_1_955' title='bbox 3014 5269 3241 5335; x_wconf 81' lang='lat' dir='ltr'><strong>scipsatn</strong></span> <span class='ocrx_word' id='word_1_956' title='bbox 3297 5259 3543 5319; x_wconf 63' lang='lat' dir='ltr'><strong>diutina.</strong></span> 
     </span>
    </p>
   </div>
   <div class='ocr_carea' id='block_1_109' title="bbox 1810 5415 2029 5471">
    <p class='ocr_par' dir='ltr' id='par_1_109' title="bbox 1810 5415 2029 5471">
     <span class='ocr_line' id='line_1_111' title="bbox 1810 5415 2029 5471; baseline 0.014 -3"><span class='ocrx_word' id='word_1_957' title='bbox 1810 5415 2029 5471; x_wconf 71' lang='grc' dir='ltr'><strong>ΝΟΤιΕ.</strong></span> 
     </span>
    </p>
   </div>
   <div class='ocr_carea' id='block_1_110' title="bbox 392 5507 1234 5581">
    <p class='ocr_par' dir='ltr' id='par_1_110' title="bbox 392 5507 1234 5581">
     <span class='ocr_line' id='line_1_112' title="bbox 392 5507 1234 5581; baseline -0.004 -17"><span class='ocrx_word' id='word_1_958' title='bbox 392 5509 515 5581; x_wconf 76' lang='lat'><strong>(68)</strong></span> <span class='ocrx_word' id='word_1_959' title='bbox 542 5509 693 5565; x_wconf 76' lang='lat' dir='ltr'><strong>Alias</strong></span> <span class='ocrx_word' id='word_1_960' title='bbox 720 5507 802 5561; x_wconf 87' lang='lat' dir='ltr'><strong>hic</strong></span> <span class='ocrx_word' id='word_1_961' title='bbox 827 5507 1013 5576; x_wconf 86' lang='lat' dir='ltr'><strong>incipit</strong></span> <span class='ocrx_word' id='word_1_962' title='bbox 1038 5526 1152 5577; x_wconf 90' lang='lat' dir='ltr'><strong>cap.</strong></span> <span class='ocrx_word' id='word_1_963' title='bbox 1177 5511 1234 5564; x_wconf 84' lang='lat' dir='ltr'><strong>6t</strong></span> 
     </span>
    </p>
   </div>
   <div class='ocr_carea' id='block_1_111' title="bbox 158 6022 613 6140">
    <p class='ocr_par' dir='ltr' id='par_1_111' title="bbox 194 6028 609 6119">
     <span class='ocr_line' id='line_1_113' title="bbox 368 6028 537 6067; baseline 0 -34"><span class='ocrx_word' id='word_1_964' title='bbox 368 6028 369 6033; x_wconf 57' lang='grc' dir='ltr'><strong>η</strong></span> <span class='ocrx_word' id='word_1_965' title='bbox 410 6044 435 6053; x_wconf 46' lang='grc'><strong>.-</strong></span> <span class='ocrx_word' id='word_1_966' title='bbox 478 6054 511 6067; x_wconf 51' lang='lat' dir='ltr'><strong><em>f</em></strong></span> <span class='ocrx_word' id='word_1_967' title='bbox 532 6058 537 6061; x_wconf 46' lang='grc'><em>1</em></span> 
     </span>
     <span class='ocr_line' id='line_1_114' title="bbox 194 6082 589 6105; baseline 0.008 -10"><span class='ocrx_word' id='word_1_968' title='bbox 194 6082 227 6097; x_wconf 55' lang='grc' dir='ltr'><strong>ρούς</strong></span> <span class='ocrx_word' id='word_1_969' title='bbox 536 6092 543 6097; x_wconf 77' lang='lat' dir='ltr'><strong>v</strong></span> <span class='ocrx_word' id='word_1_970' title='bbox 582 6100 589 6105; x_wconf 54' lang='lat'><strong>&#39;</strong></span> 
     </span>
     <span class='ocr_line' id='line_1_115' title="bbox 576 6108 609 6119; baseline 0 -6"><span class='ocrx_word' id='word_1_971' title='bbox 576 6108 609 6119; x_wconf 60' lang='grc' dir='ltr'>μ</span> 
     </span>
    </p>
   </div>
  </div>
