4226 6250
675 423 771 478 211

1163 538 1387 592 CAPUT
1427 540 1561 593 LXV
1596 541 1726 610 (69).

736 625 1001 688 Quomodo
1037 627 1102 678 de
1130 627 1379 694 ἕπεθ’(ώίιὶ
1421 645 1476 681 re
1513 646 1683 682 verum
1724 631 2038 696 disputatum
2080 630 2164 681 sit.

674 713 1008 767 Cesset-mus
1031 730 1253 769 CAPITIS.
1278 748 1346 756 —
1370 717 1477 771 Hoc
1503 728 1678 772 autem
1713 720 2129 773 liret-iuelfabile
2156 722 2225 772 sit

743 785 1501 853 secundumproprietatem,
1551 789 1679 839 nihil
1739 789 1986 853 prohibet
2036 803 2220 839 verum

739 863 857 904 esse
886 851 1311 921 quodhactenus
1335 857 1397 907 de
1423 864 1627 906 smmna
1662 851 1850 908 natura
1894 856 2219 921 disputatum

736 929 817 970 est
834 933 927 985 per
941 920 1244 987 :enigmata,
1261 922 1539 989 imaginem
1558 938 1620 975 ac
1634 920 2056 977 similitudinem.
2073 928 2224 989 Qua:-

741 1001 951 1054 cnnque
978 989 1209 1047 nomina.
1242 1006 1359 1056 quzc
1381 993 1446 1041 de
1475 991 1559 1041 illa
1594 1000 1782 1045 natura
1815 993 2081 1051 dicuntur,
2116 1008 2217 1044 non

735 1063 845 1107 tam
877 1056 1019 1109 illius
1039 1058 1414 1121 proprietatem
1448 1057 1692 1122 innunnt,
1721 1077 1877 1126 quam
1916 1061 2218 1113 similitudi-

732 1125 1197 1190 nem:siguilieant
1222 1127 1362 1196 enim
1392 1126 1529 1191 quod
1554 1127 1605 1180 in
1636 1125 1792 1181 rebus
1809 1128 1964 1182 iactis
1983 1130 2217 1196 concipi-

732 1204 882 1264 suus:
902 1198 1000 1245 nec
1022 1201 1197 1264 tamen
1216 1193 1404 1264 falsum
1425 1204 1507 1248 est
1536 1196 1675 1262 quod
1702 1214 1797 1264 per
1825 1199 1985 1250 verba
2010 1199 2074 1249 de
2105 1193 2213 1263 ipsa

734 1258 1009 1312 intimatur
1034 1258 1337 1332 velat-stimo
1348 1273 1446 1315 tur.
1464 1258 1611 1329 Quod
1630 1258 1831 1332 de'ipsa
1859 1258 2216 1332 cognoscitur,

732 1339 913 1381 verum
942 1336 1022 1381 est
1046 1344 1060 1392 ;
1101 1330 1226 1383 licet
1256 1346 1357 1384 non
1384 1340 1548 1384 totum
1573 1330 2079 1405 cognoscatur-quod
2102 1333 2213 1399 ipsa

730 1408 859 1449 νοω
888 1409 988 1451 ρει.

732 1482 841 1540 Sed
868 1502 1100 1551 rursum,
1133 1489 1176 1542 si
1201 1489 1271 1541 ita
1308 1489 1375 1518 “"
1400 1502 1456 1541 se
1488 1489 1625 1541 ratio
1659 1488 2214 1571 ineli‘ahilitatis‘illius

594 1570 599 1581 ’
658 1570 844 1637 habet.
872 1577 977 1629 imo
1002 1572 1125 1643 quia
1150 1579 1226 1631 sic
1244 1586 1357 1630 est:
1382 1578 1649 1645 quomodo
1678 1579 1839 1632 stabit
1868 1579 2121 1647 quidquid
2148 1581 2215 1633 de

658 1659 749 1716 illa
789 1662 859 1695 ⁸⁸³
888 1668 1176 1717 secundum
1206 1664 1404 1727 Patris.
1434 1675 1488 1717 et
1519 1664 1660 1729 Filii,
1691 1676 1745 1719 et
1773 1666 2005 1733 Spiritus
2030 1681 2215 1733 proce-

564 1756 573 1759 '
658 1748 835 1803 dentis
871 1750 1234 1806 habitudinem
1291 1753 1618 1822 disputatum
1670 1758 1789 1810 est?
1834 1755 1966 1809 Nam
2014 1756 2057 1808 si
2088 1771 2211 1810 vera

1205 426 1258 481 s.
1299 392 1591 481 assumit
1633 426 1979 483 caurum.
2013 424 2329 480 AltCiltEP.
2379 426 2528 480 ore.
2559 385 2749 480 rans
2782 426 2819 477 ι.
2851 453 2921 466 ..-
2952 416 3364 480 uocantes.

2254 540 2297 594 Δ
2325 538 2499 623 minus
2540 537 2856 593 ineffabilem
2903 537 3190 606 persistere

3776 425 3882 480 219.

3242 554 3254 587 :
3305 537 3348 590 si
3402 552 3741 606 nequaquam
3790 540 3879 592 illa

2328 636 2539 694 putetur
2570 643 2663 695 per
2712 628 2959 681 essentia:
3007 642 3117 680 sua:
3152 629 3531 695 proprietatem
3584 641 3875 693 expressa;

2324 715 2416 769 sed
2441 726 2709 781 utcunque
2735 732 2827 782 per
2856 716 2997 769 aliud
3024 715 3325 784 designata.
3359 712 3513 774 Nam,
3548 727 3878 780 quascunque

2325 801 2536 853 IIOlliifttt
2570 800 2632 851 de
2667 801 2752 852 illa
2799 812 2988 855 natura
3021 803 3126 855 dici
3156 816 3312 870 posse
3336 800 3605 853 videntur.
3632 794 3736 850 noh
3770 807 3876 851 tam

2323 890 2447 942 mihi
2500 905 2614 941 eam
2669 892 2955 943 ostendunt
2999 905 3095 958 per
3147 890 3551 960 proprietatem,
3586 902 3744 955 quam
3782 902 3879 956 per

2319 974 2549 1042 aliquam
2581 977 2806 1028 innuunt
2836 976 3492 1031 simiiitudinem.Etenim
3514 990 3636 1031 cum
3664 988 3879 1028 earum-

2319 1062 2437 1114 dem
2466 1078 2651 1115 vocum
2679 1063 3100 1129 signiﬁcationes
3129 1067 3323 1135 cogito,
3354 1063 3672 1119 fainiliarius
3697 1064 3877 1117 conci-

2316 1149 2406 1218 pio
2433 1162 2611 1204 mente
2639 1138 2781 1220 qudd
2819 1151 2872 1202 in
2908 1153 3067 1205 rebus
3092 1152 3253 1206 factis
3293 1153 3588 1222 conspicio,
3618 1167 3777 1219 quam
3822 1151 3876 1205 id

2316 1239 2456 1321 quqd
2505 1255 2718 1295 onmem
2768 1241 3059 1296 humanum
3110 1242 3438 1298 intellectum
3493 1243 3875 1298 transcendere

2316 1326 2592 1399 intelligo:
2623 1344 2745 1385 nam
2774 1324 2931 1382 valde
2961 1329 3134 1383 minus
3169 1329 3387 1399 aliquid,
3414 1332 3519 1385 imo
3549 1331 3706 1401 longe
3730 1330 3877 1385 aliud

2315 1410 2369 1466 in
2398 1425 2576 1471 mente
2599 1430 2716 1470 mea
2757 1432 2853 1470 sua
2893 1417 3283 1487 signiﬁcatione
3330 1419 3683 1485 constituunt,
3711 1434 3875 1489 quam

2315 1503 2386 1556 sit
2422 1503 2549 1557 illud
2579 1505 2646 1559 ad
2680 1506 2824 1572 quod
2877 1506 3280 1569 intelligendum
3328 1523 3424 1578 per
3472 1494 3897 1563 bancl-tenuem'

2315 1589 2758 1658 signiﬁcationem
2792 1606 2943 1655 mens
2982 1595 3095 1661 ipsa
3143 1609 3261 1648 mea
3310 1602 3541 1649 conatur
3587 1595 3870 1665 prolicere.

2248 1677 2467 1750 χΝειιιι.
2508 1692 2606 1732 nec
2637 1694 2828 1733 nomen
2876 1682 3155 1749 sapientiae
3185 1684 3314 1738 mihi
3360 1685 3553 1739 suﬁicit
3592 1686 3876 1740 ostendere

2315 1764 2463 1831 illud,
2497 1780 2591 1834 per
2619 1768 2761 1835 quod
2798 1769 2975 1822 omnia
3016 1769 3155 1825 facta
3190 1782 3315 1825 sunt
3340 1772 3407 1826 de
3451 1773 3641 1837 nihilo,
3672 1781 3728 1827 et
3755 1788 3872 1827 ser-

658 1835 787 1891 illud
814 1832 1019 1896 ratione
1052 1844 1355 1911 explicitum
1385 1854 1467 1897 est
1488 1844 1576 1907 ⁸⁸⁸,
1599 1846 1829 1913 qualiter
1853 1856 1936 1899 est
1962 1845 2051 1898 illa
2080 1844 2211 1898 inef—
2243 1852 2284 1905 B
2310 1832 2505 1904 vantur
2525 1867 2555 1905 a
2583 1832 2777 1918 nihilo;
2810 1870 2907 1909 nec
2934 1871 3126 1910 nomen
3155 1860 3407 1914 essentiae
3439 1860 3566 1913 mihi
3613 1832 3753 1915 valet
3780 1875 3873 1915 ει.

652 1924 869 1979 labilis?
895 1929 1000 1981 Aut
1041 1930 1084 1982 si
1134 1929 1409 1985 ineﬂ‘ahilis
1442 1932 1510 1963 ⁸⁸⁵
1537 1942 1621 1985 est
1644 1973 1658 1996 ,
1704 1934 1971 2002 quomodo
1996 1946 2077 1988 est
2101 1935 2169 1987 ita
2192 1973 2207 1997 ,

651 2011 792 2077 picut
829 2011 1155 2081 disputatum
1191 2020 1308 2071 est?
1344 2019 1425 2072 An
1476 2022 1850 2088 quodanteuus
1893 2022 1961 2054 ⁸⁸⁸
2007 2024 2071 2077 de
2122 2023 2208 2076 illa

652 2101 829 2170 pctuit
857 2106 1113 2172 explicari
1140 2126 1152 2158 :
1185 2118 1240 2161 et
1285 2110 1403 2163 ideo
1433 2110 1566 2163 nihil
1594 2112 1841 2179 prohibet
1870 2127 1987 2167 esse
2025 2128 2208 2167 verum

654 2192 796 2259 quod
825 2194 1151 2263 disputatum
1192 2207 1292 2252 est.
1337 2198 1442 2253 Sed
1487 2201 1609 2267 quia
1643 2204 1857 2270 penitus
1893 2218 1993 2256 non
2039 2206 2211 2271 potuit

652 2288 1056 2352 comprehendi,
1095 2291 1292 2343 idcirco
1335 2299 1419 2345 est
1466 2291 1769 2348 inetiabilis.
1825 2294 1929 2349 Sed
1975 2296 2039 2347 ad
2080 2295 2206 2348 illud

653 2372 783 2436 quid
842 2377 1149 2443 responderi
1200 2380 1417 2446 poterit,
1453 2382 1593 2448 quod
1638 2381 1748 2449 jam
1798 2397 1955 2451 supra
2010 2383 2061 2436 in
2108 2385 2209 2437 hac

652 2458 769 2525 ipsa
801 2463 1159 2530 disputatione
1185 2469 1453 2532 constitit;
1494 2455 1618 2538 quia
1645 2471 1723 2525 sic
1764 2481 1844 2525 est
1887 2488 2094 2526 summa
2123 2487 2209 2525 es-

560 2594 565 2605 .
652 2551 826 2604 sentia
857 2567 1017 2620 supra
1044 2563 1097 2607 et
1138 2562 1287 2609 extra
1326 2573 1536 2611 onmem
1568 2559 1725 2613 aliam
1755 2569 2023 2631 naturam,
2062 2572 2118 2614 ut
2163 2562 2206 2614 si

653 2640 869 2704 quando
887 2640 952 2694 de
974 2640 1063 2693 illa
1092 2643 1288 2729 di‘citur
1312 2644 1511 2713 aliquid
1541 2647 1738 2713 verbis,
1762 2664 1880 2717 qua:
1908 2650 2208 2702 communia

655 2736 781 2780 sunt
808 2728 929 2783 aliis
954 2728 1191 2796 naturis,
1226 2748 1414 2788 sensus
1441 2736 1742 2791 nullatenus
1771 2738 1841 2794 sit
1868 2739 2211 2792 communis?

655 2816 824 2879 Quem
874 2820 1014 2871 enim
1065 2836 1276 2874 sensum
1329 2822 1382 2876 in
1432 2826 1678 2879 omnibus
1727 2825 2043 2891 hisverbis,
2092 2843 2210 2895 qua:

654 2906 904 2973 cogitavi,
946 2909 1179 2962 intellexi
1223 2911 1323 2963 nisi
1351 2926 1686 2966 communem
1714 2925 1768 2967 et
1815 2914 2115 2967 usitatum?
2151 2915 2207 2969 Si

653 3012 783 3066 ergo
819 3000 1048 3052 usitatus
1102 3016 1289 3054 sensus
1326 3001 1604 3055 verborum
1638 3004 1846 3057 alienus
1874 3012 1951 3056 est
2006 3004 2074 3058 ab
2118 3005 2205 3057 illa

652 3088 756 3152 ‘5";
794 3089 1051 3156 quidquid
1094 3091 1444 3143 ratiocinatus
1478 3107 1615 3154 sum,
1661 3109 1765 3155 non
1794 3089 2024 3162 pertinet
2051 3095 2117 3149 ad
2145 3095 2207 3148 il-

651 3178 780 3231 lam.
805 3178 1082 3244 Quomodo
1120 3180 1280 3250 igitur
1305 3196 1486 3234 verum
1526 3192 1609 3235 est
1646 3185 1919 3237 inventum
1970 3200 2090 3239 esse
2135 3186 2204 3217 ⁵⁸⁸
2234 3153 2275 3207 C

652 3267 847 3333 aliquid
879 3268 944 3321 de
987 3262 1193 3320 summa
1227 3273 1495 3330 essentia;
1540 3271 1581 3323 si
1624 3274 1763 3337 quod
1800 3281 1879 3324 cst
1910 3274 2202 3338 inventum,

654 3352 808 3422 longe
830 3356 1100 3409 diversum
1127 3366 1207 3410 est
1237 3357 1306 3409 ab
1338 3358 1459 3410 illa?
1489 3360 1624 3423 Quid
1651 3362 1815 3429 ergo?
1837 3360 1915 3413 An
1942 3364 2204 3430 quodam-

653 3445 813 3497 modo
834 3430 1104 3497 inventqu
1136 3455 1214 3497 est
1244 3446 1438 3513 aliquid
1464 3447 1529 3499 de
1556 3448 2073 3516 incomprehensibili
2106 3464 2201 3511 re;

651 3541 705 3584 et
743 3532 1131 3599 quodammodo
1177 3535 1304 3585 nihil
1337 3544 1669 3602 perspectum
1703 3544 1785 3589 est
1830 3538 1895 3589 de
1926 3539 2022 3592 ea?
2052 3537 2204 3606 Saepe

650 3634 882 3687 namque
919 3620 1080 3674 multa
1109 3622 1357 3684 (licinius,
1393 3639 1510 3692 quae
1539 3626 1751 3693 proprie
1781 3627 1921 3680 sicut
1945 3636 2068 3681 sunt
2096 3644 2199 3682 non

648 3710 1038 3776 exprimimus;
1088 3714 1180 3764 sed
1226 3728 1319 3778 per
1356 3714 1497 3765 aliud
1554 3706 1918 3783 signiﬁcantius
1962 3716 2013 3768 id
2064 3720 2202 3784 quod

649 3798 867 3865 proprie
898 3809 989 3852 aut
1022 3800 1288 3863 nolumus,
1311 3809 1413 3853 ‘aut
1451 3801 1517 3831 ⁵⁸⁵
1551 3817 1654 3855 non
1686 3817 1968 3870 possumus
2016 3803 2204 3872 depro-

649 3902 828 3949 mere,
884 3898 941 3940 at
992 3904 1112 3942 eum
1163 3902 1259 3956 per
1304 3876 1583 3957 :enigmata
1631 3891 1915 3957 loquimur.
1950 3890 2016 3943 Et
2063 3905 2203 3959 saepe

651 3975 893 4030 videmus
922 3977 1141 4045 aliquid,
1166 3988 1268 4031 non
1296 3979 1506 4047 proprie
1542 3979 1609 4008 ⁶⁹⁰
1647 3966 2088 4047 quemadmodum
2117 3994 2202 4033 res

653 4067 764 4133 ipsa
803 4074 921 4130 est;
962 4067 1053 4119 sed
1092 4080 1187 4134 per
1216 4066 1445 4133 aliquam
1499 4066 1900 4119 similitudinem
1933 4076 2023 4119 aut
2070 4067 2201 4119 ima-

652 4154 851 4220 ginem.
881 4163 939 4206 ut
965 4170 1082 4207 cum
1125 4155 1326 4209 vultum
1366 4156 1586 4224 alicujus
1616 4156 1677 4186 ⁶⁹¹
1714 4150 2116 4237 consideramus
2148 4156 2198 4207 in

651 4242 884 4309 speculo.
916 4242 1007 4297 Sic
1033 4244 1223 4313 quippe
1250 4259 1408 4298 unam
1445 4246 1791 4312 eamdemque
1833 4260 1944 4299 rem
1976 4244 2201 4298 dicimus
2242 4260 2248 4266 ·

653 4338 705 4383 et
733 4347 838 4384 non
864 4331 1116 4397 dicimus;
1160 4334 1396 4387 videmus
1437 4344 1491 4387 et
1530 4350 1633 4388 non
1660 4332 1902 4388 videmus
1936 4352 1947 4388 :
1976 4334 2201 4388 dicimus

654 4427 707 4473 et
732 4420 971 4475 videmus
1000 4436 1092 4489 per
1122 4422 1295 4486 aliud;
1343 4437 1446 4475 non
1492 4424 1718 4477 dicimus
1744 4432 1797 4476 et
1828 4438 1931 4476 non
1961 4424 2200 4476 videmus

650 4524 749 4577 per
779 4524 927 4563 suam
958 4512 1332 4578 proprietatem
1364 4512 1451 4565 ⁸³³.
1504 4512 1612 4582 (70)
1644 4512 1755 4566 liae
1783 4513 1963 4580 itaque
1996 4513 2201 4565 ratione

651 4598 785 4651 nihil
830 4599 1073 4666 prohibet
1103 4608 1155 4650 et
1187 4616 1369 4653 verum
1399 4616 1516 4653 esse
1565 4603 1702 4668 quod
1745 4602 2069 4667 disputatum
2117 4610 2202 4652 est

649 4685 915 4739 hactenus
939 4688 1005 4739 de
1035 4700 1242 4739 summa
1275 4696 1497 4750 natura;
1522 4698 1573 4740 et
1600 4690 1763 4756 ipsum
1798 4700 1981 4740 tamen
2014 4687 2199 4739 nihilo-

2312 1943 2547 2010 primere
2600 1943 2754 2008 illud,
2805 1947 2947 2013 quod
3010 1961 3107 2014 per
3156 1947 3478 2018 singularem
3532 1949 3870 2002 altitudinem

2310 2031 2467 2099 longe
2519 2042 2602 2087 est
2634 2049 2795 2105 supra
2831 2036 3032 2101 omnia,
3065 2044 3120 2089 et
3157 2050 3252 2104 per
3298 2035 3871 2105 naturalem'proprie-

2310 2130 2470 2174 tatem
2500 2122 2652 2177 valde
2690 2132 2773 2179 est
2799 2133 2950 2178 extra
2992 2126 3191 2179 omnia.
3221 2125 3312 2180 Sic
3350 2141 3479 2196 ergo
3535 2126 3625 2179 illa
3667 2135 3793 2179 natu
3812 2142 3869 2179 ra

2307 2219 2362 2262 et
2412 2209 2699 2267 ineifabilis
2747 2222 2870 2276 est;
2910 2213 3033 2281 quia
3082 2228 3180 2282 per
3204 2214 3402 2278 verba,
3453 2215 3609 2269 sicuti
3640 2224 3722 2268 est
3752 2214 3856 2267 nut-

2307 2292 2518 2353 iatcuus
2540 2301 2686 2354 valet
2719 2301 2954 2354 intimari
2980 2320 2996 2355 :
3029 2312 3082 2356 et
3114 2301 3303 2356 falsum
3330 2320 3433 2355 non
3462 2311 3567 2369 est,
3589 2301 3785 2370 siquid
3806 2303 3872 2356 de

2306 2390 2414 2451 illa,
2446 2393 2653 2445 ratione
2686 2390 2943 2456 docente,
2980 2402 3076 2459 per
3122 2390 3267 2444 aliud
3315 2392 3459 2444 velut
3501 2392 3552 2444 in
3583 2390 3875 2458 amigmate

2308 2486 2483 2547 potest
2512 2479 2787 2533 aestimari.
3157 2526 3163 2535 .

2659 2568 2884 2639 CAPUT
2911 2569 3069 2623 wa
3097 2569 3191 2639 [ιιι.
3218 2567 3402 2639 anq
3424 2569 3510 2620 συ.

2313 2634 2468 2699 Quod
2509 2653 2601 2705 per
2627 2637 2935 2689 rationalem
2967 2634 3184 2691 mentem
3225 2634 3448 2689 maxime
3477 2635 3756 2688 accedatur
3800 2635 3872 2687 ad

2578 2705 2986 2774 cognoscendum
3023 2720 3280 2758 summam
3323 2705 3623 2757 essentiam.

2308 2792 2646 2858 (laxaremus
2682 2806 2998 2847 CAPITIS.-—
3027 2794 3169 2848 Nihil
3215 2793 3396 2862 itaque
3436 2792 3501 2846 de
3538 2791 3626 2862 illa
3678 2801 3873 2862 natura

2380 2872 2556 2927 potest
2605 2862 2805 2929 percipi
2858 2878 2953 2928 per
2999 2860 3409 2928 proprietatem,
3459 2861 3550 2913 sed
3582 2875 3676 2927 per
3702 2860 3866 2920 diuit.

2379 2930 2522 2997 Ergo
2553 2939 2703 2983 tanto
2751 2930 2913 2981 altius
2947 2930 3181 2992 creatrix
3229 2929 3466 2997 essentia
3491 2930 3866 2997 cognoscitur,

2290 2993 2295 2998 ’
2376 2993 2575 3063 quanto
2611 3010 2707 3062 per
2740 2997 3173 3064 propinquiorem
3206 2996 3306 3064 ipsi
3328 2993 3629 3064 creaturam
3652 2994 3872 3062 indaga-

2314 3066 2321 3089 λ
2378 3061 2479 3118 tur.
2497 3061 2645 3118 Sicut
2665 3061 2965 3131 itaque—sola
2982 3080 3131 3118 mens
3143 3061 3418 3118 rationalis
3438 3065 3503 3117 ad
3525 3061 3637 3128 ejus
3651 3061 3873 3116 inveSti-

2377 3133 2640 3200 gationem
2677 3148 2958 3201 assurgere
2996 3134 3164 3195 valet,
3198 3134 3269 3185 ita
3297 3133 3481 3189 eadem
3503 3132 3611 3184 sola
3644 3142 3745 3195 est,
3774 3147 3872 3198 per

2376 3214 2533 3267 quam
2549 3202 2778 3253 itiaxime
2800 3202 3098 3267 ipsametad
3110 3201 3595 3268 ejusinventionem
3608 3201 3868 3267 proiicere

2384 3269 2719 3335 queat:quia
2748 3270 2859 3321 hare
2881 3267 2951 3320 illi
2975 3267 3315 3336 propinquat.
3348 3267 3503 3321 Unde
3523 3276 3870 3336 quanto_stu-

2377 3336 2581 3389 diosius
2602 3334 2751 3388 mens
2773 3338 2837 3389 ad
2855 3351 2911 3389 se
2931 3334 3235 3389 discendum
3266 3337 3511 3397 intendit,
3528 3334 3868 3394 tanto;elIica-

2378 3403 2492 3471 cius
2516 3406 2579 3457 ad
2608 3405 2747 3457 illius
2769 3419 2987 3456 sumina:
3013 3405 3255 3457 essentia:
3282 3404 3634 3471 cognitionem
3668 3416 3870 3455 irascen-

2377 3470 2453 3522 dit
2471 3487 2485 3524 :
2503 3480 2778 3550 etquanlo
2798 3486 2853 3550 se
2878 3472 3067 3549 intueri
3102 3473 3315 3550 negligi}
3333 3470 3514 3550 {tanto
3531 3486 3559 3521 a
3582 3470 3869 3550 creatricis

2377 3539 2621 3592 essentia:
2670 3539 3029 3607 speculatione
3072 3546 3126 3591 et
3170 3538 3360 3592 intuitu
3394 3538 3686 3592 descendit.
3824 3573 3865 3585 -

2376 3629 2508 3683 Cum
2534 3629 2691 3699 igitur
2711 3636 2888 3696 pateat
2912 3628 3036 3695 quia
3064 3626 3133 3660 ⁸³⁸
3163 3626 3290 3681 nihil
3315 3628 3380 3679 de
3408 3627 3510 3681 hac
3535 3636 3718 3679 natura
3741 3641 3868 3694 pos-

2306 3719 2375 3771 sit
2398 3710 2614 3787 ’percipi
2656 3733 2749 3785 per
2787 3731 2935 3771 suam
2964 3716 3345 3784 preprietatem
3371 3752 3387 3779 ,
3428 3715 3519 3768 sed
3551 3729 3648 3781 per
3674 3713 3817 3767 aliud
3846 3754 3864 3777 ,

2306 3815 2509 3860 certum
2549 3815 2633 3860 est
2660 3807 2781 3875 quia
2821 3820 2917 3874 per
2963 3804 3088 3857 Illud
3120 3804 3289 3871 magis
3330 3803 3396 3855 ad
3445 3802 3560 3870 ejus
3601 3801 3868 3869 cog-itio-

2306 3912 2423 3951 nem
2460 3895 2526 3927 ⁶⁹³
2564 3896 2852 3957 acceditur,
2887 3893 3028 3962 quod
3055 3892 3129 3945 illi
3170 3891 3339 3960 magis
3382 3891 3448 3922 °"
3487 3904 3582 3958 per
3611 3889 3866 3942 similitu-

2305 3984 2480 4037 dinem
2516 3982 2853 4050 propinquat.
2878 3979 3143 4047 Quidquid
3170 3979 3313 4033 enim
3345 3978 3485 4031 inter
3510 3984 3689 4029 creata
3732 3990 3866 4028 cou-

2303 4080 2411 4124 stat
2461 4072 2534 4123 illi
2580 4084 2698 4124 esse
2747 4069 2992 4130 similius,
3022 4068 3074 4121 id
3125 4081 3342 4121 necesse
3381 4074 3463 4119 est
3506 4068 3625 4133 esse
3665 4072 3858 4116 natura

2301 4159 2663 4228 praestantius.
2712 4157 3046 4225 Quapropter
3084 4155 3134 4208 id
3164 4163 3218 4209 et
3258 4168 3354 4222 per
3385 4140 3640 4222 majorem
3669 4152 3863 4205 simili-

2304 4250 2535 4302 tudinem
2587 4248 2704 4317 plus
2750 4249 2901 4317 juvat
2951 4254 3182 4300 mentem
3240 4242 3585 4311 indagantem
3639 4255 3865 4294 summa:

2301 4336 2513 4390 Veritati
2537 4335 2921 4403 propinquare;
2953 4341 3006 4386 et
3030 4347 3124 4400 per
3155 4329 3593 4384 excellentiorem
3623 4336 3862 4382 creatam

2307 4424 2591 4477 essentiam
2616 4422 2733 4491 plus
2757 4423 2912 4474 docet
2943 4422 3070 4487 quid
3106 4422 3170 4473 de
3190 4428 3407 4473 creante
3436 4432 3586 4471 mens
3616 4416 3728 4484 ipsa
3769 4417 3865 4468 (16-

2307 4514 2430 4565 beat
2481 4511 2767 4564 zcstimare.
2824 4508 3016 4563 Procul
3070 4505 3234 4561 dubio
3280 4502 3460 4574 itaque
3508 4513 3655 4557 tanto
3698 4503 3863 4556 altius

2307 4599 2537 4651 creatrix
2584 4597 2815 4650 essentia
2861 4595 3234 4662 cognoscitur,
3289 4601 3489 4661 quanto
3518 4604 3614 4658 per
3642 4590 3864 4658 prepin-

2306 4687 2545 4752 quinrem
2570 4686 2670 4739 sibi
2704 4668 3022 4739 creaturam
3048 4682 3350 4751 indagator.
3392 4679 3523 4733 Nam
3555 4676 3695 4746 quod
3741 4680 3864 4730 om-

1912 4818 2133 4873 VARIAﬂ
2152 4810 2564 4874 'LECTIONES.

723 4931 788 4961 ⁶⁸¹
841 4929 942 4982 Sed
999 4946 1207 4984 rursum
1263 4935 1306 4983 si
1343 4933 1411 4983 ita
1463 4941 1566 4995 est,
1600 4942 1697 4984 etc.
1742 4924 1959 4983 innisa.
2023 4929 2105 4981 hic
2154 4929 2332 4996 incipit
2384 4937 2535 4996 caput
2582 4923 2826 4996 65am!)
2879 4920 3171 4996 hocntitnlo
3210 4935 3228 4972 :
3258 4920 3624 4996 Quomodo‘de
3670 4920 3785 4996 ineli

2093 4995 2163 5027 ⁵⁸⁸
2187 4982 2270 5047 θεέ
2313 4996 2399 5048 illa
2446 4982 2748 5046 substantia
2796 5007 2919 5042 mss.
2970 4987 3096 5040 Vict.
3134 4982 3450 5055 Sanghu.
3506 4982 3854 5055 Gcnt.__ornitt.

650 5000 742 5050 ltili
778 5013 864 5057 re,
896 5009 988 5066 etc.
1044 5010 1097 5049 ut
1148 5002 1201 5052 in
1250 5002 1397 5051 titulo
1430 5011 1578 5066 caput
1608 5000 1693 5052 65.
1725 5003 1777 5051 in
1811 5000 1961 5066 editis

3258 4916 3546 4984 Quomodo
3562 4916 3624 4967 de
3670 4913 3856 4969 ineﬂ'a-

655 5049 956 5135 Substautia
993 5068 1099 5135 “‘3‘
1126 5049 1690 5135 siume'éx'pi'itiriin
1714 5049 1796 5119 est
1816 5049 2082 5135 imfvz'a.
2124 5063 2330 5117 ratione
2356 5063 2781 5135 explicatumest
2800 5074 2922 5111 mss.
2948 5056 3072 5135 Sag.
3104 5049 3234 5135 Thu'.
3290 5055 3493 5106 ratione
3512 5133 3521 5135 ᾉ
3539 5049 3853 5135 explicitum

653 5143 734 5185 cst
806 5132 875 5161 *³⁸⁵
906 5132 959 5183 Si
991 5133 1075 5185 illa
1098 5119 1690 5188 ineﬂabilis—m'ss.7’lhu.
1724 5136 1855 5201 Vict.
1898 5134 2025 5201 Sag.
2056 5134 2240 5186 Cister.
2288 5119 2453 5201 omitt'.
2502 5130 2586 5201 illa
2659 5126 2726 5158 ⁸⁸⁸
2755 5128 2861 5179 Aut
2916 5119 3282 5192 quodantenus
3325 5136 3450 5173 mss.
3504 5133 3590 5201 an.
3620 5119 3853 5201 quodam

651 5213 808 5252 1011115

883 5202 947 5232 ⁸⁸⁷
971 5184 1187 5255 Alienus
1202 5184 1375 5256 estad
1398 5184 1866 5257 iiii‘hziti'iii‘eiias
1888 5184 2169 5255 est'abﬁilla
2245 5201 2313 5231 ⁸⁸⁸
2345 5198 2535 5250 Verum
2563 5198 2833 5249 inventum
2863 5184 2947 5247 est
2968 5208 3085 5247 esse
3109 5207 3229 5243 mss.
3258 5202 3442 5242 verum
3477 5196 3556 5240 est
3577 5184 3853 5257 inventam

648 5287 768 5322 esse
840 5271 907 5300 ‘3”
934 5252 2100 5333 suitota.iam‘suiiiiiji'u(adﬁnis,{ut
2172 5268 2239 5297 “9°
2267 5266 2379 5320 Non
2405 5280 2601 5333 prope
2626 5280 2764 5333 mssa
2786 5278 2909 5333 Anon
2942 5260 3152 5329 proprie
3223 5258 3287 5288 ⁶⁹¹
3318 5252 3697 5333 νιιιέεςιιιᾳξξυξ
3721 5269 3849 5333 mss.

648 5340 855 5410 mltum
881 5338 1105 5404 alicujus
1177 5338 1244 5367 ⁸⁹²
1281 5339 1341 5410 l_u
1372 5357 1493 5410 mss.
1519 5344 2027 5410 continualurcnput
2057 5337 2367 5410 prtccedens.
2408 5337 2694 5410 _-“"_Cap.
2738 5337 2804 5410 6}
2845 5342 2917 5410 {si
2953 5337 3006 5381 in
3054 5337 3385 5410 magno
3549 5337 3683 5410 ff},

1437 5409 1502 5438 “‘5
1531 5410 1655 5462 Eius
1678 5392 2033 5478 coguitiouiem
2057 5392 2183 5456 'ms.
2221 5402 2351 5455 Tha.
2408 5402 2474 5455 50
2510 5392 3069 5470 θίαςέοείιειῑίοιιριιι.
3145 5393 3212 5424 ⁶⁹⁶
3240 5394 3388 5457 Quod
3418 5392 3492 5447 illi
3547 5392 3715 5459 plagis
3748 5401 3856 5446 ms.

651 5408 788 5474 quml
820 5424 940 5457 mss.
980 5415 1177 5474 pateat,
1216 5407 1337 5469 quia

653 5473 783 5525 Tim.
809 5476 876 5527 50
908 5492 1012 5543 quo
1044 5475 1116 5526 illi
1149 5476 1311 5540 magis

2470 5321 2537 5363 ⁸⁸⁵
2565 5332 2694 5400 Cap.
2738 5330 2804 5383 64
2845 5342 2917 5382 est
2942 5321 3006 5381 'in
3040 5321 3489 5400 'ritss._cqput_
3569 5321 3637 5353 ⁸⁸⁸
3658 5322 3852 5400 i’ateat

2116 5588 2339 5645 ΝΟΤᾹΞ.

724 5672 831 5734 (C9)
860 5673 1003 5727 Alias
1029 5682 1109 5727 est
1143 5688 1263 5737 pars
1287 5657 1407 5740 ’σεεμ
1446 5673 1530 5725 62.

2368 5677 2477 5746 (το)
2504 5674 2760 5742 Aliashic
2790 5650 2974 5739 incipit
3003 5686 3121 5738 cap.
3155 5671 3242 5724 es.
