4226 6198
1134 178 1141 203 ι

645 318 747 371 219

1168 317 1227 374 s.
1267 318 1560 374 assensu
1596 311 1944 371 caurum.
1991 314 2303 401 AllClllEP.
2332 315 2480 372 ore.
2522 317 2696 372 rans
2723 318 2758 371 ι.
2800 347 2869 358 -
2905 298 3318 378 nodnAtha;

3734 320 3837 380 210

645 423 1010 479 «Ιὶηιοὶηῗηιιιπι
1058 428 1141 479 vel
1186 410 1513 493 impossibile
1539 427 1808 479 existimo.
1839 424 1989 490 Quod
2016 432 2191 477 tamen
2220 433 2262 485 Α
2288 440 2411 480 esse
2442 426 2491 481 in
2519 428 2682 492 illam,
2710 441 2866 496 quam
2898 428 2943 482 si
2979 430 3171 483 dicitur
3197 433 3262 491 ad
3288 430 3460 485 illam.
3498 431 3609 486 llac
3658 430 3838 502 itaque

648 513 763 565 a'“
795 528 1003 566 suntme
1040 512 1186 578 justo
1232 529 1543 580 summeque
1571 516 1708 566 bono
1734 516 1986 566 Creatore
2014 524 2190 563 rerum

646 608 791 660 nulla
816 622 878 659 eo
899 608 1056 668 bono,
1080 606 1224 657 atl‘m
1250 608 1390 672 quod
1420 606 1559 660 facta
1585 618 1689 671 est,
1719 608 1911 675 injuste
1935 598 2192 670 privetur,

647 694 945 746 certissime
978 694 1143 745 estm
1173 695 1496 759 tenendum;
1526 705 1580 748 et
1618 696 1682 747 ad
1732 696 1867 746 idem
1900 693 2069 759 ipsum
2100 691 2196 746 bo-

643 796 768 832 num
799 789 878 831 est
908 780 1053 833 omni
1084 781 1288 834 homini
1336 791 1446 835 toto
1481 784 1669 845 corde',
1705 790 1809 833 tota
1851 780 2058 845 anima,
2084 789 2193 835 tota

643 880 820 921 metite
845 872 1075 922 amando
1100 880 1154 922 et
1178 872 1528 923 desiderando
1551 871 1845 923 nitendum.

941 957 1167 1011 CAPUT
1206 957 1413 1013 Lxxw
1454 957 1546 1027 [αι.
1588 956 1899 1026 ωιχιητη.

850 1046 853 1049 ’
912 1046 1059 1111 Quod
1092 1062 1292 1099 summa
1318 1046 1537 1099 essentia
1563 1047 1626 1099 sit
1657 1046 1933 1113 speranda.

635 1134 978 1188 Cousrst‘rcs
1012 1148 1234 1185 ωριτες.
1256 1161 1327 1171 -
1347 1131 1426 1185 Ad
1460 1131 1587 1185 illttd
1636 1148 1764 1187 vero
1792 1132 2010 1185 tendere
2036 1143 2191 1181 nemo

709 1211 901 1270 potest,
926 1202 968 1253 si
992 1201 1057 1251 ad
1074 1200 1199 1252 illttd
1220 1214 1279 1254 se
1300 1214 1456 1267 posse
1468 1201 1746 1268 pervenire
1768 1202 2031 1268 desperet.
2051 1196 2187 1265 Ergo

707 1279 901 1336 praeter
942 1282 1180 1322 amorem
1220 1270 1522 1321 necessaria
1554 1278 1638 1321 est
1667 1283 1785 1334 spes

708 1356 812 1411 Sed
845 1358 896 1411 in
930 1358 1030 1411 hac
1077 1357 1373 1411 intentione
1403 1359 1633 1410 humana
1678 1357 1851 1407 anima
1887 1338 2187 1406 nullatenus

634 1462 694 1500 se
723 1448 925 1515 poterit
944 1462 1219 1511 exercere,
1244 1448 1286 1499 si
1308 1446 1552 1512 desperet
1578 1459 1685 1513 quo
1708 1444 1932 1529 intendjt
1952 1456 2009 1519 se
2033 1456 2187 1513 posse

635 1537 934 1604 pervenire.
959 1538 1293 1603 Quapropter
1313 1541 1570 1601 quantum
1597 1533 1668 1585 illi
1698 1542 1777 1591 est
1804 1533 1931 1586 utile
1951 1533 2182 1586 studium

633 1625 1018 1690 adnitendi“,
1073 1631 1274 1677 tantum
1324 1624 1761 1678 necessariaiest
1807 1638 1931 1692 spes
1978 1623 2181 1693 pertin-

633 1728 731 1781 gen
739 1715 808 1767 di.
1238 1740 1243 1743 π

1051 1804 1155 1871 27
1179 1801 1404 1857 CAPUT
1433 1802 1618 1857 Lxxv
1654 1804 1788 1873 (77).
1882 1862 1885 1863 ,

705 1886 857 1951 Quod
882 1888 1195 1941 credendum
1224 1890 1289 1941 sit
1319 1892 1372 1941 in
1404 1890 1581 1954 illam,
1608 1892 1702 1942 Itoc
1736 1900 1832 1955 est,
1865 1890 2116 1943 credendo
2152 1940 2155 1941 ,

1114 1958 1425 2009 tendendum
1452 1957 1505 2009 in
1535 1960 1698 2010 illam.

628 2066 963 2123 Cousrec'rus
990 2069 1301 2121 CAPITIS.'-—
1319 2068 1514 2121 Amare
1536 2076 1710 2121 autem
1735 2078 1824 2120 aut
1844 2082 2057 2135 sperare
2080 2083 2183 2120 non

698 2144 892 2202 potest,
922 2136 1062 2203 quod
1088 2150 1193 2189 non
1232 2135 1424 2189 credit.
1463 2136 1601 2204 Ergo
1630 2146 1681 2189 et
1710 2136 1841 2189 fides
1884 2138 2181 2188 necessaria

636 2234 637 2237 η
698 2212 780 2255 est
803 2219 905 2271 qua
934 2219 1039 2257 non
1072 2204 1229 2255 modo
1264 2218 1526 2256 summam
1550 2203 1844 2257 essentiam
1873 2212 1925 2256 et
1970 2220 2029 2255 ea
2070 2203 2184 2257 sine

739 2273 893 2324 uitus
921 2272 1237 2324 amari.non
1277 2280 1484 2337 potest,
1518 2273 1732 2331 credat;
1782 2273 1872 2323 sed
1915 2284 2017 2336 qua
2064 2285 2181 2322 cre-

736 2340 872 2391 endo
898 2339 1081 2393 tendat
1123 2339 1175 2391 in
1217 2338 1379 2391 illam.
1425 2340 1479 2391 ltt
1507 2339 1647 2391 illam
1674 2340 1816 2391 enim
1846 2341 2065 2392 credere
2092 2347 2175 2391 est
2204 2400 2207 2401 ν

702 2407 968 2460 credendo
1016 2407 1233 2459 tendere
1275 2407 1328 2459 in
1378 2407 1539 2459 illam.
1598 2406 1734 2473 Ergo
1786 2422 1888 2458 non
1922 2408 2090 2459 Credit
2128 2407 2181 2460 in

698 2472 842 2543 illam
870 2476 1090 2541 qui,per
1108 2473 1208 2527 hoc
1231 2475 1379 2543 quod
1396 2475 1583 2543 credit,
1613 2475 1801 2527 non-ad
1829 2474 1966 2543 illam
1994 2475 2181 2529 tendit.

699 2540 798 2605 Qui
828 2555 954 2594 vero
997 2540 1267 2596 credendo
1299 2543 1348 2593 in
1375 2540 1524 2594 illam
1576 2543 1777 2603 tendit,
1811 2544 1875 2594 ad
1918 2541 2057 2592 illam
2105 2542 2184 2594 sic

701 2610 978 2677 perveniet
1019 2618 1077 2660 ut
1106 2609 1433 2677 intraillant
1471 2625 1852 2677 permansuros
1893 2610 1981 2661 sit.
2032 2607 2183 2660 Unde

701 2676 873 2741 aptius
908 2677 1102 2729 dicitur
1147 2676 1483 2729 credendum
1526 2686 1580 2729 et
1622 2679 1939 2729 tendendum
1978 2691 2094 2729 esse
2133 2676 2185 2728 in

702 2743 874 2861 Ἥρω,
905 2758 1065 2810 quam
1096 2743 1421 2797 credendum
1468 2753 1560 2803 aut
1611 2744 1930 2797 tendendum
1977 2758 2092 2797 esse
2119 2745 2185 2796 ad

702 2825 715 2861 l
762 2825 864 2861 am.
1050 2858 1060 2861 _

701 2825 864 2863 tuam.
993 2883 998 2885 Α
1048 2858 1064 2885 ἢ

700 2900 898 2952 Amare
940 2883 1118 2953 autem
1144 2900 1235 2963 ⁷⁸³,
1267 2908 1357 2953 aut
1378 2914 1596 2968 sperare
1623 2902 1693 2932 "“
1716 2915 1818 2953 non
1845 2910 2019 2969 potest
2044 2900 2184 2969 quod

632 3002 737 3041 non
774 2988 962 3041 credit.
1005 2989 1229 3056 Expedit
1266 2990 1458 3058 itaque!
1491 2991 1661 3043 eidem
1703 2990 1945 3044 humanae
1994 2990 2183 3044 animae

631 3089 892 3128 summam
923 3077 1229 3141 essentiam,
1253 3086 1307 3131 et
1333 3093 1393 3132 ea
1420 3078 1536 3131 sine
1559 3080 1751 3146 quibus
1774 3079 1858 3132 illa
1883 3079 2050 3131 amari
2078 3093 2183 3132 non
2212 3094 2257 3156 α

634 3175 825 3234 potest,
872 3169 1118 3232 credere,
1148 3180 1208 3223 ut
1260 3170 1403 3229 illam
1458 3171 1721 3224 credendo
1763 3171 1850 3233 7",
1904 3169 2083 3222 tendat
2132 3170 2184 3220 in

635 3255 799 3308 illam.
827 3256 979 3320 Quod
1010 3258 1147 3309 idem
1192 3267 1314 3325 apte
1343 3258 1665 3326 breviusque
1712 3244 1997 3326 significari
2029 3271 2185 3323 posse

634 3345 704 3375 ’δ’
730 3355 874 3412 puto,
920 3346 965 3398 si
1014 3361 1109 3415 pro
1146 3361 1209 3399 eo
1260 3347 1399 3414 quod
1431 3354 1512 3399 est
1560 3333 1823 3399 credendo
1875 3346 2092 3399 tendere
2130 3345 2181 3397 in

634 3449 896 3488 summam
939 3437 1243 3497 essentiam,
1300 3437 1509 3488 dicatur
1553 3436 1771 3489 credere
1824 3436 1875 3487 in
1922 3428 2180 3487 summam

629 3510 943 3577 essentiam.
973 3524 1127 3591 Nam,
1158 3526 1201 3579 si
1233 3527 1353 3593 quis
1394 3524 1535 3579 dicat
1574 3542 1630 3581 se
1656 3528 1874 3580 credere
1920 3526 1972 3578 in
2005 3524 2177 3588 illam,

636 3612 767 3665 satis
798 3612 1008 3665 videtur
1046 3615 1347 3678 ostendere,
1376 3620 1430 3666 et
1459 3628 1552 3681 per
1579 3614 1733 3668 fidem
1773 3629 1930 3681 quam
1963 3612 2179 3682 profite-
2206 3644 2207 3647 η

634 3709 743 3761 tur,
781 3700 845 3750 ad
882 3713 1146 3762 summam
1186 3714 1241 3753 se
1288 3701 1505 3753 tendere
1547 3702 1831 3753 essentiam
1858 3716 1879 3762 ,π
1909 3708 1963 3752 et
2004 3699 2088 3751 illa
2126 3711 2183 3751 se

631 3786 873 3847 credere,
914 3800 1028 3851 quae
1057 3784 1123 3837 ad
1155 3786 1293 3837 banc
1323 3787 1589 3857 pertinent
1615 3787 1963 3839 intentionem
1994 3802 2006 3836 :
2039 3799 2178 3847 nam,

630 3885 736 3923 non
790 3872 1000 3924 videtur
1036 3873 1254 3925 credere
1301 3872 1367 3903 7“
1416 3876 1466 3925 in
1514 3873 1689 3936 illam,
1741 3874 1855 3926 sive
1893 3873 1981 3940 qui
2012 3872 2183 3925 credit

626 3959 771 4024 quod
800 3960 866 4011 ad
899 3960 1214 4012 tendendum
1246 3961 1299 4013 in
1346 3961 1622 4027 illamnon
1651 3963 1879 4031 pertinet
1904 4002 1918 4025 ,
1950 3962 2063 4015 sive
2092 3962 2180 4029 qui

628 4062 723 4113 per
752 4048 853 4123 hoc
876 4049 1015 4116 quod
1045 4050 1237 4112 credit,
1262 4064 1363 4103 non
1392 4051 1457 4103 ad
1484 4051 1626 4104 illam
1656 4052 1822 4105 tendit
1847 4052 1938 4106 7”.
1972 4050 2080 4120 (78)
2117 4050 2181 4102 Et

630 4133 861 4188 fortasse
891 4126 1253 4190 indifferenter
1281 4138 1383 4190 dici
1421 4147 1613 4206 potest,
1643 4148 1863 4192 credere
1906 4139 1957 4191 in
2003 4138 2177 4202 illam,

628 4231 680 4275 et
710 4222 775 4275 ad
805 4223 946 4276 illam
973 4240 985 4275 :
1012 4223 1150 4279 sicut
1180 4240 1275 4292 pro
1297 4228 1481 4279 eodem
1503 4227 1673 4298 accipi
1704 4236 1880 4295 potest
1914 4227 2179 4280 credendo

624 4313 850 4365 tendere
880 4313 930 4364 in
960 4313 1101 4364 illam
1135 4324 1187 4366 et
1214 4315 1278 4366 ad
1311 4314 1484 4376 illam,
1516 4314 1615 4367 nisi
1640 4314 1761 4380 quia
1800 4313 2041 4393 quisquis
2063 4322 2173 4366 ten-

2294 515 2497 571 ratlone
2524 526 2649 585 puto
2671 518 3048 584 congruentius
3073 534 3235 587 posse
3253 520 3355 573 dici
3376 521 3696 575 credendum
3717 534 3836 578 esse

2293 602 2346 654 itt
2376 603 2518 657 illaut
2547 620 2704 672 quam
2733 609 2796 658 ad
2836 606 2997 659 illam.

2592 695 2813 748 CAPUT
2847 696 3051 749 Lxxw
3081 695 3175 766 [αι.
3208 687 3439 769 ιλχχμ]
3464 698 3553 751 ηε.

2296 779 2446 844 Ωιιυᾶ
2459 784 2517 856 in
2538 774 2765 856 Patrem,
2796 796 2841 836 et
2868 785 3082 856 Filium.
3098 796 3145 856 et
3166 803 3340 839 eorum
3363 788 3614 856 Spiritum
3635 796 3834 856 partis!

2362 857 2411 901 et
2452 850 2506 903 in
2538 852 2793 919 singulos,
2837 863 2885 904 et
2927 854 3083 904 simul
3122 855 3174 905 in
3214 866 3317 906 tres
3346 850 3651 936 credendum
3674 857 3761 921 sit.

2287 936 2624 1015 Consulares
2670 954 2895 1015 carnis.
2947 972 3014 979 —
3060 942 3150 994 Sic
3191 944 3510 997 credendum
3558 954 3661 1007 est,
3705 946 3833 1015 quia

2364 1007 2460 1073 ipsi
2496 1016 2603 1073 tres
2631 1018 2684 1058 et
2715 1010 2951 1073 singulos
2977 1022 3158 1059 eorum
3187 1019 3268 1061 est
3295 1026 3395 1062 una
3423 1028 3628 1065 summa
3651 1007 3833 1068 esses-

2363 1071 2937 1161 tia;.itthuattt'sol:tm
2975 1077 3149 1153 omnis
3194 1078 3351 1161 lLomo
3392 1078 3549 1129 debet
3586 1082 3825 1161 credere,

2356 1139 2494 1210 sicut
2546 1139 2653 1194 huic
2689 1142 2797 1194 sola
2845 1150 2925 1194 est
2969 1142 3154 1193 unicus
3207 1142 3325 1195 linis
3379 1160 3534 1210 quem
3582 1148 3634 1198 itt
3684 1139 3827 1201 omni

2358 1208 2613 1277 eOgitatu,
2645 1218 2873 1275 actuqne
2920 1224 3016 1277 suo
3048 1210 3221 1261 homo
3248 1223 3343 1277 per
3386 1208 3624 1265 amorem
3676 1214 3831 1269 debet

2357 1275 2654 1329 intendere.
2714 1276 3165 1341 Quemadmodum
3207 1275 3381 1331 autem
3431 1280 3482 1331 itt
3525 1280 3681 1333 illam'
3718 1291 3831 1336 ten-

2356 1344 2503 1403 dere,
2533 1344 2633 1396 nisi
2670 1345 2861 1413 credat
2901 1344 3073 1407 illam,
3118 1346 3291 1399 nullus
3334 1355 3534 1413 potest,
3574 1348 3647 1402 ita
3682 1347 3827 1404 illam

2354 1412 2595 1477 credere,
2627 1412 2726 1465 nisi
2757 1415 2939 1475 tendat
2968 1414 3019 1464 in
3051 1412 3370 1477 illam,nulli
3396 1416 3632 1482 prodest.

2351 1517 2683 1573 Credendum
2708 1521 2868 1590 igitur
2887 1529 2968 1575 est
2996 1522 3192 1591 pariter
3213 1523 3265 1575 in
3284 1521 3517 1587 Patrem,
3537 1532 3592 1577 et
3615 1524 3829 1594 Filium,

2281 1615 2543 1662 eteorum
2570 1608 2845 1676 Spiritum,
2876 1612 3015 1685 etfrin
3045 1610 3306 1680 singulos,
3334 1620 3389 1664 et
3416 1613 3575 1665 simul
3608 1616 3660 1666 in
3689 1622 3829 1679 tres;
3870 1614 3873 1615 ⁷

2284 1698 2408 1765 quia
2437 1706 2492 1751 et
2519 1698 2760 1765 singulos
2798 1699 2975 1763 Pater,
3008 1710 3061 1753 et
3106 1700 3342 1768 singulos
3385 1699 3570 1767 Filius,
3620 1710 3676 1763 et
3719 1703 3831 1756 sin-

2214 1763 2258 1823 Β
2287 1788 2447 1855 gulus
2468 1801 2654 1843 eorum
2682 1786 2914 1855 Spiritus
2944 1797 3025 1841 est
3052 1803 3256 1841 summa
3288 1789 3517 1842 essentia
3546 1806 3560 1842 :
3590 1787 3830 1844 et'simul

2284 1873 2461 1937 Pater.
2488 1883 2544 1929 et
2570 1876 2755 1941 Filius,
2786 1890 2905 1929 cum
2929 1891 3024 1929 suo
3048 1876 3246 1944 Spiritu
3269 1883 3391 1929 sunt
3412 1890 3515 1929 una
3538 1875 3829 1944 eademque

2283 1975 2491 2023 summa
2523 1965 2773 2039 essentia,
2820 1964 2873 2017 in
2903 1979 3061 2041 quam
3088 1963 3251 2017 solam
3278 1963 3451 2017 omnis
3484 1963 3643 2018 homo
3676 1964 3826 2018 debet

2284 2053 2535 2114 credens;
2567 2051 2691 2120 quia
2718 2060 2798 2105 est
2822 2052 2967 2106 solus
2993 2051 3134 2115 fluis,
3162 2066 3318 2120 quem
3352 2050 3403 2103 in
3424 2051 3569 2104 omni
3592 2052 3827 2120 cogitatu

2270 2142 2512 2207 .acluque
2556 2139 2670 2194 solo
2713 2156 2809 2209 per
2850 2154 3084 2193 amorem
3126 2136 3283 2193 debet
3334 2141 3626 2195 intendere.
3678 2140 3828 2194 Unde

2284 2228 2623 2283 manifestum
2668 2238 2750 2283 est
2779 2230 2903 2297 quia
2953 2229 3189 2307 sicutin
3233 2227 3375 2282 illam
3427 2230 3674 2293 tendere,
3724 2229 3826 2283 nisi

2284 2316 2467 2367 credat
2496 2315 2660 2385 illam,
2696 2316 2872 2370 nullus
2903 2326 3100 2385 potest;
3144 2320 3218 2373 ita
3267 2320 3408 2373 illam
3434 2317 3684 2382 credere,
3722 2315 3828 2401 nisi

2285 2404 2467 2459 tendat
2491 2405 2545 2459 in
2570 2405 2735 2469 illam,
2771 2405 2896 2459 nulli
2922 2408 3152 2487 prodest.

2559 2511 2781 2566 CAPUT
2814 2512 3044 2567 LXXVI!
3084 2513 3177 2585 [αι.
3210 2514 3419 2586 LXXV]
3450 2516 3541 2568 ⁷⁸⁸.

2530 2598 2659 2664 Qui:
2711 2600 2776 2653 sit
2826 2602 2965 2665 viva,
3022 2613 3387 2669 qum-mortua
3438 2602 3586 2669 ﬁdes.

2285 2705 2617 2778 Cossaeorus
2656 2723 2879 2763 CAPITIS.
2908 2739 2978 2749 —
3024 2710 3161 2778 Ergo
3205 2709 3334 2764 fides
3383 2711 3498 2765 sine
3542 2710 3833 2766 dilectione

2357 2774 2682 2846 inutilisest,
2715 2786 2763 2828 et
2792 2779 2940 2843 quasi
2968 2774 3231 2830 mortuum
3263 2779 3479 2846 aliquid.
3514 2777 3671 2832 Fides
3698 2792 3825 2834 vero

2356 2857 2476 2913 cum
2504 2842 2786 2913 dilectione
2810 2842 2913 2897 non
2933 2856 3010 2898 est
3036 2848 3203 2913 otiosa
3222 2864 3235 2897 :
3254 2842 3373 2899 nam
3394 2846 3530 2913 quod
3560 2858 3825 2899 summam

2351 2908 2610 2979 justitiam
2641 2911 2841 2977 diligit,
2874 2913 3016 2979 nihil
3058 2912 3258 2979 justum
3290 2908 3650 2978 contemnere,
3691 2913 3825 2966 nihil

2354 2977 2493 3048 valet
2540 2977 2786 3043 injustunt
2826 2977 3127 3035 admittere.
3188 2980 3324 3048 Ergo
3352 2989 3405 3035 et
3427 2995 3649 3047 operosa
3690 2981 3826 3035 ﬁdes

2358 3046 2509 3125 vivit,
2540 3049 2661 3129 quia
2702 3048 3056 3129 habetvitam
3083 3046 3380 3129 dilectionis
3421 3046 3537 3128 sine
3580 3064 3682 3129 qua
3718 3063 3824 3102 non

2356 3120 2702 3192 operaretur;
2752 3123 2806 3191 et
2831 3116 2996 3167 otiosa
3028 3119 3157 3171 lides
3199 3131 3303 3168 non
3331 3117 3488 3192 vivit,
3520 3116 3828 3192 qttia.c_ttt‘et

2357 3181 2464 3233 vita
2517 3181 2831 3250 dilectionis.
2885 3198 3002 3235 cum
3057 3198 3157 3250 qua
3213 3200 3315 3237 non
3369 3181 3645 3241 otiaretur.
3704 3182 3843 3237 Ideo

2356 3258 2531 3302 autem
2565 3249 2694 3303 fides
2717 3258 2919 3311 mortua
2951 3249 3145 3304 dicitur
3172 3253 3293 3319 quia
3320 3266 3422 3304 non
3456 3251 3614 3304 liabet
3639 3251 3827 3313 vitam,

2356 3332 2512 3384 quam
2541 3330 2749 3384 semper
2779 3319 2973 3371 habere
3018 3319 3189 3372 debet.
3235 3319 3399 3385 Porro
3430 3320 3547 3371 viva
3590 3320 3719 3372 fides
3762 3333 3824 3371 ea

2354 3385 2549 3464 dicitur
2600 3399 2718 3450 qua:
2752 3387 2924 3464 credit
2965 3386 3023 3449 itt
3068 3387 3139 3449 id,
3186 3387 3236 3439 in
3271 3388 3411 3464 quod
3453 3388 3601 3464 credi
3624 3386 3821 3464 _debeu_

2352 3459 2557 3503 mortua
2596 3467 2720 3505 vero
2750 3452 2899 3516 fides,
2925 3466 2987 3506 ea
3016 3468 3135 3522 quae
3161 3452 3329 3507 credit
3357 3462 3556 3507 tantum
3589 3454 3658 3515 id,
3686 3454 3841 3521 quod-

2352 3519 2492 3571 credi
2514 3519 2668 3571 debet

2298 3570 2303 3573 _
2352 3530 2492 3572 Cl'Ctll
2514 3530 2668 3573 αρυθι

2353 3606 2684 3675 Quapropter
2742 3618 3149 3681 quantacunque
3204 3612 3524 3667 certitudine
3574 3612 3827 3666 credatur

2287 3700 2434 3745 tanta
2466 3692 2579 3757 resf,
2612 3694 2813 3748 inutilis
2836 3698 2937 3748 erit
2968 3697 3121 3761 fides,
3147 3707 3200 3750 et
3231 3699 3383 3765 quasi
3417 3706 3681 3757 mortuum
3730 3696 3829 3749 ali-

2283 3780 2440 3849 quid,
2473 3783 2583 3838 nisi.
2605 3785 2889 3847 dilectione
2914 3785 3085 3838 valeat
3113 3794 3168 3839 et
3206 3788 3368 3851 vivat.
3406 3786 3613 3839 Etenim
3656 3787 3827 3841 nulla-

2286 3877 2443 3922 tenus
2471 3869 2625 3924 fidem
2640 3871 2807 3937 illam,
2836 3886 2992 3939 quam
3027 3884 3334 3941 competens
3378 3874 3661 3926 comitatur
3690 3872 3816 3927 dile-

2284 3958 2410 4021 ctio,
2435 3958 2477 4011 si
2501 3973 2559 4012 se
2584 3961 2948 4027 opportunitas
2970 3960 3159 4015 offerat
3182 3962 3253 3993 ⁷⁸³
3278 3961 3559 4029 operandi,
3589 3961 3821 4015 otiosam

2283 4059 2427 4110 esse,
2479 4049 2572 4101 sed
2620 4050 2787 4114 magis
2835 4064 2892 4102 se
2920 4051 3149 4116 quadam
3194 4050 3263 4081 7“
3310 4064 3529 4118 operum
3573 4061 3829 4102 exercere

2282 4134 2612 4204 frequentia,
2644 4138 2779 4204 quod
2810 4139 2924 4191 sine
2961 4139 3240 4192 dilectione
3281 4138 3456 4193 facere
3477 4152 3588 4192 non.
3618 4145 3822 4205 posset,

2283 4226 2353 4257 ⁷⁸⁸
2376 4227 2458 4280 vel
2483 4228 2581 4280 hoc
2602 4228 2714 4280 solo
2741 4229 2950 4294 probari
2982 4238 3184 4294 potest;
3213 4229 3336 4295 quia
3373 4223 3511 4296 quod
3563 4240 3827 4281 summam

2278 4312 2541 4379 justitiam
2566 4315 2755 4383 diligit,
2784 4316 2909 4367 niliil
2931 4315 3130 4380 justum
3153 4314 3660 4379 contemnere,nihil
3687 4312 3828 4367 valet

634 4400 806 4453 dendo
833 4401 899 4453 ad
926 4402 1065 4455 illam
1094 4403 1415 4468 pervenerit,
1450 4417 1552 4453 non
1580 4410 1730 4453 extra
1762 4400 1905 4454 illam
1937 4386 2178 4454 remane-
2199 4386 2257 4443 ’θ
2285 4401 2537 4470 injustam
2582 4404 2881 4456 admittere.
2926 4405 3087 4469 Ergo,
3133 4405 3380 4471 quoniam
3433 4404 3575 4472 quod
3626 4401 3839 4470 aliquid

634 4488 731 4548 bit,
764 4492 854 4542 sed
888 4493 1024 4542 intra
1076 4493 1218 4544 illant
1262 4493 1612 4556 permanebit.
1673 4491 1823 4555 Quod
1873 4492 2179 4560 expressius

631 4590 690 4635 et
734 4568 1049 4637 familiarius
1099 4582 1448 4651 significatur,
1502 4584 1547 4636 si
1608 4584 1806 4637 dicitur
1862 4584 2177 4637 tendendum

2284 4498 2557 4555 operatur,
2600 4491 2771 4543 inesse
2814 4492 2915 4545 sibi
2964 4492 3157 4556 vitam,
3187 4492 3303 4545 sine
3342 4505 3445 4558 qua
3476 4490 3684 4558 operari
3719 4503 3845 4541 non

2284 4575 2523 4642 valeret,
2583 4580 2813 4648 ostendit
2856 4596 2869 4631 :
2914 4594 3018 4632 non
3064 4580 3291 4635 absurde
3338 4579 3534 4633 dicitur
3584 4588 3639 4632 et
3696 4591 3825 4645 ope-

1922 4710 2146 4765 VARIJE
2183 4709 2574 4766 LECTIONES.

700 4820 769 4851 "°
792 4820 942 4885 Quod
972 4831 1075 4874 tam
1109 4837 1137 4873 a
1167 4839 1269 4874 mss
1328 4825 1465 4889 quod
1502 4831 1675 4875 tamen
1701 4838 1729 4875 a
1804 4824 1869 4853 7“
1908 4822 1983 4875 Ex
2004 4824 2141 4876 bono
2166 4824 2232 4877 ad
2267 4841 2389 4878 mss.
2423 4839 2493 4879 eo
2517 4824 2653 4878 bono
2679 4822 2765 4877 ad.

2068 4892 2140 4922 '“
2165 4889 2542 4947 Adnlttendum
2587 4908 2708 4944 mss.
2741 4890 3008 4944 adnitendi

634 4971 758 5007 ιιιει.
785 4957 867 5006 hic
895 4958 1264 5027 incipit__caput
1290 4963 1354 5011 76
1375 4960 1465 5010 sub
1490 4960 1584 5027 Itoe
1628 4960 1775 5011 titulo
1801 4974 1819 5011 :
1838 4958 1988 5024 Quod
2041 4959 2361 5015 credendum
2386 4961 2477 5027 sit,
2506 4969 2600 5027 ste.
2648 4967 2702 5011 ut
2726 4960 2779 5027 in
2818 4958 2965 5027 titulo
2996 4957 3270 5027 capitisr73
3291 4958 3341 5009 in
3375 4957 3542 5027 editis.

632 4891 988 4941 certissimum
1017 4899 1099 4944 est
1204 4891 1415 4957 '“Cup.
1440 4892 1505 4943 75
1532 4901 1605 4943 est
1655 4893 1707 4943 in
1736 4907 1859 4944 ayss.
1898 4891 1965 4944 '75

2866 4822 2933 4853 7“
2964 4822 3274 4875 Certissime
3298 4830 3381 4875 est
3405 4837 3527 4873 mss.
3562 4820 3726 4872 Tltua.
3758 4820 3829 4872 50

3115 4889 3183 4921 ⁷⁵⁸
3203 4893 3399 4943 Amare
3425 4898 3622 4952 autem,
3649 4896 3745 4939 etc.
3768 4875 3839 4944 in.

3115 4959 3176 5007 tis
3203 4957 3270 5007 73
3291 4958 3341 5007 in
3375 4957 3542 5007 editis.
3642 4954 3711 4985 ’⁷⁸⁸
3761 4954 3829 5007 ΕΙ.

638 5037 855 5094 sperare
880 5021 1007 5075 mss.
1065 5021 1255 5078 Victor.
1291 5027 1506 5094 Sagiens
1546 5021 1878 5079 Cisterciens.
1924 5034 2011 5079 aut
2036 5042 2252 5094 sperare
2323 5025 2481 5081 "'Ut
2514 5026 2598 5083 illa
2626 5026 2889 5094 credendo
2913 5040 3035 5077 mss.
3059 5021 3126 5078 ἰιι
3146 5025 3285 5078 illam
3308 5024 3573 5094 credendo
3642 5021 3839 5094 ’ξ’-,δια

640 5092 792 5159 gnari
826 5105 980 5161 posse
1006 5108 1127 5144 mss.
1170 5091 1453 5161 signiﬁcari
1499 5108 1651 5159 posse
1746 5096 1813 5125 7"
1840 5095 1952 5148 Non
1992 5091 2197 5148 videtur
2220 5095 2439 5151 credere
2466 5111 2563 5149 ms.
2610 5093 2811 5147 Tituan.
2843 5094 2911 5145 30
2952 5109 3057 5161 non
3088 5094 3332 5161 videntur
3355 5091 3575 5145 credere

1746 5163 1812 5193 7"
1851 5163 1978 5230 Cap.
2031 5163 2095 5215 74
2164 5171 2239 5215 est
2261 5164 2312 5215 in
2335 5178 2460 5217 mss.
2498 5172 2646 5230 caput
2676 5162 2738 5215 77

640 5226 708 5256 ⁷⁸⁸
738 5226 936 5300 Oderat
983 5242 1125 5300 mss._
1163 5226 1294 5280 Tltu.
1331 5226 1575 5282 conferat
1671 5230 1741 5261 ⁷⁸⁸
1772 5226 1937 5300 Magis
1985 5244 2104 5285 esse
2142 5231 2372 5298 quadam
2404 5246 2531 5286 mss.
2560 5226 2701 5284 'Tltu.
2732 5228 2876 5283 Gem.
2908 5226 3095 5297 magna
3119 5243 3175 5282 se
3196 5228 3421 5295 quadam

639 5173 767 5229 ius
793 5160 1129 5229 continuatur
1158 5160 1306 5229 eaput
1328 5164 1637 5229 prtvcedens.

634 5307 739 5348 non
760 5295 929 5363 possit
952 5310 1073 5348 mss.
1100 5295 1275 5350 facere
1304 5312 1406 5349 non
1436 5309 1611 5352 nosset

3677 5089 3748 5121 ⁸1⁸0
3771 5092 3788 5121 ὅ

2843 5106 2911 5145 ou
2955 5109 3057 5146 non
3088 5106 3332 5146 vutentur
3355 5106 3575 5145 creuere
3682 5106 3748 5121 ι’*
3770 5106 3828 5141 tu

2838 5162 2908 5193 ἠ’
2934 5160 3059 5227 Cap.
3092 5161 3158 5215 75
3195 5169 3265 5213 est
3312 5159 3365 5210 in
3388 5174 3510 5211 mss.
3555 5169 3704 5226 caput
3758 5157 3843 5210 78.

2838 5248 2876 5281 t.
2908 5244 3095 5281 magna
3119 5243 3175 5281 se
3196 5228 3421 5281 uuadam
3525 5227 3595 5259 ⁷⁵⁵
3624 5226 3828 5281 Facere

3668 5242 3697 5280 ει

2123 5407 2342 5465 NOTAE.

706 5540 813 5607 ('77)
855 5540 995 5592 Alius
1023 5549 1099 5593 est
1128 5554 1250 5605 pars
1277 5556 1390 5601 cap.
1425 5541 1512 5591 7'2.

2351 5537 2460 5603 (78l
2499 5536 2643 5590 Alias
2671 5536 2757 5590 hic
2781 5534 2965 5601 incipit
2996 5548 3111 5605 cap.
3140 5536 3223 5588 73.
