4226 6246
410 426 413 429 λ
443 356 551 412 ait»

400 4966 409 4967 ί
489 4951 632 5019 quod
674 4950 829 5001 debet
858 4947 1051 5000 habere

1798 356 2194 416 MONOLOGIU
2209 363 2274 417 .\I.

3540 372 3650 428 222

445 473 647 524 rosam
674 471 801 526 ﬁdes
827 469 1021 532 vivere,
1040 468 1164 538 quia
1193 468 1355 522 habet
1379 469 1540 521 vitam
1564 468 1863 523 dilectionis
1884 469 2001 522 sine
2028 471 2075 525 Α
2102 470 2173 522 ita
2218 486 2315 523 nec
2347 473 2524 539 plures
2571 488 2829 540 personae.
2870 472 2929 529 Si
2970 475 3093 543 quis
3123 474 3311 542 itaque
3353 476 3475 529 inde
3522 481 3651 531 velit

445 579 544 630 qua
562 578 665 615 non
678 570 1011 630 operaretur;
1026 570 1077 615 et
1099 560 1269 612 otiosa
1285 559 1482 611 lides’“
1504 575 1605 611 non
1624 558 1895 620 viverem,
1911 558 2001 625 qui

446 660 593 705 Caret
614 650 719 703 vita
751 648 1073 711 dilectionis,
1099 661 1219 698 cum
1247 660 1349 712 qua
1375 661 1478 699 non
1506 647 1781 699 otiaretur.
1806 644 2000 710 Quare,

447 742 492 796 si
531 755 703 793 exuens
734 738 952 801 dicitur,
1002 749 1107 788 non
1144 741 1349 786 tantum
1392 735 1481 802 qui
1534 735 1763 802 perdidit
1792 734 2000 796 visum;

449 832 540 883 813d
567 828 657 896 qui
685 842 808 879 cum
839 824 994 877 debet
1035 822 1235 876 habere
1263 822 1359 885 7",
1389 837 1493 875 non
1528 823 1686 876 habet
1724 841 1737 875 :
1774 836 1871 874 cur
1898 836 2005 874 non

447 917 693 979 similiter
716 923 892 983 potest
916 915 1020 969 dici
1043 915 1170 983 ﬁdes
1195 917 1303 969 sine
1327 916 1617 981 dilectione,
1642 926 1877 977 mortua;
1900 928 2019 966 non

447 1006 570 1069 quia
604 1003 764 1056 vitam
792 1017 965 1069 suam,
998 1003 1050 1058 id
1079 1012 1181 1066 est,
1205 1004 1543 1081 dilectionem
1568 1005 1883 1071 perdiderit;
1914 1003 2006 1057 sed

450 1092 576 1161 quia
605 1105 711 1144 non
752 1090 912 1144 habet
933 1105 1093 1160 quam
1122 1105 1332 1159 semper
1356 1088 1554 1146 habere
1589 1093 1776 1146 debet?
1813 1085 2007 1157 Quem-

451 1178 734 1231 admodum
796 1179 957 1248 igitur
1004 1178 1091 1231 illa
1146 1179 1314 1241 ﬁdes,
1372 1194 1488 1247 qtue
1546 1195 1639 1246 per
1687 1178 2007 1230 dilectionem

454 1277 719 1338 operatur,
750 1268 872 1321 viva
903 1284 1023 1322 esse
1067 1269 1433 1339 cognoscitur;
1482 1268 1553 1321 ita
1607 1267 1716 1329 illa,
1760 1282 1879 1335 quae
1916 1281 2010 1333 per

456 1355 825 1424 contemptum
853 1356 1075 1421 otiatur,
1100 1366 1309 1411 mortua
1338 1372 1459 1410 esse
1482 1356 1837 1409 convincitur.
1869 1354 2011 1408 Satis

457 1442 638 1509 itaque
663 1432 1046 1495 convenienter
1066 1440 1168 1494 dici
1198 1450 1372 1509 potest
1398 1441 1514 1493 viva
1539 1440 1673 1494 ﬁdes
1700 1439 1921 1493 credere
1956 1439 2009 1489 in

457 1533 533 1596 id,
562 1533 613 1584 in
653 1531 795 1599 quod
825 1530 973 1587 credi
1004 1532 1073 1565 "°
1100 1532 1285 1596 debet;
1318 1540 1528 1584 mortua
1559 1545 1686 1583 vero
1729 1529 1860 1585 ﬁdes
1898 1541 2013 1581 cre-

458 1620 584 1674 dere
613 1627 818 1672 tantum
843 1619 917 1684 id,
943 1620 1084 1686 quod
1102 1619 1246 1673 credi
1274 1621 1448 1672 debet.
1818 1608 1829 1615 i

724 1706 947 1761 CAPUT
977 1707 1231 1762 LXXVIII
1258 1707 1353 1778 [aL
1384 1707 1614 1778 LXXVI]
1644 1709 1734 1762 πί.

2105 563 2261 615 alieni
2293 563 2432 630 loqui
2463 564 2590 630 quid
2615 574 2742 625 tres,
2776 564 2916 618 dicet
2952 579 3069 619 esse
3094 564 3329 628 Patrem,
3358 574 3413 617 et
3441 563 3656 629 Filium,

2104 661 2158 705 ct
2194 652 2475 720 utriusque
2504 651 2908 719 Spiritum,nisi
2939 652 3076 706 forte
3106 652 3397 721 indigentia
3424 653 3657 707 nominis

2105 742 2323 809 pr0prie
2374 741 2740 795 convenientis
2785 750 3002 794 coactus
3053 743 3294 811 elegerit,
3340 743 3554 811 aliquod
3595 757 3664 796 ex

2108 829 2209 882 illis
2230 830 2299 860 ⁷⁸⁸
2323 831 2647 893 nominibus,
2669 845 2787 898 qua:
2809 830 3081 897 pluraliter
3109 833 3160 883 in
3191 848 3394 885 summa
3427 833 3663 887 essentia

2108 916 2211 970 dici
2256 933 2360 970 non
2409 927 2631 986 possunt
2669 918 2739 948 ⁷⁸⁸
2784 918 2849 971 ad
2884 918 3287 986 signiﬁcandum
3315 921 3387 951 ⁷⁸⁸
3434 920 3485 974 id
3523 918 3667 987 quod

2108 1020 2342 1073 congruo
2395 1008 2605 1060 nomine
2637 1008 2740 1061 dici
2768 1014 2873 1059 non
2902 1014 3077 1077 potest
3123 1025 3136 1059 :
3185 1016 3243 1059 ut
3272 1008 3317 1061 si
3343 1008 3484 1063 dicat
3518 1007 3663 1061 illam

2108 1094 2478 1148 admirabilem
2523 1096 2837 1148 Trinitatem
2882 1108 3001 1148 esse
3047 1109 3207 1163 unam
3236 1097 3551 1157 essentiam,
3584 1096 3668 1149 vel

2110 1194 2389 1247 naturam;
2415 1192 2471 1236 et
2512 1192 2619 1236 tres
2661 1197 2938 1250 personas,
2972 1183 3088 1236 sive
3133 1183 3477 1236 substantias.
3532 1182 3665 1234 Nam

2110 1272 2225 1325 haec
2251 1274 2354 1325 duo
2385 1272 2599 1326 nomina
2647 1272 2822 1339 aptius
2854 1271 3123 1339 eliguntur
3154 1272 3221 1325 ad
3258 1269 3669 1340 signiﬁcandam

2111 1360 2179 1393 ⁷⁸⁷
2206 1359 2560 1427 pluraljlalem
2584 1361 2635 1413 in
2663 1374 2870 1413 summa
2896 1359 3147 1421 essentia,
3170 1359 3293 1427 quia
3317 1371 3539 1426 persona
3562 1371 3669 1409 non

2115 1448 2341 1514 dicitur,
2374 1450 2473 1503 nisi
2511 1452 2576 1503 de
2626 1447 2894 1503 individua
2924 1448 3166 1502 rationali
3200 1457 3419 1512 natura;
3462 1457 3518 1502 et
3544 1447 3670 1500 sub-

2116 1537 2314 1589 stantia
2370 1537 2989 1606 principaliterdicitur
3052 1538 3116 1589 de
3172 1536 3497 1599 individuis,
3550 1548 3670 1603 qum

2119 1627 2356 1683 maxime
2395 1628 2478 1681 .in
2537 1627 2841 1694 pluralitate
2894 1626 3188 1680 subsistunt
3249 1626 3338 1678 ⁷⁸⁸.
3394 1624 3669 1678 lndividua

2120 1714 2351 1781 namque
2388 1715 2617 1767 maxime
2660 1714 2936 1778 substant,
2968 1717 3020 1769 id
3057 1723 3170 1779 est,
3207 1714 3484 1783 suhjacent
3529 1714 3671 1767 acci-

461 1794 621 1857 Quod
647 1807 748 1849 tres
782 1815 984 1851 summa
1011 1797 1233 1852 essentia
1271 1800 1649 1869 quodammodo
1686 1784 1790 1851 dici
1824 1799 2006 1866 possit.
2042 1779 2087 1837 Β
2116 1779 2405 1855 dentibus:
2436 1811 2491 1855 et
2519 1801 2641 1855 ideo
2672 1802 2839 1869 magis
2877 1803 3089 1868 proprie
3124 1779 3317 1856 nomen
3358 1801 3668 1855 substantim

458 1882 798 1953 Cassandrus
847 1902 1073 1942 CAPITIS.
1122 1918 1192 1928 —
1240 1888 1395 1943 Omni
1441 1888 1643 1942 homini
1691 1886 1903 1953 expedit
1955 1893 2015 1937 ut

532 1956 715 2008 credat
753 1957 803 2008 in
836 1958 1033 2009 trinam
1064 1958 1347 2017 unitatem,
1378 1965 1430 2010 et
1461 1971 1621 2007 unam
1661 1955 2010 2015 Trinitatem;

530 2038 690 2075 unam
744 2036 960 2091 propter
1005 2028 1322 2088 essentiam;
1364 2024 1591 2085 trinam,
1638 2033 1854 2091 propter
1909 2029 2016 2073 tres

533 2092 711 2145 nescio
748 2090 900 2161 quid.
934 2094 1045 2146 Dici
1083 2094 1224 2146 enim
1258 2107 1361 2161 non
1398 2100 1573 2161 potest
1600 2091 1727 2161 quid
1769 2090 1875 2142 sint
1907 2098 2016 2140 tres

530 2158 792 2226 personui,
818 2176 923 2227 quo
952 2163 1079 2227 ipsa:
1105 2161 1284 2227 plures
1311 2158 1461 2212 ﬂant.
1490 2158 1598 2211 Nec
1623 2159 1775 2227 enim
1796 2168 1916 2210 sunt
1942 2163 2018 2227 tot

533 2223 873 2290 substantiae,
902 2223 1033 2297 quot
1060 2223 1336 2294 personze,
1378 2227 1517 2281 utin
1558 2223 2015 2297 hontinibus,_qui

530 2304 660 2360 quot
679 2288 938 2364 personae;
973 2288 1361 2350 tot-individua;
1388 2304 1512 2350 sunt
1539 2288 2035 2364 substantire._lta-’

535 2378 640 2430 que
681 2360 738 2419 in
781 2380 987 2418 sutnma
1043 2365 1274 2419 essentia
1314 2364 1452 2419 sicut
1506 2378 1609 2417 non
1665 2360 2018 2430 suntAplures

536 2428 881 2501 substantiae,
935 2433 1006 2484 ita
1053 2448 1151 2487 nec
1196 2433 1375 2501 plures
1418 2445 1675 2501 personae.
1726 2428 1847 2501 Sola
1887 2442 2015 2494 ergo

538 2499 824 2579 indigentia
850 2502 1098 2579 nominis,
1127 2497 1231 2568 quo
1261 2497 1539 2567 pluralitas
1568 2500 1618 2551 in
1648 2497 1881 2575 essentia
1912 2508 2016 2579 una

538 2563 899 2633 signiﬁcetur,
938 2563 1279 2622 dicituresse
1317 2578 1434 2624 tres.
1460 2580 1717 2632 personas
1748 2563 1860 2618 sive
1880 2563 2020 2633 sub-

539 2630 767 2689 stantias
798 2637 850 2688 in
879 2651 985 2688 una
1013 2637 1229 2701 summa:
1254 2630 1481 2688 essentia
1521 2648 1614 2687 seu
1643 2642 1855 2686 natura.
1879 2630 2020 2701 Indi-

537 2705 695 2757 vidua
727 2705 954 2757 maxime
981 2699 1229 2759 substant
1250 2703 1615 2763 accidentibus
1645 2719 1657 2753 :
1690 2702 1826 2754 unde
1849 2699 2019 2766 magis

539 2773 754 2839 proprie
808 2787 1000 2825 nomen
1051 2772 1362 2825 substantia:
1416 2772 1775 2839 suscipiunt;
1836 2778 1900 2839 et
1947 2767 2015 2819 ita

506 2852 507 2857 ‘
538 2837 745 2893 summa
775 2840 1034 2900 essentia,
1064 2855 1183 2907 qua:
1212 2840 1368 2891 nullis
1401 2837 1582 2891 subest
1623 2837 2007 2907 accidentibus,

542 2924 644 2960 non
677 2918 855 2974 potest
878 2904 1097 2976 proprie
1119 2908 1221 2976 dici
1247 2907 1560 2976 substantia.
1590 2906 1690 2976 nisi
1719 2904 2015 2976 substantia

543 2972 774 3042 ponatur
800 2972 897 3044 pro
941 2972 1195 3039 essentia.
1246 2976 1355 3027 Hac
1386 2975 1588 3028 ratione
1627 2972 2017 3044 _ir_reprehensi-

540 3045 720 3097 biliter
750 3042 835 3097 illa
870 3044 1075 3097 summa
1099 3052 1152 3096 et
1180 3058 1281 3095 una
1322 3044 1558 3096 Trinitas
1587 3042 1690 3095 dici
1717 3049 1891 3109 potest
1914 3054 2018 3091 una

542 3115 797 3175 essentia,
823 3123 877 3166 et
906 3121 1015 3166 tres
1048 3126 1311 3180 personae,
1341 3113 1453 3163 sive
1490 3119 1597 3163 tres
1624 3110 1954 3163 substantiae.

390 3242 393 3243 ν
477 3255 487 3263 ,
543 3199 684 3255 Ecce
729 3210 875 3269 patet
914 3177 1064 3254 omni
1103 3198 1307 3253 homini
1353 3198 1605 3268 expedire
1643 3206 1701 3249 ut
1740 3196 1926 3250 credat
1975 3195 2028 3247 in
2083 3177 2097 3186 ⁵

476 3292 759 3359 quamdam
807 3290 1125 3344 incli'abilem
1180 3288 1708 3346 trinam'unitatem,
1769 3295 1823 3339 et
1872 3299 2030 3337 unam

477 3377 795 3431 Trinitatem
835 3394 849 3429 :
899 3392 1058 3429 unam
1106 3376 1320 3444 quidem
1370 3381 1423 3428 et
1472 3373 1764 3434 unitatem,
1815 3380 2032 3438 propter

477 3482 639 3519 unam
669 3465 987 3528 essentiam;
1020 3465 1214 3517 trinam
1240 3477 1366 3517 vero
1387 3470 1441 3517 et
1474 3460 1791 3522 trinitatem,
1814 3466 2031 3527 propter

478 3556 837 3620 tres,.nescio
877 3554 1023 3623 quid.
1055 3554 1205 3607 Licet
1229 3554 1369 3606 enim
1399 3551 1597 3620 possim
1642 3550 1819 3602 dicere
1854 3545 2033 3625 Trini-

480 3654 678 3708 tatem,
730 3650 949 3713 prOpte'r
993 3643 1238 3708 Patrem,
1292 3652 1347 3697 et
1396 3641 1615 3715 Filium,
1662 3647 1716 3692 et
1759 3638 2034 3703 utriusque

480 3734 772 3800 Spiritum,
824 3724 923 3802 qui
956 3738 1081 3787 sunt
1130 3742 1269 3796 tres;
1325 3745 1427 3785 non
1483 3738 1657 3781 tamen
1704 3740 1919 3793 possum
1966 3724 2033 3753 ⁷⁸⁸

476 3820 721 3890 proferre
770 3835 876 3874 uno
912 3822 1147 3885 nomine,
1198 3827 1416 3889 prepter
1458 3815 1584 3885 quid
1634 3824 1772 3877 tres;
1807 3812 1952 3866 velut
1990 3811 2033 3865 si

480 3911 713 3966 dicerem
760 3920 1135 3980 propter.tres
1180 3922 1465 3978 personas;
1520 3906 1659 3959 sicut
1706 3904 1938 3957 dicerem
1967 3900 2036 3930 ⁷⁸³

482 3999 775 4061 unitatem,
826 4006 1045 4068 propter
1091 4012 1252 4051 unam
1301 3994 1669 4048 substantiam.
1730 3989 1844 4042 Non
1895 3988 2035 4041 enim

479 4087 729 4155 putanda:
754 4096 877 4141 sunt
910 4096 1016 4141 tres
1047 4100 1315 4153 personae;
1347 4083 1469 4151 quia
1501 4095 1688 4134 omnes
1708 4078 1894 4147 plures
1925 4091 2039 4145 per-

482 4192 629 4232 sona:
669 4178 747 4231 sic
788 4178 1086 4230 subsistunt
1132 4174 1420 4241 separatim
1465 4172 1531 4224 ab
1575 4169 1832 4232 invicem,
1862 4176 1921 4220 ut
1964 4175 2039 4220 tot

483 4281 700 4320 necesse
742 4267 811 4319 sit
840 4280 957 4319 esse
1004 4264 1328 4319 substantias
1358 4302 1372 4326 ,
1424 4267 1554 4328 quot
1599 4268 1722 4311 sunt
1749 4272 1990 4325 persome
2020 4273 2033 4308 :

485 4356 626 4423 quod
664 4356 716 4408 in
746 4356 989 4423 pluribus
1016 4354 1344 4415 hominibus,
1376 4352 1465 4419 qui
1493 4359 1623 4417 quot
1650 4336 1911 4417 personae,
1962 4354 2040 4397 tot

2106 1893 2432 1960 Suscipiunt.
2462 1891 2611 1946 Unde
2627 1891 2737 1959 jam
2762 1905 2918 1958 supra
2942 1890 3282 1943 manifestum
3303 1899 3383 1944 est
3404 1904 3668 1945 summam

2116 1982 2424 2043 essentiam,
2455 1994 2574 2048 quae
2603 1979 2764 2032 nullis
2790 1979 3029 2047 subjacet
3050 1978 3433 2055 acpidentibus,
3458 1978 3673 2048 proprie

2116 2085 2221 2123 non
2258 2084 2412 2137 posse
2441 2070 2542 2122 dici
2568 2067 3085 2131 substantiam;-nisi
3124 2067 3416 2121 substantia
3443 2075 3671 2135 ponatur

2114 2173 2212 2227 pro
2235 2158 2487 2211 essentia.
2534 2156 2719 2209 Potest
2763 2170 2893 2225 ergo
2939 2156 3041 2210 hac
3086 2156 3415 2209 necessitatis
3465 2155 3672 2206 ratione

2115 2246 2659 2331 irreprehensibiliter
2704 2244 2793 2299 illa
2823 2260 3031 2299 summa
3057 2253 3113 2298 et
3148 2258 3256 2297 una
3279 2245 3534 2306 Trinitas,
3560 2244 3675 2296 sive

2119 2338 2254 2390 trina
2279 2338 2473 2400 unitas,
2511 2338 2612 2390 dici
2642 2352 2744 2390 uua
2776 2337 3028 2401 essentia,
3057 2343 3111 2389 et
3136 2344 3245 2391 tres
3272 2347 3533 2404 personae,
3564 2331 3677 2384 sive

2117 2434 2237 2487 tres
2257 2425 2587 2479 substantite.

2501 2553 2610 2620 23
2638 2553 2863 2607 CAPUT
2902 2551 3116 2605 LXXIX
3158 2548 3290 2620 (79);

2123 2661 2273 2726 Quod
2304 2662 2414 2730 ipsa
2456 2662 2520 2714 sit
2552 2661 2710 2726 Deus,
2748 2663 2835 2743 qui
2863 2662 3002 2743 solus
3032 2660 3267 2743 omnibus
3291 2659 3593 2713 dominatur
3628 2668 3677 2712 et

2771 2740 2913 2782 mnta
2942 2740 3085 2798 regit.

2118 2838 2456 2895 CONSPEC'I'US
2493 2853 2721 2893 CAPITIS.
2747 2869 2816 2879 —
2845 2838 2978 2892 Huic
3008 2838 3106 2892 soli
3144 2851 3367 2891 summae
3400 2837 3679 2900 essentiaz,

2189 2909 2598 2975 qua:_omnibus
2642 2908 2949 2975 dominatur
2982 2915 3037 2960 et
3057 2907 3246 2975 omnia.
3265 2906 3432 2975 regit,
3466 2905 3681 2975 proprie

2191 2964 2382 3031 nomen
2404 2975 2496 3028 Dei
2527 2977 2849 3044 assignatur.
2879 2974 2972 3029 Dei
2994 2975 3134 3028 enim
3159 2964 3371 3028 nomine
3397 2964 3502 3026 non
3530 2964 3684 3025 intel-e

2192 3044 2377 3110 ligitur
2406 3044 2504 3097 nisi
2533 3044 2829 3096 substantia
2877 3058 2995 3111 quae
3033 3052 3115 3095 est
3142 3058 3300 3109 supra
3341 3055 3550 3111 omnem
3572 3054 3679 3111 na-

2197 3107 2372 3165 turam
2401 3111 2467 3163 ab
2513 3112 2813 3164 hominibus
2840 3107 3137 3164 veneranda
3175 3107 3390 3177 propter
3441 3107 3670 3177 dignita-

2203 3190 2308 3233 tem
2331 3218 2346 3238 ,
2375 3188 2429 3230 et
2456 3179 2723 3231 exoranda
2751 3188 2966 3245 propter
2994 3173 3355 3233 imminentem
3390 3173 3682 3243 quamlibet

2204 3247 2595 3300 necessitatem.
2612 3245 2761 3298 Sicut
2786 3255 2960 3298 autem
2993 3260 3022 3295 a
3046 3258 3250 3299 summe
3276 3246 3685 3305 bono,summe-

2203 3329 2307 3382 que
2349 3313 2589 3381 sapiente
2627 3311 2831 3381 Spiritu
2878 3312 3019 3365 facta
3044 3312 3423 3382 ,sunt‘omnja;
3466 3311 3539 3362 ita
3572 3308 3685 3382 ipse

2203 3374 2451 3436 omnibus
2477 3374 2802 3441 dominatur,
2832 3390 2885 3433 et
2912 3381 3091 3433 omnia
3125 3380 3281 3446 regit.
3319 3378 3455 3446 Ergo
3482 3390 3590 3446 non
3620 3374 3686 3427 ab

2203 3450 2328 3514 alio,
2362 3464 2460 3502 nec
2483 3463 2614 3503 casu
2637 3459 2827 3502 cuncta
2872 3458 3145 3515 reguntur.
3192 3444 3241 3499 Is
3263 3444 3563 3515 ergo'solus
3601 3456 3689 3515 est

2203 3511 2358 3587 quem
2388 3518 2563 3587 omnis
2588 3517 2689 3569 alia
2732 3524 2917 3568 natura
2934 3511 3106 3567 'debet
3133 3511 3398 3587 diligendo
3420 3511 3684 3587 venerari,

2204 3580 2269 3639 de
2313 3600 2419 3652 quo
2461 3585 2573 3638 solo
2617 3598 2871 3652 prospera
2920 3592 3043 3652 sunt
3089 3580 3392 3652 speranda,_
3420 3580 3685 3652 ad__qnem

2204 3647 2374 3708 solum
2414 3654 2481 3706 ab
2526 3647 2765 3705 adversis
2810 3661 2891 3704 est
2934 3647 3263 3716 fugiendum,
3312 3648 3397 3700 cui
3433 3647 3531 3699 soli
3578 3660 3677 3712 pro

2212 3722 2400 3792 quavis
2429 3736 2487 3774 re
2516 3721 2954 3792 supplicandum.
2995 3717 3091 3771 Hie
3117 3731 3242 3792 ergo
3272 3716 3416 3769 solus
3446 3728 3571 3767 vere
3604 3718 3688 3792 est
3780 3748 3795 3763 -.

2206 3786 2261 3843 et
2287 3790 2487 3841 dicitur
2516 3786 2674 3851 Deus,
2707 3786 3043 3841 inell'abiliter
3073 3786 3242 3844 trinus
3274 3793 3328 3838 et
3358 3797 3512 3836 unus.

2208 3900 2431 3953 Videtur
2458 3914 2585 3969 ergo
2613 3899 2704 3965 7",
2740 3900 2847 3953 imo
2869 3901 3242 3954 incunctanter
3281 3890 3537 3949 asseritur
3562 3890 3689 3958 quia

2138 4002 2238 4042 nec
2267 3988 2399 4041 nihil
2430 3989 2497 4019 ⁷⁷⁰
2529 3996 2611 4041 est
2652 3987 2704 4041 id
2732 3988 2871 4055 quod
2900 3986 3095 4041 dicitur
3124 3985 3291 4046 Deus;
3338 3990 3392 4035 et
3439 3978 3565 4033 huic
3592 3976 3691 4031 soli

2137 4089 2359 4127 summae
2419 4074 2669 4129 essentia)
2713 4074 2926 4142 proprie
2969 4086 3162 4126 nomen
3220 4068 3313 4123 Dei
3366 4065 3691 4134 assignatur.

2137 4165 2340 4232 Quippe
2365 4165 2542 4219 omnis
2576 4166 2665 4233 qui
2696 4166 2860 4219 Deum
2905 4176 3024 4218 esse
3060 4163 3225 4225 dicit,
3250 4160 3361 4214 sive
3388 4171 3549 4211 unum
3582 4153 3695 4208 sive

2137 4255 2336 4324 plures,
2362 4271 2464 4308 non
2486 4255 2735 4322 intelligit
2761 4254 2864 4307 nisi
2885 4253 3117 4320 aliquam
3135 4248 3511 4309 substantiam,
3532 4256 3693 4311 quam

2141 4354 2321 4399 censet
2342 4361 2501 4414 supra
2524 4360 2733 4399 omnem
2764 4343 3030 4407 naturam,
3055 4356 3171 4409 quae
3199 4341 3338 4393 Deus
3366 4350 3469 4389 non
3496 4343 3599 4399 est,
3624 4332 3692 4385 ab

486 4444 772 4499 individua:
811 4456 935 4498 sunt
981 4444 1314 4505 substantize,
1366 4441 1728 4510 cognoscitur.
1776 4436 1953 4502 Quare
1987 4436 2037 4488 in
2069 4406 2116 4465 θ
2146 4434 2453 4487 hominibus
2490 4442 2542 4487 et
2564 4433 2920 4486 venerandam
2942 4470 2956 4494 ,
2981 4440 3196 4499 propter
3232 4426 3351 4494 ejus
3370 4425 3694 4478 eminentem

406 4568 413 4574 ι
484 4546 695 4587 summa
724 4535 957 4590 essentia
977 4576 990 4600 ,
1023 4535 1165 4587 sicut
1202 4548 1305 4586 non
1334 4540 1457 4585 sunt
1468 4529 1672 4613 rplut'cs
1698 4525 2038 4586 substantite;

2084 4515 2115 4565 ὀ
2149 4522 2487 4591 dignitatem,
2519 4532 2574 4576 et
2598 4520 2921 4577 exorandam
2946 4519 3047 4574 sibi
3079 4524 3294 4587 propter
3321 4508 3696 4582 quamlibetm

1761 4668 1982 4723 VARI/ﬁ
2014 4667 2415 4723 LECTIONES.
2462 4714 2463 4717 η

567 4815 633 4849 ’³⁵
655 4813 859 4884 Dicitur
880 4825 1105 4884 operosa
1167 4808 1525 4884 "aspicitur
1553 4815 1604 4857 et
1635 4816 1855 4884 operosa

489 5013 613 5071 {non
661 5031 873 5083 possum
928 5030 1051 5065 mss.
1083 5013 1211 5083 T/ut.
1272 5020 1434 5083 autut.
1490 5024 1699 5083 possunt

493 5086 565 5138 50
606 5075 805 5151 aliquot
830 5085 894 5136 de
932 5083 1032 5151 illis
1058 5098 1151 5133 ms.
1186 5082 1245 5135 S.
1283 5081 1440 5151 Mica.
1466 5079 1687 5151 aliquod
1722 5088 1784 5151 ex
1822 5075 1905 5127 iis.

492 5153 565 5184 ⁷⁵⁸
591 5153 669 5202 Ad
697 5148 1105 5219 designandum
1134 5165 1281 5219 Δμηθείς.
1340 5150 1404 5200 ad
1434 5148 1834 5219 signiﬁcandam

492 5220 791 5273 subsistunt
834 5216 957 5271 mss.
980 5216 1281 5285 pluralitate
1330 5225 1583 5285 constant

493 5347 615 5424 ιῖωτ
643 5347 935 5418 quamlibet
981 5347 1123 5407 mss.
1166 5351 1299 5405 Vict.
1329 5350 1451 5420 Sag.
1487 5360 1669 5404 contra
1689 5347 1991 5420 quamlibet

1954 4802 2021 4831 ’⁷⁸⁷
2050 4800 2231 4854 Otiosa
2263 4801 2390 4854 ﬁdes
2420 4820 2544 4855 mss.
2580 4813 2633 4857 et
2655 4792 2823 4856 otiosa
2854 4803 3015 4853 ﬁdere

491 4883 626 4937 Ἱιηι.
653 4882 719 4933 50
752 4896 852 4933 non
874 4871 933 4945 ili
962 4877 1103 4943 juste
1127 4894 1247 4928 mss.
1301 4874 1428 4927 Vict.
1488 4874 1612 4941 Sag.
1646 4871 1825 4924 Cister.
1857 4884 1959 4921 non
1990 4871 2106 4922 vive

491 4951 631 4992 nnnd
674 4950 829 4992 datm
858 4947 1051 4992 habere
1156 4947 1224 4976 τεο
1272 4946 1324 4992 In
1354 4960 1457 4992 nun
1498 4944 1639 4992 CI'CtII
1679 4956 1800 4992 mss.
1840 4939 1890 4989 in
1925 4938 2061 4992 (mod
2086 4952 2106 4990 ε

2001 4871 2168 4922 vivere
2273 4871 2342 4899 ⁷⁵⁸
2368 4871 2467 4933 Qui
2503 4886 2622 4923 cum
2654 4872 2809 4923 debet
2851 4871 3045 4921 habere
3074 4883 3198 4919 mss.
3222 4871 3271 4916 Τί

2001 4938 2061 4989 0d
2086 4936 2229 4991 credi
2302 4937 2368 4967 ⁷⁶¹
2410 4938 2539 4992 Cat).
2574 4939 2640 4990 76
2666 4939 2820 4990 est‘t'n
2861 4952 2980 4987 mss.
3024 4946 3174 4992 caput
3205 4933 3271 4985 79

1272 4946 1324 4997 In
1354 4960 1457 5010 quo
1498 4946 1639 4995 Cl‘CtII
1679 4956 1800 4992 mss.
1841 4946 1890 4989 in
1925 4946 2061 5003 quod
2086 4946 2229 4991 credi
2302 4946 2368 4967 7'“
2410 4946 2539 5005 Cap.
2574 4946 2640 4990 Ἱϋ
2666 4946 2820 4990 est‘tn
2861 4952 2980 4987 mss.
3024 4946 3174 5002 caput
3206 4946 3271 4985 "tu
3380 4946 3445 4960 “"
3486 4946 3590 4981 non
3617 4946 3695 4980 ta-

1272 5020 1434 5064 0mm.
1490 5024 1699 5067 possum
1801 5006 1871 5037 ⁷⁸³
1898 5005 2045 5058 Sicut
2073 5007 2116 5058 si
2147 5007 2379 5059 dicerem
2420 5022 2541 5058 mss.
2574 5006 2738 5059 omitt.
2774 5005 2818 5058 si
2891 5004 2961 5033 ⁷⁸⁸
2988 5001 3199 5067 Aliquid
3226 5001 3289 5052 de
3312 4998 3416 5057 illis
3441 5014 3534 5049 ms.
3564 4995 3695 5047 Thu.

2012 5074 2079 5103 ⁷⁸⁵
2105 5075 2212 5126 Dici
2254 5090 2356 5125 non
2383 5076 2585 5139 possint
2607 5090 2728 5126 mss.
2765 5072 2899 5126 Tim.
2929 5069 2988 5125 S.
3023 5069 3181 5121 Mich.
3207 5068 3445 5139 dici‘nou
3478 5072 3698 5139 possunt

1909 5143 1977 5177 ⁷⁸⁷
2015 5142 2093 5195 Ad
2118 5144 2497 5210 designandum
2534 5158 2655 5194 mss.
2702 5143 2767 5194 ad
2796 5139 3199 5210 signiﬁcandam
3296 5139 3543 5210 1“".Plura

1688 5213 1760 5245 ’θ’
1788 5212 2006 5265 Videtur
2063 5226 2210 5277 ergo,
2235 5199 2328 5263 ἓιε.
2380 5211 2432 5260 in
2468 5227 2587 5263 mss.
2638 5211 2718 5264 hic
2749 5199 2924 5275 incipit
2951 5220 3099 5277 caput
3126 5207 3193 5259 80
3233 5204 3329 5277 sub
3371 5199 3694 5277 (mentitum:

492 5288 646 5353 Quod
674 5287 786 5354 ipsa
809 5278 1131 5354 dominetur,
1154 5294 1249 5354 etc.
1284 5286 1427 5354 ut_in
1448 5284 1598 5335 titulo
1626 5281 1805 5349 capitis
1837 5278 1923 5354 7_7__.
1949 5279 2183 5332 ineditis.

3116 4800 3185 4830 ⁷⁵⁸
3211 4796 3324 4848 Νοη
3347 4793 3548 4847 viveret
3571 4808 3693 4845 mss.

2273 4870 2342 4899 “’9
2368 4870 2467 4933 Qui
2503 4886 2622 4923 cum
2654 4872 2809 4923 debet
2851 4868 3045 4921 habere
3074 4883 3198 4919 mss.
3222 4864 3353 4916 Tha.
3395 4862 3698 4927 quicunque

2302 4937 2368 4967 7“
2410 4938 2537 4980 Cnn-
2574 4939 2640 4980 ’7ίῖ
2666 4939 2820 4980 esl‘in
2861 4952 2980 4980 mss.
3024 4946 3174 4980 cnnul
3205 4933 3271 4980 79
3374 4932 3445 4960 ’⁷⁸³
3486 4942 3590 4980 non
3617 4938 3698 4980 ta—

3486 4942 3590 4981 IIOII
3617 4942 3699 4980 ιιι-ο

3296 5136 3367 5165 ⁷⁸⁸
3391 5132 3698 5185 Pluralitate

2283 5279 2353 5309 ⁷⁷⁰
2382 5280 2515 5342 Quia
2533 5294 2657 5334 vero
2675 5277 2805 5333 nihil
2836 5265 3121 5342 {umqum
3147 5270 3391 5327 necnilnl
3471 5266 3539 5298 7“
3570 5265 3695 5317 Pro-

1974 5483 2201 5539 NOTAE:

570 5619 679 5682 (79)
716 5617 861 5673 Alias
886 5624 964 5671 est
993 5630 1114 5684 pars
1145 5631 1257 5682 cap.
1289 5615 1373 5669 76.
