4226 6206
527 259 637 318 215

1064 220 1457 324 annssmn
1495 254 1841 310 murum.
1880 253 2199 309 anetnee.
2230 252 2374 309 ore.
2417 250 2595 307 rans
2634 243 2675 305 t.
2708 283 2778 293 —
2803 251 3212 310 DOGMATICA.

3637 253 3742 309 εἰει

532 368 898 427 imminentem
934 370 1301 424 necessitatem
1325 370 1415 421 τη.
1447 367 1557 437 (80)
1587 368 1724 433 Quid
1769 376 1945 420 autem
1968 370 2082 419 tam
2114 371 2154 424 A
2182 368 2320 420 bene
2356 373 2463 425 est,
2514 372 2567 416 et
2608 381 2673 417 ea:
2704 381 2829 435 quo,
2872 375 2918 417 et
2956 381 3047 433 per
3069 362 3215 432 quem
3239 404 3251 427 ,
3299 374 3346 417 ct
3390 365 3442 416 in
3489 381 3588 437 quo
3624 376 3742 418 sunt

530 461 632 527 pro
664 474 757 513 sua
789 457 1048 525 dignitate
1095 456 1458 509 venerandum
1510 464 1563 509 et
1614 470 1709 523 pro
1759 454 1991 522 qualibet
2032 468 2087 506 re

534 547 941 616 deprecandum.
968 559 1125 613 quam
1151 560 1358 622 summe
1385 547 1552 599 bonus
1575 554 1627 598 et
1675 558 1879 597 summe
1900 552 2088 611 potens

535 632 797 717 Spiritus.
828 634 918 713 qui
954 631 1261 687 dominatur
1304 634 1554 687 oumibus
1590 642 1643 687 et
1689 632 1823 701 regit
1854 631 2087 684 omnia?
2138 694 2139 697 η

535 723 688 778 Sicut
715 723 857 777 enim
882 732 1098 778 constat
1122 723 1260 793 'qnia
1288 722 1467 778 omnia
1497 722 1589 789 per
1623 734 1828 773 summe
1856 720 2085 787 bonam,

532 827 850 887 summeque
871 814 1165 882 sapientem
1193 812 1630 880 omnipotentiam
1661 812 1776 879 ejus
1798 809 1935 863 facta
1964 818 2088 863 sunt

532 911 588 958 et
606 901 807 974 vigent,
826 901 902 957 ita
926 902 1087 956 nimis
1115 892 1492 955 inconveniens
1512 908 1593 953 est
1610 899 1703 964 ⁷⁷³,
1732 899 1777 951 si
1800 898 2093 952 testimetur

532 992 677 1061 quod
709 991 868 1047 rebus
910 1007 938 1044 a
984 1004 1044 1045 se
1089 989 1246 1044 factis
1284 988 1397 1056 ipse
1446 1003 1551 1041 non
1590 988 1929 1045 dominetur;
1981 985 2093 1037 sive

533 1080 679 1147 quod
715 1079 868 1133 factae
888 1079 969 1134 ab
998 1077 1112 1141 illo,
1138 1075 1204 1130 ab
1232 1076 1339 1130 alio
1367 1076 1542 1129 minus
1573 1084 1819 1144 potente,
1851 1074 2092 1127 minusve

534 1165 704 1230 bono,
735 1167 817 1219 vel
850 1167 1121 1236 sapiente;
1154 1173 1247 1219 aut
1287 1164 1431 1232 nulla
1481 1166 1696 1233 penitus
1734 1164 1966 1225 ratione,
2000 1160 2092 1213 sed

532 1254 646 1306 sola
674 1270 891 1308 casuum
920 1254 1226 1309 inordinata
1251 1253 1585 1306 volubilitate
1616 1261 1905 1317 regnantur
1930 1262 1943 1298 :
1969 1262 2090 1300 cum

533 1339 621 1393 ille
651 1340 796 1396 solus
824 1342 925 1405 sit,
966 1356 1064 1410 per
1090 1355 1246 1409 quem
1278 1339 1515 1402 cuilibet,
1557 1348 1611 1393 et
1655 1340 1787 1400 sine;
1812 1350 1918 1404 quo
1956 1334 2091 1387 nulli

2191 456 2385 507 omnia.
2418 453 2549 507 Cum
2582 452 2745 522 igitur
2786 453 2931 507 solus
2975 454 3045 507 sit
3073 453 3206 522 ipse,
3240 468 3344 506 non
3376 453 3545 505 solum
3572 454 3743 508 bonus

2191 545 2436 606 Creator,
2468 543 2561 596 sed
2583 550 2638 595 et
2668 542 3071 610 potentissimus
3097 542 3349 596 Dominus
3374 553 3426 595 et
3457 542 3740 610 sapientis-

2191 634 2361 687 simus
2419 640 2595 684 rector
2642 632 2883 684 omnium
2936 649 2951 683 :
3002 630 3414 698 liquidissimum
3466 638 3549 683 est
3600 630 3742 684 hunc

2188 720 2359 775 solum
2413 732 2562 784 esse,
2605 732 2763 786 quem
2812 717 2987 771 omnis
3043 712 3144 770 alia
3194 726 3410 776 natura,
3452 716 3741 769 secundum

2194 818 2359 862 totum
2413 821 2583 879 suum.
2618 819 2803 873 posse,
2854 805 3012 857 debet
3057 804 3322 877 diligendo
3370 803 3643 865 venerari,
3693 813 3748 855 et

2190 895 2496 952 venerando
2517 893 2767 968 diligere;
2799 893 2864 945 de
2893 907 2999 959 quo
3026 891 3141 945 solo
3182 906 3433 959 prospera
3472 900 3594 945 sunt
3624 906 3746 958 spe-

2201 984 2389 1050 randa,
2421 983 2673 1051 ad'quem
2714 980 2886 1034 solum
2931 980 2999 1032 ab
3026 979 3263 1033 adversis
3306 979 3377 1010 ⁷⁷⁸
3420 979 3745 1047 fugiendum,

2196 1075 2280 1127 cui
2309 1072 2409 1125 ‘soli
2440 1086 2536 1140 pro
2558 1070 2747 1139 quavis
2769 1083 2827 1121 re
2864 1067 3287 1135 supplicandum.
3325 1068 3459 1120 Vere
3480 1067 3643 1135 igitur
3663 1067 3749 1119 hic

2193 1172 2275 1214 est
2320 1175 2423 1214 non
2454 1160 2622 1213 solum
2668 1145 2841 1229 Deus,
2887 1156 2979 1209 sed
3026 1154 3169 1208 solus
3208 1155 3363 1215 Deus,
3412 1154 3753 1216 inell'abiliter

2198 1251 2369 1304 trinus
2394 1257 2446 1303 et
2473 1264 2611 1302 unus
2635 1248 2727 1300 ⁷⁷⁵.

531 1498 3737 1532 Mm

1350 1580 2023 1745 statue-r1
2140 1554 2955 1732 mustum

1638 1789 2612 1986 PROSLOGION

1985 2086 2101 2129 SEU

982 2236 1779 2371 ALLOQUIUM
1856 2229 2037 2341 DE
2100 2224 2332 2336 DEI
2391 2143 3295 2336 EXISTENTIA.

1933 2404 2348 2429 ρκ’-⁸⁸⁵·-

985 2496 1092 2566 29
1117 2496 1187 2528 ττι
1213 2494 1625 2551 PROOEMIUM.

539 2580 653 2635 Uno
688 2594 990 2650 argumento
1018 2586 1069 2635 in
1098 2584 1193 2635 hoc
1225 2582 1469 2650 epusculo
1499 2582 1715 2635 intendit
1738 2582 1951 2650 probare
1974 2581 2094 2650 quia

611 2648 871 2713 θερίσει,
900 2663 945 2704 et
982 2648 1297 2719 quiscunque
1328 2648 1391 2701 de
1436 2649 1541 2702 Deo
1565 2652 1838 2703 credimus.
1871 2648 2098 2765 Di/rcul-

611 2731 688 2765 tas
714 2736 898 2765 oneris.
936 2722 1125 2765 Auctor
1147 2719 1318 2765 scribit
1338 2718 1429 2765 sub
1451 2734 1666 2765 nersona
1693 2729 1938 2765 conttemn
1963 2716 2096 2765 antis

609 2731 688 2772 tas
714 2736 898 2787 operis.
935 2716 1125 2772 Auctor
1147 2716 1318 2770 scribit
1338 2718 1429 2769 sub
1451 2734 1666 2783 persona
1693 2716 2096 2787 comtemplontis

612 2782 775 2838 Deum
817 2797 863 2840 et
904 2787 1177 2855 querentis
1228 2782 1507 2851 intelligere
1552 2788 1688 2855 quod
1736 2782 1916 2837 credit.
1959 2782 2097 2855 Huic

612 2856 855 2916 opusculo
882 2852 1016 2907 hanc
1044 2854 1248 2905 titulum
1277 2855 1487 2906 dederat
1520 2870 1537 2905 :
1563 2853 1717 2906 Fides
1745 2866 1986 2917 quaerens
2017 2852 2097 2901 in-

612 2921 900 2975 tellectum.
933 2922 1128 2975 Deinde
1152 2921 1475 2991 Proslogion,
1508 2922 1562 2974 id
1582 2930 1654 2976 est
1674 2922 1975 2990 Alloquium
2002 2920 2099 2971 hoc

610 3006 739 3056 (opus
761 2992 1088 3055 nuncupavit.

607 3094 896 3165 Postquam
920 3097 1232 3166 opusculum
1258 3099 1524 3167 quoddam
1558 3097 1958 3169 (Monologion),
1984 3098 2095 3150 vel.
2134 3174 2139 3178 ι

543 3196 601 3239 ut
627 3188 928 3254 exemplum
977 3187 1266 3240 meditandi
1290 3190 1355 3241 de
1386 3188 1588 3241 ratione
1618 3188 1761 3252 lldei,
1790 3186 2099 3255 cogentibus

543 3290 631 3327 me
683 3276 930 3343 precibus
972 3278 1325 3344 quorumdam
1375 3277 1629 3343 lratrum,
1662 3279 1713 3330 in
1743 3292 1967 3346 persona
1999 3276 2096 3329 ali-

543 3363 695 3432 cujus
720 3351 880 3417 tacite
908 3380 1088 3419 secum
1116 3366 1482 3419 ratiocinando
1502 3383 1618 3433 qua:
1654 3366 1855 3420 nesciat
1881 3364 2099 3419 investi-

543 3452 815 3520 gantis’"
835 3453 976 3506 edidi
1014 3471 1027 3505 :
1067 3453 1411 3507 considerans
1459 3454 1584 3507 illud
1634 3469 1753 3507 esse
1805 3454 2093 3508 multorum

542 3542 986 3595 concatenatione
1010 3550 1316 3595 contextum
1341 3529 1803 3610 argumentorum,
1827 3542 1965 3611 ccepi
1986 3557 2094 3595 me-

541 3645 663 3683 cum
715 3645 950 3698 quaerere
980 3632 1023 3684 si
1065 3631 1202 3685 forte
1236 3641 1415 3699 posset
1455 3631 1680 3686 inveniri
1722 3648 1885 3685 unum
1936 3648 2096 3700 argu-

540 3727 802 3782 mentum,
840 3722 978 3788 quod
1007 3721 1151 3775 nullo
1195 3722 1299 3775 alio
1336 3720 1403 3775 ad
1450 3736 1507 3775 se
1551 3721 1903 3791 probandum,
1935 3735 2095 3789 quam

2139 2496 2181 2549 B
2211 2488 2403 2541 mentis
2452 2488 2620 2540 aciem
2666 2489 2884 2541 omnino
2932 2488 3159 2555 fugeret,
3199 2492 3410 2545 tandem
3438 2491 3754 2560 ’desperans

2201 2576 2341 2628 volui
2384 2591 2617 2639 cessare,
2642 2576 2787 2629 velut
2822 2577 2887 2629 ab
2925 2577 3265 2651 inquisitione
3297 2567 3393 2642 rei,
3426 2595 3583 2647 quam
3609 2582 3759 2635 inve-

2197 2665 2299 2717 niri
2328 2674 2470 2718 esset
2518 2665 2861 2733 impossibile.
2889 2665 2995 2719 Sed
3029 2682 3151 2719 cum
3184 2667 3324 2719 illam
3353 2668 3757 2736 cogitationem,

2205 2766 2271 2805 ne
2323 2761 2550 2805 mentem
2599 2768 2773 2805 meam
2809 2751 3007 2806 frustra
3057 2755 3384 2822 occupando,
3427 2757 3493 2810 ab
3533 2757 3667 2817 aliis,
3701 2757 3755 2810 in

2195 2838 2386 2905 quibus
2435 2838 2693 2907 prolicere
2740 2855 2948 2909 possem
2979 2842 3069 2903 πο.
3109 2842 3410 2910 impediret,
3470 2846 3682 2913 penitus
3724 2861 3756 2897 a

2196 2941 2280 2980 me
2306 2927 2490 3000 vellem
2518 2928 2798 2982 excludere
2826 2944 2841 2991 ;
2882 2937 3006 2982 tunc
3030 2929 3198 2997 magis
3236 2944 3301 2984 ac
3332 2932 3520 3000 magis,
3554 2931 3760 2985 nolenti

2200 3016 2268 3046 7‘”
2297 3023 2352 3069 et
2396 3014 2697 3070 defemleuti
2735 3010 2793 3069 se
2832 3020 2993 3085 cmpit
3023 3032 3145 3071 cum
3192 3018 3590 3084 importunitate
3628 3034 3759 3087 qua-

2198 3104 2318 3155 dam
2365 3104 2627 3172 ingerere.
2656 3104 2893 3168 Quadam
2923 3105 3085 3173 igitur
3105 3106 3214 3169 die,
3244 3121 3364 3159 cum
3413 3108 3760 3160 vehementer

2198 3192 2312 3259 ejus
2347 3190 2733 3258 importunitati
2783 3191 3080 3245 resistendo
3117 3192 3384 3262 fatigarer,
3413 3193 3464 3245 in
3495 3193 3610 3261 ipso
3656 3180 3753 3248 co;

2198 3280 2511 3348 gitationum
2546 3279 2796 3332 conﬂictu
2838 3280 2916 3332 sic
2942 3293 2999 3332 se
3048 3280 3240 3335 obtulit
3264 3282 3409 3348 quod
3437 3285 3758 3349 desperare-

2196 3383 2334 3431 ram,
2363 3378 2421 3421 ut
2474 3367 3131 3436 stndiose'cogitationem
3195 3370 3566 3439 amplecterer,
3595 3388 3757 3441 quam
3812 3416 3819 3421 .

2196 3456 2457 3510 sollicitus
2513 3454 2857 3524 repellebam.
2917 3454 3216 3511 Estimans
3273 3457 3437 3526 igitur
3477 3459 3616 3526 quod
3673 3472 3760 3511 me

2197 3545 2489 3611 gaudebam
2517 3545 2803 3606 invenisse,
2831 3544 2874 3597 si
2909 3544 3163 3611 scriptum
3201 3555 3342 3598 esset
3374 3545 3536 3599 alicui
3564 3545 3758 3614 tegenti

2198 3634 2543 3703 placiturum,
2571 3635 2636 3688 de
2660 3635 2759 3689 hoc
2788 3634 2903 3701 ipso
2921 3641 2973 3685 et
2990 3634 3054 3686 de
3074 3634 3387 3700 quibusdam
3413 3634 3633 3698 maliis,
3659 3636 3759 3690 sub

2197 3737 2433 3790 persona
2455 3723 2698 3775 conantis
2719 3722 2927 3789 erigere
2965 3731 3194 3774 mentem
3222 3722 3291 3753 ’⁸³
3346 3737 3497 3775 suam
3536 3723 3601 3775 ad
3629 3738 3761 3776 con-

538 3820 598 3858 se
651 3805 764 3860 solo
796 3808 1097 3877 indigeret;
1135 3816 1191 3862 et
1237 3809 1406 3862 solum
1453 3809 1519 3862 ad
1572 3809 1917 3861 astruendum
1975 3808 2099 3875 quia
2129 3804 2170 3859 C
2204 3808 2563 3875 teniplandum
2607 3808 2803 3867 Deum.
2845 3816 2899 3861 et
2939 3808 3228 3874 quterentis
3274 3809 3569 3877 intelligere
3616 3812 3759 3880 quod

538 3893 686 3947 Deus
711 3909 838 3949 vere
865 3906 967 3960 est,
1016 3906 1068 3950 et
1111 3897 1234 3964 quia
1282 3908 1363 3959 cst
1394 3911 1659 3951 summum
1707 3896 1903 3955 bonum
1954 3895 2097 3949 nullo

542 3982 648 4035 alio
678 3983 943 4051 indigens,
982 3992 1035 4035 et
1062 3999 1166 4051 quo
1189 3986 1366 4040 omnia
1398 3985 1636 4053 indigent
1669 3991 1725 4036 ut
1751 3984 1857 4036 sint
1886 3992 1939 4037 et
1962 3982 2098 4037 bene

544 4073 616 4104 ⁷⁷⁵
640 4073 777 4145 sint;
809 4082 864 4129 et
891 4089 1221 4144 qurecunque
1253 4078 1520 4131 credimus
1555 4077 1619 4131 de
1644 4078 1820 4131 divina
1850 4076 2109 4129 substan»

546 4160 643 4223 tia,
671 4158 956 4215 sulliceret.
980 4162 1063 4215 Ad
1094 4164 1233 4231 quod
1258 4178 1377 4217 cum
1410 4179 1550 4233 smpe
1586 4163 1925 4229 studioseque
1950 4161 2097 4228 cogi-

547 4250 799 4305 tationem
852 4260 1221 4308 converterem
1244 4256 1315 4285 ⁷⁷⁸
1335 4263 1494 4324 atque
1523 4253 1807 4321 aliquando
1854 4250 1981 4302 mihi
2015 4250 2093 4301 vi-

544 4340 762 4397 deretur
798 4341 911 4411 jam
936 4344 1052 4412 capi
1085 4359 1240 4412 posse
1266 4347 1407 4413 quod
1451 4345 1775 4412 quarrebam,
1811 4338 2096 4408 aliquando

2202 3896 2393 3960 credit,
2442 3897 2708 3950 subditum
2765 3897 2952 3963 scripsi
3004 3897 3342 3962 opusculum.
3395 3898 3461 3952 Et
3506 3900 3761 3967 quoniam

2200 3996 2301 4036 nec
2330 3983 2467 4035 istud
2499 3999 2595 4037 nec
2631 3984 2776 4049 illud,
2802 3985 2952 4051 cujus
2987 4000 3148 4051 supra
3183 3986 3421 4049 memini,
3454 3986 3669 4055 dignum
3701 3986 3761 4040 li-

2198 4072 2279 4125 bri
2310 4074 2540 4139 nomine,
2558 4083 2649 4127 aut
2671 4076 2756 4128 cui
2787 4076 3018 4129 auctoris
3035 4074 3102 4105 ⁷⁸⁸
3128 4060 3522 4143 prieponeretur
3545 4090 3759 4139 nomen,

2192 4163 2524 4231 judicabam;
2559 4179 2654 4217 nec
2699 4172 2872 4217 tamen
2908 4164 3095 4218 eadem
3126 4165 3241 4216 sine
3271 4164 3340 4197 ⁷⁸³
3366 4163 3541 4231 aliquo
3585 4164 3759 4227 titulo,

2199 4265 2305 4317 quo
2353 4252 2620 4319 aliquem,
2652 4254 2702 4304 in
2751 4253 2901 4321 cujus
2952 4253 3751 4331 manus_venirent,'quodatn~

2201 4341 2355 4394 modo
2400 4343 2464 4394 ad
2500 4336 2561 4395 se
2605 4343 2883 4411 legendum
2923 4342 3248 4407 invitarent,
3297 4343 3611 4397 dimittenda
3664 4359 3760 4413 pu-

1809 4445 2039 4499 \'Ali|}E
2095 4446 2486 4503 LEC'I'IONES.

636 4542 706 4571 ⁷⁷¹
746 4539 814 4593 1η
864 4557 985 4593 mu.
1039 4542 1373 4593 continuatur
1433 4550 1581 4606 caput
1614 4539 1912 4608 pm’cedens
1951 4603 1979 4608 _
2138 4538 2308 4608 nimis
2363 4551 2416 4591 et
2470 4540 2847 4595 inconveniens
2892 4550 2976 4595 est
3027 4559 3149 4593 mss.
3212 4539 3344 4592 Vict.
3386 4540 3511 4608 Sag.
3567 4538 3758 4608 Cister.

545 4610 788 4678 pmitt.et
860 4609 930 4640 7“
952 4610 1001 4663 in
1027 4609 1265 4678 adversis
1290 4625 1411 4678 mss.
1438 4602 1504 4660 ab
1536 4602 1774 4659 adversis
1844 4606 1914 4678 [⁷⁸
1942 4603 2001 4658 S.
2021 4602 2178 4678 Mich.
2212 4604 2349 4678 ilict.
2379 4609 2431 4678 3ζ
2460 4608 2648 4661 Cister.
2687 4610 2917 4678 Explicit
2967 4610 3299 4678 Monologion
3330 4602 3481 4678 liber
3525 4607 3761 4678 A‘nsclmi

544 4678 615 4715 ἴτε
644 4676 874 4729 Collatus
911 4676 1149 4729 estliber
1190 4674 1493 4739 Prosloqion
1524 4691 1637 4725 cum
1664 4690 1788 4725 mss.
1832 4671 2343 4734 Gemmeticcnsibus,
2398 4671 2949 4739 Beccmsibusftribus
2999 4671 3271 4729 Victorini:
3317 4676 3406 4726 Illi
3435 4676 3487 4737 5,
3533 4675 3626 4727 EE
3670 4675 3759 4739 t3,

548 4743 631 4795 CC
661 4746 715 4805 9,
757 4746 1054 4797 Corbeiensi
1092 4744 1217 4807 507,
1249 4756 1472 4811 quatuor
1499 4742 1748 4811 'I'Imanis.
1780 4740 1865 4805 90,
1895 4740 2016 4811 59l_.
2031 4739 2132 4811 451‘
2162 4741 2355 4811 H7635,
2384 4761 2483 4797 uno
2513 4744 2860 4808 Cisterciensi,
2886 4756 2932 4797 et
2954 4762 3056 4797 uno
3090 4744 3388 4795 monasterii
3417 4743 3684 4811 Michaelis
3704 4745 3761 4795 in

550 4814 776 4877 periculo
793 4815 969 4865 maris.
1004 4843 1074 4852 --
1102 4812 1201 4865 Ms.
1230 4807 1358 4864 Cist.
1416 4813 1599 4878 incipit
1631 4810 1956 4878 l’rologusgin
1986 4807 2296 4878 Proslogion
2342 4814 2576 4865 Ansclmi
2628 4813 3031 4867 Cantuariensis
3070 4811 3458 4878 archiepiscopi
3479 4807 3763 4878 intactam.

550 4875 740 4947 Incipit
766 4881 1089 4933 Prooemium
1119 4883 1169 4933 in
1198 4875 1505 4947 Prnslogion
1527 4875 2403 4947 librumAnsclmiarchiepiscopi.
2436 4897 2532 4931 me.
2567 4882 2764 4933 Vict.3.
2792 4881 2978 4947 Incipit
3001 4875 3329 4933 Procemium
3360 4875 3416 4931 in
3440 4875 3758 4947 Prosl'ogion

552 4944 749 5010 librum
782 4949 1041 5000 Anselmi.
1067 4966 1163 5002 ms.
1201 4950 1369 5001 Tlma.
1389 4944 1516 5001 ’591
1573 4947 1761 5013 Incipit
1789 4944 2033 4997 Praefatio
2062 4944 2111 5013 in
2141 4944 2485 5013 ProsotOgion
2512 4949 2629 5002 libri
2657 4944 3324 5001 Anselmi'Cantuariensis
3370 4945 3753 5013 archiepiscopi

553 5033 650 5085 ms.
686 5016 816 5085 Tha.
851 5015 971 5069 635.
997 5016 1183 5083 Incipit
1205 5018 1538 5084 Proslogion,
1567 5015 1616 5067 id
1640 5012 2059 5085 est,alloquium,
2088 5012 2219 5085 liber
2247 5012 2480 5085 _AnsClmi
2513 5036 2608 5071 ms.
2632 5018 2693 5070 S.
2720 5017 2879 5085 Miclt.
2913 5016 3100 5085 Incipit
3120 5015 3438 5085 Promminm
3464 5014 3514 5085 in
3545 5012 3758 5085 Prasio-

552 5084 674 5152 gion
707 5084 900 5137 librum
932 5081 1166 5152 Anselmi
1217 5081 1601 5152 archiepiscopi
1643 5082 2071 5152 Cantuariensis_
2141 5082 2208 5152 'f"
2246 5083 2628 5152 lnvestigandis
2673 5102 2797 5137 mss.
2831 5084 2949 5136 Bec.
2984 5081 3127 5136 Gem.
3163 5082 3527 5149 investigantis
3598 5081 3666 5123 ⁷⁷⁸
3690 5081 3759 5136 Ut

554 5147 662 5203 sint
696 5154 830 5204 bene
858 5168 977 5204 mss.
1010 5150 1341 5206 Tlm.Cister.
1370 5147 1426 5206 ut
1444 5147 1561 5205 sint
1577 5161 1629 5205 et
1659 5161 1715 5202 ut
1743 5150 1873 5202 bene
1940 5149 2010 5178 ⁷⁷³
2033 5147 2394 5213 Cogitationes
2423 5147 2791 5205 eunverterem
2822 5169 2943 5204 mss.
2970 5147 3757 5215 cogitationem'converterem

550 5220 621 5251 πο
652 5218 917 5271 Proficere
944 5232 1157 5286 possent
1204 5238 1326 5274 mss.
1357 5219 1500 5273 Gem.
1531 5220 1652 5272 Bec.
1691 5217 1819 5287 Vict.
1870 5216 1933 5269 l5
1979 5226 2023 5267 et
2048 5215 2247 5287 (ἑξετεῖ.
2282 5220 2543 5285 prolicere
2593 5236 2798 5287 possem
2900 5221 2965 5251 ⁷⁸⁸
3010 5220 3179 5283 Magis
3221 5217 3417 5287 volenti
3456 5232 3578 5270 mss.
3619 5216 3753 5269 Tha.

554 5292 731 5358 inagis
755 5285 954 5358 nolenti
1028 5288 1095 5319 ἐ’
1119 5290 1183 5340 Et
1210 5290 1522 5356 quibusdam
1552 5305 1647 5358 me:
1679 5286 1736 5340 S.
1770 5285 1929 5358 Mich.
1951 5285 2093 5337 etde
2115 5286 2430 5349 quibusdam
2509 5290 2579 5320 ⁷⁸³
2594 5285 2829 5358 Exigere
2859 5297 3091 5342 mentem
3122 5303 3244 5340 mss.
3273 5286 3481 5356 erigere
3525 5294 3758 5341 utentem

554 5355 621 5385 "‘
642 5356 949 5408 Cuiamoris
964 5355 1438 5411 mss.euiauctoris
1508 5358 1577 5388 ⁷⁸⁵
1609 5355 1807 5410 Tamen
1830 5355 1944 5409 sine
1966 5359 2297 5471 ηιδῖἧόξιιρᾶςιι
2342 5357 2526 5411 eadem
2553 5357 2667 5411 sine

627 5502 735 5571 (80)
775 5503 918 5558 Alias
949 5506 1032 5561 hic
1062 5504 1243 5573 incipit
1279 5520 1394 5573 cap.
1422 5506 1505 5557 77.
