4226 6212
543 296 636 350 951

1117 403 1341 456 CAPUT
1380 402 1509 455 Vlll.

544 493 815 559 Quomodo
855 493 917 546 sit
963 492 1255 543 misericors
1292 500 1340 542 et
1375 491 1727 555 impossibilis.
1762 518 1833 559 -έ
1860 488 1998 559 Deus
2027 500 2097 559 est

616 564 901 614 misericors
931 560 1209 609 secundum
1239 560 1452 627 nos,qui
1481 560 1730 619 sentimus
1755 556 2100 627 misericordis

612 631 870 696 eﬂ'ectum.
914 626 1051 678 Deus
1103 643 1205 678 non
1251 638 1323 677 est
1364 623 1654 696 misericors
1695 623 1978 676 secundum
2014 640 2096 686 se,‘

612 695 698 764 qui
730 712 828 747 non
855 696 1007 747 sentit
1036 695 1415 762 compassionis
1442 695 1708 761 allectum.

615 782 717 836 Sed
744 790 797 835 et
836 781 1144 835 misericors
1170 781 1327 835 simul
1368 790 1424 834 et
1465 779 1807 847 impassibilis
1836 779 2104 848 quomodo

540 876 636 929 es?
660 872 790 926 Nam
822 874 866 926 si
893 888 955 926 es
993 872 1356 941 impassibilis,
1398 886 1502 923 non
1534 870 1890 937 compateris;
1925 871 1967 933 si
1999 885 2100 922 non

541 959 885 1028 compateris,
918 974 1019 1012 non
1069 967 1151 1011 est
1188 959 1284 1010 tibi
1328 957 1581 1011 miserum
1623 972 1719 1010 cor
1756 971 1822 1009 ex
1864 971 2104 1023 compas-

542 1052 690 1104 sione
714 1048 924 1111 miseri;
963 1048 1103 1115 quod
1128 1056 1210 1100 est
1232 1062 1351 1100 esse
1389 1047 1813 1099 misericordem.
1840 1048 1905 1098 At
1929 1046 1971 1098 si
2000 1061 2103 1097 non

540 1153 600 1192 es
630 1138 957 1200 misericors,
984 1134 1123 1188 unde
1146 1135 1358 1189 miseris
1386 1144 1470 1188 est
1492 1134 1559 1165 ‘“
1595 1141 1741 1187 tanta
1775 1134 2105 1188 consolatio?

542 1226 820 1291 Quomodo
862 1239 990 1293 ergo
1033 1239 1111 1287 es,
1157 1231 1212 1276 et
1250 1237 1357 1275 non
1392 1232 1457 1275 es
1492 1222 1815 1285 misericors,
1860 1221 2100 1283 Domine,

542 1311 647 1365 nisi
668 1312 791 1377 quia
822 1325 882 1364 es
908 1310 1215 1363 misericors
1243 1308 1534 1362 secundum
1569 1323 1685 1371 nos,
1715 1317 1768 1359 et
1803 1324 1904 1359 non
1932 1324 1989 1361 es
2016 1324 2102 1361 se-

540 1398 771 1450 cundum
807 1399 889 1449 te?
927 1398 997 1449 Es
1039 1398 1233 1463 quippe
1265 1396 1555 1447 secundum
1591 1409 1807 1445 sensum
1841 1405 2101 1459 nostrum,

539 1492 593 1537 et
625 1498 729 1536 non
768 1498 826 1537 es
861 1486 1150 1538 secundum
1188 1490 1354 1534 tuum.
1390 1482 1595 1533 Etenim
1639 1497 1760 1534 eum
1796 1492 1845 1533 tu
1883 1484 2104 1550 respicis

541 1585 638 1625 nos
665 1571 909 1633 miseros,
932 1586 1029 1623 nos
1047 1570 1310 1623 sentimus
1338 1568 1699 1621 misericordis
1724 1567 1967 1621 eﬂectum
2000 1570 2098 1633 m;

543 1667 596 1710 tu
652 1673 756 1710 non
807 1660 974 1711 semis
1028 1656 1299 1711 aﬂ'ectum.
1354 1656 1419 1709 Et
1466 1656 1769 1709 misericors
1813 1671 1870 1708 es
1918 1658 2098 1726 igitur,

540 1747 666 1814 quia
708 1746 930 1800 miseros
955 1746 1152 1809 salvas,
1182 1755 1235 1799 et
1262 1744 1631 1817 peccatoribus
1674 1744 1778 1797 tuis
1807 1747 2014 1810 parcis;
2048 1756 2101 1798 et
2135 1728 2176 1784 Β

541 1836 844 1889 misericors
869 1849 972 1888 non
999 1849 1076 1897 es,
1117 1834 1240 1900 quia
1282 1833 1423 1886 nulla
1464 1832 1692 1887 miseriae
1729 1834 2101 1902 compassioue

538 1921 764 1975 aﬂiceris
788 1922 879 1972 ⁸³³.

1141 1985 1363 2040 CAPUT
1412 1986 1478 2038 IX

536 2076 806 2139 Quomoao
838 2084 972 2128 totus
1012 2086 1209 2141 Justus,
1260 2085 1306 2126 et
1357 2090 1556 2129 summe
1577 2074 1753 2142 justus
1798 2074 1891 2107 Μ’
1919 2089 2099 2143 parcat

606 2147 777 2204 .ualis.
818 2156 862 2196 et
898 2147 1034 2213 quod
1073 2145 1216 2212 juste
1257 2145 1559 2195 misereatur
1607 2146 1777 2195 malis.
1816 2173 1885 2183 —
1917 2144 2102 2195 Melior

606 2224 679 2264 est
709 2216 795 2279 qui
824 2214 967 2264 bonis
1012 2223 1057 2263 et
1104 2213 1251 2263 malis
1277 2213 1437 2263 bonus
1477 2221 1568 2270 est,
1611 2227 1766 2278 quam
1817 2213 1905 2279 qui
1952 2213 2098 2263 bouis

606 2290 824 2333 tantum.
871 2280 1002 2333 Cum
1050 2280 1184 2331 Deus
1219 2282 1284 2332 sit
1322 2296 1518 2331 summe
1554 2281 1753 2346 justus,
1803 2284 1925 2331 latet
1965 2281 2099 2331 unde

556 2350 559 2351 ⁷
604 2350 670 2400 sit
696 2350 1006 2401 misericors.
1032 2348 1167 2399 Deus
1188 2349 1301 2400 ideo
1321 2358 1393 2399 est
1422 2363 1616 2399 summe
1639 2348 1949 2408 misericors,
1973 2350 2097 2413 quia

602 2417 986 2483 summejustus
1010 2424 1102 2467 est.
1141 2417 1319 2468 Juslos
1341 2415 1750 2482 salvat,justitia
1775 2417 2050 2466 comitante
2079 2428 2095 2464 :

602 2495 894 2551 peccatores
937 2484 1365 2550 liberat,justitia
1392 2484 1711 2535 dominante.
1753 2484 1889 2535 Deus
1932 2492 2097 2549 partit

605 2554 757 2603 malis
786 2568 850 2603 e1:
890 2552 1101 2617 justitia
1133 2564 1151 2601 :
1198 2554 1318 2619 quia
1342 2552 1545 2616 justum
1588 2561 1660 2603 est
1702 2561 1755 2602 ut
1793 2551 1950 2613 Deus,
2000 2566 2097 2617 quo

603 2636 750 2671 nemo
787 2619 969 2670 melior
1011 2628 1099 2670 aut
1145 2620 1418 2684 potentior,
1446 2620 1598 2669 etiam
1634 2620 1785 2670 malis
1828 2618 1988 2670 bonus
2010 2623 2096 2680 sit,

601 2698 648 2739 et
674 2689 737 2739 de
757 2688 907 2738 malis
939 2687 1093 2737 bonos
1110 2687 1289 2753 faciat.
1312 2684 1371 2737 Si
1397 2686 1533 2738 Deus
1562 2703 1660 2737 non
1684 2687 1825 2737 debet
1849 2687 2107 2748 misereri,

1051 295 1106 347 S.
1154 292 1441 346 ANSEMII
1486 290 1831 345 CANTUAR.
1875 254 2191 342 ARCIIIEP.
2234 292 2383 346 OPP.
2422 292 2601 346 PARS
2628 294 2667 347 l.
2706 326 2772 335 ——-
2813 299 3225 352 DOGM.\1|LA.

3653 307 3757 360 232

2126 412 2404 475 Αειιῐηηιθ
2447 423 2618 477 bonus
2674 440 2752 478 es.
2804 425 2869 478 Et
2925 440 3046 479 cum
3093 426 3316 480 forsitan
3369 429 3621 485 videatur
3663 450 3758 489 cur

2199 511 2355 564 bouis
2375 511 2531 574 bona,
2557 521 2610 565 ct
2640 515 2795 568 malis
2826 516 2967 568 mala
2990 516 3258 570 retribuas
3293 534 3305 568 :
3338 516 3467 572 illud
3498 531 3645 577 certe
3666 541 3757 593 pe-

2200 598 2342 658 nitus
2370 608 2453 651 est
2486 601 2809 664 mirandum,
2840 620 2938 657 cur
2980 614 3035 658 tu
3067 613 3208 659 totus
3251 615 3542 673 ctsumme
3580 612 3759 682 jusms

2200 686 2289 749 85°,
2336 696 2387 739 ct
2420 687 2563 739 nullo
2589 702 2770 756 egens,
2806 690 2959 744 malis
2984 700 3043 745 et
3075 693 3182 747 reis
3221 694 3329 748 tuis
3365 695 3505 748 bona
3533 697 3755 754 tribuas.

2201 772 2244 826 Ο
2274 773 2499 826 altitudo
2537 775 2789 829 loaitatis
2823 787 2946 840 litae,
2985 779 3145 843 Deus,
3185 789 3239 834 et
3266 780 3477 835 videtur
3521 786 3660 839 unde
3685 787 3762 844 sis

2202 861 2524 923 misericors,
2553 873 2606 915 et
2631 878 2734 916 non
2766 867 3104 933 pervidctur!
3129 869 3380 923 Cernitur
3404 871 3753 927 unde'ﬂumeu

2201 958 2399 1012 manu,
2451 960 2503 1002 et
2552 965 2652 1004 non
2703 954 3023 1021 perspicitur
3063 956 3133 987 ⁸⁵³
3165 956 3282 1010 fons
3321 960 3461 1013 unde
3509 969 3761 1014 nascatur

2202 1036 2291 1089 m.
2322 1036 2452 1089 Nam
2481 1049 2535 1091 et
2561 1038 2627 1092 de
2653 1040 2978 1106 plenitudine
3008 1042 3260 1097 bonitatis
3287 1056 3388 1108 est,
3421 1049 3542 1115 quia
3572 1064 3761 1117 pecca-

2206 1125 2408 1177 toribus
2446 1122 2564 1179 tuis”
2584 1128 2702 1195 pius
2731 1142 2818 1191 es;
2868 1136 2924 1182 et
2971 1130 3023 1182 in
3070 1130 3354 1185 altitudine
3395 1135 3648 1190 bonitatis
3687 1137 3759 1168 ⁸⁸³

2206 1220 2305 1267 tua:
2333 1214 2485 1278 latet,
2559 1232 2623 1268 ua
2655 1218 2860 1272 ratione
2908 1219 3011 1272 hoc
3050 1234 3128 1273 es.
3180 1221 3389 1273 Etenim
3439 1224 3567 1277 licet
3606 1225 3760 1279 bonis

2206 1306 2361 1359 bona.
2393 1316 2447 1359 et
2489 1230 2644 1359 "illis
2685 1292 2842 1359 maia.
2889 1325 2955 1359 ex
3002 1312 3240 1359 bonitate
3286 1309 3582 1359 retrilnms:
3623 1315 3760 1359 ratin

2204 1306 2361 1371 bona,
2393 1316 2447 1361 et
2489 1292 2644 1361 nialis
2685 1292 2842 1374 maia,
2889 1325 2956 1364 ex
3002 1312 3240 1364 bonitate
3286 1309 3583 1377 retribuas;
3623 1315 3762 1369 ratio

2206 1404 2379 1448 tamen
2430 1396 2653 1464 justitia:
2700 1398 2802 1452 hoc
2848 1399 3117 1467 postulare
3168 1399 3396 1454 Videtur.
3449 1403 3584 1456 Cum
3630 1418 3760 1457 vero

2204 1486 2359 1538 malis
2386 1487 2521 1539 bona
2550 1487 2761 1550 tribuis,
2797 1495 2853 1540 et
2877 1488 3046 1542 scitur
3074 1490 3196 1557 quia
3224 1505 3432 1544 summe
3467 1495 3634 1547 bonus
3660 1494 3761 1548 hoc

2204 1571 2381 1633 facere
2411 1573 2595 1633 voluit,
2629 1575 2906 1627 etimirum
2954 1586 3037 1629 est
3083 1592 3181 1630 cur
3211 1593 3419 1632 summe
3452 1580 3631 1648 justus
3661 1583 3762 1636 hoc

2206 1663 2339 1715 velle
2353 1664 2542 1730 potuit.
2560 1662 3002 1730 O;miseric‘ordia,
3022 1667 3089 1719 de
3131 1668 3616 1736 quammopulcnta
3646 1671 3762 1723 dul-

2205 1754 2409 1815 cedine,
2439 1762 2493 1805 et
2518 1752 2659 1806 dulei
2689 1754 2958 1821 opulentia
2987 1756 3139 1809 nobis
3165 1757 3413 1824 proﬂuis,!
3446 1759 3550 1825 32
3575 1758 3621 1813 0
3658 1760 3761 1811 im-

2204 1842 2746 1919 tnensitas‘bonitatis
2774 1843 2889 1905 Dei,
2917 1858 3022 1911 quo
3067 1842 3258 1898 aﬂ’ectu
3288 1848 3515 1899 amanda
3543 1862 3604 1900 es
3632 1863 3759 1916 pce-

2204 1932 2500 1985 catoribus!
2534 1929 2714 1985 Justos
2757 1931 2899 1983 cutim
2942 1924 3136 1994 salvas,
3178 1932 3383 2001 justitia
3435 1935 3791 1999 comitante;

2204 2021 2333 2072 istos
2364 2034 2487 2071 vero
2518 2018 2729 2080 liberas,
2755 2019 2961 2086 justitia
2998 2020 3304 2073 dominante
3338 2020 3430 2075 ⁸³⁵.
3461 2021 3606 2085 lllos,
3648 2039 3760 2077 me-

2204 2107 2322 2157 ritis
2371 2104 2786 2172 adjuvantibus;
2843 2108 3001 2168 istos,
3058 2107 3263 2159 meritis
3321 2110 3757 2176 repugnantibus.

2202 2194 2343 2257 Illos,
2375 2196 2512 2248 bona
2537 2210 2656 2261 quae
2679 2194 2869 2247 dedisti
2901 2197 3298 2261 cognoscendo;
3336 2196 3485 2258 istos,
3526 2198 3661 2249 mala
3690 2197 3759 2230 ”‘

2200 2296 2318 2349 qum
2351 2282 2510 2333 odisti
2540 2282 2882 2348 ignoscendo.
2910 2280 2953 2335 Ο
2981 2284 3237 2335 immensa
3270 2284 3503 2349 bonitas,
3537 2300 3656 2352 quae
3683 2287 3759 2340 sic

2200 2383 2414 2420 onmem
2450 2368 2775 2422 intellectum
2808 2370 3040 2432 excedis,
3082 2370 3260 2422 veniat
3288 2385 3451 2438 super
3484 2388 3571 2427 me
3598 2373 3760 2428 mise-

2200 2446 2567 2513 ricordia‘illa,
2607 2471 2725 2523 quze
2756 2456 2820 2508 de
2853 2466 2995 2509 tanta
3033 2458 3303 2524 opulentia
3355 2460 3431 2512 tui
3478 2462 3752 2527 procedit!

2201 2543 2387 2597 lnﬂuat
2424 2546 2475 2597 iu
2509 2562 2615 2608 tne,
2645 2562 2763 2612 qum
2792 2546 3003 2613 proﬂuit
3031 2548 3098 2578 ⁸⁸⁷
3133 2549 3197 2602 de
3227 2558 3297 2602 te.
3323 2549 3495 2603 Parce
3523 2566 3620 2618 per
3649 2552 3756 2605 cle-

2202 2636 2478 2699 mentiam,
2522 2640 2595 2688 ne'
2631 2635 2907 2691 ulciscaris
2934 2638 3003 2667 ⁸⁵⁸
3040 2652 3135 2707 per
3162 2638 3443 2704 justitiam.
3485 2641 3615 2694 Nam
3652 2642 3758 2695 etsi

2200 2724 2411 2779 diﬂicile
2459 2726 2531 2777 sit
2582 2726 2880 2793 intelligere
2926 2729 3194 2795 quomodo
3245 2730 3614 2782 misericordia
3666 2738 3755 2783 tua

602 2756 793 2821 injuste
817 2752 1119 2806 miseretur:
1141 2756 1278 2821 quod
1301 2756 1469 2805 dicere
1491 2756 1635 2821 "el-as
1656 2765 1752 2806 es“
1787 2752 1931 2821 Ergo
1957 2752 2097 2805 Deus
2200 2752 2411 2779 unum";
2459 2752 2531 2777 Mt.
2582 2752 2880 2793 Intelligere
2926 2752 3194 2795 qllulltuuu
3245 2752 3614 2782 uua‘crtcuruta

2198 2828 2302 2867 non
2352 2812 2494 2865 absit
2530 2828 2559 2865 a
2611 2821 2699 2866 tua
2738 2813 2978 2879 justitia;
3033 2816 3396 2869 necessarium
3451 2814 3637 2870 tamen
3675 2827 3759 2870 est

595 2835 741 2890 JUSIC
764 2833 1054 2874 miseretur.

608 2910 802 2964 Verum
851 2910 1005 2962 malis
1032 2908 1298 2976 quomodo
1326 2908 1529 2975 parcis;
1560 2907 1604 2959 si
1641 2921 1700 2959 es
1732 2916 1875 2959 totus
1896 2882 2135 2975 justus,3
2198 2900 2419 2954 credere
2444 2900 2566 2968 quia
2598 2916 2934 2969 nequaquam
2981 2903 3296 2955 adversatur
3336 2902 3575 2969 iustitiae,
3618 2906 3757 2972 quod

532 3008 587 3052 ει
613 3013 820 3051 summe
840 2997 1020 3064 justus
1048 2997 1140 3048 uti.
1173 2997 1449 3060 Quomodo
1471 2997 1612 3049 enim
1658 3005 1801 3048 totus
1823 2995 2002 3061 justus
2046 3004 2097 3047 et
2126 3028 2168 3083 Ο
2199 2990 2432 3042 exundat
2458 2992 2523 3041 ex
2550 2990 2810 3051 bonitate,
2833 3005 2951 3057 qua:
2979 2990 3116 3042 nulla
3144 2999 3228 3043 est
3248 2991 3365 3043 sine
3385 2990 3617 3073 justitia,
3651 2993 3757 3044 imo

536 3102 744 3140 summe
766 3087 943 3154 justus
978 3084 1049 3117 ”°
1093 3086 1224 3138 facis
1257 3084 1459 3151 aliquid
1490 3085 1559 3119 ⁸⁸⁷
1588 3099 1689 3135 non
1726 3076 1961 3149 justum?
1996 3084 2100 3134 Aut

532 3173 874 3241 qtnnjustitia
903 3181 985 3225 est
1005 3211 1020 3234 ,
1051 3172 1278 3224 merenti
1317 3179 1541 3223 mortem
1569 3178 1826 3222 :eternam
1862 3169 1991 3220 dare
2019 3168 2096 3220 vi-

535 3271 643 3313 tam
678 3258 1111 3327 sempiternam?
1171 3256 1318 3309 Unde
1368 3270 1514 3323 ergo,
1564 3256 1701 3307 bone
1745 3254 1922 3317 Deus,
1966 3253 2101 3305 boue

535 3351 688 3407 bouis
718 3357 772 3403 et
802 3350 976 3409 malis,
1006 3346 1142 3399 unde
1176 3346 1267 3397 tibi
1296 3345 1509 3396 salvare
1555 3342 1751 3404 malos;
1791 3342 1831 3393 si
1868 3343 1966 3393 hoc
1994 3356 2097 3392 non

532 3440 866 3507 cstjustum,
898 3445 951 3489 et
984 3446 1036 3486 tu
1066 3449 1169 3486 nou
1208 3433 1340 3485 l'acis
1381 3432 1581 3499 aliquid
1624 3446 1729 3483 non
1752 3430 1955 3496 justum
1986 3431 2099 3482 M8?

529 3529 612 3583 An
661 3526 785 3595 quia
830 3525 1043 3578 bonitas
1092 3534 1180 3576 tua
1227 3530 1310 3576 est
1357 3521 1929 3589 incomprehensibilis,
1973 3522 2101 3575 latet

532 3617 636 3669 hoc
666 3616 718 3666 in
740 3612 857 3664 luce
878 3608 1232 3662 inaccessibili
1257 3616 1416 3674 quam
1442 3608 1745 3660 inltaliitas?
1781 3607 1913 3659 Vere
1947 3608 1997 3658 iu
2025 3606 2099 3657 al-

534 3706 740 3758 tissimo
766 3711 818 3754 et
847 3700 1208 3754 secretissima
1238 3697 1493 3750 bonitatis
1520 3705 1621 3769 tunc
1652 3696 1786 3748 latet
1816 3696 1934 3749 l'ous
1962 3698 2100 3748 unde

532 3801 715 3846 manat
748 3790 939 3842 ﬂuvius
969 3787 1349 3840 misericordia:
1379 3794 1500 3837 tua).
1541 3783 1673 3836 Nam
1714 3799 1833 3837 cum
1879 3792 2020 3838 totus
2046 3792 2100 3837 et

532 3895 741 3936 summe
764 3881 943 3948 justus
985 3879 1060 3931 sis
1082 3916 1097 3941 ,
1130 3886 1306 3929 tamen
1344 3874 1542 3927 idcirco
1569 3875 1727 3927 etiam
1764 3874 1920 3927 malis
1950 3874 2098 3927 beni-

530 3985 665 4039 gnus
690 3984 770 4033 es,
803 3969 926 4035 quia
959 3975 1103 4020 totus
1124 3979 1332 4019 summe
1357 3969 1528 4017 bonus
1548 3977 1625 4016 es.
1660 3962 1836 4015 Minus
1865 3978 2095 4029 namque

530 4064 704 4115 bonus
730 4073 895 4119 esses,
928 4058 971 4109 si
1005 4057 1135 4109 nulli
1162 4054 1303 4109 malo
1323 4068 1471 4108 esses
1499 4054 1565 4085 ⁸⁸³
1598 4053 1876 4119 benignus.
1911 4052 2094 4105 Melior

529 4149 671 4201 enim
705 4146 788 4199 est
820 4146 909 4212 qui
942 4154 996 4197 et
1024 4144 1177 4197 bouis
1200 4151 1255 4196 et
1281 4142 1436 4194 malis
1469 4144 1639 4194 bonus
1674 4152 1780 4205 est,
1814 4156 1973 4209 quam
1999 4144 2089 4207 qui

532 4239 686 4291 bouis
718 4246 920 4289 tantum
949 4246 1034 4288 est
1068 4236 1266 4298 bonus;
1294 4243 1347 4287 et
1385 4234 1694 4296 meliorest,
1735 4234 1824 4301 qui
1870 4233 2021 4285 malis
2042 4240 2096 4283 et

2201 3093 2325 3130 vero
2372 3080 2663 3129 concordat
2698 3077 2935 3141 justitize.
2972 3078 3171 3146 Nempe
3207 3080 3252 3132 si
3301 3081 3604 3134 misericors
3650 3097 3755 3135 non

2201 3181 2280 3229 es,
2310 3165 2410 3217 nisi
2439 3166 2560 3231 quia
2589 3180 2646 3217 es
2675 3166 2743 3196 “9
2774 3180 2979 3217 suntme
3025 3168 3222 3230 bonus;
3253 3177 3307 3218 et
3347 3182 3556 3220 summe
3591 3168 3761 3221 bonus

2202 3270 2304 3306 non
2333 3269 2412 3316 es,
2452 3255 2551 3307 nisi
2596 3254 2716 3322 quia
2748 3270 2805 3307 es
2834 3269 3041 3307 summe
3064 3257 3241 3324 justus
3272 3274 3287 3309 :
3319 3272 3445 3310 vere
3473 3258 3671 3311 idcirco
3701 3274 3759 3312 es

2200 3344 2523 3405 misericors,
2556 3345 2685 3412 quia‘
2709 3358 2914 3397 summe
2933 3344 3109 3410 justus
3139 3360 3216 3398 es.
3245 3347 3449 3412 Adjuva
3482 3361 3587 3411 me,
3614 3347 3759 3414 justo

2199 3432 2267 3462 ⁸⁸⁸
2290 3442 2342 3485 et
2372 3432 2677 3485 misericors
2708 3431 2866 3494 Deus,
2920 3433 3071 3501 cujus
3104 3434 3271 3485 lucem
3314 3449 3529 3501 quam;
3568 3435 3760 3501 adjuva

2199 3535 2306 3582 me,
2338 3528 2397 3571 ut
2427 3519 2715 3586 intelligam
2745 3521 2886 3586 quod
2913 3522 3052 3573 dico.
3101 3520 3234 3574 Vere
3274 3536 3400 3587 ergo
3440 3522 3557 3574 ideo
3598 3522 3759 3574 misc-

2200 3613 2370 3664 ricors
2392 3624 2471 3672 es,
2503 3610 2625 3677 quia
2651 3609 2844 3676 justus.
2888 3610 3093 3677 Ergone
3122 3610 3488 3662 misericordia
3525 3618 3611 3661 tua
3661 3626 3757 3661 na-

2200 3703 2368 3755 scitur
2392 3715 2454 3754 ex
2480 3698 2691 3765 justitia
2738 3699 2859 3751 tua?
2882 3699 3090 3767 Ergone
3116 3698 3291 3766 parcis
3322 3698 3473 3750 malis
3509 3712 3573 3750 ex
3599 3696 3760 3764 justi-

2199 3793 2309 3845 tia?
2338 3792 2393 3845 Si
2422 3790 2500 3845 sie
2525 3799 2625 3851 est,
2660 3780 2897 3851 Domine,
2925 3791 2968 3842 si
2994 3790 3069 3842 sic
3091 3796 3193 3851 est,
3218 3790 3349 3841 doce
3377 3804 3459 3842 me
3488 3789 3754 3856 quomodo

2198 3892 2301 3936 est.
2348 3884 2430 3935 An
2462 3881 2584 3947 quia
2612 3880 2812 3948 justum
2848 3887 2931 3932 est
2967 3889 3016 3931 te
3046 3880 3125 3931 sic
3156 3893 3274 3931 esse
3313 3877 3529 3937 bonum,
3564 3887 3619 3929 ut
3655 3893 3752 3931 ue-

2198 3984 2362 4036 queas
2406 3968 2627 4033 intelligi
2674 3967 2893 4031 melior;
2942 3975 2996 4017 et
3031 3966 3107 4018 sic
3145 3973 3387 4032 potenter
3423 3964 3656 4033 operari,
3698 3974 3757 4017 ut

2196 4074 2299 4111 non
2352 4061 2521 4125 possis
2562 4056 2783 4123 cogitari
2833 4056 3137 4122 potentior?
3178 4054 3313 4118 Quid
3359 4055 3500 4107 enim
3539 4055 3639 4107 hoc
3670 4054 3757 4121 jtt—

2196 4146 2366 4200 stius?
2408 4148 2515 4198 lioc
2567 4146 2749 4210 utique
2798 4144 2863 4175 θοι
2917 4159 3022 4196 non
3071 4144 3247 4205 ﬂeret;
3293 4144 3337 4196 si
3381 4158 3527 4197 esses
3563 4144 3752 4205 bonus,

2202 4239 2405 4282 tantum
2440 4230 2885 4293 retribuemlo,et
2917 4244 3020 4282 non
3051 4232 3357 4297 parcendo;
3389 4239 3441 4283 et
3468 4229 3509 4283 si
3548 4228 3754 4284 faceres

531 4325 800 4392 puniendo
828 4335 881 4376 et
914 4324 1182 4391 parcendo
1206 4330 1286 4373 cst
1311 4322 1501 4383 bonus,
1529 4336 1686 4387 quam
1712 4320 1799 4385 qui
1831 4319 2096 4386 puniendo
2126 4334 2172 4389 ι)
2199 4318 2267 4348 ⁸⁸³
2298 4318 2365 4369 de
2397 4334 2498 4371 non
2524 4319 2675 4370 bouis
2704 4326 2909 4370 tantum
2938 4319 3122 4379 bonos,
3150 4328 3203 4369 et
3232 4333 3333 4370 non
3365 4319 3525 4370 etiam
3560 4319 3622 4371 de
3648 4334 3765 4387 tua-7

537 4424 758 4466 tantum.
822 4414 940 4464 Ideo
990 4426 1116 4477 ergo
1173 4412 1476 4464 misericors
1525 4424 1584 4463 es
1609 4448 1624 4472 ,
1676 4408 1800 4477 quia
1842 4418 1983 4461 totus
2035 4417 2089 4461 et
2199 4405 2281 4459 lis.
2317 4404 2627 4473 llocjtaque
2658 4406 2809 4457 modo
2830 4402 3034 4470 justum
3062 4414 3141 4455 est
3174 4413 3229 4454 ut
3255 4419 3445 4464 pareas
3479 4406 3647 4466 malis,
3698 4418 3753 4458 et

1827 4561 2035 4613 IAlll/E
2075 4558 2454 4613 LECTIONES

620 4698 687 4730 δυ
726 4696 871 4749 Unde
928 4695 1138 4747 miseris
1188 4703 1269 4748 est
1315 4711 1411 4745 ms.
1449 4694 1629 4745 (ᾄξειεν.
1677 4693 1813 4743 unde
1863 4693 2071 4744 miseris
2121 4706 2179 4746 es
2287 4692 2353 4722 θ’θ’
2401 4691 2577 4744 Scutis
2628 4691 2870 4744 at'l'cctum
2928 4709 3061 4746 mss.
3102 4690 3232 4743 Vict.
3276 4694 3328 4745 ’5.
3387 4694 3535 4746 et15
3591 4694 3758 4745 scutis

533 4766 884 4834 compassioni
914 4780 939 4816 s
967 4764 1215 4816 aii'cctmn
1245 4829 1272 4834 _
1323 4761 1871 4834 “fipNulla‘miscriten
1896 4762 2281 4834 compassionis
2319 4762 2545 4834 :tlliceris
2572 4778 2688 4834 ms;
2716 4762 2845 4834 'Iltu.
3040 4761 3190 4834 Anxlla
3243 4762 3455 4834 miseria
3509 4776 3572 4813 ex
3603 4776 3754 4813 com-

536 4827 781 4903 passione
806 4834 1041 4903 allies-rm
1062 4848 1187 4903 mss.
1234 4829 1291 4882 S.
1347 4830 1503 4882 Micle.
1539 4828 1718 4903 Cister.
1767 4828 1906 4903 nulla
1951 4827 2178 4903 inmeriti:
2204 4830 2569 4903 compassioue
2606 4828 2832 4903 uinceris
2941 4830 3009 4861 3“
3037 4832 3204 4903 Totus
3236 4827 3415 4903 justus
3455 4838 3507 4881 et
3545 4843 3753 4882 summe

531 4896 708 4970 justus
736 4901 986 4970 ms._’l‘.‘au.
1018 4900 1249 4970 {idiotas
1270 4915 1331 4951 ac
1352 4912 1557 4951 summe
1593 4898 1761 4955 iustus
1832 4897 1899 4970 “_"’
1951 4898 2018 4949 Es
2062 4897 2511 4970 totushjustushet
2553 4912 2757 4970 summe
2789 4900 2963 4970 justus
2994 4914 3088 4951 ms.
3138 4898 3271 4950 T/m.
3324 4896 3447 4970 451ἶ
3502 4912 3559 4949 es
3611 4905 3752 4970 lotus

537 4964 589 5021 et
620 4968 1015 5033 sunnucjustus
1086 4968 1153 4998 ⁸δ⁰
1186 4969 1337 5019 Ιίῖιιίιιι
1372 4977 1512 5019 totus
1534 4965 2012 5030 etsuntmejnstus
2036 4984 2158 5017 mss.
2188 4966 2318 5016 'l‘lm.
2382 4965 2510 5019 Vict.
2534 4968 2674 5017 enim
2706 4964 2846 5019 tutus
2872 4968 3046 5033 justus
3092 4978 3146 5019 et
3188 4981 3399 5024 summe
3428 4965 3607 5031 justus
3678 4964 3744 4995 “7

537 5036 692 5090 Facis
717 5038 925 5103 aliquod
950 5052 1070 5103 mss.
1106 5036 1475 5103 facitaliquidr
1522 5035 1590 5065 8“
1619 5036 1975 5103 Aliquodnou
2002 5037 2203 5102 justum
2226 5050 2349 5086 mss.
2402 5034 2534 5085 Tltu.
2581 5035 2709 5087 Vict.
2756 5036 2952 5103 aliquid
2996 5036 3244 5102 injustam
3321 5034 3392 5070 εδ
3424 5102 3427 5103 ν
3454 5034 3586 5085 Malo
3629 5047 3750 5085 esse

536 5123 659 5159 mss.
704 5102 834 5155 'l'ltu.
864 5114 909 5155 et
947 5102 1071 5154 Vict.
1102 5104 1161 5158 S.
1190 5102 1349 5156 Mich.
1379 5102 1516 5155 malo
1538 5118 1683 5155 esses
1756 5102 1824 5131 ⁸⁸⁰
1849 5102 1986 5155 ~Cum
2022 5114 2162 5155 totus
2192 5112 2243 5153 et
2272 5104 2673 5167 sunnuejustus
2703 5120 2823 5156 mss.
2850 5102 2995 5156 'T/tu.
3047 5104 3143 5155 451
3200 5115 3244 5155 et
3291 5104 3347 5157 3.
3400 5102 3568 5155 dlicta.
3626 5116 3747 5151 cum

539 5183 678 5225 totus
702 5171 875 5237 justus
946 5172 1010 5201 ⁸⁸³
1048 5171 1369 5240 PerSpicitur
1397 5188 1522 5223 mss.
1547 5171 1670 5223 Bec.
1698 5168 1839 5220 Gem.
1875 5170 1930 5222 S.
1962 5171 2451 5240 Alii-li.percipitur
2514 5171 2581 5201 ⁸⁵⁸
2614 5172 2856 5225 Nascitur
2907 5188 3028 5225 mss.
3058 5172 3215 5240 h’l‘lm.
3284 5184 3330 5224 et
3382 5172 3528 5240 [ξονι-ἐι.
3591 5168 3748 5240 (iam.

537 5235 791 5293 nascatur
860 5240 928 5270 ⁸⁸³
957 5235 1215 5293 Bonitatis
1248 5257 1369 5292 mss.
1400 5241 1531 5291 'l'ltu.
1563 5240 1811 5293 bonitatis
1853 5250 1952 5291 tua:
2024 5240 2092 5268 ⁸⁸⁸
2132 5235 2490 5307 Misericordia
2525 5240 2613 5291 Dei
2643 5280 2655 5301 ,
2686 5242 2749 5291 de
2777 5258 2875 5307 qua
2901 5258 3021 5292 mss.
3052 5239 3183 5291 Tltu.
3210 5251 3256 5292 et
3290 5240 3422 5294 Vict.
3447 5238 3571 5292 Hec.
3602 5235 3748 5307 Gem.

537 5307 722 5360 Cistcr.
750 5309 1145 5367 misericnrdia,
1176 5311 1240 5361 de
1266 5325 1421 5375 quam
1496 5309 1564 5338 ⁸⁵⁸
1600 5308 1659 5356 Α.
1691 5308 1987 5359 Damuaule
2014 5324 2134 5357 mss.
2174 5306 2304 5375 Tliu.
2332 5308 2638 5361 dominante
2709 5302 2936 5375 8Mipsis
2978 5308 3112 5360 mala
3161 5324 3282 5362 mss.
3338 5311 3469 5361 Tliu.
3513 5318 3563 5360 et
3618 5302 3747 5375 Vici-

538 5378 697 5437 istos,
733 5378 865 5428 mala
942 5377 1007 5406 ⁸⁸⁷
1044 5376 1260 5427 Pruﬂnit
1284 5372 1345 5427 ile
1368 5393 1464 5426 ms.
1495 5378 1553 5429 S.
1590 5376 1753 5427 Miclt.
1784 5376 1965 5427 deﬂuit
1986 5378 2048 5427 de
2120 5376 2190 5405 ⁸³⁸
2220 5373 2294 5427 Ne
2318 5376 2592 5428 ulciscaris
2616 5394 2709 5426 ms.
2736 5372 2921 5429 Cisier.
2949 5393 3044 5428 nec
3069 5376 3344 5431 ulciscaris
3417 5378 3484 5407 ⁸⁸³
3508 5378 3563 5429 Si
3585 5372 3747 5426 mise-

541 5446 705 5497 ricors
734 5460 792 5497 es
813 5485 826 5505 ,
853 5446 973 5511 quia
1000 5462 1057 5497 es
1086 5462 1205 5495 utss.
1240 5445 1369 5503 'l'ltu.
1399 5445 1520 5496 451.
1554 5448 1596 5497 si
1622 5443 1924 5495 misericors
1958 5460 2056 5493 non
2082 5458 2138 5496 es
2167 5484 2179 5507 ,
2214 5444 2313 5494 nisi
2339 5445 2460 5509 quia
2488 5459 2547 5495 es
2621 5444 2687 5473 “5°
2719 5444 2867 5496 .luste
2892 5456 2944 5496 et
2969 5460 3172 5496 summe
3195 5464 3318 5498 mss.
3358 5446 3488 5497 Tim.
3517 5455 3561 5495 et
3610 5440 3746 5511 Vict.

2234 5511 2303 5541 3"
2344 5503 2407 5562 Et
2437 5513 2479 5562 si
2513 5512 2713 5564 faceres
2733 5514 2795 5565 de
2817 5529 2937 5565 mss.
2975 5514 3103 5565 'l‘lm.
3138 5524 3191 5567 ct
3236 5516 3277 5568 si
3311 5530 3413 5567 non
3452 5514 3654 5563 .“aceres
3678 5503 3749 5567 dt:

542 5515 698 5563 omitt.
722 5522 772 5565 el
798 5531 999 5567 summe
1072 5514 1135 5543 ⁸¹⁵¹
1172 5512 1279 5564 lloc
1308 5513 1485 5577 utiqut.
1511 5530 1605 5565 ms.
1633 5511 1818 5563 Cister.
1849 5511 1945 5563 hoc
1968 5511 2145 5577 itaque
