4226 6262
395 261 493 315 αδδ
1216 244 1219 265 ⁸
1811 249 2007 308 PROSI
2028 246 2260 310 OGION.
3553 248 3665 303 235

394 382 451 425 υι
494 370 658 425 facias
689 371 859 424 bonos
888 369 951 422 «ιο
993 367 1168 424 malis.
1206 366 1465 432 Dunique,
1505 365 1646 433 quod
1679 377 1781 419 non
1825 363 1972 429 iuste
2006 364 2048 424 Α
2078 375 2171 413 cur
2225 363 2291 413 de
2338 360 2601 415 similibus
2660 360 2813 413 malis
2866 360 2963 414 hos
3016 360 3187 431 magis
3250 359 3444 425 salves,
3498 376 3657 430 quam

398 466 475 525 fu,
510 478 612 515 nun
650 462 807 514 debet
848 460 993 520 ﬁcri;
1027 470 1077 511 et
1111 458 1251 527 quod
1284 472 1388 509 non
1424 456 1576 509 debet
1609 455 1747 518 ﬁeri,
1777 455 1974 523 injuste

396 556 471 606 ιιι.
508 552 562 605 Si
598 568 724 621 ergo
757 565 859 602 non
885 549 1028 616 jnste
1053 547 1207 599 malis
1234 546 1529 607 misereris,
1561 561 1663 597 non
1691 543 1855 595 dubias
1880 542 1977 594 mi-

393 643 583 698 sereri.
618 641 755 695 Etsi
802 654 907 692 non
941 638 1102 691 debes
1141 635 1403 695 misereri.
1444 634 1638 701 injuste
1676 630 1969 685 misereris.

392 734 545 800 Quod
575 734 617 787 si
645 730 795 785 nefas
818 738 901 783 est
929 727 1141 787 dicere,
1170 726 1249 780 tas
1280 736 1363 779 est
1382 727 1604 779 credere
1636 736 1683 779 te
1706 723 1852 792 jule
1877 723 1973 774 mi—

393 822 561 878 sereri
588 820 773 875 'malis.
1404 818 1417 829 ‘

1014 902 1241 975 carm
1286 902 1325 956 χ

397 998 670 1065 Quomodo
685 997 831 1065 jusle
859 996 1068 1065 puniat,
1102 994 1304 1061 ctjustc
1330 1004 1507 1057 parm!
1536 992 1709 1044 mulis.
1740 1022 1808 1065 τί
1835 990 1973 1065 Deus

463 1062 721 1133 parcendo
754 1062 906 1118 malis
927 1064 1102 1131 justus
1131 1076 1202 1117 est
1233 1066 1512 1115 secundum
1544 1079 1595 1113 se
1623 1102 1635 1123 ,
1669 1063 1792 1133 quia
1846 1062 1971 1125 furii

464 1130 601 1196 Quod
626 1135 859 1187 convenit
896 1130 1005 1187 sua:
1033 1135 1249 1185 bonitati
1274 1148 1289 1181 :
1322 1135 1410 1183 sed
1444 1148 1543 1183 nou
1574 1143 1645 1181 est
1689 1130 1857 1186 iustus
1895 1144 1973 1177 sc-

468 1206 695 1256 entulum
750 1221 872 1267 uos,
921 1204 1043 1270 quia
1107 1219 1209 1254 non
1268 1202 1435 1254 reddit
1494 1201 1721 1251 debitum
1777 1198 1973 1263 suppli-

468 1289 621 1325 ευιηι.

469 1363 573 1418 Sed
600 1373 655 1417 et
681 1363 885 1431 justum
908 1371 994 1417 cst
1024 1371 1081 1414 nt
1108 1361 1275 1414 malos
1306 1360 1498 1427 punias
1530 1375 1542 1410 :
1584 1358 1710 1425 quid
1744 1370 1975 1424 nutuque

392 1452 588 1519 iustius
615 1467 774 1520 quam
810 1460 865 1504 ut
901 1432 1022 1504 boni
1073 1450 1233 1511 bona,
1276 1432 1328 1499 et
1358 1447 1482 1499 mali
1514 1446 1652 1498 mala
1684 1446 1975 1512 recipiant?

397 1542 676 1608 Quomodo
710 1557 839 1613 ergo
870 1550 924 1595 et
952 1540 1157 1607 justum
1201 1549 1284 1593 est
1336 1550 1393 1591 ut
1445 1539 1612 1592 malos
1663 1538 1872 1606 punias,
1921 1548 1975 1591 et

392 1634 597 1702 justum
627 1641 711 1686 est
739 1640 797 1683 ut
821 1631 975 1683 malis
1000 1628 1318 1699 parcas?.\n
1342 1628 1448 1682 alio
1472 1626 1787 1694 modojnste
1816 1626 1973 1694 punis

398 1722 589 1785 malos,
631 1732 684 1776 et
727 1722 830 1775 alio
861 1720 1017 1774 modo
1049 1719 1194 1787 jnste
1227 1718 1406 1785 parcis
1448 1717 1634 1771 malis?
1665 1716 1798 1770 Cum
1827 1718 1970 1769 enim

390 1812 554 1884 punis
582 1812 765 1876 malos,
802 1810 1005 1879 justum
1049 1818 1161 1874 est,
1193 1809 1318 1877 quia
1360 1808 1573 1863 illorum
1606 1806 1813 1859 met-itis
1850 1822 1978 1859 con.

398 1903 574 1968 venit;
608 1919 727 1958 cum
764 1917 890 1955 vero
917 1900 1095 1969 parcis
1127 1898 1303 1970 malis,
1328 1897 1535 1968 justum
1564 1904 1678 1960 est;
1715 1911 1821 1948 non
1853 1896 1976 1964 quia

399 1992 613 2047 illorum
659 1992 887 2053 meritis,
925 1990 1018 2043 sed
1062 1989 1187 2057 quia
1222 1987 1478 2042 bonitatis
1526 1994 1627 2039 tua:
1674 1985 1979 2038 condeceus

399 2093 501 2139 est.
550 2082 684 2137 Nam
731 2081 1000 2151 parcendo
1043 2080 1200 2133 malis
1239 2079 1309 2131 ita
1349 2075 1530 2142 justus
1570 2073 1639 2104 ⁸⁶³
1690 2090 1747 2128 cs
1787 2088 1977 2127 secun-

400 2173 526 2225 dum
560 2181 632 2234 te,
661 2181 715 2223 et
743 2185 847 2223 non
888 2167 1181 2222 secundum
1215 2180 1342 2233 nos;
1374 2164 1516 2219 sicut
1562 2162 1872 2216 misericors
1917 2178 1978 2215 es

400 2259 695 2314 secundum
742 2272 865 2322 nos,
905 2265 960 2312 et
994 2271 1099 2311 non
1129 2257 1424 2311 secundum
1458 2262 1539 2317 te;
1572 2252 1827 2321 quoniam
1873 2251 1980 2305 sal-

398 2352 577 2405 °~raudo
604 2364 878 2418 nos,quos
906 2349 1049 2418 justc
1066 2348 1343 2417 perderes,
1378 2346 1517 2400 sicut
1553 2344 1865 2398 misericors
1892 2358 1969 2406 es,

400 2455 508 2494 non
538 2440 661 2508 quia
706 2446 759 2493 tu
806 2439 1010 2493 sentias
1045 2437 1317 2501 allectum,
1360 2434 1455 2490 sed
1502 2436 1629 2504 quia
1667 2448 1766 2488 nos
1811 2434 1981 2486 senti-

402 2541 524 2581 mus
550 2526 831 2592 etl‘ectum;
864 2527 938 2580 ita
974 2527 1153 2596 justus
1177 2542 1256 2591 es,
1288 2541 1393 2579 non
1436 2525 1564 2594 quia
1598 2523 1751 2577 nobis
1781 2521 1979 2577 reddas

402 2619 663 2682 debitum,
711 2619 804 2673 sed
847 2618 973 2687 quia
1002 2616 1137 2673 lacis
1178 2617 1321 2686 quod
1365 2618 1520 2671 decet
1568 2626 1618 2671 te
1646 2629 1857 2670 summe
1884 2615 1981 2669 bo-

403 2725 552 2764 num.
600 2710 691 2765 Sic
732 2711 913 2780 itaque
949 2711 1066 2764 sine
1099 2710 1454 2779 repugnantia
1492 2707 1640 2776 juste
1694 2696 1983 2778 punis,'et
2010 2750 2015 2763 ,η

398 2799 543 2868 iuste
570 2803 772 2869 parcis.

1007 2889 1235 2945 CAPUT
1284 2889 1373 2944 XI.

404 2982 677 3046 Quomodo
703 2984 954 3037 universw
980 2976 1074 3037 vite
1105 2982 1316 3035 Domini
1350 2982 1707 3036 misericordia
1738 2994 1785 3036 et
1840 2985 1977 3036 ueri-

474 3066 585 3114 tas;
616 3065 665 3105 et
694 3065 866 3106 tamen
890 3053 1068 3121 justus
1094 3052 1345 3105 Dominus
1370 3054 1424 3104 in
1455 3052 1692 3121 omnibus
1725 3054 1818 3106 viis
1846 3054 1974 3104 suis.
2008 3039 2049 3094 (ἒ

482 3151 545 3162 -~
569 3122 699 3191 Capi
723 3123 1019 3191 nullatenus
1041 3131 1203 3188 potest
1241 3138 1336 3173 cur
1374 3122 1438 3173 dc
1478 3120 1668 3191 malis,
1690 3122 1782 3174 llos
1814 3124 1978 3188 magis

474 3189 654 3247 solvet
687 3206 869 3263 quam»
900 3190 1039 3253 illos,
1086 3206 1179 3259 per
1230 3205 1488 3263 summam
1551 3189 1831 3242 bonitatem
1866 3199 1979 3263 :_et

477 3264 593 3315 illos
632 3258 796 3330 magis
835 3261 1044 3312 damnet
1075 3275 1231 3323 quam
1278 3262 1423 3321 istos,
1472 3274 1564 3326 per
1599 3274 1857 3311 summam
1887 3258 1983 3327 ju-

476 3343 693 3386 ειιειαηι.

479 3423 586 3476 Sed
616 3421 855 3490 nunquid
882 3420 1044 3475 etiam
1077 3433 1180 3473 non
1211 3428 1294 3473 est
1330 3419 1535 3489 justum
1581 3420 1876 3473 secundum
1910 3430 1981 3487 te,

404 3515 657 3579 Domine,
704 3522 766 3566 ut
810 3511 980 3565 malos
1024 3511 1257 3581 punias?
1296 3510 1509 3564 Justum
1549 3512 1749 3581 quippe
1793 3522 1895 3578 est,
1938 3523 1986 3567 te

404 3606 490 3661 sic
510 3619 629 3659 csse
647 3603 877 3672 justum,
904 3612 961 3656 ut
979 3602 1178 3672 justior
1200 3618 1437 3671 nequeas
1456 3604 1684 3671 cogitari
1707 3603 1778 3634 ‘5‘
1804 3622 1817 3656 :
1844 3605 1985 3673 quod

407 3714 749 3771 nequaquam
796 3713 964 3763 esses,
1010 3700 1055 3752 si
1112 3706 1318 3752 tantum
1368 3698 1524 3751 bonis
1564 3699 1725 3761 bona,
1777 3704 1831 3750 et
1877 3710 1984 3748 non

409 3792 569 3847 malis
604 3776 853 3844 m'mala
889 3790 1164 3845 redderes.
1219 3788 1426 3845 Justior
1474 3791 1618 3844 enim
1666 3798 1750 3843 est
1793 3788 1883 3856 qui
1933 3795 1989 3840 et

410 3883 651 3939 bonis‘ct
687 3881 865 3946 malis,
894 3896 1055 3950 quam
1103 3881 1195 3949 qui
1237 3882 1391 3935 bonis
1424 3888 1632 3934 tantum
1669 3880 1859 3935 merita
1905 3893 1989 3931 rc-

398 3964 620 4029 tribuit.
646 3973 855 4028 .lustum
890 3973 1053 4042 igitur
1077 3980 1160 4028 est
1188 3973 1483 4027 secundum
1527 3982 1598 4038 te,
1624 3972 1772 4041 juste
1801 3981 1855 4025 et
1895 3973 1990 4025 be-

411 4062 579 4129 nigne
606 4062 769 4125 Deus,
808 4069 861 4114 et
891 4074 1011 4113 cum
1041 4062 1221 4129 punis,
1254 4070 1307 4113 et
1341 4075 1462 4113 cum
1493 4061 1691 4130 parcis.
1726 4062 1865 4116 Vere
1894 4060 1991 4129 igi-

417 4162 505 4205 tur
556 4152 806 4205 universa:
851 4151 947 4204 via:
1003 4151 1213 4204 Domini
1260 4152 1620 4206 misericordia
1696 4164 1743 4208 et
1803 4153 1991 4207 veritas

417 4242 592 4314 (Ptol.
624 4258 771 4310 xxrv,
808 4241 924 4312 IO);
952 4251 1007 4296 et
1036 4251 1212 4296 tamen
1236 4242 1415 4311 justus
1446 4244 1695 4298 Dominus
1722 4247 1777 4299 in
1818 4250 1990 4300 omni-

414 4334 513 4386 bus
546 4334 639 4387 viis
662 4335 773 4386 suis
801 4330 972 4403 (Ptol.
1001 4346 1179 4398 cxuv,
1212 4333 1320 4403 I7).
1353 4332 1419 4385 Et
1447 4334 1631 4402 utique
1673 4335 1788 4389 sine
1832 4351 1989 4405 repu-
2026 4362 2069 4415 ι)

411 4425 661 4494 gnantia;
692 4424 817 4493 quia
846 4438 982 4493 quos
1020 4424 1102 4477 vis
1140 4424 1355 4492 punire,
1394 4440 1500 4479 non
1537 4434 1620 4479 est
1641 4424 1848 4493 justum
1888 4429 1993 4482 sal-

417 4514 562 4582 vari;
594 4523 647 4569 et
668 4515 864 4583 quibus
886 4515 965 4569 vis
981 4529 1225 4585 parcere,
1253 4531 1361 4571 non
1387 4525 1468 4571 est
1489 4516 1696 4585 justum
1720 4518 1990 4573 damnari.

415 4605 553 4659 Nam
593 4606 646 4661 id
674 4605 846 4659 solum
871 4605 1077 4675 justum
1107 4615 1212 4673 est,
1244 4608 1387 4675 quod
1412 4608 1521 4674 vis;
1551 4616 1606 4663 et
1637 4623 1743 4662 non
1761 4606 1993 4677 justum,

418 4694 562 4773 quod
590 4710 697 4751 nou
738 4696 837 4750 vis.
880 4695 972 4751 Sic
993 4712 1125 4768 ergo
1149 4699 1393 4752 nascitur
1422 4700 1488 4753 de
1532 4697 1745 4766 justitia
1776 4706 1865 4753 tua
1898 4699 1997 4753 mi-

419 4788 715 4844 sericordia
748 4797 869 4853 tua;
905 4790 1029 4859 quia
1058 4790 1260 4859 justum
1294 4800 1377 4845 est
1421 4798 1472 4845 te
1501 4790 1581 4845 sic
1609 4806 1730 4847 esse
1770 4791 1994 4853 bonum,

422 4888 488 4934 ut
509 4887 565 4934 et
601 4880 874 4949 parcendo
902 4881 976 4934 sis
1010 4880 1184 4935 bonus

424 4982 634 5024 summe
661 4970 838 5039 justus
872 4978 1048 5038 potest
1082 4971 1217 5025 velle
1250 4973 1388 5027 bona
1436 4973 1630 5026 malis?
1660 4972 1766 5028 Sed
1818 4975 1860 5028 si
1910 4988 1995 5028 ut-

423 5074 640 5130 cunque
657 5063 776 5131 capi
804 5061 874 5093 ⁸⁶⁶
893 5072 1067 5129 potest
1096 5077 1192 5116 cur
1216 5062 1387 5117 malos
1414 5073 1565 5133 potes
1587 5064 1723 5119 velle
1747 5065 1958 5119 salvare
1984 5085 1995 5119 :

426 5149 557 5207 illud
628 5162 776 5208 certe
831 5152 974 5207 nulla
1034 5154 1244 5208 ratione
1308 5154 1695 5221 comprehendi
1774 5165 1997 5223 potest,

1225 4899 1237 4934 :
1281 4890 1335 4937 et
1367 4882 1470 4935 hoc
1503 4880 1731 4936 forsitan
1767 4892 1871 4949 est,
1901 4898 1998 4937 cur

2080 452 2221 515 illos,
2249 456 2353 521 'per
2390 469 2654 506 summam
2686 453 3009 515 bonitatem;
3060 462 3113 504 et
3155 452 3274 503 illos
3318 452 3488 519 magis
3520 454 3661 505 dant-

2077 556 2192 603 nes,
2226 556 2384 608 quam
2436 534 2587 603 istos,
2628 557 2720 610 per
2769 530 3366 607 summamjuStitiatu?
3406 540 3498 593 Sic
3533 556 3663 609 ergo

2078 645 2201 684 vere
2245 647 2302 683 cs
2342 632 2629 696 sensilnlis,
2677 633 3040 701 omnipotens,
3103 632 3417 687 misericors
3463 641 3514 685 et
3564 633 3665 685 im-

2078 723 2378 789 passibilis;
2425 724 2876 790 quemmbuodum
2922 724 3127 782 vivens.
3179 725 3417 792 sapiens,
3466 726 3659 785 lonns.

2079 812 2285 870 beatus,
2321 822 2585 878 :eternns;
2616 822 2669 867 et
2696 814 2952 882 quidquid
2991 814 3181 868 melius
3209 824 3294 869 est
3343 830 3465 870 esse
3496 830 3657 883 quam

2080 915 2184 952 llOlI
2219 915 2357 953 CSSC.

2676 991 2901 1045 CAPUT
2946 991 3054 1043 XII.

2082 1078 2233 1140 Quod
2273 1079 2406 1134 Deus
2436 1084 2498 1131 sit
2524 1082 2631 1146 ipsa
2668 1084 2767 1133 t'ilu
2799 1098 2899 1144 qua
2931 1084 3083 1141 uiuit;
3121 1094 3164 1131 ct
3196 1085 3269 1134 sic
3292 1085 3353 1135 de
3379 1086 3657 1139 similibus.

2151 1169 2256 1221 Sed
2298 1179 2444 1223 certe
2491 1172 2750 1238 quidquid
2805 1186 2883 1234 es,
2920 1188 3023 1223 non
3087 1187 3182 1240 per
3217 1173 3359 1228 aliud
3398 1190 3457 1229 es
3497 1193 3657 1245 quam

2080 1275 2173 1327 per
2203 1261 2449 1327 teipsum.
2486 1262 2563 1315 'I‘u
2597 1278 2655 1316 es
2679 1264 2844 1331 igitur
2874 1264 2986 1332 ipsa
3018 1264 3149 1327 vita,
3172 1280 3276 1333 qua
3310 1266 3471 1330 vivis;
3496 1278 3547 1321 et
3578 1284 3662 1322 sa-

2079 1353 2301 1419 pientia,
2334 1370 2436 1423 qua
2466 1354 2637 1423 sapis;
2674 1365 2727 1408 et
2756 1356 2969 1409 bonitas
3000 1356 3136 1424 ipsa,
3162 1372 3266 1425 qua
3293 1356 3447 1413 bonis
3477 1368 3530 1411 et
3552 1372 3663 1414 ma-

2078 1444 2141 1498 lis
2174 1447 2342 1499 bonus
2368 1461 2425 1500 es
2464 1463 2475 1496 :
2515 1455 2566 1499 et
2603 1447 2673 1499 ita
2714 1446 2779 1500 de
2805 1447 3089 1501 similibus.

2674 1538 2902 1591 CAPUT
2932 1538 3063 1590 XIII.

2081 1628 2352 1691 Quomodo
2375 1627 2515 1678 solus
2547 1630 2609 1679 sit
2670 1629 3149 1694 incircumscriptus
3178 1640 3224 1677 ct
3253 1640 3509 1695 u'lrruus;
3546 1649 3662 1685 cum

2149 1699 2242 1748 alii
2274 1698 2487 1763 spiritus
2515 1698 2618 1748 siut
2640 1698 3097 1762 incircumscripti.
3124 1709 3169 1750 et
3195 1703 3373 1749 (πίστ’)ιὶ
3426 1731 3496 1738 —
3528 1701 3663 1753 Nul—

2150 1767 2230 1817 lus
2263 1768 2407 1817 locus
2437 1776 2483 1817 et
2512 1776 2711 1839 tempus
2742 1768 2903 1839 Deum
2934 1767 3189 1839 cohibent.
3217 1766 3319 1819 Sed
3346 1771 3453 1834 ipse
3480 1770 3666 1839 ubique

2074 1852 2077 1853 '
2146 1845 2189 1887 ct
2222 1843 2530 1902 50!)!“L’I'CSI.
2555 1833 2712 1888 Solus
2736 1837 2867 1887 sicut
2890 1851 2991 1887 uon
3021 1836 3229 1899 desiuit,
3253 1840 3326 1889 ita
3356 1833 3457 1890 uou
3486 1833 3665 1909 incipit

2151 1920 2277 1956 esse.

2154 1993 2259 2048 Sed
2303 2008 2463 2048 omne
2522 1994 2663 2063 quod
2695 1994 2954 2047 clauditur
3006 1995 3347 2064 aliquatenus
3412 1998 3530 2051 loco
3573 2009 3667 2053 aut

2084 2093 2341 2155 tempore,
2393 2087 2569 2140 minus
2608 2096 2882 2154 estquam
2916 2089 3055 2155 quod
3098 2090 3238 2140 titillat
3286 2089 3371 2143 lex
3418 2088 3519 2144 lbci
3574 2100 3665 2145 aut

2082 2176 2339 2243 temporis
2366 2184 2579 2231 coercet
2619 2174 2710 2227 “7.
2742 2175 3006 2239 Quoniam
3058 2190 3185 2245 ergo
3235 2178 3407 2244 majus
3439 2186 3491 2232 te
3533 2178 3666 2233 nihil

2080 2275 2159 2319 est
2181 2306 2194 2328 ,
2224 2265 2402 2318 nullus
2433 2265 2582 2319 locus
2610 2248 2703 2319 aut
2746 2275 2957 2332 tempus
2988 2274 3039 2319 te
3072 2267 3308 2328 cohibet.
3348 2267 3440 2321 sed
3470 2268 3667 2335 ubique

2080 2364 2133 2408 et
2169 2370 2385 2423 semper
2414 2342 2471 2410 es
2500 2370 2515 2408 :
2559 2358 2699 2425 quod
2730 2357 2855 2424 quia
2888 2357 2954 2409 de
2988 2365 3036 2409 te
3064 2356 3178 2409 solo
3213 2355 3514 2425 dicipotcst
3540 2376 3556 2414 :
3585 2358 3664 2413 Tu

2083 2442 2230 2499 solu's
2256 2446 2757 2515 incircumscriptus
2778 2461 2837 2499 es
2859 2436 2933 2499 ct'
2961 2454 3221 2498 :eternus.
3255 2446 3536 2511 Quomodo
3564 2450 3665 2520 igi-

2086 2544 2174 2589 tur
2224 2534 2475 2589 dicnntnr
2532 2545 2589 2590 et
2645 2537 2735 2590 alii
2813 2539 3036 2606 spiritus
3094 2536 3552 2608 incircumscﬁpti
3613 2552 3667 2597 et

2083 2626 2311 2681 :eterni?
2353 2627 2419 2681 Et
2464 2627 2683 2696 quidem
2732 2630 2881 2682 solus
2928 2646 2986 2684 es
3031 2642 3297 2697 mternus;
3347 2633 3471 2701 quia
3518 2630 3676 2689 solus~

2083 2714 2323 2771 omnium
2359 2717 2499 2769 sicut
2533 2732 2636 2769 non
2663 2717 2896 2785 desinis,
2930 2721 3007 2773 sic
3044 2722 3147 2775 non
3180 2722 3371 2791 incipis
3394 2737 3534 2777 esse.
3562 2723 3667 2778 Sed

2084 2804 2353 2872 quomodo
2377 2804 2523 2858 solus
2551 2821 2610 2859 es
2648 2807 3185 2878 incircumscriptus?
3210 2811 3289 2864 An
3315 2823 3531 2867 creatus
3559 2814 3671 2880 spi-

2084 2892 2223 2946 ritus
2244 2893 2310 2945 ad
2354 2901 2405 2947 te
2433 2893 2680 2959 collatus,
2716 2905 2801 2949 est
2832 2896 2901 2927 ⁸¹²⁸
2926 2899 3408 2969 circumscriptus;
3438 2903 3505 2955 ad
3536 2917 3663 2955 cor-

2081 2997 2183 3051 pus
2212 2999 2361 3047 vero,
2393 2986 2915 3057 incircumscriptus.
2948 2989 3152 3060 Nempe
3182 2994 3406 3046 omnino
3432 2995 3669 3049 circum-

2085 3073 2345 3141 scriptum
2404 3084 2507 3138 est,
2562 3078 2704 3142 quod
2757 3094 2876 3131 cum
2928 3080 3126 3133 alicubi
3184 3090 3354 3137 totum
3405 3092 3504 3142 est.
3558 3098 3664 3136 non

2084 3156 2447 3249 potestsimul
2474 3179 2591 3218 esse
2618 3166 2744 3218 alibi
2775 3183 2787 3219 :
2818 3170 2959 3234 quod
2999 3170 3063 3224 de
3090 3172 3218 3225 solis
3247 3175 3531 3241 corporeis
3555 3190 3671 3229 cer-

2089 3252 2252 3306 nitur.
2293 3254 2822 3325 lncircumscriptum
2856 3274 3005 3323 vero,
3045 3260 3184 3326 quod
3228 3262 3387 3314 simul
3422 3272 3506 3316 est
3548 3263 3669 3318 ubi-

2089 3356 2195 3410 que
2225 3352 2393 3396 totum
2422 3362 2433 3394 :
2460 3345 2601 3413 quod
2627 3347 2693 3397 de
2720 3356 2767 3399 te
2799 3347 2915 3401 solo
2941 3348 3285 3418 intelligitur.
3313 3351 3671 3407 Circumscri-

2090 3442 2447 3501 ptutnautem
2489 3436 2646 3488 simul
2691 3447 2744 3489 et
2795 3437 3327 3509 ineircumscriptum
3373 3452 3480 3507 est,
3527 3446 3669 3511 quod

2091 3544 2212 3582 cum
2240 3528 2434 3584 alicubi
2461 3530 2529 3584 sit
2563 3539 2750 3596 totum,
2783 3540 2961 3600 potest
2985 3534 3141 3586 simul
3168 3548 3290 3588 esse
3314 3543 3481 3588 totum
3508 3534 3672 3601 alibi,

2092 3636 2197 3673 non
2243 3630 2423 3673 tamen
2456 3621 2656 3689 ubique
2690 3641 2700 3674 :
2746 3624 2887 3691 quod
2917 3626 2981 3678 de
3020 3628 3217 3683 creatis
3261 3628 3544 3696 spiritibus
3574 3644 3672 3683 co-

2090 3715 2387 3781 gnoscitur.
2425 3714 2479 3765 Si
2514 3716 2655 3767 enim
2688 3730 2793 3768 non
2832 3726 2977 3769 esset
3004 3719 3182 3773 anima
3219 3728 3328 3773 tota
3363 3722 3414 3774 in
3446 3722 3673 3790 singulis

2092 3806 2347 3859 membris
2378 3806 2459 3858 sui
2491 3806 2753 3872 corporis,
2788 3822 2893 3860 non
2932 3809 3160 3863 sentiret
3187 3818 3295 3863 tota
3335 3811 3386 3863 in
3421 3811 3669 3879 singulis.
3726 3846 3735 3853 .

2093 3896 2170 3949 Tu
2200 3911 2350 3966 ergo,
2402 3896 2644 3961 Domine,
2697 3896 3043 3965 singulariter
3080 3914 3139 3953 es
3178 3899 3675 3970 incircumscriptus

2095 3997 2147 4040 et
2168 3997 2430 4049 :cternus;
2463 3996 2515 4041 et
2553 3999 2731 4040 tamen
2773 3997 2829 4042 et
2858 3988 2948 4042 alii
2992 3991 3062 4024 ⁸⁵⁸
3098 3992 3325 4060 spiritus
3352 4002 3480 4046 sunt
3512 3994 3673 4047 incir-

2094 4080 2406 4149 cumscripti
2434 4092 2489 4135 et
2518 4083 2728 4135 aeterni.

2682 4171 2911 4228 CAPUT
2952 4174 3090 4227 XIV.

2098 4268 2393 4334 Quomodo,
2418 4276 2469 4340 et
2502 4283 2597 4320 cur
2626 4266 2851 4387 videtur;
2882 4276 2927 4318 et
2961 4282 3063 4318 non
3089 4266 3292 4318 videtur
3323 4266 3461 4319 Deus
3482 4284 3512 4318 a
3535 4283 3681 4335 qua:-

2688 4348 2819 4387 rentt
2860 4353 2918 4387 us
2948 4352 3086 4387 cum.
3522 4386 3525 4387 ,

2688 4348 2918 4389 rentibus
2948 4352 3086 4388 cum.

2170 4429 2249 4482 An
2278 4427 2553 4491 invenisti,
2590 4425 2770 4483 anima
2811 4440 2952 4488 mea,
2984 4425 3126 4493 quod
3165 4426 3482 4494 quaerebas?
3521 4424 3683 4491 Qum-

2102 4519 2259 4572 rebus
2285 4516 2477 4580 Deum,
2516 4514 2768 4569 invenisti
2809 4528 2933 4567 eum
2971 4528 3092 4567 esse
3123 4513 3379 4582 quiddam
3413 4528 3682 4566 summum

2102 4608 2366 4671 oumium,
2410 4621 2517 4676 quo
2561 4603 2695 4658 nihil
2739 4602 2932 4657 melius
2964 4602 3191 4672 cogitari
3238 4610 3454 4673 potest;
3498 4602 3685 4656 ethoc

2104 4713 2225 4753 esse
2268 4698 2435 4751 vitam
2484 4696 2677 4766 ipsam,
2720 4696 2915 4758 lucem,
2965 4695 3309 4763 sapientiam,
3361 4695 3680 4754 bonitatem,

2105 4799 2364 4844 mternam
2415 4786 2805 4841 beatitudinem
2841 4793 2897 4840 et
2942 4785 3157 4838 beatam
3196 4782 3584 4843 aeternitatem;
3630 4788 3686 4833 et

2098 4880 2203 4933 hoc
2235 4891 2355 4932 esse
2393 4876 2593 4945 ubique
2632 4883 2687 4929 et
2725 4887 2959 4941 semper.
3011 4870 3142 4923 Nam
3189 4869 3233 4922 si
3280 4882 3385 4921 non
3426 4868 3681 4921 invenisti

2103 4971 2270 5024 Deum
2298 4977 2471 5031 tuum,
2498 4964 2765 5034 quomodo
2804 4971 2890 5016 est
2928 4960 3016 5013 ille
3060 4961 3184 5023 hoc,
3222 4957 3368 5026 quod
3408 4956 3719 5037 invenisti,‘

2102 5068 2156 5114 et
2188 5058 2331 5129 quod
2369 5056 2515 5110 illum
2547 5063 2653 5106 tam
2691 5061 2837 5107 certa
2864 5050 3091 5103 veritate
3115 5058 3171 5104 et
3198 5064 3333 5103 vera
3361 5047 3688 5122 certitudine

2106 5148 2451 5208 intellexisti?
2503 5146 2558 5198 Si
2598 5158 2722 5197 vero
2761 5141 3047 5205 invenisti,
3082 5141 3212 5210 quid
3261 5153 3345 5198 est
3394 5142 3535 5212 quod
3581 5154 3684 5192 non

1702 5266 1929 5322 VARIIE
1986 5262 2382 5324 LECTIONES.

496 5361 569 5395 ⁸⁸³
595 5360 742 5415 Malis
768 5362 837 5413 ita
855 5360 1032 5425 justus
1058 5376 1156 5413 ms.
1182 5356 1366 5411 Cister.
1392 5357 1547 5410 malis
1564 5358 1744 5425 justus

428 5448 538 5487 non
564 5430 715 5485 malis
744 5419 1004 5481 mszhu.
1032 5430 1155 5482 451.
1186 5438 1239 5482 et
1264 5428 1416 5498 malis
1488 5419 1650 5498 "VA.
1677 5427 1979 5495 Utrumque
2002 5419 2119 5498 cupi
2145 5446 2267 5481 mss.
2286 5419 2588 5489 utcumque
2612 5419 2730 5498 capi

1852 5360 1922 5389 3“
1951 5360 2195 5428 Nequeas
2216 5353 2440 5425 cogitari
2471 5367 2570 5404 ms.
2608 5349 2743 5428 Tini.
2932 5358 3164 5428 nequeat
3192 5347 3458 5428 “cogitari.
3509 5342 3579 5423 ‘f‘
3618 5343 3688 5428 Et

2835 5419 2903 5449 ⁸⁵⁷
2939 5413 3090 5485 Quod
3115 5421 3256 5474 nulla
3283 5413 3394 5472 "lex
3447 5413 3690 5485 loci__aut

431 5480 1658 5571 tetiiperisﬁcoercetnms.Tua.lii-laquetliex
1692 5480 1793 5551 loci
1825 5480 1917 5550 au't
1942 5480 2199 5571 temporis
2225 5512 2332 5551 non
2364 5480 2577 5549 coercet
2649 5480 2720 5521 θδδ
2744 5480 3008 5555 Collatus,
3042 5491 3113 5544 sit
3142 5506 3264 5541 mss.
3301 5486 3434 5538 Tim.
3460 5494 3507 5536 et
3549 5480 3681 5533 Vict.

428 5565 678 5638 collatus,
702 5578 782 5624 est
852 5566 999 5619 ⁸⁶⁹Ει
1024 5575 1199 5619 tamen
1230 5578 1285 5620 et
1305 5568 1394 5622 alii
1418 5565 1517 5622 ius.
1548 5565 1739 5623 Cister.
1772 5577 1827 5623 et
1851 5581 2031 5623 tamen
2057 5565 2169 5623 alii.

692 5661 984 5747 Ριτιιοι.
1029 5655 1295 5720 CLVIII.

3252 5653 3294 5711 8

3874 5878 4117 6139 ί
