4226 6202
923 0 1208 16 atm

1215 2 1544 16 Μ

1543 4 2068 14 *μά-ωδ..--.εν-----.-
2109 6 2146 10 -.

553 177 661 236 955
859 153 871 163 ’
1071 172 1130 228 S.
1177 164 1480 242 ANSEIMI
1515 159 1868 219 CANTUAR.
1911 154 2230 213 ARCIIIEP.
2271 153 2423 212 OPP.
2473 145 2659 207 PARS
2691 149 2730 205 1.
2773 179 2841 189 -—-
2879 146 3299 205 DOCMATICA.
3711 144 3824 204 256

551 291 724 350 scutis
757 291 899 360 quod
939 283 1223 342 invenisti?
1266 279 1374 334 Cur
1399 291 1524 331 .non
1571 285 1624 330 te
1662 271 1860 338 sentit,
1902 271 2131 328 Domine
2163 275 2209 334 Α
2239 269 2434 322 animm
2474 281 2610 322 mea:
2646 266 2736 320 diu
2782 263 3066 318 intendere
3114 261 3165 315 in
3199 259 3364 314 illam.
3408 258 3825 319 Reverberatur

494 415 497 417 -
552 345 719 447 Deus,
757 345 933 433 anima
966 389 1118 436 mea,
1167 371 1211 424 si
1254 367 1461 421 invenit
1502 365 1589 420 te?
1628 365 1709 420 An
1758 377 1865 417 non
1909 361 2134 422 invenit,
2245 356 2470 425 fulgore,
2500 353 2734 407 vincitur
2754 350 3127 422 amplitudine,
3149 346 3397 402 obruitur
3432 345 3820 416 immensitate,

553 435 719 543 quem
746 468 946 526 Invenit
971 478 1092 520 esse
1108 435 1293 516 lucem
1317 454 1388 491 ⁸⁷⁸
1417 466 1472 514 et
1499 451 1824 511 veritatem?
1853 449 2136 520 Quomodo
2242 443 2592 543 confunditur
2627 443 2952 511 capacitate.
2989 439 3036 497 Ο
3063 452 3274 496 summa
3331 442 3390 491 et
3432 435 3823 492 inaccessibilis

552 517 786 628 dantque
827 553 1089 609 intellexit
1113 551 1240 614 hoc,
1279 547 1381 602 nisi
1408 546 1638 601 videndo
1672 545 1846 624 lucem
1879 517 1945 596 et
1990 540 2133 595 veri-
2241 517 2374 592 lux?
2399 536 2442 592 Ο
2475 542 2606 596 tota,
2639 540 2694 586 et
2740 534 2893 586 beata
2922 531 3146 593 veritas,
3173 541 3335 597 quam
3370 525 3525 594 longe
3551 535 3610 577 es
3650 537 3680 575 a
3711 537 3821 591 me,

478 667 485 675 κ
553 617 760 704 tatem?
789 646 900 699 Aut
928 641 1105 712 potuit
1131 639 1354 694 omnino
1379 635 1583 705 aliquid
1614 617 2024 703 intelligerede
2062 621 2135 694 te',
2239 626 2332 697 qui
2365 634 2472 678 tam
2520 635 2685 690 prope
2717 620 2808 674 tibi
2849 622 3005 674 sum!
3051 617 3225 685 Quam
3271 623 3476 670 remota
3506 627 3562 668 es
3608 627 3638 665 a
3687 625 3823 665 con-

549 736 652 790 nisi
689 749 788 806 per
833 701 1009 789 lucem
1065 739 1212 784 tuam
1257 737 1311 780 et
1351 701 1635 780 veritatem
1678 701 1872 776 tuam?"
1899 719 1955 775 Si
2005 732 2139 788 ergo
2240 722 2428 784 spectu
2463 725 2604 775 meo,
2651 711 2770 806 qui:
2796 710 2873 762 sic
2901 710 3161 778 praesens,
3195 723 3313 762 sum
3345 701 3657 773 conspectui
3689 701 3818 756 tuo!

550 791 901 880 vidit'lucem
946 829 1002 875 et
1033 820 1317 874 veritatem
1340 856 1355 880 ,
1386 814 1519 868 vidit
1544 820 1593 864 te
1631 827 1644 863 :
1676 810 1720 863 si
1755 823 1859 862 non
1889 807 2024 860 vidit
2049 812 2133 868 te,
2235 801 2449 880 ‘Ubique
2487 811 2546 852 es
2581 805 2692 850 tota
2714 791 2786 829 ⁸⁷⁸
2813 811 3076 866 pnescns,
3119 797 3174 852 et
3211 812 3318 849 non
3365 803 3416 848 te
3458 793 3635 847 video.
3681 791 3738 846 ln
3770 799 3827 846 te
3916 841 3917 848 η

549 931 655 971 non
679 914 816 970 vidit
841 914 1014 968 lucem
1063 923 1163 963 nec
1188 875 1494 974 veritatem.
1537 901 1621 953 An
1651 909 1706 953 et
1737 897 1936 952 veritas
1963 901 2016 949 et
2043 891 2132 947 lux
2235 875 2460 944 moveor
2485 895 2540 941 et
2567 886 2623 940 in
2655 895 2709 939 te
2736 900 2876 952 sum,
2909 893 2966 941 et
2985 885 3054 955 ad
3077 893 3130 938 te
3158 898 3263 937 non
3298 895 3518 952 possum
3544 879 3821 936 accedere.

694 967 845 1073 quod
887 1000 1048 1061 vidit;
1099 1003 1156 1050 et
1203 969 1381 1048 tamen
1425 990 1663 1048 nondum
1709 997 1761 1041 te
1805 985 1960 1049 vidit,
2006 983 2133 1060 quia
2236 979 2384 1034 intra
2433 994 2519 1034 me
2548 986 2602 1032 et
2631 976 2776 1031 circa
2820 991 2904 1031 me
2933 990 3016 1041 es,
3043 982 3097 1029 et
3124 989 3228 1028 non
3264 981 3315 1027 te
3343 971 3534 1026 sentio.
3787 967 3791 974 ’

551 1096 682 1151 vidit
716 1104 769 1148 te
799 1083 1142 1159 aliquatenus
1169 1087 1272 1152 57‘;
1311 1085 1405 1141 sed
1437 1097 1542 1138 non
1579 1079 1710 1141 vielit
1740 1079 1811 1110 3"
1857 1085 1929 1153 te,
1975 1075 2134 1132 sicuti

548 1187 640 1239 es?
690 1183 917 1237 Domine
966 1181 1108 1238 Deus
1162 1193 1334 1240 meus,
1392 1175 1656 1235 formator
1703 1181 1755 1224 et
1810 1169 2135 1224 reformator

548 1291 723 1341 mens,
757 1275 844 1328 dic
871 1270 1204 1332 desideranti
1256 1264 1362 1338 33
1403 1267 1595 1320 anima!
1623 1278 1780 1327 mere,
1819 1261 1947 1330 quid
1991 1257 2135 1314 aliud

546 1378 608 1419 es
631 1378 794 1434 quam
825 1361 969 1429 quod
995 1358 1145 1417 vidit,
1179 1365 1240 1410 ut
1266 1361 1402 1426 pure
1443 1353 1628 1408 videat
1666 1350 1810 1421 quod
1837 1347 2130 1404 desiderat.

548 1454 783 1508 lntendit
820 1467 897 1512 se,
929 1460 989 1504 ut
1028 1448 1146 1518 plus
1175 1446 1392 1510 videat;
1421 1452 1478 1500 et
1516 1441 1651 1498 nihil
1681 1441 1831 1496 videt
1860 1438 2002 1493 ultra
2031 1439 2136 1493 hoc

547 1544 690 1614 quod
721 1543 875 1605 vidit,
923 1541 1027 1596 nisi
1069 1539 1343 1594 tenebras.
1381 1537 1495 1591 lmo
1541 1550 1646 1591 non
1688 1533 1838 1589 videt
1876 1531 1950 1564 ⁸⁷³
1984 1540 2136 1586 tene-

2805 1103 3035 1188 (ZAPUT
3074 1071 3252 1160 xvu.

2237 1219 2389 1284 Quod
2425 1219 2478 1273 in
2508 1217 2614 1290 Deo
2652 1217 2725 1290 sit
2748 1217 3045 1290 harmonia,
3068 1216 3245 1290 _odo_r,_
3266 1191 3446 1290 super,
3475 1215 3677 1290 levitas
3727 1211 3820 1279 "’,

2517 1285 2877 1357 pulchritudo,
2927 1302 3022 1339 suo
3061 1283 3318 1354 ine/j‘abili
3363 1285 3536 1337 modo.

2305 1381 2498 1436 Adhuc
2541 1379 2703 1445 lates,
2756 1377 3000 1443 Domine,
3033 1377 3269 1430 animam
3314 1387 3488 1428 meam
3517 1372 3572 1440 in
3603 1372 3723 1447 luce
3759 1378 3820 1429 et

2235 1467 2574 1524 beatitudine
2607 1477 2732 1538 tua;
2765 1475 2835 1537 et
2865 1467 3064 1521 idcirco
3111 1470 3361 1519 versatur
3406 1460 3494 1516 illa
3536 1460 3716 1519 adhuc
3764 1461 3820 1515 in

2241 1561 2501 1624 tenebris,
2529 1569 2585 1615 et
2615 1560 2835 1614 miseria
2863 1573 2983 1612 sua.
3027 1553 3410 1624 Circumspicit
3441 1551 3587 1607 enim
3631 1559 3687 1604 et
3713 1563 3824 1604 non

548 1638 698 1721 pras'
737 1649 859 1705 qm“
902 1631 1058 1688 "una:
1095 1639 1220 1688 sum
1249 1630 1306 1692 in
1338 1635 1432 1721 ie“
1461 1626 1821 1721 sedvidelfc
1857 1639 1968 1721 _"°"
2012 1624 2135 1721 plus
2168 1612 2211 1671 Β
2406 1612 2871 1721 puicbritudiuem
2908 1655 3077 1700 tuam.
3108 1612 3414 1706 Auscultat,
3448 1648 3505 1694 et
3541 1653 3647 1694 non
3673 1636 3826 1692 audit
3918 1674 3919 1677 η

545 1719 708 1794 posse
738 1723 941 1785 videre,
976 1727 1196 1791 propter
1239 1716 1492 1772 tenebras
1527 1730 1677 1771 suas.
1701 1713 1830 1792 Cur
1857 1715 1982 1780 hoc,
2029 1711 2135 1768 Do-

547 1815 713 1880 mine,
745 1829 843 1869 cur
871 1808 1008 1868 hoc?
1050 1811 1391 1868 Tenebratur
1425 1809 1616 1864 oculus
1651 1808 1768 1877 eius
1798 1806 1869 1840 ⁸⁷⁵
1911 1803 2138 1861 infirmi-

550 1914 660 1962 tate
694 1920 817 1968 sua,
849 1912 941 1958 aut
971 1904 1351 1960 reverberatur
1383 1898 1593 1970 fulgore
1623 1899 1751 1953 tuo?
1777 1897 1883 1952 Sed
1911 1904 2059 1951 certe
2082 1902 2138 1950 et

549 1996 864 2052 tenebratnr
895 1997 947 2048 in
989 2006 1070 2059 se,
1109 2003 1164 2048 et
1204 1991 1589 2047 reverberatur
1629 2002 1657 2042 a
1712 1997 1781 2043 te.
1831 1985 2032 2056 Utique
2081 1991 2138 2039 et

553 2088 871 2143 obscuratur
903 2101 999 2140 sua
1039 2085 1328 2150 brevitate,
1357 2091 1410 2138 et
1449 2079 1700 2136 obruitur
1742 2085 1831 2133 tua
1862 2072 2140 2130 immensi-

553 2185 680 2231 tate.
715 2175 852 2230 Vere
887 2183 942 2230 et
983 2173 1327 2230 contrahitur
1360 2171 1618 2241 angustia
1651 2183 1772 2234 sua,
1813 2175 1867 2222 et
1901 2164 2137 2220 vincitur

555 2267 902 2337 amplitudine
929 2275 1036 2320 tua.
1071 2265 1282 2332 Quanta
1308 2243 1543 2331 namque
1570 2269 1651 2316 est
1681 2259 1769 2314 lux
1795 2259 1905 2322 illa,
1933 2257 2000 2311 de
2027 2269 2133 2326 qua

550 2359 710 2412 micat
737 2370 901 2412 omne
927 2369 1138 2430 verum,
1166 2354 1311 2424 quod
1355 2350 1602 2408 rationali
1644 2349 1814 2404 menti
1846 2349 1990 2401 lucet
2026 2345 2137 2398 '7‘?

545 2445 720 2513 Quam
768 2443 944 2514 ampla
993 2451 1076 2499 est
1117 2443 1206 2498 illa
1237 2442 1465 2506 veritas,
1509 2441 1564 2495 in
1601 2454 1708 2509 qua
1752 2446 1836 2493 est
1875 2437 1948 2471 3"
1978 2450 2140 2492 omne
2174 2491 2178 2504 η

471 2523 477 2529 ’
548 2538 693 2608 quod
724 2549 917 2616 verum
961 2545 1077 2600 est;
1124 2543 1180 2590 et
1222 2542 1378 2588 extra
1425 2546 1588 2601 quam
1631 2529 1852 2584 nonnisi
1903 2517 2054 2582 nihil
2087 2535 2142 2582 et

549 2629 747 2684 falsum
782 2628 900 2683 est?
940 2626 1114 2695 Quam
1157 2625 1420 2680 immensa
1465 2631 1570 2686 est,
1616 2636 1736 2690 qua:
1781 2635 1889 2675 uno
1941 2619 2137 2673 intuitu

550 2719 700 2775 videt
731 2733 1092 2789 quaecunque
1151 2709 1291 2770 facta
1345 2722 1496 2790 sunt,
1560 2723 1614 2766 et
1665 2726 1696 2764 a
1745 2696 1891 2790 quo,
1940 2719 1988 2763 et
2042 2723 2139 2776 per

551 2825 738 2880 quem,
770 2819 823 2865 et
851 2785 1123 2880 quomodo
1155 2807 1219 2861 de
1268 2785 1438 2858 nihilo
1485 2803 1627 2856 facta
1675 2803 1834 2854 sunt?
1865 2785 2008 2866 Quid
2039 2799 2145 2877 pus

549 2899 763 2963 ritatis,
818 2899 947 2967 quid
1002 2895 1399 2967 simplicitatis,
1448 2891 1578 2963 quid
1645 2889 2024 2952 certitudinis,
2082 2895 2139 2942 et

2242 1741 2581 1798 harmoniam
2625 1748 2793 1794 tuam.
2824 1735 3042 1803 Olfacit,
3085 1742 3141 1814 et
3188 1745 3294 1787 non
3340 1729 3571 1800 percipit
3598 1727 3823 1783 odorem

2244 1843 2413 1889 tuum.
2441 1830 2657 1897 Gustat,
2689 1837 2742 1883 et
2772 1843 2874 1883 non
2918 1823 3197 1898 cognoscit
3217 1835 3464 1892 saporem
3498 1827 3671 1874 tuum.
3700 1814 3825 1871 Pal-

2239 1931 2350 1992 pat,
2379 1928 2436 1976 et
2467 1935 2575 1975 non
2613 1917 2780 1973 sentit
2824 1917 3095 1971 levitatem
3145 1922 3310 1966 tuam.
3346 1907 3523 1964 llabes
3584 1904 3730 1979 enim
3755 1901 3828 1936 ⁸⁸⁸

2240 1977 2386 2072 inme,
2420 2009 2646 2064 Domine
2687 2007 2854 2069 Deus,
2890 2005 2942 2059 in
2983 2015 3056 2068 te,
3094 2011 3185 2056 tuo
3221 1997 3477 2055 inell‘abili
3519 1977 3701 2058 modo,
3728 1989 3824 2061 qui

2239 2111 2302 2152 ea
2345 2095 2538 2173 dedisti
2572 2091 2735 2149 rebus
2778 2109 2808 2147 a
2848 2103 2900 2147 te
2942 2087 3160 2153 creatis,
3201 2103 3301 2143 suo
3329 2083 3574 2146 sensibili
3622 2073 3820 2146 modo;

2239 2187 2334 2241 sed
2380 2171 2756 2262 ebrigucrunt,
2807 2183 2902 2238 sed
2947 2183 3364 2251 obstupuerunt,
3402 2174 3499 2232 sed
3555 2171 3824 2256 obstructi

2238 2281 2364 2328 sunt
2420 2288 2614 2329 sensus
2670 2273 2865 2327 animae
2917 2285 3052 2338 mea:
3109 2278 3320 2325 vetusto
3381 2267 3640 2336 languore
3699 2275 3827 2333 pee-

2241 2373 2371 2496 Μυῒ
2809 2453 3034 2512 CAPUT
3062 2450 3244 2508 XYlIl.

2243 2565 2310 2596 ⁸⁸¹
2344 2565 2497 2632 Quod
2515 2564 2664 2625 Deus
2707 2567 2772 2620 sit
2801 2565 2931 2630 vita,
2959 2563 3240 2634 sapientia,
3273 2560 3637 2634 wternitas,_et
3677 2569 3830 2634 omne

2313 2627 2489 2689 verum
2520 2637 2734 2705 bonum.
2778 2664 2844 2676 -—
2883 2627 3157 2702 Quidquid
3187 2643 3282 2705 est_
3305 2628 3539 2705 partibus
3555 2627 3828 2705 junctum,

2315 2721 2418 2757 non
2455 2714 2531 2757 est
2564 2699 2784 2767 oinuino
2816 2693 3009 2765 unum;
3042 2693 3169 2754 'aclu
3204 2698 3282 2753 vel
3305 2693 3575 2751 intellectu
3615 2693 3832 2767 dissolvi

2311 2781 2498 2842 potest.
2534 2764 2832 2842 sapientia,
2865 2761 3151 2842 (vicinitas,
3177 2776 3282 2823 etc.
3306 2805 3322 2833 ,
3349 2780 3452 2819 non
3485 2773 3605 2842 sunt
3640 2761 3832 2842 ξηρεο

2312 2831 2508 2910 partes,
2539 2831 2636 2894 sed
2677 2831 2865 2906 unum,
2911 2840 3163 2910 etipsum
3213 2831 3378 2910 totum
3419 2834 3666 2910 quod-est
3690 2831 3834 2885 Deus

2295 2900 2400 2974 seu
2421 2900 2750 2979 ips'tt'unitas,
2795 2900 2861 2964 ne
2888 2900 3095 2977 quidem
3124 2904 3390 2962 intellectu
3417 2900 3714 2968 divisibilis.

549 2988 851 3060 splendoris
877 2988 966 3043 ubi
994 2987 1113 3042 cSt?
1140 2987 1302 3041 Certe
1332 2984 1451 3055 plus
1482 2981 1644 3054 quatit
1682 2995 1710 3035 a
1750 2987 2004 3036 creatura
2041 2993 2136 3033 va-
2167 2955 2212 3018 C
2795 2955 3668 3064 “Ma,
3696 3005 3833 3046 mm,

472 3153 475 3155 _
549 3078 659 3137 ieat
679 3077 928 3148 intelligi.

1150 3186 1378 3244 CAPUT
1423 3186 1513 3241 XV

778 3302 936 3368 Quod
972 3301 1144 3372 major
1173 3301 1262 3365 sit,
1293 3316 1450 3368 quam
1479 3299 1700 3368 cogitari
1737 3297 1922 3365 possit.

631 3393 793 3462 Ergo,
821 3392 1066 3456 Domine,
1101 3407 1208 3444 non
1241 3391 1414 3445 solum
1452 3404 1512 3444 es
1546 3405 1653 3464 quo
1696 3388 1873 3455 majus
1915 3387 2142 3456 cogitari

555 3482 776 3553 nequit;
810 3483 904 3538 sed
931 3495 990 3538 es
1017 3481 1271 3552 quiddam
1302 3481 1477 3551 majus
1503 3495 1664 3549 quam
1693 3477 1920 3547 cogitari
1945 3475 2141 3548 possit.

556 3575 825 3643 Quoniam
858 3588 1091 3642 namque
1127 3572 1270 3626 valet
1305 3571 1532 3641 cogitari
1570 3585 1690 3624 esse
1723 3569 1926 3638 aliquid
1960 3567 2146 3636 hujus-

560 3664 740 3728 modi;
776 3663 820 3718 si
855 3673 908 3716 tu
952 3676 1057 3717 non
1101 3676 1160 3731 es
1190 3662 1292 3715 hoc
1325 3660 1525 3730 ipsum,
1561 3667 1734 3728 potest
1766 3656 1995 3728 cogitari
2047 3655 2148 3710 ali-

559 3755 688 3826 quid
720 3753 893 3824 majus
916 3761 968 3809 te
996 3770 1007 3806 :
1037 3751 1180 3823 quod
1208 3750 1325 3804 fieri
1357 3750 1561 3819 nequit.

1152 3899 1382 3955 CAPUT
1421 3898 1560 3956 XVI.

708 4015 862 4082 Quod
880 4015 991 4069 ἠως
1016 4014 1080 4069 sit
1114 4012 1512 4075 inaccessibilis,
1539 4027 1697 4081 quam
1722 4011 2002 4082 inhabitat.

637 4109 798 4172 Vere,
832 4107 1078 4171 Domine,
1108 4105 1223 4159 haec
1264 4114 1348 4160 est
1375 4105 1465 4157 lux
1500 4101 1908 4168 inaccessibilis,
1959 4077 2013 4156 in
2041 4115 2146 4170 qua

562 4198 808 4265 habitas;
840 4209 967 4252 vere
991 4195 1278 4253 enimnon
1308 4203 1392 4248 est
1420 4193 1592 4253 aliud,
1621 4193 1764 4262 quod
1790 4192 1949 4278 illanc
1973 4192 2149 4246 lucem

2249 3108 2359 3157 ror,
2389 3102 2442 3146 et
2470 3090 2649 3170 luctus
2675 3091 2942 3160 quaerenti
2969 3087 3226 3157 gaudium
3254 3094 3310 3142 et
3338 3083 3605 3140 laetitiam.
3633 3081 3834 3152 Spera-

2247 3185 2341 3239 bat
2379 3183 2490 3254 jam
2538 3182 2720 3236 anima
2773 3196 2892 3236 mea
2942 3172 3289 3244 satietatem,
3349 3183 3404 3232 et
3453 3186 3581 3230 ecce
3636 3172 3835 3228 iterum

2249 3273 2498 3328 obruitur
2520 3281 2780 3342 egestate.
2807 3268 3136 3326 Affectabam
3159 3268 3273 3339 jam
3299 3265 3609 3331 comedere,
3629 3272 3685 3322 et
3707 3275 3837 3318 ecce
3904 3289 3909 3292 -

2251 3363 2423 3432 magis
2450 3362 2634 3419 esurio
2665 3361 2759 3415 ⁸⁸⁸.
2793 3359 3045 3416 Conabar
3073 3370 3361 3428 assurgere
3397 3355 3466 3410 ad
3505 3354 3683 3410 lucem
3714 3350 3832 3416 Dei,

2252 3463 2308 3507 et
2337 3451 2504 3506 recidi
2535 3451 2588 3504 in
2621 3452 2873 3506 tenebras
2907 3464 3076 3504 meas.
3110 3449 3221 3503 lmo
3245 3461 3352 3505 non
3387 3444 3546 3501 modo
3575 3441 3744 3500 cecidi
3771 3441 3830 3497 in

2254 3556 2371 3606 eas,
2422 3540 2516 3596 sed
2563 3540 2744 3595 sentio
2791 3555 2877 3595 me
2904 3538 3201 3594 involutum
3233 3537 3285 3596 in
3333 3537 3431 3592 eis.
3481 3536 3626 3589 Ante
3657 3531 3832 3588 cecidi

2249 3647 2412 3704 quam
2457 3631 2766 3702 conciperet
2810 3645 2895 3686 me
2926 3639 3099 3685 mater
3145 3642 3284 3684 mea.
3333 3627 3493 3683 Certe
3518 3624 3589 3657 ⁸⁸³
3625 3624 3678 3679 in
3722 3622 3830 3700 illis

2252 3731 2543 3792 conceptus
2559 3733 2701 3787 sum;
2719 3733 2770 3776 et
2792 3735 2912 3776 cum
2934 3735 3120 3776 earum
3144 3718 3493 3776 obvolutione
3509 3724 3668 3770 natus
3693 3727 3837 3770 sum.

2250 3813 2413 3869 Certe
2437 3812 2507 3843 ⁸⁸³
2529 3811 2582 3865 in
2609 3810 2698 3865 illo
2718 3825 2909 3867 onmes
2931 3809 3225 3867 cecidimus
3243 3849 3259 3876 ,
3289 3807 3343 3862 iu
3363 3821 3470 3877 quo
3493 3818 3685 3860 omnes
3713 3816 3835 3874 pec-

2254 3905 2515 3960 cavimus.
2539 3902 2700 3958 lnillo
2721 3917 2910 3957 omnes
2931 3901 3285 3972 perdidimus,
3306 3900 3396 3968 qui
3417 3896 3572 3952 facile
3601 3893 3837 3958 tenebat,
3871 3930 3873 3933 -

2255 4007 2307 4054 et
2345 3997 2486 4052 male
2526 3996 2630 4051 sibi
2689 4005 2743 4051 et
2775 3995 2930 4050 nobis
2965 3994 3218 4064 perdidit,
3253 3990 3396 4062 quod
3439 4004 3560 4045 cum
3593 3985 3842 4042 volumus

2253 4102 2516 4158 quaerere,
2537 4086 2839 4150 nescimus;
2866 4102 2987 4142 cum
3021 4085 3333 4155 qurerimns,
3362 4097 3470 4137 non
3502 4077 3839 4142 invenimus;

2256 4191 2377 4231 cum
2442 4177 2774 4238 invenimus,
2815 4190 2919 4230 non
2962 4183 3045 4230 est
3091 4174 3233 4244 quod
3281 4171 3592 4242 qumrimus.
3635 4165 3842 4236 Adjuva

562 4262 812 4362 penetret
853 4289 946 4354 ⁸⁷⁷,
985 4296 1043 4341 ιιι
1075 4287 1148 4342 ibi
1201 4295 1253 4342 te
1299 4285 1599 4356 pervident.
1639 4256 1809 4340 ’νει-θ*
1842 4284 1965 4338 ideo
2010 4283 2143 4338 hanc

2255 4281 2362 4328 me,
2399 4276 2473 4331 tu,
2519 4273 2738 4335 propter
2771 4266 3067 4320 bonitatem
3099 4273 3288 4329 tuam;
3340 4261 3593 4325 Domine,
3629 4256 3846 4328 quaesivi

567 4397 674 4434 non
703 4380 878 4444 video,
911 4377 1038 4446 quia
1079 4377 1242 4430 nimia
1286 4376 1416 4430 mihi
1446 4386 1558 4441 est;
1591 4385 1646 4430 et
1676 4385 1856 4430 tamen
1886 4375 2151 4445 quidquid

569 4472 724 4526 video
755 4485 850 4540 per
886 4469 1032 4522 illam
1066 4469 1256 4532 .video,
1305 4469 1445 4522 sicut
1482 4467 1728 4522 inﬁrmus
1758 4469 1972 4532 oculus,
2010 4466 2153 4536 quod

565 4563 732 4624 videt,
781 4576 884 4630 per.
921 4560 1096 4613 lucem
1127 4557 1256 4612 solis
1295 4557 1460 4622 videt,
1492 4572 1654 4626 quam
1687 4557 1739 4610 in
1771 4556 1889 4626 ipso
1918 4556 2030 4610 sole
2064 4569 2158 4610 nco

566 4650 972 4719 quitaspicere.
1007 4645 1122 4700 Non
1155 4654 1332 4716 potest
1371 4645 1676 4700 intellectus
1712 4660 1866 4699 meus
1891 4645 1957 4698 ad
1985 4644 2159 4706 illam,

569 4741 734 4794 nimis
767 4740 956 4812 fulget,
1010 4754 1114 4793 non
1163 4737 1308 4808 capit
1359 4737 1529 4804 illam,
1584 4751 1682 4791 nec
1740 4735 1929 4791 suffert
1973 4735 2162 4790 oculus

2255 4354 2454 4411 vultum
2501 4366 2683 4422 tuum;
2714 4355 2912 4409 vultum
2961 4365 3131 4420 tuum,
3175 4353 3412 4416 Domine,
3461 4349 3724 4420 requiram
3750 4347 3842 4411 ⁸⁸⁵,

2260 4463 2324 4500 ne
2345 4455 2551 4500 avertas
2579 4445 2768 4513 faciem
2797 4455 2940 4498 tuam
2973 4463 3004 4498 a
3030 4461 3111 4498 me
3136 4441 3310 4514 (Psal.
3356 4457 3506 4498 xxvn.
3537 4439 3614 4509 8).
3642 4435 3842 4493 Revela

2265 4553 2352 4592 me
2383 4538 2447 4592 de
2489 4553 2575 4592 me
2612 4536 2683 4568 ⁸⁸⁸
2713 4537 2780 4591 ad
2823 4546 2896 4591 te.
2935 4537 3152 4604 Munda,
3201 4550 3358 4602 sana,
3397 4545 3556 4596 acue,
3597 4529 3845 4596 illumina

2266 4627 2480 4682 oculum
2515 4626 2712 4681 mentis
2735 4641 2868 4680 mea:
2894 4637 2950 4680 ut
2979 4627 3254 4682 intueatur
3275 4634 3348 4681 te.
3379 4622 3675 4692 Recolligat
3698 4620 3848 4675 vires

2268 4730 2398 4796 suas
2429 4715 2607 4769 anima
2658 4728 2796 4780 mea,
2849 4724 2902 4768 ct
2956 4722 3068 4769 toto
3101 4713 3374 4768 intellectu
3422 4705 3618 4767 iterum
3672 4707 3850 4762 inten-

1867 4890 2112 4946 N’ARUE
2152 4887 2554 4946 LECTIONES.

647 5033 717 5065 ⁸⁷⁰
768 5033 849 5083 Au
893 5043 1000 5082 non
1045 5026 1247 5080 invenit
1298 5041 1416 5080 esse
1468 5025 1664 5081 lucem‘|
1686 5043 1810 5079 mss.
1855 5041 1920 5079 an
1972 5041 2078 5079 non
2122 5023 2329 5079 invenit
2363 5036 2523 5092 quem
2558 5021 2758 5092 invenit
2788 5034 2936 5092 csse
2978 5019 3156 5092 lucem
3234 5014 3692 5092 8“__l_\liqnatenus
3722 5029 3851 5068 mss.

584 5101 720 5156 Vict.
755 5082 800 5153 et
837 5097 969 5152 'l'liu.
997 5097 1123 5150 451.
1155 5097 1546 5164 aliquantulum
1622 5096 1693 5127 ⁸⁷¹
1741 5099 1802 5149 Et
1856 5112 1959 5149 non
2008 5095 2141 5148 vidit
2169 5111 2295 5148 mss.
2329 5082 2426 5164 se'd
2449 5107 2550 5164 non
2578 5091 2711 5164 vidit
2782 5090 2854 5122 ⁸⁷³
2879 5091 2942 5144 Α.
2975 5091 3214 5164 [inguen
3256 5086 3390 5164 vidit
3426 5101 3554 5158 mss,
3605 5082 3722 5164 In_no_
3741 5096 3852 5138 noli

575 5173 726 5225 videt
796 5169 866 5200 ⁸⁷⁵
890 5168 1091 5222 Oculus
1132 5165 1248 5232 ejus
1298 5167 1349 5220 in
1393 5182 1516 5218 mss.
1562 5165 1692 5218 Tim.
1729 5177 1773 5219 et
1824 5164 1954 5217 Vict.
1991 5165 2158 5216 σηιξη.
2207 5166 2256 5218 iu

2360 5163 2430 5194 ⁸⁷³
2460 5161 2633 5215 Mente
2693 5161 2833 5215 lucet
2869 5177 2991 5213 mss.
3044 5157 3178 5210 Thu.
3231 5166 3276 5209 et
3317 5154 3449 5208 Vict.
3503 5147 3670 5208 menti
3710 5152 3853 5207 lucet

579 5243 648 5272 ⁸⁷⁸
681 5241 734 5294 lu
761 5254 865 5308 qua
891 5239 1052 5291 etiam
1081 5227 1317 5308 est-mss.
1373 5234 1507 5308 Tim.
1558 5245 1604 5288 et
1674 5233 1802 5287 Vict.
1847 5235 2030 5308 quiin.
2071 5236 2234 5308 etiam
2311 5233 2570 5308 87_7__|lan_c
2608 5239 2850 5308 penetret
2881 5227 3180 5308 mss-ficu.
3210 5227 3350 5307 lmuc
3393 5232 3568 5308 lucent
3603 5229 3858 5293 penetret

581 5311 650 5344 ⁸⁷⁸
679 5292 886 5377 Ubique
911 5317 1016 5361 tota
1040 5322 1164 5358 mss.
1194 5303 1335 5377 fiet.
1369 5305 1564 5377 ubique
1587 5314 1775 5377 estota
1804 5305 1924 5377 (⁸⁷³
1954 5305 2171 5377 Lenitas
2211 5320 2304 5356 ms.
2333 5302 2485 5359 ,Vict.
2531 5302 2586 5354 5.
2609 5292 2871 5377 :‘levi‘tar
2912 5299 2980 5329 ⁸⁸⁰
3013 5296 3187 5377 [labes
3209 5297 3350 5377 enim
3375 5292 3689 5377 msL'Cister.
3717 5301 3855 5372 recte

583 5383 728 5434 omit.
751 5373 893 5431 enim
971 5377 1039 5407 9‘”
1066 5393 1161 5430 ms.
1191 5373 1324 5426 Tim.
1360 5374 1446 5426 90.
1477 5375 1628 5438 Quod
1654 5376 1791 5427 Deus
1811 5374 1882 5427 sit
1918 5376 2118 5437 omnia,
2148 5383 2202 5426 et
2243 5374 2513 5443 quomodo

2616 5371 2684 5400 “3*
2719 5369 2911 5422 Esurio
2955 5384 3078 5420 mss.
3111 5365 3243 5419 Thu.
3283 5365 3420 5418 Vict.
3455 5364 3588 5417 Cist.
3620 5361 3850 5416 esurire.

586 5467 680 5504 ms.
709 5451 832 5501 άῒιι.
858 5447 1038 5504 esurio
1065 5456 1116 5500 te
1191 5445 1261 5501 ⁸⁸³
1291 5443 1448 5497 Olim.
1477 5430 1622 5496 ferte
1650 5460 1748 5495 γης.
1778 5444 1899 5496 Atil.
1933 5445 2077 5496 omit.
2105 5430 2231 5496 olim
2262 5430 2274 5443 ’
2309 5443 2376 5474 ⁸⁸³
2408 5442 2544 5494 Tum
2573 5440 2844 5508 requira-n
2871 5454 2992 5491 mss.
3012 5435 3139 5490 Vict.
3174 5437 3360 5491 Cister.
3397 5445 3570 5498 llllllll,
3597 5430 3852 5495 Domine,

589 5522 855 5589 requiram
932 5519 998 5548 ⁸⁸³
1026 5515 1217 5570 lievela
1243 5515 1307 5567 de
1341 5529 1424 5565 me
1476 5529 1598 5564 mss.
1637 5514 1810 5566 releva
1848 5529 1929 5565 me
1963 5514 2025 5565 de
2055 5527 2137 5564 me
