4226 6198
571 312 680 396 2'59

1138 439 1365 496 CAPUT
1397 436 1577 490 XXlll.

573 542 726 607 Quod
755 542 849 593 Itoc
880 539 1069 590 bonum
1096 534 1161 588 sit
1188 530 1395 607 pariter
1436 527 1609 589 Pater,
1644 537 1688 579 et
1720 524 1911 604 Filius,
1943 530 1989 575 et
2020 518 2141 607 Spi:

643 589 1058 668 ritus—sanctus;
1087 610 1136 657 et
1181 589 1276 663 ltoc
1313 600 1583 668 silanum
1616 594 1959 668 necessarium
2002 589 2139 668 quod

642 658 997 738 estvil‘tomne,
1021 658 1067 725 έι
1089 658 1276 732 totum,
1302 679 1347 722 et
1373 667 1540 721 solum
1567 666 1779 738 bonum.
1812 691 1878 700 --
1896 658 2142 738 .Ver‘lmm

641 727 777 799 Enr
805 727 872 797 sit
909 727 1065 797 verax.
1113 750 1158 793 et
1199 727 1311 805 ipsa
1352 740 1574 797 ueritas,
1614 732 1743 785 nihil
1787 740 1859 805 est
1892 731 1947 781 in
1985 727 2144 805 Patre

640 797 841 869 dicente
877 815 1016 881 quod
1063 826 1164 881 non
1193 797 1251 877 ﬁt
1290 808 1343 860 in
1386 805 1558 881 ferito
1582 818 1683 872 quo
1724 802 1951 881 seipsunt
1986 797 2144 878 .dicit.

646 884 757 938 Nec
808 869 958 935 amor
987 898 1018 933 a
1052 869 1211 932 Patre
1238 888 1284 932 et
1314 892 1346 928 a
1379 872 1516 925 Filio
1547 869 1846 938 procedens.
1877 878 1952 922 est
1980 869 2148 933 impar

644 953 796 1007 Patri
822 962 910 1005 aut
941 950 1099 1011 Filio,
1127 949 1249 1017 quia
1271 952 1471 1017 tantum
1497 939 1735 1017 Pater‘et
1756 938 1928 1017 Filius
1969 944 2147 987 autaut

645 1040 719 1087 se,
741 1032 994 1093 quantum
1019 1006 1204 1071 bonum
1227 1023 1346 1067 sunt
1374 1011 1533 1092 Pater
1553 1019 1599 1064 et
1624 1007 1819 1062 Filius.
1834 1006 1929 1093 'Ex
1944 1020 2148 1059 summa

645 1079 977 1161 simplicitate
1020 1102 1122 1161 non
1149 1093 1310 1153 potest
1363 1082 1505 1161 nasci
1536 1088 1625 1134 aut
1656 1079 1956 1161 procedere,
1993 1088 2149 1143 quam

644 1148 782 1231 quod
808 1168 881 1212 est
908 1163 1003 1210 hoc
1024 1156 1086 1209 de
1111 1148 1213 1223 quo
1238 1154 1473 1206 nascitur
1494 1160 1583 1202 aut
1615 1148 1868 1217 procedit.
1918 1179 1923 1184 -

646 1252 759 1307 lloc
780 1250 979 1304 bonum
1002 1259 1084 1310 es,
1114 1255 1169 1299 tu
1193 1242 1267 1274 ὀι
1291 1243 1432 1296 Deus
1458 1240 1647 1302 Pater;
1680 1239 1782 1292 hoc
1811 1246 1896 1290 est
1916 1234 2149 1289 Verbum

482 1396 495 1402 κ
578 1357 749 1407 tuum,
795 1341 847 1395 id
878 1348 983 1401 est,
1022 1336 1190 1390 Filius
1227 1343 1367 1387 tuus.
1403 1331 1609 1385 Etenim
1650 1343 1752 1380 non
1782 1334 1956 1395 potest
1984 1323 2150 1385 aliud,

578 1449 741 1504 quam
765 1430 907 1501 quod
942 1443 1022 1491 es,
1056 1438 1149 1480 aut
1177 1423 1377 1491 aliquid
1407 1420 1579 1487 majus
1609 1416 1690 1469 vel
1727 1415 1905 1469 minus
1932 1422 2004 1476 te,
2033 1426 2154 1466 esse

580 1530 635 1582 in
672 1525 870 1587 Verbo,
902 1534 1009 1588 quo
1055 1517 1126 1549 ὀδ
1157 1515 1382 1583 teipsum
1436 1510 1599 1573 dicis;
1632 1506 1887 1576 quoniam
1916 1504 2154 1559 Verbum

582 1628 732 1669 tuum
775 1613 855 1667 sic
895 1618 971 1661 est
1026 1619 1233 1669 verum,
1279 1599 1549 1671 quomodo
1576 1608 1631 1653 tu
1676 1612 1737 1652 es
1776 1610 1942 1651 verax
1968 1594 2061 1647 ⁸⁸⁵.
2090 1593 2156 1646 Ει

581 1706 782 1763 idcirco
807 1713 889 1757 est
927 1702 1042 1770 ipsa
1075 1696 1277 1751 veritas
1310 1693 1450 1747 sicut
1481 1701 1571 1756 tu;
1606 1705 1711 1744 non
1757 1689 1859 1743 alia
1888 1701 2050 1756 quam
2075 1685 2155 1734 ,οοθ

1086 329 1146 385 S.
1186 322 1483 383 ANSELMI
1524 319 1875 379 CANTUAR.
1919 308 2168 377 ARCIIIE

2278 309 2427 366 OPP.
2469 306 2650 363 PARS
2686 306 2728 361 l.
2768 337 2824 347 ——
2866 301 3286 364 DOCHATICA.

2178 421 2537 496 Adelcclaliu
2589 428 2679 487 est,
2724 419 2776 471 in
2826 417 2915 471 illo
2962 415 3052 485 qui
3097 412 3226 469 fecit
3286 412 3401 483 ipsa
3437 409 3817 469 delcctabilial
3871 442 3873 453 ι

3712 278 3819 355 alo

2757 527 2985 583 CAPUT
3024 522 3167 582 XXV
3202 523 3295 577 “l.

2246 645 2377 710 Quae
2407 654 2452 699 et
2475 642 2671 713 quanta
2700 641 2836 713 bona
2871 641 2974 713 sint
3007 639 3510 713 [ruentibus_eo._—-
3552 634 3820 713 Gaudium

2317 704 2560 834 micatis
2598 709 3036 779 multiplicabitur
3074 724 3138 762 ex
3177 707 3499 762 beatitudine
3534 715 3582 761 et
3624 704 3822 775 gaudio

2318 801 2349 836 a
2375 798 2564 836 torum.
2956 801 2963 809 '

2316 874 2361 928 Ο
2383 873 2472 943 qui
2505 872 2607 925 hoc
2630 869 2772 925 bono
2811 870 2882 902 '"
2916 868 3162 924 fruetur!
3212 867 3280 923 Et
3307 840 3559 938 quidlilli
3590 865 3659 899 ⁹¹⁶
3693 864 3822 926 erit.

2248 971 2302 1016 et
2333 960 2460 1032 quid
2487 960 2560 1013 illi
2600 975 2705 1015 non
2738 958 2889 1013 erit?
2913 956 3095 1023 Certe,
3118 956 3378 1027 quidquid
3404 955 3565 1019 volet,
3594 953 3731 1017 erit;
3769 960 3828 1007 et

2249 1053 2393 1123 quod
2423 1051 2592 1122 nolet,
2621 1064 2729 1105 non
2758 1044 2881 1105 erit.
2906 1047 2983 1102 lbi
3009 1048 3208 1117 quippe
3230 1056 3393 1101 erunt
3417 1046 3554 1101 bona
3580 1044 3828 1114 corporis

2251 1154 2305 1201 et
2339 1145 2552 1209 animas,
2584 1140 2764 1212 qualia
2792 1155 2882 1194 nec
2908 1127 3101 1193 oculus.
3136 1136 3285 1201 vidit,
3315 1150 3406 1189 nec
3434 1136 3580 1189 auris
3603 1132 3827 1196 audivit,

2252 1253 2344 1292 nec
2372 1252 2465 1290 eor
2490 1234 2713 1288 hominis
2748 1230 2886 1301 (lsa.
2943 1243 3092 1293 utv,
3119 1226 3182 1288 ις
3213 1224 3240 1279 Ι
3270 1223 3394 1278 Cor.
3427 1239 3498 1290 II,
3525 1224 3581 1293 9)
3624 1222 3831 1292 cogita-

2254 1327 2350 1381 vit.
2396 1326 2505 1380 Cur
2534 1338 2663 1391 ergo
2698 1336 2792 1389 per
2835 1321 3001 1373 multa
3037 1315 3269 1386 vagaris,
3320 1312 3628 1374 homuncio.
3681 1326 3829 1380 qna:-

2256 1418 2423 1475 rendo
2453 1419 2590 1472 bona
2632 1414 2831 1468 anima:
2871 1423 2974 1466 tua:
3003 1419 3058 1465 et
3082 1406 3323 1479 corporis
3349 1404 3469 1460 tui?
3500 1404 3636 1458 Ama
3662 1417 3828 1457 unum

2257 1510 2452 1564 bonum
2477 1509 2530 1562 in
2561 1520 2670 1577 quo
2695 1513 2820 1561 sunt
2842 1502 3024 1558 omnia
3052 1502 3221 1567 bona,
3250 1507 3305 1554 ει
3325 1495 3538 1554 sullicit.
3574 1494 3834 1550 Desidera

2258 1598 2484 1669 simplex
2519 1597 2717 1652 bonum
2742 1594 2884 1664 quod
2910 1601 2997 1646 est
3026 1605 3187 1646 omne
3220 1590 3445 1653 bonum,
3481 1594 3536 1642 et
3564 1586 3697 1642 satis
3725 1592 3829 1638 est.

2258 1689 2395 1756 Quid
2431 1690 2772 1748 enitn'amas,
2808 1699 2936 1740 caro
2971 1698 3121 1746 mea;
3155 1680 3285 1751 quid
3312 1678 3614 1742 desideras,
3650 1675 3830 1729 anima

581 1810 670 1863 tu;
701 1806 756 1851 ct
779 1796 858 1851 sic
898 1754 969 1848 est
990 1802 1045 1846 tu
1078 1789 1328 1859 simplex,
1361 1795 1419 1841 ut
1464 1786 1534 1840 de
1560 1794 1610 1839 te
1652 1800 1758 1841 non
1801 1754 1971 1853 possit
2001 1782 2152 1837 nasci
2189 1768 2229 1827 Β
2259 1754 2421 1836 mea?
2448 1778 2523 1833 lbi
2565 1786 2669 1838 est.
2696 1775 2768 1830 ibi
2795 1784 2880 1830 est
2907 1770 3168 1843 quidquid
3207 1768 3420 1831 amatis,
3452 1754 3718 1836 quidquid
3742 1764 3837 1818 de-

579 1887 723 1943 aliud
750 1898 911 1955 quam
942 1882 1081 1952 quod
1111 1890 1166 1934 tu
1192 1894 1269 1933 es.
1299 1878 1411 1932 lloc
1442 1878 1616 1944 ipsum
1644 1883 1731 1931 est
1758 1890 1913 1929 amor
1934 1889 2073 1928 unus
2103 1882 2161 1928 et

580 1976 883 2036 communis
920 1973 1016 2029 tibi
1049 1980 1105 2027 et
1133 1970 1272 2025 Filio
1305 1979 1397 2022 tuo
1440 1967 1533 2032 ’°",
1563 1967 1614 2021 id
1640 1975 1744 2030 est,
1785 1973 2004 2019 sanctus
2045 1964 2161 2033 Spi-

581 2062 740 2134 ritus,
775 2067 843 2133 ab
885 2075 1111 2134 utroque
1140 2060 1459 2131 procedens.
1511 2056 1644 2112 Nam
1680 2056 1819 2111 idem
1870 2072 2024 2111 amor
2053 2071 2161 2109 non

582 2170 665 2215 est
694 2140 866 2227 impar
896 2155 1012 2217 tibi,
1044 2160 1138 2207 aut
1185 2151 1322 2206 Filio
1353 2160 1473 2214 tuo;
1517 2149 1643 2218 quia
1674 2157 1885 2202 tantum
1913 2164 2065 2203 amas
2108 2156 2161 2203 te

582 2260 639 2306 et
665 2250 835 2313 illum,
859 2256 913 2300 et
940 2245 1027 2300 ille
1054 2253 1108 2298 te
1134 2251 1189 2298 et
1217 2241 1484 2309 seipsum;
1514 2248 1748 2309 quantus
1771 2247 1932 2301 estn,
1959 2247 2012 2292 et
2042 2236 2158 2302 ille;

583 2356 685 2395 nec
712 2349 795 2394 est
832 2337 975 2392 aliud
1024 2353 1053 2390 a
1105 2344 1156 2390 te
1202 2349 1257 2389 et
1304 2334 1373 2388 ab
1403 2332 1493 2387 illo
1530 2332 1670 2401 quod
1719 2331 1903 2400 dispar
1947 2346 2054 2385 non
2091 2331 2164 2385 sit

586 2432 682 2486 tibi
732 2430 804 2465 ⁹⁰⁸
832 2438 888 2484 ει
932 2428 1037 2492 illi;
1072 2441 1171 2480 nee
1221 2424 1288 2479 de
1327 2438 1537 2477 summa
1593 2422 1939 2492 simplicitate
1987 2430 2164 2491 potest

554 2586 559 2591 _
588 2519 879 2592 procedere
905 2518 1047 2571 aliud
1075 2528 1236 2583 quam
1267 2513 1413 2582 quod
1437 2519 1521 2567 est
1558 2510 1660 2566 llOC
1702 2512 1769 2565 de
1796 2525 1904 2579 quo
1935 2510 2006 2541 ’θ’
2034 2525 2164 2579 pro-

587 2589 751 2666 cedit.
785 2606 938 2675 Quod
986 2615 1164 2660 autem
1218 2613 1300 2656 est
1346 2600 1592 2670 singulos
1642 2589 1897 2670 quisque,
1952 2600 2054 2653 hoc
2084 2606 2168 2654 est

590 2712 700 2759 tota
748 2696 987 2752 Trinitas
1033 2694 1215 2758 simul,
1262 2692 1443 2757 Pater,
1491 2699 1546 2745 et
1588 2690 1775 2756 Filius,
1826 2698 1882 2745 et
1930 2687 2166 2758 Spiritus

587 2798 842 2852 sanctus;
891 2786 1146 2855 quoniam
1196 2782 1438 2851 singulos
1482 2781 1712 2851 quisque
1759 2795 1865 2835 non
1906 2779 2168 2835 estaliud

589 2894 753 2950 quam
785 2890 997 2932 summe
1028 2871 1257 2941 simplex
1307 2870 1508 2935 unitas,
1548 2879 1603 2923 et
1635 2884 1844 2924 summe
1887 2884 1991 2923 una
2035 2868 2169 2922 sim-

591 2970 833 3039 plicitas;
882 2981 1000 3035 quae
1039 2978 1137 3017 nec
1186 2959 1551 3030 multiplicari,
1604 2974 1704 3014 nec
1735 2958 1881 3014 aliud
1931 2968 1986 3015 et
2021 2959 2167 3014 aliud

590 3075 711 3116 esse
734 3067 927 3128 potest.
953 3056 1122 3109 Porro
1150 3068 1313 3108 unum
1341 3061 1424 3106 est
1453 3051 1838 3106 necessarium.
1867 3034 2037 3106 Porro
2068 3054 2168 3107 hoe

593 3158 676 3207 est
712 3149 840 3203 illud
884 3163 1048 3202 unum
1095 3144 1489 3208 necessarium,
1540 3143 1592 3196 in
1623 3158 1730 3211 quo
1775 3152 1861 3197 est
1903 3159 2068 3197 omne
2098 3145 2168 3175 ⁹¹⁰

592 3242 825 3301 bonum;
857 3238 963 3290 imo
1009 3234 1149 3303 quod
1187 3244 1268 3287 est
1296 3247 1476 3295 omne,
1514 3242 1568 3286 et
1596 3248 1761 3287 unum
1793 3241 1959 3286 totum
1994 3233 2089 3298 νη,
2119 3243 2182 3289 ει·

596 3330 769 3385 solum
810 3330 1027 3381 bonum.

1149 3412 1376 3467 CAPUT
1420 3410 1604 3465 XXIV.

595 3511 916 3582 Conjectatio
935 3506 1094 3582 quale
1122 3515 1167 3557 et
1198 3504 1543 3582 quantum_sit
1566 3504 1661 3555 ltoc
1685 3504 1873 3556 bonum
1904 3505 1993 3554 νη.
2022 3532 2085 3541 —-
2114 3502 2173 3557 Si

632 3571 767 3636 bona
798 3591 870 3634 est
899 3571 1001 3632 vita
1036 3571 1233 3637 creata,
1264 3588 1421 3643 quam
1458 3574 1591 3626 bona
1622 3584 1694 3625 est
1728 3575 1833 3626 vita
1879 3571 2138 3626 creatrix!

668 3677 859 3731 Excita
894 3689 1055 3737 nunc,
1088 3673 1265 3725 anima
1314 3686 1450 3731 mea,
1497 3678 1552 3723 et
1585 3666 1735 3736 erige
1762 3674 1929 3718 totum
1962 3659 2177 3716 intelle-

600 3776 746 3822 ctum
780 3775 948 3826 tuum,
982 3773 1037 3817 et
1061 3762 1236 3831 cogita
1261 3760 1522 3827 quantum
1551 3764 1705 3825 potes
1734 3753 1893 3823 quale
1925 3762 1980 3806 et
2002 3767 2177 3820 quan-

601 3867 714 3913 tum
739 3856 809 3910 sit
848 3854 974 3906 illud
1001 3853 1224 3906 bonum.
1254 3849 1310 3903 Si
1346 3849 1491 3903 enim
1521 3845 1731 3916 singula
1768 3844 1904 3898 bona
1931 3842 2177 3896 delecta-

599 3933 726 4003 bilia
758 3953 906 4007 sunt,
935 3942 1112 4011 cogita
1145 3940 1347 3993 intente
1395 3951 1557 4007 quam
1593 3933 1914 4009 delectabile
1940 3932 2013 3986 sit
2048 3930 2179 3985 illud

599 4042 822 4103 bonum,
851 4035 991 4104 quod
1031 4034 1271 4087 continet
1314 4029 1703 4100 iucunditatem
1735 4027 1975 4081 omnium
2012 4025 2182 4078 bono-

600 4144 757 4194 rum;
783 4138 837 4182 et
862 4142 967 4180 non
990 4123 1201 4194 qualem
1231 4123 1283 4175 in
1317 4121 1477 4191 rebus
1503 4119 1704 4173 creatis
1734 4132 1921 4171 sumus
1947 4115 2179 4185 experti,

601 4221 696 4276 sed
721 4227 869 4272 tanto
898 4214 1229 4270 dill'erentem
1263 4220 1462 4281 quanto
1508 4207 1685 4263 dilfert
1715 4206 1941 4272 Greater
1970 4220 1997 4258 a
2030 4219 2183 4260 crea-

604 4324 744 4366 tura.
781 4308 835 4362 Si
867 4290 1009 4361 cnim
1035 4306 1171 4359 bona
1204 4311 1287 4355 est
1314 4310 1420 4353 v.ta
1465 4307 1669 4359 creata,
1698 4312 1859 4364 quam
1911 4296 2052 4349 bona
2097 4303 2183 4349 est

556 4470 562 4477 η
603 4403 716 4458 vita
743 4395 978 4455 creatrix
1006 4398 1019 4446 '.
1062 4396 1118 4448 Si
1154 4392 1394 4463 jucunda
1425 4398 1508 4444 est
1543 4389 1689 4443 salus
1718 4388 1881 4451 facta,
1906 4400 2067 4456 quam
2092 4386 2179 4455 ju-

2259 1870 2531 1930 sideratis.
2579 1868 2638 1924 Si
2682 1866 2919 1921 delectat
2961 1861 3329 1932 pulchritudo,
3379 1848 3651 1928 fulgebunt
3699 1853 3835 1923 justi

2258 1962 2391 2015 sicut
2414 1958 2493 2013 sol
2517 1956 2735 2028 (Matth.
2762 1970 2878 2015 χιιι.
2906 1952 3019 2020 45).
3050 1950 3105 2006 Si
3128 1948 3410 2014 velocitas,
3434 1954 3529 2000 aut
3548 1943 3833 2006 fortitudo,

2258 2059 2350 2105 aut
2376 2049 2597 2104 libertas
2621 2045 2885 2115 corporis,
2905 2042 2991 2097 cui
3012 2040 3147 2096 nihil
3166 2038 3433 2113 obsistere
3456 2034 3647 2105 possit,
3671 2042 3827 2087 erunt
3900 2054 3903 2057 π
3960 2042 3963 2043 ⁷

2261 2140 2455 2196 similes
2497 2137 2695 2210 angelis
2725 2135 2847 2201 Dei,
2877 2130 3002 2204 quia
3039 2131 3327 2187 seminatur
3356 2143 3543 2197 corpus
3585 2123 3837 2186 animale,

2259 2242 2307 2286 et
2334 2240 2509 2301 surget
2551 2244 2742 2300 corpus
2778 2225 3015 2297 spiritale
3045 2223 3096 2295 (ι
3131 2223 3258 2278 Cor.
3289 2237 3394 2285 xv,
3420 2218 3537 2288 ιι),
3576 2222 3843 2288 potestate

2263 2329 2471 2396 utique,
2504 2339 2610 2378 non
2660 2330 2877 2376 natura.
2921 2317 2980 2373 Si
3003 2317 3161 2386 longa
3214 2323 3271 2369 et
3315 2304 3548 2368 salubris
3599 2308 3724 2377 vita,
3766 2306 3843 2361 ibi

2262 2430 2390 2471 sana
2412 2422 2496 2469 est
2521 2412 2815 2473 aeternitas,
2862 2418 2915 2464 et
2944 2416 3146 2463 aeterna
3178 2404 3424 2469 sanitas;
3455 2399 3593 2471 quia'
3602 2400 3739 2470 justi
3782 2399 3837 2451 iu
3876 2454 3879 2455 ν

2261 2513 2561 2574 perpetuum
2587 2500 2750 2553 vivent
2778 2497 3040 2567 (Sapient.
3066 2510 3100 2549 ν
3126 2535 3141 2560 ,
3173 2493 3290 2564 lli),
3313 2502 3389 2559 et,
3414 2491 3559 2545 salus
3576 2487 3843 2568 justorunt

2265 2562 2296 2647 ιι
2328 2562 2551 2646 Domino
2579 2589 2756 2648 ll’sal.
2782 2562 2968 2651 min,
2995 2585 3106 2656 39).
3136 2583 3195 2639 Si
3220 2562 3465 2646 satietas,
3493 2562 3844 2635 satiabuntur

2266 2700 2383 2738 cum
2412 2681 2716 2752 apparuerit
2750 2679 2921 2750 gloria
2958 2677 3053 2730 Dei
3099 2676 3168 2707 “7
3216 2672 3393 2745 (Psal.
3442 2686 3567 2740 xu,
3620 2668 3846 2747 i5).‘Si

2265 2772 2523 2834 ebrietas,
2550 2769 2950 2824 inebriabuntur
2968 2766 3033 2821 ab
3059 2766 3291 2819 ubertate
3319 2763 3507 2817 damus
3536 2760 3630 2816 Dei
3663 2759 3838 2830 (Psal.

2268 2877 2434 2923 xxxv,
2464 2860 2542 2930 9).
2568 2859 2624 2914 Si
2655 2856 2905 2921 melodia,
2935 2856 3007 2909 ibi
3036 2854 3346 2926 angelorum
3374 2851 3525 2908 chori
3553 2850 3847 2906 eouciuunt

2270 2957 2386 3011 sine
2420 2954 2523 3008 line
2558 2954 2685 3008 Deo.
2712 2951 2769 3006 Si
2814 2949 3068 3019 quaelibet
3094 2962 3199 3001 non
3222 2939 3502 3000 immunda
3529 2942 3624 2997 sed
3649 2940 3851 2996 munda

2270 3044 2539 3112 voluptas,
2568 3029 2793 3096 torrente
2818 3040 3093 3108 voluptatis
3115 3053 3225 3092 suae
3252 3035 3454 3106 potabis
3477 3032 3547 3103 τη
3571 3048 3683 3098 eos,
3708 3031 3852 3085 Deus

2275 3132 2461 3202 (Ibid).
2496 3131 2553 3185 Si
2590 3130 2875 3199 sapientia,
2915 3128 3031 3197 ipsa
3070 3127 3163 3181 Dei
3195 3123 3462 3193 sapientia
3491 3120 3743 3177 ostendet
3766 3121 3851 3174 eis

2275 3222 2525 3292 seipsam.
2558 3220 2613 3273 Si
2651 3218 2906 3283 amicitia,
2937 3217 3162 3286 diligent
3203 3213 3370 3268 Deum
3408 3210 3527 3281 plus
3552 3224 3715 3279 quam
3759 3223 3849 3263 se-

2276 3312 2442 3380 ipsos,
2485 3318 2538 3364 ct
2584 3309 2815 3362 invicem
2866 3314 3122 3375 tanquam
3168 3304 3401 3372 seipsos;
3441 3308 3497 3356 et
3543 3300 3684 3355 Deus
3712 3297 3853 3361 illos,

2272 3399 2560 3468 plusquam
2589 3397 2664 3450 illi
2694 3396 2933 3464 seipsos;
2959 3394 3085 3464 quia
3112 3392 3187 3447 illi
3218 3392 3394 3456 illum,
3421 3399 3478 3445 et
3514 3401 3595 3456 se,
3634 3395 3689 3443 et
3713 3386 3857 3442 invi-

2273 3504 2390 3544 cem
2418 3502 2515 3558 per
2561 3485 2743 3550 illum;
2776 3494 2831 3539 et
2863 3483 2952 3538 ille
2993 3498 3074 3549 se,
3100 3490 3157 3537 et
3204 3480 3325 3535 illos
3352 3493 3450 3550 per
3492 3477 3752 3547 seipsum.
3795 3473 3856 3530 Si

2276 3575 2589 3649 concordia,
2640 3574 2892 3629 omnibus
2936 3572 3044 3627 illis
3091 3572 3199 3626 erit
3249 3584 3355 3623 una
3385 3567 3676 3631 voluntas,
3727 3564 3856 3635 quia

2276 3666 2423 3720 nulla
2454 3664 2560 3719 illis
2586 3664 2713 3729 erit,
2764 3662 2869 3717 nisi
2910 3662 3026 3735 sola
3070 3660 3164 3715 Dei
3190 3658 3459 3715 voluntas.
3496 3656 3553 3711 Si
3591 3655 3855 3725 potestas,

2279 3757 2675 3827 omnipotentes
2714 3763 2872 3808 erunt
2912 3768 3021 3808 suae
3060 3738 3388 3813 voluntatis,
3426 3756 3486 3801 ut
3530 3745 3677 3802 Deus
3721 3760 3858 3800 sum.

2282 3848 2439 3913 Nam,
2475 3848 2620 3902 sicut
2661 3846 2861 3916 poterit
2906 3845 3068 3909 Deus,
3100 3843 3244 3912 quod
3272 3840 3434 3905 volet,
3471 3854 3566 3906 per
3587 3839 3860 3907 seipsum;

2281 3940 2353 3994 ita
2380 3945 2633 4007 poterunt
2674 3936 2769 3998 illi,
2798 3936 2939 4005 quod
2968 3935 3165 4000 volent,
3201 3947 3299 4001 per
3322 3930 3466 3985 illum
3490 3947 3505 3996 ;
3532 3929 3687 4000 quia,
3718 3921 3861 3979 sient

2282 4031 2357 4085 illi
2398 4044 2501 4083 non
2528 4027 2672 4082 aliud
2698 4028 2897 4093 volent,
2930 4042 3092 4097 quam
3136 4023 3279 4095 quod
3313 4023 3438 4087 ille;
3472 4023 3544 4076 ita
3596 4020 3682 4075 ille
3715 4017 3863 4073 volet

2282 4123 2542 4192 quidquid
2576 4119 2649 4174 illi
2681 4117 2894 4183 volent;
2936 4128 2991 4173 et
3023 4117 3165 4188 quod
3199 4112 3288 4168 ille
3327 4111 3491 4176 volet,
3524 4126 3631 4165 non
3662 4108 3865 4179 poterit

2284 4230 2391 4269 non
2438 4229 2578 4268 esse.
2613 4214 2671 4268 Si
2719 4215 2891 4269 honor
2940 4219 2996 4285 et
3048 4207 3271 4274 divitiae,
3315 4208 3456 4261 Deus
3510 4218 3696 4259 servos
3735 4217 3866 4257 suos

2284 4306 2457 4359 bonos
2484 4316 2538 4358 et
2568 4304 2755 4360 ﬁdeles
2792 4317 2955 4371 supra
3005 4299 3170 4353 multa
3203 4298 3494 4352 constituet
3542 4294 3692 4365 (Luc.
3725 4306 3822 4349 xu:
3844 4332 3861 4354 ,

2286 4393 2410 4463 42);
2444 4395 2549 4447 imo
2586 4394 2678 4447 lilii
2708 4393 2825 4459 Dei,
2858 4400 2914 4446 et
2941 4391 3013 4445 dii
3049 4389 3390 4444 vocabuntur
3412 4398 3426 4451 ;
3452 4396 3503 4442 et
3542 4386 3631 4440 ubi
3659 4386 3730 4419 ”’
3759 4385 3870 4440 erit

605 4491 781 4546 eunda
808 4496 890 4541 est
930 4486 1077 4540 salus
1117 4498 1236 4551 qua:
1282 4480 1412 4534 fecit
1460 4494 1673 4533 omnem
1718 4477 1789 4509 ⁹’³
1816 4476 2087 4532 salutem!
2125 4476 2163 4532 S

2242 4454 2262 4509 )
2292 4453 2461 4538 Filius
2488 4482 2627 4551 ejus,
2660 4483 2731 4538 ibi
2761 4453 2920 4536 erunt
2942 4492 2997 4537 et
3019 4480 3117 4543 illi,
3143 4479 3374 4533 Itteredes
3404 4478 3476 4510 ⁶³⁰
3504 4476 3710 4547 quidem
3744 4474 3864 4539 Dei,

608 4579 859 4636 amabilis
884 4585 967 4631 est
999 4572 1264 4644 sapientia
1292 4572 1345 4625 in
1383 4570 1689 4640 cognitione
1723 4585 1903 4623 rerum
1939 4568 2189 4625 condita-
2292 4570 2583 4625 cohaeredes
2614 4579 2787 4624 autent
2832 4560 3027 4623 Christi
3077 4567 3254 4637 (Rom.
3305 4581 3423 4633 Vill,
3481 4565 3593 4633 17).
3636 4562 3694 4617 Si
3739 4576 3869 4615 vera

607 4685 750 4732 rum,
792 4682 954 4736 quam
992 4661 1239 4717 amabilis
1263 4670 1344 4715 est
1375 4660 1658 4731 sapientia,
1699 4674 1820 4729 quae
1843 4659 2024 4713 omnia
2054 4673 2187 4713 eon-
2294 4660 2582 4726 securitas,
2614 4669 2763 4715 certe
2808 4659 2881 4714 ita
2910 4658 3048 4714 certi
3087 4664 3248 4713 erunt
3294 4670 3569 4726 nunquam
3607 4662 3663 4708 et
3690 4651 3870 4706 nulla-

609 4762 744 4817 didit
769 4776 831 4815 ex
870 4756 1074 4812 nihilo!
1115 4754 1371 4822 Denique,
1398 4751 1443 4804 si
1490 4751 1669 4805 mutue
1710 4761 1764 4805 et
1806 4764 2015 4821 magnae
2044 4750 2188 4805 dele-
2297 4760 2452 4806 tenus
2476 4752 2601 4817 ista,
2635 4751 2720 4807 vel
2765 4752 2946 4821 potius
2971 4751 3114 4806 istud
3138 4750 3338 4807 bonum
3383 4748 3487 4805 sibi
3516 4744 3868 4801 defuturum:

613 4853 876 4909 elationes
893 4858 1016 4905 sunt
1038 4849 1090 4902 iu
1106 4847 1265 4902 rebus
1280 4844 1897 4913 delectabilibus,qualis
1912 4853 2185 4915 etquanta
2299 4844 2441 4899 sicut
2462 4844 2597 4899 certi
2630 4852 2791 4899 erunt
2819 4859 2876 4899 se
2898 4860 3005 4900 non
3034 4857 3131 4898 sua
3163 4851 3357 4914 sponte
3383 4840 3514 4897 illud
3541 4838 3866 4901 amissuros,

1886 4956 2121 5013 VARUE
2161 4956 2566 5014 LECTIONES.

686 5077 755 5109 ’θ’
796 5073 948 5155 Quod
992 5081 1086 5155 εει
1120 5073 1506 5155 ιιιε.·ΤΙιιι.-9Ο.
1552 5073 1641 5142 qui
1692 5082 1774 5126 est
1833 5072 2066 5155 ffjjloe
2114 5075 2312 5129 bonum
2363 5080 2512 5155 εευιιι
2559 5069 2995 5155 πιεζοϐἱειετλιηε
3019 5072 3215 5125 bonum
3238 5084 3338 5155 ens
3360 5079 3416 5155 tu
3490 5063 3638 5155 “‘"ln
3668 5059 3874 5129 Varla,

616 5163 725 5218 quo
746 5161 869 5224 mss.
896 5142 1016 5224 lies:
1044 5141 1192 5195 Gem.
1221 5145 1273 5224 in
1296 5145 1459 5224 verba
1491 5135 1584 5197 tuo
1599 5159 1795 5224 ζλψρ..
1833 5143 1902 5175 ⁹⁰⁸
1928 5142 2007 5197 Tu
2031 5158 2192 5197 verax
2221 5159 2346 5196 mss.
2378 5142 2505 5195 451.
2528 5152 2595 5224 “et
2617 5140 2805 5195 Cister.
2844 5150 2898 5194 tu
2921 5156 2981 5196 es
3005 5155 3168 5195 verax
3239 5139 3311 5170 ⁹⁰⁶
3360 5138 3475 5192 Non
3519 5135 3655 5199 alia,
3705 5147 3873 5224 quam

614 5201 717 5273 iis.
747 5215 881 5269 Tha.
920 5213 1044 5267 451.
1071 5228 1174 5282 non
1201 5214 1341 5266 aliud
1368 5230 1528 5282 quam
1600 5201 1836 5268 ΞΜ’ίίἪὶο
1860 5225 1951 5267 tuo
1988 5222 2104 5276 est,
2131 5220 2351 5265 sanctus
2375 5228 2498 5265 mss.
2525 5210 2635 5264 lilio
2659 5221 2785 5277 tuo,
2830 5212 2881 5265 id
2923 5218 3302 5282 esttsanetns
3371 5207 3445 5273 9⁸³
3486 5206 3603 5260 Non
3642 5212 3726 5259 est
3773 5201 3875 5255 tibi

616 5305 743 5353 mss.
786 5284 919 5384 Tigri;
947 5296 1056 5384 gon
1080 5281 1151 5335 sit
1171 5283 1264 5336 tibi
1336 5270 1404 5314 νοδ
1427 5283 1577 5347 Quod
1600 5293 1703 5343 est.
1728 5286 1791 5338 de
1814 5300 1918 5353 quo
1942 5300 2066 5335 mss.
2092 5270 2233 5335 Tim.
2258 5281 2400 5350 quod
2427 5290 2512 5336 cst
2534 5282 2654 5344 hoc,
2682 5270 2885 5350 dequo
2959 5270 3035 5313 ἠ’
3055 5281 3111 5333 lu
3138 5294 3244 5347 quo
3258 5270 3418 5332 omne
3444 5293 3570 5330 mss.
3590 5276 3764 5342 inquo
3789 5281 3879 5325 est

621 5371 777 5384 ...νημαι
993 5363 1004 5384 ι
1043 5352 1214 5384 linum
1244 5361 1408 5384 Inlsssn
1433 5369 1534 5384 ..ηρ
1588 5352 1620 5384 C
1673 5352 1802 5384 ιιερι.
1858 5353 1953 5384 Ωιι..
2000 5350 2124 5384 nam
2178 5362 2225 5384 nl
2254 5367 2415 5384 unum
2440 5361 2487 5384 ΔΙ
2517 5361 2682 5384 Inlnsn
2705 5368 2784 5384 σε..
2821 5351 2912 5384 λιιι
2960 5352 3168 5384 ,ιιηηιιηι
3210 5349 3317 5384 isnn
3340 5349 3481 5384 nssn‘l
3507 5354 3585 5384 ac!
3618 5353 3666 5384 nl
3704 5348 3878 5384 tntum

618 5348 779 5428 omne
849 5353 917 5428 f”
945 5352 1215 5428 Et_Unuin
1244 5361 1410 5405 totum
1433 5369 1555 5405 mss.
1582 5352 1637 5406 S.
1664 5348 1975 5428 blicltCBec.
2000 5350 2150 5404 Gem.
2178 5362 2232 5404 et
2254 5348 2416 5428 tinn_m
2440 5361 2491 5405 ει
2517 5361 2683 5428 totum
2705 5348 3318 5428 msi451.-bouun_t,imo
3340 5349 3491 5428 quod
3506 5354 3591 5401 est
3618 5353 3679 5428 ει
3704 5348 3878 5394 totum

620 5428 691 5460 ’"
731 5423 1065 5492 Conj'ectatio
1086 5421 1318 5492 qualeej
1348 5434 1604 5492 quantum
1658 5424 1728 5476 sit
1786 5426 1887 5476 hoc
1920 5424 2138 5492 bonum.
2188 5436 2312 5492 mss.
2343 5420 2585 5474 Beccens.
2630 5420 2760 5485 Quae
2806 5432 2861 5475 et
2904 5429 3101 5488 quanta
3153 5419 3293 5471 bono
3328 5414 3437 5470 sint
3468 5414 3765 5473 {ruentibus
3788 5422 3877 5462 eo.
3972 5424 3983 5427 ι

618 5499 689 5571 ’ξ’
709 5485 861 5571 Facit.
882 5485 1246 5571 onmem-mss.
1272 5485 1406 5571 tati.
1442 5490 1563 5571 fecit
1585 5508 1797 5571 omnem
1873 5492 1943 5525 θυι
1972 5490 2032 5543 In
2058 5508 2153 5542 ms.
2191 5490 2311 5542 Bec.
2342 5507 2460 5542 cum
2485 5492 2793 5557 prtrcedenti
2817 5485 2979 5542 unum
3004 5499 3101 5542 est.
3176 5488 3245 5519 ’⁸⁵
3272 5488 3370 5554 Qui
3418 5488 3519 5541 hoc
3563 5485 3700 5538 bona
3726 5493 3877 5530 mss.

1680 5562 1719 5571 ...
1748 5562 1779 5571 Α
1830 5562 1840 5571 .
1868 5563 1878 5571 .
1906 5561 1975 5571 ....
2168 5558 2229 5571 m.
2364 5569 2371 5571 Α
2486 5563 2493 5569 .
2525 5562 2534 5571 .
2563 5560 2632 5571 η..
2733 5560 2801 5571 ι..-
2834 5560 2890 5571 ,ιι
2964 5562 2971 5569 .
3068 5560 3100 5571 ,ι
3145 5558 3155 5568 .
3327 5557 3383 5571 ιν.
3420 5568 3429 5571 _
3585 5543 3714 5571 |_:2-
3765 5545 3843 5571 πὶ.-

622 5543 1093 5622 adfluat/iii.
1130 5543 1285 5628 thni
1319 5562 1418 5614 hoc
1444 5543 1606 5628 bona
1653 5543 1879 5625 mQuid
1906 5561 1975 5613 illi
2013 5578 2135 5612 mss.
2168 5558 2298 5611 Tltu.
2326 5569 2379 5610 ει
2408 5543 2537 5627 quid
2563 5560 2634 5611 illi
2733 5560 2801 5590 "7
2829 5560 3009 5612 Gloria
3068 5558 3155 5613 Dei
3191 5543 3507 5612 mstister.
3549 5543 3719 5628 gloria
3765 5545 3880 5611 Do-

623 5638 750 5689 mini
822 5635 891 5666 ⁹¹κ
914 5624 1279 5712 potabis
1307 5648 1430 5712 mss.
1461 5626 1603 5712 Gem.
1639 5624 1926 5712 ιιεείςιζιηι.
1968 5624 2522 5712 ςξξειεντυειιεεῃειεὶιιίι
2594 5630 2661 5658 9”
2690 5631 3023 5683 vocabuntur
3051 5638 3103 5684 ct
3140 5629 3227 5682 ubi
3276 5644 3409 5682 mss.
3459 5624 3793 5679 vocabuntur
3821 5624 3882 5672 ct

622 5717 777 5759 erunt
799 5714 851 5758 ct
877 5704 963 5757 ubi
1038 5697 1106 5733 θέο
1138 5700 1249 5767 Illi,
1280 5712 1333 5754 ct
1364 5700 1601 5753 ltmredes
1631 5716 1756 5751 mss.
1795 5698 1924 5750 ⁷1Ἰιιι.
1974 5697 2101 5749 Vict.
2139 5698 2211 5751 illi
2240 5739 2254 5763 ,
2286 5699 2529 5753 lia-redes
