4226 6244
352 279 447 333 ἓιι

1753 280 2197 338 l‘itOSlﬂGlON.

3435 287 3541 340 2-2!

352 408 452 447 nec
504 390 810 447 dilectorem
867 392 1030 446 Demn
1092 392 1216 445 illud
1264 374 1608 446 dilectoribus
1662 393 1773 447 suis
1816 393 1917 445 εἰη-
1946 399 1990 454 Α
2016 395 2189 457 dium,
2223 396 2286 449 dc
2312 412 2415 463 quo
2448 398 2597 450 nobis
2629 398 2763 450 dicis
2790 412 2884 465 per
2914 395 3108 449 Filium
3167 413 3310 448 ιιι-,ι’.-τ
3353 398 3531 462 Pctite,

351 483 499 541 vitis
532 482 868 548 ablaturum,
923 497 1020 536 nec
1080 482 1279 549 aliquid
1341 481 1448 536 Deo
1506 483 1775 551 potentius
1830 484 1912 536 in-

348 576 488 631 vitos
532 577 701 630 Deum
748 584 804 629 et
853 575 972 628 illos
1018 583 1415 637 separatorum.
1467 573 1732 628 Gaudium
1790 588 1917 628 vero

349 662 533 733 quale,
591 671 685 717 aut
724 670 985 731 quantum
1037 669 1141 725 est,
1195 662 1283 715 ubi
1337 663 1439 717 tale
1485 678 1546 717 ac
1591 663 1658 693 ⁹²¹
1711 670 1915 716 tantum

347 754 547 810 bonum
589 752 710 806 est!
754 751 862 806 Cor
888 752 1182 805 humanum
1209 791 1225 815 ,
1257 767 1353 807 cor
1402 754 1670 823 indigens,
1700 768 1796 807 cor
1825 767 1919 807 ex-

348 850 555 911 pertum
591 854 882 902 aerumnas,
925 840 1031 893 imo
1066 840 1317 895 obrutum
1343 844 1619 907 aerumnis,
1651 850 1914 912 quantum

347 931 454 1002 35
473 928 758 1000 gauderes,
787 930 832 983 si
857 929 941 986 bis
960 931 1210 987 omnibus
1258 932 1559 988 abundares
1593 935 1605 986 !
1638 932 1913 1002 Interroga

347 1020 537 1075 intima
602 1029 691 1074 tua
750 1020 797 1075 si
841 1034 1035 1089 capere
1087 1022 1292 1091 possint
1346 1024 1594 1089 gaudium
1660 1039 1815 1077 suum
1850 1024 1915 1078 de

348 1121 495 1165 tanta
525 1110 854 1166 beatitudine
881 1127 995 1167 sua.
1028 1112 1134 1168 Sed
1159 1124 1311 1168 certe
1336 1115 1378 1168 si
1404 1114 1525 1183 quis
1555 1114 1711 1178 alius,
1745 1128 1920 1191 quem~

346 1202 572 1256 omnino
604 1202 750 1257 sicut
774 1202 999 1272 teipsum
1037 1203 1309 1273 diligeres,
1342 1206 1584 1258 eamdem
1632 1204 1915 1258 beatitudi—

347 1307 467 1346 nem
519 1290 779 1356 haberet,
834 1292 1197 1362 duplicaretur
1268 1294 1516 1363 gaudium
1575 1306 1748 1359 tuum,
1789 1296 1911 1364 quia

347 1398 453 1434 non
481 1381 659 1435 minus
697 1382 963 1450 gauderes
1015 1397 1113 1451 pro
1169 1396 1235 1437 eo
1286 1399 1447 1451 quam
1487 1397 1583 1447 pro
1635 1386 1823 1453 teipse.
1855 1386 1911 1439 Si

344 1485 474 1525 vero
503 1472 610 1525 duo
664 1470 745 1524 vel
778 1479 886 1525 tres
925 1471 1007 1526 vel
1033 1472 1201 1525 multo
1250 1472 1429 1541 plures
1466 1474 1693 1541 idipsum
1751 1476 1911 1529 babe-

346 1570 485 1623 teut,
518 1561 851 1615 tantumdem
886 1574 997 1629 pro
1035 1562 1283 1632 singulis,
1337 1574 1595 1632 quantmn
1626 1579 1721 1631 pro
1745 1567 1913 1634 teipso

344 1652 606 1720 gauderes
637 1668 651 1715 ;
680 1652 725 1705 si
753 1652 1015 1724 singulos,
1045 1654 1184 1707 sicut
1226 1655 1475 1723 teipsum.
1507 1670 1740 1709 amares.
1776 1657 1912 1724 Ergo

346 1742 398 1793 in
430 1740 517 1795 illa
566 1741 805 1809 perfecta
860 1743 1127 1799 cbaritate
1180 1746 1644 1800 innumerabilium
1691 1748 1909 1818 angelo-
1944 1731 1983 1788 Β

344 1845 465 1883 rum
498 1832 801 1893 beatorum,
832 1843 887 1888 et
912 1835 1213 1897 hominum,
1247 1836 1333 1890 ubi
1362 1838 1538 1891 nullus
1571 1839 1747 1892 minus
1784 1839 1907 1890 dili-

344 1929 433 1990 get
460 1921 623 1975 alium
654 1937 814 1990 quam
844 1926 1105 1991 seipsum,
1160 1942 1263 1980 non
1288 1928 1444 1989 aliter
1467 1943 1529 1995 ga
1549 1928 1729 1981 udcbit
1763 1929 1901 1995 quis-

342 2024 448 2079 que
485 2028 582 2079 pro
608 2012 836 2080 singulis
865 2014 1008 2080 aliis,
1048 2032 1208 2084 quam
1265 2032 1362 2085 pro
1408 2018 1605 2085 seipse.
1669 2018 1725 2071 Si
1784 2033 1912 2088 ergo

344 2114 440 2153 cor
470 2102 704 2157 hominis
730 2104 796 2157 de
824 2111 974 2157 tanto
1003 2119 1101 2159 suo
1150 2106 1291 2159 bona
1319 2106 1405 2160 vix
1434 2106 1611 2175 capiet
1656 2108 1909 2174 gaudium

340 2206 521 2255 suum,
576 2194 849 2261 quomodo
882 2208 1055 2263 capax
1103 2196 1209 2250 erit
1256 2206 1331 2250 tot
1370 2206 1425 2250 et
1458 2206 1726 2251 tantormu
1776 2213 1909 2267 gau-

341 2280 552 2334 diorum
582 2280 605 2333 τ
640 2281 704 2335 Et
732 2283 936 2352 utique,
988 2285 1238 2352 quoniam
1265 2296 1521 2355 quantum
1565 2287 1802 2355 quisque
1825 2289 1908 2341 di-

344 2366 461 2435 ligit
493 2367 748 2438 aliquem,
784 2379 990 2426 tantum
1040 2374 1105 2427 de
1156 2374 1293 2427 bono
1328 2375 1444 2443 ejus
1481 2377 1712 2444 gaudet:
1770 2377 1911 2430 sicut

343 2456 399 2510 in
432 2457 523 2512 illa
556 2458 794 2529 perlecta
840 2461 1099 2516 felicitate
1155 2465 1524 2532 unusquisque
1573 2465 1689 2531 plus
1712 2468 1912 2519 amabit

342 2549 463 2603 sine
521 2552 923 2618 comparatione
973 2550 1139 2605 Deum
1182 2568 1343 2622 quam
1369 2568 1427 2607 se
1451 2562 1507 2608 et
1532 2571 1720 2610 onmes
1780 2557 1912 2611 alios

343 2652 527 2690 secum
563 2654 578 2700 ;
612 2639 683 2692 ita
732 2640 852 2707 plus
896 2640 1148 2709 gaudebit
1202 2643 1404 2710 absque
1447 2643 1912 2698 :estinuuione'de

345 2727 603 2782 felicitate
644 2727 735 2782 Dei
778 2746 943 2798 quam
976 2732 1042 2785 de
1074 2747 1170 2785 sua
1190 2742 1241 2785 et
1269 2733 1508 2785 omnium
1557 2733 1785 2786 aliorum
1823 2750 1909 2789 se-

339 2828 482 2871 cum.
532 2819 638 2872 Sed
696 2820 755 2874 si.
796 2820 959 2874 Deum
1003 2823 1080 2876 sic
1124 2824 1346 2892 diligent
1399 2832 1513 2878 toto
1570 2825 1749 2888 corde,
1798 2834 1908 2879 tota

342 2914 543 2968 ιιι-ηιμ,
570 2915 678 2961 tota
706 2909 881 2962 anima
912 2926 926 2974 ;
955 2918 1007 2963 tu
1034 2922 1207 2965 tamen
1242 2921 1406 2966 totum
1440 2928 1553 2975 cor,
1597 2923 1705 2967 tota
1737 2931 1906 2979 mens,

2020 494 2064 535 ct
2089 484 2375 552 accipietis,
2411 496 2463 537 ut
2500 486 2749 553 gaudium
2792 496 3011 539 vestrum
3042 486 3108 539 sit
3146 486 3356 553 plenum
3401 485 3582 556 (Joan.

2020 589 2127 637 xvr,
2159 574 2270 644 2-5).
2302 574 2481 630 Inveni
2511 592 2749 642 namque
2773 577 3022 643 gaudium
3053 577 3322 645 quoddam
3346 577 3580 646 plenum,

2017 673 2071 716 et
2094 666 2375 733 plusquam
2401 666 2638 733 plenum.
2675 665 2895 717 Plenum
2939 666 3134 732 quippe
3186 665 3368 729 corde,
3429 666 3584 735 plena

2023 763 2221 816 mente,
2250 753 2403 821 plen‘a
2430 755 2628 819 anima,
2664 753 2820 823 pleno
2846 761 2954 805 toto
3007 752 3219 805 homine
3244 755 3437 821 gaudio
3472 756 3579 817 illo.

2019 840 2194 896 adhuc
2227 857 2386 912 supra
2416 844 2629 897 modum
2673 843 2940 912 supererit
2987 842 3257 912 gaudium.
3299 845 3412 899 Non
3455 860 3583 916 ergo

2018 940 2192 985 totum
2242 932 2371 986 illud
2425 935 2678 1003 gaudium
2735 933 2957 985 intrabit
3003 934 3056 984 in
3117 934 3450 1001 gaudentes;
3490 936 3582 989 sed

2020 1023 2111 1077 toti
2142 1024 2433 1092 gaudentes
2462 1025 2742 1078 intrabunt
2778 1025 2829 1078 in
2864 1010 3139 1093 gaudium.
3187 1024 3299 1088 Dic,
3339 1024 3581 1087 Domine,

2015 1115 2103 1169 dic
2127 1130 2286 1169 servo
2316 1124 2405 1169 tuo
2458 1115 2603 1169 intus
2651 1116 2705 1168 in
2738 1117 2897 1169 corde
2927 1130 3045 1177 suo,
3083 1114 3128 1169 si
3180 1116 3281 1168 boc
3322 1127 3404 1170 est
3455 1132 3585 1185 gau-

2014 1208 2183 1271 dium,
2221 1208 2270 1261 in
2318 1208 2459 1276 quod
2493 1190 2777 1260 intrabunt
2797 1206 2936 1259 servi
2972 1207 3069 1270 tui,
3100 1208 3189 1274 qui
3235 1207 3506 1261 intrabunt
3531 1208 3582 1261 in

2012 1298 2260 1366 gaudium
2294 1296 2502 1351 Domini
2531 1296 2632 1351 sui.
2666 1294 2770 1350 Sed
2802 1295 3054 1364 gaudium
3080 1294 3205 1347 illud
3234 1304 3378 1348 certe
3398 1334 3411 1355 ,
3440 1297 3581 1363 quod

2011 1387 2315 1456 gaudebunt
2338 1386 2491 1441 electi
2521 1388 2616 1449 tui,
2639 1402 2729 1438 nec
2755 1384 2937 1437 oculus
2961 1384 3109 1447 vidit,
3140 1399 3230 1437 nec
3255 1385 3399 1437 auris
3426 1385 3580 1459 audi-

2011 1477 2104 1537 vit,
2136 1493 2225 1530 nec
2248 1477 2299 1528 in
2324 1494 2416 1529 cor
2441 1476 2665 1528 hominis
2688 1475 2915 1528 ascendit
2969 1473 3101 1543 (Isa.
3133 1489 3278 1535 wa,
3310 1473 3342 1525 4
3370 1490 3383 1536 ;
3412 1470 3436 1527 I
3462 1472 3581 1526 Cor.

2015 1584 2073 1631 lt,
2105 1568 2182 1635 9).
2218 1567 2460 1621 Nondum
2522 1567 2826 1635 ergonlixi,
2872 1575 2963 1618 aut
3019 1564 3272 1633 cegitavi,
3336 1564 3578 1625 Domine,

2014 1668 2271 1725 quantum
2319 1656 2624 1725 gaudebunt
2680 1656 2750 1707 illi
2801 1655 2941 1708 beati
2998 1656 3093 1707 tui.
3127 1655 3320 1721 Utique
3373 1662 3623 1707 tautuzn/

2012 1746 2339 1814 gaudebunt,
2372 1753 2631 1812 quantum
2680 1743 2978 1804 amabunt;
3031 1751 3235 1795 tantum
3300 1744 3577 1805 amabunt,

2014 1846 2272 1903 quantum
2328 1844 2670 1904 cognoscent.
2704 1834 2970 1899 Quantum
3003 1842 3052 1885 te
3092 1842 3438 1898 cognoscent,
3468 1831 3542 1886 Do
3574 1860 3581 1865 -

2016 1926 2373 1997 minegtunc;
2426 1932 2480 1977 et
2516 1933 2770 1992 quantum
2808 1934 2857 1976 te
2909 1922 3210 1975 amabunt!
3275 1920 3434 1975 Certe
3490 1937 3579 1973 nec

2014 2017 2192 2070 oculus
2224 2015 2369 2080 vidit,
2428 2032 2516 2069 nec
2571 2032 2713 2067 auris
2765 2015 2983 2077 audivit,
3042 2028 3131 2066 nec
3158 2013 3209 2063 in
3238 2028 3329 2064 cor
3357 2013 3579 2069 hominis

2011 2107 2241 2160 ascendit
2271 2107 2321 2159 iu
2353 2106 2451 2160 bac
2474 2106 2601 2168 vita,
2635 2112 2894 2174 quantum
2917 2113 2966 2158 te
2989 2110 3318 2170 cognoscent
3345 2111 3398 2153 et
3427 2114 3578 2152 ama~

2012 2193 2139 2246 bunt
2165 2193 2217 2246 in
2239 2193 2310 2223 ⁸⁸⁵
2333 2193 2416 2246 illa
2448 2194 2578 2246 vita:
2605 2191 2730 2253 Oro,
2765 2192 2920 2255 Dens,
2951 2205 3270 2259 cognoscam
3304 2199 3375 2252 te,
3406 2201 3579 2241 amem

2012 2291 2065 2335 te
2098 2292 2155 2335 ut
2213 2283 2473 2351 gaudeam
2508 2283 2573 2337 de
2608 2290 2677 2335 te.
2709 2282 2775 2335 Et
2815 2284 2859 2335 si
2901 2296 3004 2336 non
3027 2295 3243 2350 possum
3274 2280 3325 2332 in
3350 2278 3452 2333 bac
3473 2277 3579 2330 vita

2015 2374 2080 2426 ad
2108 2372 2357 2441 plenum,
2396 2374 2481 2426 vel
2535 2373 2811 2441 proficiam
2849 2374 2918 2404 ⁸³⁸
2948 2374 2999 2426 in
3042 2373 3175 2437 dies,
3235 2383 3403 2438 usque
3450 2369 3577 2422 dum

2013 2463 2193 2516 veniat
2223 2463 2345 2515 illud
2374 2465 2439 2515 ad
2460 2462 2673 2530 plenam
2704 2480 2717 2525 ;
2753 2462 2996 2531 proficiat
3034 2462 3121 2515 bic
3153 2464 3203 2513 in
3237 2475 3324 2514 me
3383 2458 3577 2513 notitia

2016 2553 2090 2605 tui
2117 2552 2186 2584 9"
2217 2561 2271 2605 et
2306 2553 2374 2605 ibi
2402 2553 2493 2604 tiat
2546 2553 2697 2620 plena
2734 2569 2746 2615 ;
2790 2560 3003 2605 crescat
3036 2566 3187 2603 amor
3222 2560 3362 2613 tuus,
3404 2557 3461 2602 et
3505 2547 3579 2601 ibi

2013 2644 2080 2699 sit
2111 2643 2297 2711 plenus
2320 2652 2377 2695 ut
2405 2644 2491 2696 Inc
2514 2642 2761 2711 gaudium
2794 2656 2966 2695 meum
2998 2642 3068 2694 sit
3097 2641 3149 2693 in
3198 2655 3291 2706 Spe
3322 2652 3570 2708 maguum

2012 2744 2065 2788 et
2093 2736 2173 2787 ibi.
2201 2734 2271 2788 sit
2300 2734 2352 2786 in
2384 2749 2440 2787 re
2480 2732 2711 2801 plenum.
2760 2732 3003 2794 Douiine,
3067 2747 3159 2799 per
3189 2730 3381 2783 Filiqu
3422 2738 3571 2782 tuum

2007 2823 2182 2892 jubes,
2215 2824 2320 2877 imo
2378 2822 2632 2884 consulis,
2674 2832 2887 2890 petere;
2919 2831 2972 2874 et
3013 2821 3281 2886 promittis
3332 2812 3579 2887 accipere

2014 2921 2071 2965 ut
2116 2913 2366 2981 gaudium
2418 2921 2659 2964 nostrum
2720 2912 2790 2964 sit
2832 2913 3066 2977 plenum.
3123 2911 3266 2970 Peto,
3331 2910 3575 2969 Domine,

342 3006 453 3047 tota
488 2998 666 3050 anima
699 3014 803 3053 non
832 2998 1061 3055 sulliciat
1107 3003 1352 3072 dignitati
1409 3004 1710 3058 dilectionis
1742 3022 1756 3067 ;
1788 3022 1911 3073 pro-
1938 3047 1980 3101 Γ
2015 3003 2152 3070 quod
2167 3002 2402 3056 consulis
2419 3018 2512 3069 per
2534 2997 3283 3055 admirabilemconsiliarium
3305 3009 3573 3054 nostrum:

340 3083 484 3136 fectu
526 3085 607 3139 sic
657 3088 965 3166 gaudebunt
1022 3100 1126 3143 toto
1182 3094 1357 3155 corde,
1404 3104 1511 3144 tota
1561 3104 1746 3159 mente,
1802 3105 1906 3148 tota
1939 3083 1982 3104 ’⁸

2014 3093 2270 3160 accipiam
2298 3090 2464 3160 'quod
2525 3091 2789 3159 promittis
2833 3106 2926 3160 per
2986 3090 3264 3143 veritatem
3307 3098 3474 3152 tuam,
3518 3099 3576 3139 ut

340 3178 519 3226 ιιηὶιηα
546 3190 560 3237 ;
587 3184 643 3227 ut
670 3185 837 3229 totum
880 3191 993 3239 cor,
1042 3186 1149 3231 tota
1199 3193 1371 3243 meus,
1414 3189 1520 3234 tota
1559 3182 1760 3245 anima,
1794 3198 1905 3236 non

338 3264 581 3316 suilieiat
600 3264 919 3332 pleuitudiui
942 3267 1143 3335 gaudii.

854 3358 1081 3428 CAPUT
1115 3374 1300 3428 xxvr.
1331 3377 1400 3406 θη

340 3481 422 3535 An
464 3484 662 3558 hocuﬁt
691 3487 941 3558 gaudium
989 3497 1194 3555 plenum
1234 3490 1372 3556 quod
1414 3492 1664 3558 promittit
1729 3491 1911 3544 Domi-

413 3568 529 3627 ltus.
556 3552 627 3584 ’”
657 3583 727 3593 —
753 3554 900 3608 Beati
944 3552 1144 3627 tantum
1170 3552 1461 3625 gaudebunt
1487 3571 1733 3627 quantum
1761 3576 1910 3612 anta~

446 3622 569 3673 bunt
600 3639 619 3674 :
644 3630 843 3675 tantum
874 3624 1142 3691 amabunt,
1171 3622 1421 3697 quantum
1467 3622 1797 3697 cognoscent.

411 3707 554 3763 Deus
591 3724 763 3774 meus,
789 3721 844 3765 et
873 3713 1129 3767 Dominus
1179 3731 1347 3779 meus,
1375 3732 1497 3785 spes
1526 3732 1663 3780 mea,
1698 3727 1751 3771 et
1780 3733 1910 3786 gau—

336 3796 486 3851 dium
516 3800 696 3854 cordis
722 3802 848 3866 utei,
880 3804 967 3858 dic
1006 3806 1202 3859 anima:
1253 3822 1404 3870 mea),
1446 3808 1489 3860 si
1543 3807 1643 3862 boc
1683 3817 1764 3861 est
1786 3823 1911 3875 gau-

2014 3182 2267 3250 gaudium
2314 3196 2488 3233 meum
2555 3180 2768 3248 plenum
2818 3179 2907 3233 sit.
2969 3180 3109 3232 Deus
3155 3194 3338 3240 verax,
3400 3187 3570 3246 pcto;

2013 3272 2289 3339 accipiam,
2310 3279 2366 3323 ut
2403 3270 2654 3337 gaudium
2705 3283 2880 3321 meum
2932 3268 3146 3336 plenum
3174 3268 3261 3320 sit.
3293 3266 3575 3319 Meditetur

2010 3361 2224 3414 interim
2279 3362 2404 3413 inde
2435 3375 2585 3412 mens
2633 3361 2697 3391 "7
2747 3374 2861 3412 mea
2892 3376 2905 3422 ;
2932 3358 3181 3426 loquatur
3234 3357 3354 3410 inde
3398 3355 3573 3424 lingua
3608 3342 3614 3346 ’

2010 3467 2149 3505 mea.
2178 3455 2334 3503 Amet
2358 3451 2482 3502 illud
2513 3465 2605 3503 cor
2626 3465 2800 3503 meum
2828 3466 2839 3510 ;
2872 3450 3264 3503 sermocinetur
3291 3463 3351 3501 os
3374 3461 3573 3501 meum.

2010 3541 2226 3595 Esuriat
2256 3540 2383 3593 illud
2440 3540 2618 3592 anima
2653 3553 2791 3602 mea,
2838 3538 2985 3592 sitiat
3010 3553 3135 3593 caro
3179 3553 3315 3594 mea.
3365 3537 3571 3591 deside-
3662 3586 3667 3589 .

2012 3640 2093 3686 ret
2126 3640 2233 3687 tota
2265 3630 2564 3685 substantia
2589 3644 2726 3691 mea,
2772 3629 2940 3681 donec
2992 3629 3183 3683 intrent
3240 3628 3287 3679 in
3321 3627 3569 3695 gaudium

2015 3718 2243 3784 Domini,
2269 3718 2440 3787 quies
2466 3718 2637 3770 trinus
2676 3726 2729 3771 et
2779 3732 2913 3770 unus
2952 3718 3109 3781 Deus,
3161 3715 3468 3769 benedictus
3520 3713 3575 3767 iu

2014 3808 2203 3862 sa'cula
2230 3807 2318 3858 ενδ.
2356 3807 2524 3860 Amen
2554 3807 2644 3857 "9.

1594 3918 1823 3973 VARIAS
1865 3919 2262 3974 LECTIONES.

412 4004 478 4033 ”'
512 4003 640 4057 Tale
667 4012 759 4056 aut
787 4021 909 4057 mss.
943 4004 1075 4058 Vict.
1111 4005 1172 4061 S.
1204 4005 1369 4073 ΔΜίεΙι.
1404 4008 1507 4062 tale
1539 4023 1600 4061 ac
1672 4010 1740 4042 ⁶¹¹
1772 4008 1896 4062 (Ἀρ.
1927 4008 2014 4060 ‘26.
2040 4019 2111 4061 est
2137 4008 2227 4061 25.
2259 4008 2309 4060 in
2345 4008 2459 4060 nec.
2492 4024 2590 4062 ms.

1282 4075 1353 4108 ⁹¹⁸
1382 4078 1651 4130 Amabant
1689 4078 1741 4130 in
1781 4086 1991 4131 mss.-et
2018 4077 2277 4129 amalnmt
2308 4078 2357 4128 in

337 4073 515 4142 dium,
558 4073 700 4141 quod
721 4075 1000 4142 promittat
1048 4076 1207 4129 Deus.

2666 4008 2733 4039 ⁹²²
2763 4025 2857 4060 ms.
2898 4006 3029 4058 'l'lm.
3056 4006 3141 4058 9t).
3186 4007 3264 4057 Au
3308 4007 3408 4056 llth
3452 4017 3576 4070 gau-

2462 4077 2533 4107 ’”
2570 4077 2637 4131 Ut
2686 4076 2958 4145 proﬁciam
3009 4092 3131 4145 mss.
3174 4074 3251 4145 vel
3301 4073 3572 4140 proﬁciam

337 4140 411 4179 ⁸³⁸
445 4139 638 4195 Notitia
680 4139 767 4194 tua
798 4159 919 4196 mss.
952 4143 1083 4196 Tim.
1118 4145 1304 4198 notitia
1339 4146 1409 4199 tui
1484 4147 1552 4177 "7
1598 4148 1809 4199 interim
1843 4160 1990 4200 mens
2011 4162 2133 4198 mss.
2162 4146 2373 4198 interim
2428 4144 2552 4198 inde
2596 4139 2742 4197 meus
2815 4147 2885 4177 9‘3
2934 4144 3160 4197 διεουιπ.
3206 4139 3395 4193 Amen.
3448 4157 3571 4196 mss.

343 4207 545 4265 Thuan.
572 4211 764 4265 saecula
790 4213 1123 4266 saeculorum.
1160 4215 1327 4267 Amen

1425 4216 1493 4246 ’³⁵
1526 4215 1653 4268 Mss.
1700 4215 1922 4283 Ea'plicit
1965 4212 2272 4283 Proslogion
2319 4216 2445 4267 liber
2511 4215 2736 4267 Anselnti
2777 4213 3165 4266 Cantuaricnsis
3211 4210 3573 4279 archiepiscopi

2538 4306 3557 4332 ww

1142 4382 1552 4493 LIBER
1594 4462 1600 4468 .
1636 4384 1907 4494 PRO
1970 4314 2929 4495 ΙΝ811ίῖῐὲῖῖίῆῖῖῖς

1797 4555 2111 4599 ADVERSUS

1006 4638 1065 4698 S.
1117 4638 1458 4697 ANSELMI
1496 4640 1573 4697 IN
1613 4638 2053 4698 PROSLOGIO
2106 4638 2855 4699 RA'l‘lOClNATlONEM

1086 4734 1354 4795 Auctore
1399 4736 1775 4795 GAUNILONE
1806 4734 2077 4813 Majoris
2112 4736 2482 4795 Monasterii
2524 4737 2849 4795 monacho.

406 4869 460 4928 Ι.
496 4873 769 4929 Dubitanti
820 4884 989 4927 utrum
1038 4877 1123 4938 sit,
1176 4876 1252 4928 rel
1306 4880 1512 4945 neganti
1568 4878 1794 4948 mquod
1833 4880 1898 4932 sit

2008 4879 2184 4947 aliqua
2208 4878 2327 4931 talis
2360 4889 2570 4941 natura,
2593 4895 2694 4947 qua
2744 4874 2869 4927 nihil
2901 4874 3069 4942 ntast
3125 4872 3340 4939 cogitari
3368 4873 3523 4939 possit
3553 4888 3568 4929 ,-

1604 4988 1831 5043 VAliIJE
1870 4988 2264 5045 LECTIONES.

398 5078 471 5110 ”°
496 5077 758 5132 Collatum
798 5086 872 5130 est
893 5078 987 5129 hoc
1026 5078 1328 5145 opusculum
1354 5095 1466 5132 cum
1491 5097 1613 5134 mss.
1640 5080 1838 5133 duobus
1880 5079 2156 5133 Victorinis
2183 5081 2294 5133 EE.
2334 5081 2395 5132 l3
2417 5091 2462 5131 et
2493 5078 2583 5128 Illi
2615 5079 2647 5130 5
2668 5118 2681 5136 ,
2710 5094 2811 5129 uno
2847 5074 3234 5145 ϐιήιῃηιιτιὶςβηδί
3279 5073 3318 5125 C
3342 5074 3437 5134 54,
3468 5092 3566 5125 tutu

333 5145 631 5201 Corbeiensi
672 5146 805 5203 307.
848 5163 948 5199 uno
982 5142 1297 5199 bibliotheca:
1324 5148 1552 5201 'l‘huana:
1594 5150 1701 5211 9i),
1756 5166 1856 5202 uno
1892 5148 2219 5203 Cistercicnsi
2272 5161 2321 5200 et
2367 5165 2469 5199 uno
2523 5147 2734 5197 marrubii
2788 5146 2846 5199 S.
2899 5142 3166 5196 Michaelis
3204 5145 3253 5194 in
3297 5154 3465 5211 mutue
3498 5172 3567 5180 -ρ

338 5212 726 5286 ηιλρεημμ
764 5213 899 5286 Vict.
922 5216 981 5286 V3.
1012 5225 1057 5268 et
1082 5214 1151 5286 S.
1188 5214 1347 5269 Mich.
1392 5217 1546 5269 Hunc
1589 5209 1866 5286 proﬂigant
1904 5219 2111 5273 titulum
2140 5218 2279 5286 Quid
2298 5216 2367 5286 ad
2394 5214 2866 5286 barc‘respoudcat
2902 5213 3116 5286 quidam
3162 5228 3269 5286 μιν
3292 5209 3566 5286 insipiente

334 5300 437 5338 ms.
486 5281 621 5355 Tha.
670 5283 861 5355 Incipit
902 5284 1192 5355 disputatio
1223 5285 1521 5352 insipientis
1568 5279 1794 5341 dicentis
1826 5288 1876 5341 in
1908 5279 2184 5341 cordeon
2216 5304 2226 5336 :
2262 5285 2378 5336 Non
2406 5295 2479 5336 est
2509 5279 2666 5355 Deus.
2698 5279 2982 5355 macero:
3017 5279 3565 5355 Responsioqualiter

334 5352 654 5425 respondeat
683 5348 899 5425 quidam
942 5348 1036 5425 ms.
1074 5352 1208 5407 Vict.
1254 5348 1340 5425 l5:
1371 5355 1554 5422 Incipit
1599 5358 1889 5424 disputatio
1927 5373 2021 5425 pro
2050 5355 2349 5421 insipiente.
2376 5370 2472 5404 ms.
2502 5352 2685 5425 Cister.
2718 5352 2854 5425 Quid
2875 5352 2945 5425 ad
2970 5351 3080 5402 lucc
3111 5348 3420 5425 respondeat
3444 5350 3559 5425 qui-

334 5414 460 5476 dam
484 5435 581 5491 pro
603 5414 716 5475 insi
747 5420 907 5473 icntc.
946 5422 1007 5473 In
1058 5440 1179 5477 mss.
1228 5414 1617 5477 Gcntmcticcnsi
1669 5414 1713 5479 ct
1760 5414 1942 5479 Sancti
1995 5414 2258 5477 llic/nidis
2309 5433 2513 5474 notatur
2567 5414 2882 5490 hujus'libri
2930 5430 3107 5470 auctor
3138 5418 3293 5483 [uisse
3342 5414 3563 5467 Cunniln

334 5492 618 5543 monachus
667 5436 1227 5543 Extioris-Mouustrrii
1248 5536 1259 5543 .
1313 5496 1459 5543 rnluo
1482 5536 1493 5543 .
1550 5494 1937 5543 illuir..tlu.-nier
2027 5496 2089 5521 ⁰³¹
2128 5494 2395 5543 Dubitanti
2426 5503 2599 5543 utrum
2626 5492 2693 5543 sit
2718 5534 2729 5543 .
2766 5492 2842 5543 vel
2874 5490 3078 5543 neganti
3106 5504 3201 5538 ms.
3232 5482 3381 5535 (Curti.
3408 5484 3563 5536 dubiu

690 5422 701 5433 ο

332 5492 618 5545 monachus

330 5570 449 5615 tant
477 5570 654 5613 utrum
684 5560 748 5614 sit
781 5602 795 5625 ,
831 5559 909 5611 vel
934 5573 1121 5629 negant

164 5970 173 5979 α
212 5954 215 5959 ν
268 5980 273 5981 γ

388 6036 413 6047 νε
434 6050 467 6065 ἡ
536 6038 561 6051 -.’

148 6060 151 6067 .

546 6072 569 6097 έι

726 5490 1259 5563 αῘυνὸδςΜρηιιδιιτήὶ,
1313 5496 1493 5563 rnlgo,
1550 5494 1937 5548 Mairdlonticr

2027 5496 2089 5521 ’³³⁸
2128 5494 2395 5546 Dubitanti
2426 5503 2599 5544 utrum
2626 5482 2693 5545 in
2718 5534 2729 5554 ,
2766 5492 2842 5543 vel
2874 5490 3078 5556 neganti
3106 5482 3201 5538 nis.
3232 5482 3381 5535 (τοῖιν.
3408 5484 3564 5536 tlubi~
