4226 6272
396 244 500 298 219

906 351 1129 408 CAPUT
1161 350 1448 404 PRIMUM.

399 441 689 496 Generatim
726 441 983 509 refellitur
1007 440 1296 493 adversarii
1327 441 1688 500 ratiocinatio;
1722 449 1767 491 et
1795 451 1963 495 exten-

438 515 578 565 ditur
608 513 661 564 id
683 529 784 581 quo
807 511 978 578 majus
1001 510 1218 577 cogitari
1258 524 1359 561 non
1388 518 1570 578 potest,
1600 525 1710 562 esse
1738 510 1927 577 reipsa.

464 599 607 654 Dicis
638 597 854 668 quidem
897 596 990 626 ““
1050 596 1379 665 (quicunque
1435 611 1494 651 es
1537 597 1626 664 qui
1670 596 1803 651 dicis
1851 598 1965 652 haec

397 704 551 756 posse
592 687 775 741 dicere
801 685 895 716 W”
926 685 1287 755 insipientem)
1317 686 1442 755 quia
1476 701 1579 739 non
1608 693 1697 739 est
1730 684 1784 738 io
1811 685 1965 741 intel-

398 780 536 834 lectu
560 776 783 847 aliquid,
813 789 922 846 quo
942 776 1116 845 majus
1152 777 1380 846 cogitari
1405 777 1494 808 "“
1523 791 1629 831 non
1649 777 1836 847 possit,
1866 777 1966 832 ali-

399 882 481 924 ter
507 882 669 938 quam
721 866 864 938 quod
908 868 1200 923 secundum
1266 867 1547 922 veritatem
1588 868 1847 938 cujusque
1873 868 1964 937 rei

399 960 583 1029 nequit
625 958 814 1014 saltem
849 958 1115 1031 cogitari:
1150 967 1206 1013 et
1243 957 1367 1028 quia
1415 972 1520 1013 non
1567 960 1737 1030 magis
1772 975 1965 1015 conse—

397 1052 579 1119 quitur
602 1048 698 1079 "“
733 1049 853 1113 hoc,
889 1049 1032 1118 quod
1062 1049 1204 1113 dico,
1257 1064 1365 1118 quo
1396 1049 1570 1119 majus
1606 1050 1832 1121 cogitari
1860 1067 1964 1106 non

398 1138 587 1206 possit,
617 1154 684 1191 ex
717 1137 937 1209 eoquia
979 1147 1061 1192 est
1110 1137 1161 1192 in
1199 1137 1493 1205 intellectu,
1544 1154 1663 1195 esse
1708 1146 1763 1193 et
1807 1139 1860 1193 in
1887 1156 1965 1206 re,

398 1242 559 1295 quam
598 1226 861 1294 perditam
892 1226 983 1256 ¹⁰⁵¹¹
1014 1225 1242 1281 insulam
1290 1227 1590 1281 certissime
1638 1228 1871 1283 existere
1901 1245 1977 1283 ex.

397 1332 462 1370 eo
490 1316 763 1390 quiqcum
789 1316 881 1347 "‘3
906 1315 1229 1369 describitur
1245 1315 1443 1380 verbis,
1468 1316 1691 1383 audiens
1721 1330 1838 1369 eam
1863 1333 1967 1371 non

399 1402 622 1472 ambigit
660 1401 713 1455 in
743 1402 1016 1483 intellectu
1064 1417 1162 1456 suo
1192 1416 1331 1456 esse.
1376 1403 1487 1479 Ego
1526 1418 1655 1457 vero
1693 1404 1812 1459 dico
1842 1418 1858 1458 :
1888 1406 1965 1471 Si,

399 1508 506 1561 quo
532 1492 707 1560 majus
750 1491 976 1561 cogitari
1009 1506 1113 1545 non
1142 1502 1337 1560 potest,
1386 1509 1490 1547 non
1525 1493 1856 1563 intelligitur,
1887 1497 1967 1549 vel

400 1581 684 1651 cogitatur,
716 1596 815 1636 nec
844 1589 930 1636 est
967 1581 1022 1635 in
1052 1582 1322 1636 intellectu
1356 1583 1436 1637 vel
1464 1583 1816 1653 c0gitatione;
1848 1599 1968 1652 pro-

403 1673 543 1725 tecto
566 1671 706 1737 Deus
735 1678 824 1725 aut
855 1686 961 1724 non
1004 1676 1088 1726 est
1119 1686 1226 1739 quo
1259 1670 1432 1738 majus
1466 1672 1688 1742 cogitari
1713 1688 1815 1725 non
1845 1687 1969 1741 pos—
2004 1672 2043 1728 Β

402 1760 493 1821 sit,
522 1768 615 1811 aut
637 1773 743 1812 non
776 1758 1088 1828 intelligitur
1111 1761 1202 1791 ¹⁰⁸⁹
1237 1759 1315 1813 vel
1350 1760 1637 1829 cogitatur,
1667 1768 1717 1814 et
1756 1775 1859 1814 non
1888 1770 1971 1814 est

404 1850 456 1903 in
483 1849 751 1906 intellectu
782 1850 863 1905 vel
892 1850 1231 1920 cogitatione.
1265 1852 1418 1917 Quod
1454 1865 1615 1919 quam
1648 1850 1841 1904 falsum
1875 1853 1967 1913 sit,

406 1939 509 1994 [ide
554 1951 611 1995 et
648 1941 972 1997 conscientia
1027 1951 1115 1995 tua
1164 1957 1263 2010 pro
1299 1941 1610 1995 ﬁrmissimo
1651 1950 1775 1994 utor
1813 1956 1973 2010 argu-

407 2040 607 2087 mento.
658 2033 801 2098 Ergo
840 2048 947 2102 quo
987 2034 1160 2102 majus
1197 2033 1421 2103 cogitari
1465 2025 1571 2087 non
1614 2040 1807 2103 potest,
1846 2049 1971 2088 vere

409 2122 720 2193 intelligitur
756 2134 813 2178 et
840 2125 1128 2194 cogitatur,
1161 2133 1214 2178 et
1241 2131 1324 2179 est
1362 2124 1413 2178 in
1446 2124 1719 2180 intellectu
1743 2132 1798 2179 et
1822 2125 1968 2195 cogi-

406 2214 627 2267 tatione.
673 2211 873 2278 Quare,
923 2222 1014 2266 aut
1044 2228 1168 2267 vera
1223 2229 1324 2267 non
1372 2222 1498 2267 sunt
1547 2214 1739 2283 quibus
1779 2224 1968 2271 contra

405 2304 618 2358 conaris
643 2304 732 2339 ¹⁰³⁰
788 2303 1036 2372 probare,
1078 2313 1171 2357 aut
1215 2320 1280 2357 ex
1331 2307 1411 2358 eis
1481 2321 1588 2359 non
1625 2306 1970 2374 consequitur

404 2395 547 2464 quod
569 2405 621 2450 te
656 2405 1046 2464 consequenter
1071 2396 1307 2465 epiuaris
1331 2396 1649 2451 concludere
1679 2398 1789 2449 ηδ’.
1818 2396 1971 2463 Quod

406 2495 582 2541 autem
615 2494 775 2556 putas
804 2501 869 2541 ex
904 2500 990 2549 eo,
1025 2488 1149 2555 quia
1178 2486 1492 2556 intelligitur
1516 2488 1608 2518 ‘°"
1640 2486 1839 2556 aliquid
1868 2502 1972 2556 quo

404 2578 577 2645 majus
617 2578 842 2648 cogitari
886 2580 1089 2647 nequit,
1138 2593 1259 2635 non.
1291 2578 1546 2648 consequi
1598 2579 1725 2632 illud
1761 2594 1881 2635 esse
1919 2580 1970 2632 in

406 2666 708 2734 intellectu;
736 2680 850 2723 nec
889 2668 934 2722 si
976 2677 1059 2723 est
1085 2668 1138 2723 in
1164 2669 1461 2747 intellectu,
1489 2670 1608 2725 ideo
1638 2684 1756 2724 esse
1787 2671 1839 2724 in
1867 2686 1923 2723 re
1956 2688 1968 2724 :

404 2766 552 2811 certe
575 2772 676 2827 ego
703 2757 822 2812 dico
846 2757 939 2788 ³⁸⁸⁸
966 2770 981 2809 :
1005 2758 1049 2811 si
1094 2758 1178 2811 vel
1212 2758 1433 2827 cogitari
1479 2769 1651 2826 potest
1694 2773 1834 2821 esse,
1878 2773 1972 2812 ue-

404 2861 553 2901 cesse
597 2856 679 2902 est
727 2847 853 2901 illud
884 2862 1003 2902 esse
1025 2847 1138 2900 “'1'.
1184 2846 1319 2900 Nam
1369 2862 1476 2916 quo
1523 2846 1695 2914 majus
1746 2847 1968 2915 c0gitari

402 2938 607 3006 nequit,
651 2954 759 2993 non
810 2945 986 3007 potest
1032 2939 1258 3008 eOgitari
1300 2954 1439 3005 esse,
1489 2938 1591 2993 nisi
1641 2940 1757 2993 sine
1792 2939 1963 2994 initio.

403 3025 672 3095 Quidquid
698 3033 875 3079 autem
906 3034 1084 3096 potest
1108 3027 1331 3092 cogitari
1361 3022 1501 3090 esse,
1534 3036 1584 3081 et
1620 3042 1724 3081 non
1755 3028 1965 3080 estw":

403 3131 500 3185 per
525 3115 735 3169 initium
771 3124 946 3184 potest
982 3116 1204 3186 cogitari
1238 3130 1375 3169 esse.
1420 3115 1535 3169 Non
1563 3130 1693 3185 ergo
1719 3130 1826 3184 quo
1854 3132 1970 3169 ma-

398 3203 488 3273 jus
524 3200 748 3274 eogitari
800 3204 1007 3273 nequit,
1052 3204 1277 3274 cogitari
1330 3198 1526 3272 potest
1566 3210 1707 3282 esse,
1763 3216 1816 3258 et
1863 3220 1968 3258 non

404 3293 620 3350 estw".
668 3292 725 3347 Si
774 3306 901 3361 ergo
943 3301 1117 3362 potest
1162 3294 1386 3361 cogitari
1430 3308 1573 3357 esse,
1619 3307 1684 3347 ex
1738 3294 1971 3348 necessi-

409 3392 518 3437 tate
545 3384 634 3415 ‘°“’
670 3393 775 3439 est.
815 3383 1077 3452 Amplius.
1111 3383 1168 3437 Si
1200 3385 1383 3453 utique
1410 3384 1492 3439 vel
1520 3384 1743 3453 cogitari
1774 3394 1967 3454 potest,

407 3484 629 3527 necesse
652 3482 735 3527 est
764 3472 889 3528 illud
918 3487 1055 3527 esse.
1087 3472 1270 3527 Nullus
1301 3474 1443 3527 enim
1469 3488 1669 3542 negans
1698 3484 1790 3527 aut
1817 3475 1967 3529 dubi-

409 3570 532 3620 tans
574 3576 695 3618 esse
722 3563 941 3631 aliquid,
992 3578 1098 3633 quo
1145 3564 1315 3634 majus
1364 3566 1587 3636 cogitari
1628 3581 1733 3619 non
1780 3567 1973 3634 possit,

408 3660 572 3723 negat
611 3653 693 3708 vel
724 3654 931 3709 dubitat
962 3655 1087 3724 quia
1117 3656 1161 3709 si
1198 3663 1358 3722 esset,
1390 3671 1490 3710 nec
1524 3662 1646 3709 actu
1688 3672 1786 3709 nce
1816 3656 1973 3710 intel-

407 3742 548 3798 lectu
576 3752 756 3813 posset
788 3759 891 3799 non
914 3745 1006 3775 ¹⁰⁸⁸
1035 3760 1175 3801 esse.
1223 3746 1397 3799 Aliter
1434 3760 1664 3815 namque
1693 3760 1795 3799 non
1830 3752 1972 3799 esset

1312 238 1511 293 LIBER
1542 236 1831 314 APOLOC.
1862 236 2135 293 CONTRA
2168 236 2633 295 GAUNILONEM.

1997 2985 2044 3046 C

3520 242 3641 301 25‘.)

1989 354 2039 411 Α
2068 367 2177 419 quo
2227 348 2398 414 majus
2446 348 2666 418 cogitari
2712 363 2816 401 non
2868 356 3046 417 posset
3076 348 3206 412 '°”;
3247 348 3338 402 sed
3380 351 3636 420 quidquid

2069 440 2296 509 cogitari
2331 446 2524 508 potest,
2559 448 2611 491 et
2652 453 2753 491 non
2788 447 2906 503 est;
2938 438 2980 492 si
3012 447 3178 505 esset,
3207 448 3387 507 posset
3410 439 3526 503 ‘°‘°,
3556 442 3637 495 vel

2068 539 2190 583 actu
2239 527 2322 583 vel
2378 526 2650 581 intellectu
2707 540 2813 580 non
2866 542 3006 581 esse.
3039 528 3217 592 Quare
3261 526 3307 581 si
3357 526 3441 581 vel
3490 529 3640 598 cogi-

2067 618 2169 673 tari
2196 618 2288 649 ¹⁰⁶¹
2326 623 2522 686 potest,
2544 630 2650 669 non
2675 623 2854 684 potest
2877 630 2981 669 non
3016 630 3137 671 esse
3165 630 3274 687 quo
3301 615 3479 686 majus
3496 619 3643 689 cogi-

2067 708 2169 761 tari
2203 706 2408 776 nequit.
2440 706 2547 759 Sed
2576 719 2839 774 ponamus
2881 720 2987 759 non
3018 720 3159 768 esse.
3206 706 3252 761 si
3296 706 3380 761 vel
3414 707 3641 777 cegitari

2067 796 2247 851 valet:
2276 808 2329 849 at
2367 795 2625 866 quidquid
2648 796 2741 826 ‘°“
2779 793 3006 864 cogitari
3038 804 3233 863 potest,
3263 804 3319 866 et
3362 812 3467 851 non
3517 806 3637 860 est;

2066 886 2111 941 si
2138 893 2297 946 esset,
2323 856 2426 938 non
2458 856 2603 939 esset
2628 890 2735 951 quo
2766 856 2938 952 majus
2964 856 3193 952 cogitari
3218 856 3333 938 ἠδη
3355 884 3545 954 possit.
3577 856 3641 941 Si

2065 990 2197 1047 ergo
2222 983 2367 1045 esset
2412 988 2520 1044 quo
2558 976 2733 1044 majus
2762 972 2986 1043 cogitari
3017 988 3121 1027 nou
3152 972 3338 1042 possit,
3368 988 3474 1028 non
3500 985 3644 1030 esset

2066 1081 2173 1137 quo
2200 1065 2373 1135 majus
2400 1064 2622 1132 cogitari
2659 1080 2763 1116 non
2799 1065 2966 1132 possit
2994 1080 3007 1114 :
3043 1079 3149 1133 quo
3172 1061 3361 1134 [quod]
3387 1064 3642 1129 uimis‘m

2068 1165 2150 1212 est
2180 1154 2488 1210 absurdum.
2538 1153 2753 1207 Falsum
2818 1162 2902 1206 est
2933 1152 3095 1221 igitur
3125 1169 3228 1207 non
3265 1166 3388 1209 esse
3418 1152 3640 1221 aliquid,

2067 1262 2175 1319 quo
2218 1246 2390 1321 majus
2433 1244 2659 1315 cogitari
2707 1259 2812 1298 non
2855 1243 3027 1313 possit
3053 1242 3147 1273 ‘°“
3194 1243 3239 1297 si
3292 1242 3373 1298 vel
3410 1243 3642 1312 cogitari

2068 1343 2240 1404 potest
2271 1354 2283 1388 :
2311 1336 2477 1389 multo
2526 1336 2707 1403 itaque
2759 1334 2951 1404 magis,
2994 1334 3038 1388 si
3084 1333 3178 1363 ¹⁹⁶⁵
3208 1332 3436 1404 intelligi
3466 1340 3561 1388 aut
3591 1331 3645 1386 in

2072 1426 2341 1480 intellectu
2372 1426 2463 1457 ¹⁰⁶⁸
2485 1441 2605 1481 esse
2638 1432 2836 1494 potest.
2868 1423 2996 1479 Plus
3018 1423 3218 1493 aliquid
3265 1424 3439 1477 dicam
3471 1438 3487 1476 :
3518 1437 3646 1493 pro-

2071 1516 2156 1570 cul
2188 1517 2349 1570 dubio
2375 1516 2635 1585 quidquid
2683 1514 2879 1569 alicubi
2924 1522 3018 1568 aut
3066 1513 3359 1583 aliquando
3396 1528 3503 1569 non
3538 1506 3643 1577 est,

2070 1604 2277 1658 etiamsi
2333 1603 2522 1657 estw"
2577 1603 2772 1656 alicubi
2826 1610 2915 1655 aut
2976 1601 3293 1669 aliquando;
3344 1610 3520 1671 potest
3556 1610 3644 1659 ιι-

2074 1694 2307 1747 men’m
2355 1692 2580 1763 cogitari
2632 1705 2902 1758 numquam
2932 1698 3006 1744 et
3053 1706 3311 1759 nusquam
3340 1693 3434 1726 ¹⁹⁶⁹
3485 1706 3643 1761 esse,

2072 1783 2210 1836 sicut
2244 1798 2348 1836 non
2375 1789 2460 1835 est
2486 1781 2681 1835 alicubi
2722 1789 2814 1834 aut
2845 1781 3153 1850 aliquando.
3184 1780 3316 1837 Nam
3344 1782 3486 1851 quod
3523 1780 3638 1836 beri

2072 1886 2177 1926 non
2216 1871 2335 1938 luit,
2360 1880 2414 1927 et
2448 1871 2605 1927 hodie
2638 1881 2719 1926 est
2746 1889 2759 1926 :
2792 1872 2932 1926 sicut
2966 1871 3081 1926 lteri
3111 1887 3215 1947 non
3247 1869 3414 1927 fuisse
3446 1871 3646 1926 intelli-

2074 1962 2243 2031 gitur;
2271 1962 2342 2015 ita
2373 1976 2646 2030 nunquam
2675 1975 2793 2015 esse
2820 1960 3147 2031 subintelligi
3172 1970 3353 2030 potest
3377 1974 3394 2013 :
3418 1968 3472 2013 et
3499 1960 3641 2029 quod

2072 2052 2293 2105 bic‘nou
2324 2061 2427 2119 est,
2459 2060 2512 2111 et
2567 2050 2693 2104 alibi
2738 2059 2840 2116 est,
2872 2051 3146 2105 sicut‘non
3178 2056 3260 2104 est
3280 2050 3368 2103 hic
3394 2049 3488 2081 "7°
3519 2086 3535 2114 ,
3568 2048 3641 2101 ita

2071 2150 2245 2211 potest
2270 2143 2495 2211 cogitari
2523 2157 2786 2210 nusquam
2817 2156 2955 2197 esse.
2986 2140 3251 2195 Similiter
3279 2140 3432 2208 cujus
3459 2149 3642 2210 partes

2072 2231 2293 2300 singula:
2341 2247 2447 2285 non
2498 2240 2626 2285 sunt
2662 2231 2751 2285 ubi
2786 2240 2876 2284 aut
2916 2230 3130 2300 quando
3162 2238 3288 2285 sunt
3318 2229 3437 2285 alite
3462 2237 3646 2299 partes

2070 2318 2219 2386 ejus;
2251 2332 2442 2372 omnes
2482 2327 2683 2387 partes,
2713 2328 2768 2374 et
2820 2318 2940 2372 ideo
2986 2319 3159 2387 ipsum
3187 2326 3387 2384 totum,
3420 2324 3650 2388 possunt

2073 2406 2293 2475 cogitari
2325 2420 2597 2475 nunquam
2638 2414 2728 2477 aut
2758 2421 3020 2476 nusquam
3049 2421 3185 2461 esse.
3215 2405 3346 2460 Nam
3371 2405 3471 2461 etsi
3495 2405 3645 2460 dica-

2076 2503 2163 2547 tur
2215 2502 2426 2562 tempus
2471 2508 2685 2563 semper
2720 2490 2875 2560 esse,‘
2906 2504 2962 2549 et
3014 2494 3246 2569 mundus
3271 2492 3641 2561 "",ubique;

2075 2598 2179 2637 non
2212 2591 2388 2637 tamen
2417 2583 2547 2639 illud
2580 2592 2745 2639 totum
2777 2598 3013 2653 semper,
3039 2592 3132 2640 aut
3161 2584 3261 2638 iste
3290 2586 3433 2639 totus
3454 2584 3646 2639 estm‘

2076 2674 2325 2744 ubique:
2376 2683 2432 2729 et
2509 2674 2649 2730 sicut
2701 2673 2921 2745 singulae
2988 2682 3170 2744 partes
3219 2675 3473 2744 temporis
3538 2687 3643 2728 non

2072 2772 2218 2828 sunt,
2249 2762 2465 2830 quando
2506 2762 2622 2815 aliae
2668 2771 2819 2827 sunt;
2854 2762 2928 2816 ita
2956 2771 3180 2832 possunt
3222 2776 3500 2830 nunquam
3526 2772 3648 2815 esse

2073 2850 2292 2917 cogitari
2322 2850 2440 2912 ¹⁰⁷³;
2474 2859 2526 2901 et
2553 2848 2777 2919 singula:
2805 2850 2988 2903 mundi
3016 2848 3109 2882 ¹⁰⁷⁵
3132 2846 3337 2919 partes,
3368 2849 3510 2903 sicut
3543 2862 3649 2901 non

2074 2948 2200 2991 sunt
2226 2938 2313 2991 ubi
2336 2937 2453 2992 alia:
2482 2945 2636 3000 sunt;
2670 2937 2743 2989 ita
2777 2936 3105 3005 subintelligi
3128 2945 3350 3005 possunt
3382 2949 3647 3004 nusquam

2074 3042 2193 3081 esse
2228 3045 2240 3079 :
2278 3028 2369 3081 sed
2396 3036 2449 3080 et
2478 3028 2617 3095 quod
2646 3024 2739 3057 ¹⁰⁷⁵
2784 3026 3025 3094 partibus
3048 3024 3393 3092 conjunctum
3423 3033 3506 3078 est
3532 3024 3647 3087 ¹⁰⁷⁶,

2076 3118 2400 3185 cogitatione
2429 3116 2665 3177 dissolvi,
2708 3123 2763 3166 et
2793 3130 2896 3167 non
2926 3129 3046 3169 esse
3075 3122 3266 3183 potest.
3292 3113 3471 3179 Quare
3492 3111 3649 3181 quid—

2076 3206 2203 3275 quid
2234 3206 2427 3259 alicubi
2459 3215 2552 3259 aut
2602 3208 2888 3276 aliquando
2938 3214 3107 3259 totum
3154 3217 3259 3256 nou
3298 3211 3401 3265 est,
3431 3202 3648 3255 etiamsi

2078 3306 2179 3357 est,
2214 3303 2401 3363 potest
2429 3296 2653 3365 cogitari
2688 3311 2790 3351 non
2837 3308 2993 3350 esse:
3025 3300 3081 3345 at
3108 3305 3215 3359 quo
3244 3289 3418 3358 majus
3442 3288 3650 3342 ηπεο..

2079 3385 2237 3455 gilat‘i
2274 3386 2478 3455 nequit,
2537 3387 2579 3440 si
2619 3376 2721 3452 esi,
2761 3402 2864 3440 non
2919 3391 3090 3454 potest
3124 3381 3216 3411 ¹⁰⁷³
3267 3379 3495 3448 cogitari
3544 3394 3653 3434 non

2078 3491 2217 3540 esse,
2248 3476 2483 3544 alioquin
2515 3477 2559 3530 si
2586 3486 2690 3541 est,
2722 3492 2829 3531 non
2858 3470 3267 3543 eStquo~majus
3296 3468 3389 3498 ¹⁰⁷⁹
3426 3468 3653 3536 cogitari

2079 3581 2185 3618 non
2214 3572 2382 3634 potest
2419 3582 2429 3616 :
2461 3566 2600 3633 quod
2633 3566 2723 3598 ¹⁰⁸⁰
2749 3580 2856 3619 non
2886 3559 3155 3618 convenit.
3182 3555 3497 3609 Nullatenus
3517 3568 3653 3625 ergo

2076 3653 2273 3707 alicubi
2301 3653 2412 3714 ¹⁰⁸¹.
2449 3662 2540 3706 aut
2586 3654 2873 3723 aliquando
2903 3660 3069 3706 totum
3103 3663 3205 3701 non
3237 3654 3348 3709 est;
3380 3644 3472 3699 sed
3505 3660 3653 3699 sem-

2072 3756 2169 3811 per
2202 3751 2255 3796 et
2306 3743 2501 3812 ubique
2548 3748 2719 3797 totum
2765 3750 2866 3797 est.
2898 3741 3131 3795 Putasne
3159 3735 3247 3771 ’σει
3298 3732 3643 3801 aliquatenus

1683 3937 1909 3993 vanus
1946 3902 2345 3994 LECTIONESV

484 4091 575 4125 ¹⁰¹⁸⁸
624 4091 763 4146 Diris
812 4092 1024 4164 quidem
1089 4110 1189 4164 ms.
1240 4092 1371 4145 Tim.
1424 4093 1555 4147 dicis
1613 4094 1830 4162 quidam
1926 4094 2018 4126 ¹⁰⁵⁵
2076 4093 2188 4149 lloc
2236 4107 2391 4164 posse
2434 4094 2783 4164 diceredmss.
2817 4091 2963 4164 Gem.
3025 4105 3072 4148 et
3131 4094 3194 4149 S.
3229 4094 3354 4149 Hic.
3406 4096 3521 4151 [nec
3554 4094 3650 4149 rdi-

408 4177 534 4219 cere
580 4175 737 4228 posse

812 4162 901 4203 ¹⁰⁸⁵
924 4162 1034 4216 Suo
1069 4162 1239 4233 majus
1268 4164 1408 4230 quod
1433 4164 1657 4232 cogitari
1680 4167 1823 4217 miss.
1852 4180 1958 4233 quo
1981 4164 2155 4229 majus
2180 4162 2400 4232 cogitari

407 4248 537 4285 mss.
578 4241 634 4284 et
684 4231 804 4300 quia
840 4246 943 4284 non
976 4231 1144 4302 magis
1169 4230 1523 4300 coiisequitnr
1608 4234 1695 4264 ¹⁰⁸⁷
1726 4230 1894 4298 Quam
1950 4232 2213 4302 perditam
2254 4230 2359 4284 'ms.
2390 4230 2544 4284 Corb.
2590 4246 2747 4302 quam
2770 4231 3088 4302 praedictam

2504 4163 2595 4193 ‘°"
2619 4162 2683 4215 Et
2730 4163 2871 4231 quod
2923 4178 3029 4215 non
3078 4165 3251 4232 magis
3304 4165 3651 4232 consequitur

2504 4232 2544 4283 b.
2590 4246 2747 4285 tltlalll
2780 4231 3088 4285 praedictam
3191 4232 3280 4264 ¹⁰⁴⁸
3335 4232 3651 4285 Certissima

3412 4243 3656 4287 rtissuue

409 4318 477 4355 ex
506 4299 711 4371 cocum
742 4317 869 4371 mss.
884 4301 1196 4371 certissime
1222 4299 1458 4355 existere
1484 4316 1547 4354 ex
1587 4317 1652 4356 eo
1675 4304 1800 4371 quia
1834 4299 1964 4357 cum‘
2035 4303 2125 4336 ¹⁰³⁹
2163 4302 2356 4371 Possit,
2398 4307 2489 4352 aut
2516 4315 2622 4352 non
2654 4299 2968 4371 intelligitur
3019 4318 3119 4352 ms.
3152 4300 3307 4371 Corb.
3335 4302 3522 4371 possit,
3556 4313 3654 4354 aut.

414 4369 732 4439 intelligitur
806 4370 897 4401 ¹⁰⁵⁰
921 4370 1144 4424 Conaris
1168 4379 1354 4439 contra
1387 4387 1517 4439 mss.
1545 4369 1732 4439 contra
1760 4372 1974 4425 conaris

2053 4371 2137 4401 ¹⁰³¹
2170 4369 2497 4423 Concludere
2526 4385 2650 4420 mss.
2692 4366 2820 4421 Vict.
2855 4369 2941 4421 ‘13.
2971 4370 3262 4423 excludere
3336 4366 3427 4402 m’
3479 4371 3558 4425 Ex
3587 4386 3661 4424 eo-

410 4440 556 4509 quod
576 4436 911 4510 intelligitur.
940 4455 1064 4492 mss.
1088 4440 1219 4510 Tliu.
1257 4437 1389 4491 Vict.
1417 4438 1568 4510 Gem.
1621 4438 1807 4493 Cistcr.
1827 4457 1923 4510 -e.\'_
1938 4454 1999 4510 eo
2026 4440 2149 4508 quia
2181 4438 2496 4510 intelligitur
2570 4437 2662 4468 ¹⁰⁵³
2693 4436 2872 4503 Certe;
2901 4439 3182 4510 ergodieo
3211 4455 3331 4493 nus.
3364 4448 3514 4493 certe
3553 4456 3658 4510 ego

412 4507 536 4563 dico
611 4507 705 4539 m"

790 4524 969 4562 cresse
996 4518 1078 4561 est
1107 4508 1231 4560 illud
1263 4523 1399 4561 esse.
1434 4508 1565 4561 Nam
1590 4524 1696 4575 quo
1725 4526 1820 4561 ius.
1884 4508 2017 4560 Tim.
2044 4507 2049 4508 “
2072 4522 2291 4561 necesse
2320 4507 2444 4560 illud
2475 4516 2557 4561 est
2580 4524 2700 4561 esse
2730 4522 2837 4575 quo
2912 4508 3265 4575 ""Cogitari
3294 4522 3414 4563 esse
3469 4518 3525 4563 et
3546 4507 3652 4563 non

410 4592 533 4632 esse
567 4592 691 4629 mss.
724 4577 947 4645 cogitari
984 4590 1124 4639 esse,
1157 4586 1209 4629 et
1238 4593 1342 4629 non
1381 4585 1464 4630 est
1540 4574 1633 4609 “5'
1676 4577 1856 4631 Potest
1886 4591 2003 4630 esse
2033 4586 2085 4630 et
2124 4592 2226 4630 non
2257 4592 2375 4631 esse
2419 4592 2543 4629 mss.
2574 4576 2719 4630 Gem.
2755 4574 2888 4628 Tim.
2916 4576 3064 4645 Vict.

3103 4587 3276 4645 potest
3318 4592 3438 4631 esse
3464 4587 3519 4631 et
3545 4594 3658 4631 non

408 4655 495 4701 est
552 4694 553 4697 η
593 4644 683 4676 ³⁸⁸⁷
722 4645 852 4715 lllud
882 4660 965 4715 ex;
990 4647 1308 4700 necessitate
1338 4661 1460 4698 mss.
1492 4648 1655 4700 omitt.
1693 4647 1817 4699 illud
1910 4646 2001 4677 ¹⁰⁵⁸
2032 4646 2304 4701 lntelleetu
2355 4653 2535 4715 posset
2584 4662 2687 4698 nou
2733 4661 2856 4698 nisa.
2886 4644 3017 4699 Tim.
3063 4644 3321 4715 Victum.
3369 4644 3651 4715 intellectu

410 4729 570 4785 posse
603 4728 711 4768 non
785 4714 877 4746 ὀσν
939 4713 1172 4781 Cogitari
1224 4730 1326 4776 non
1376 4726 1556 4782 posset
1603 4734 1721 4769 mss.
1771 4715 1899 4769 Vict.
1928 4716 2151 4785 cogitari
2185 4713 2369 4785 posset
2437 4715 2527 4785 “9°
2556 4715 2608 4768 Si
2637 4723 2797 4785 esset,

412 4733 570 4785 posse
603 4733 711 4768 non
785 4733 876 4746 ’νυν
939 4733 1172 4781 υοςιιιιιιι
1224 4733 1326 4776 ιιοῃ
1376 4733 1556 4782 posset
1603 4734 1721 4769 mss.
1774 4733 1899 4769 net.
1928 4733 2151 4771 Cﬂ'tlal‘l
2185 4733 2236 4784 ρ(

412 4786 458 4839 si
492 4794 693 4856 esset,
734 4794 912 4856 posset
987 4784 1076 4856 ‘9“
1108 4784 1286 4856 Quare
1341 4785 1383 4856 si
1411 4785 1543 4856 nihil
1577 4786 1803 4856 cogitari
1826 4802 1948 4839 mss.
1973 4733 2151 4856 (gnate
2192 4786 2236 4839 si

2846 4724 3025 4782 posset
3051 4731 3156 4767 ms.
3198 4713 3329 4769 Vict.
3361 4712 3447 4768 13.
3486 4714 3657 4767 etiam

2040 4801 2151 4859 tare
2185 4782 2237 4839 ﬁsi
2287 4784 2369 4859 vel
2399 4783 2624 4851 cogitari
2701 4784 2791 4859 “f’
2814 4782 2919 4836 Aut
2940 4783 3197 4859 quidquid
3225 4799 3353 4846 mss.
3405 4790 3463 4859 at
3488 4783 3648 4851 quid-

410 4853 551 4933 quid
616 4854 709 4891 ¹⁰⁶³
738 4849 851 4933 Non
882 4854 1078 4933 possit;
1116 4854 1258 4933 quod
1316 4854 1477 4933 nimis
1507 4872 1629 4908 mss.
1648 4849 1801 4933 '_non
1834 4849 2135 4933 possi_t__S_i_
2160 4870 2289 4933 ergo
2316 4849 2608 4933 essen-quo
2660 4849 2839 4933 majus
2866 4849 3099 4933 cogitari
3135 4867 3241 4933 non
3262 4920 3274 4933 .
3293 4850 3486 4930 possit,
3507 4849 3521 4851 “
3544 4866 3649 4933 non

408 4919 558 4994 esset
581 4939 688 4991 quo
720 4919 895 4992 majus
916 4919 1146 4991 cogitari
1190 4939 1292 4994 non
1337 4924 1532 4988 possit;
1559 4926 1697 4994 quod
1737 4919 1895 4977 nimis
1971 4924 2061 4955 '°”
2090 4919 2257 4989 Majus
2292 4919 2644 4992 cogitari-non
2680 4921 2874 4994 possit2
2904 4919 2951 4994 si
3001 4937 3094 4994 ms.
3121 4919 3307 4994 _Corb.
3352 4919 3524 4994 majus
3552 4920 3652 4974 nli-

408 4993 539 5060 quid
569 4994 792 5063 cogitari
826 5010 927 5046 non
952 4993 1137 5060 possit,
1162 4993 1205 5045 si
1284 4992 1763 5063 'mralulto'magis
1801 4995 1846 5047 si
1874 5010 1994 5047 mss.
2028 4994 2193 5063 multo
2225 4993 2619 5063 itaquenmgis,
2648 4992 2689 5043 si

1382 5062 1470 5093 “‘7
1502 5060 1764 5117 Etiam—si
1805 5072 1887 5117 est
1909 5079 2031 5115 mss.
2072 5060 2203 5117 Vict.
2260 5060 2413 5115 om.
2448 5070 2501 5113 et
2527 5061 2568 5113 si
2593 5069 2674 5113 est

411 5078 536 5114 nisa.
568 5061 787 5131 intelligi
814 5071 905 5115 aut
934 5064 985 5113 in
1018 5064 1282 5115 ἰιιιυΙΙιιριιι

2787 4989 3132 5061 ’ίοβίθᾲιιηειιίεἰ
3189 4998 3243 5043 et
3288 4990 3342 5061 in
3376 4988 3657 5061 intellectu

2776 5060 2866 5091 1°"
2890 5058 3293 5114 l’otest'tamen
3324 5058 3438 5117 ‘ms.
3494 5058 3650 5113 Corb.

417 5131 588 5183 omitt.
630 5127 839 5203 tamen
870 5131 977 5203 im
999 5131 1102 5203 Aut
1126 5148 1384 5197 nusquam
1416 5149 1539 5186 mss.
1570 5143 1621 5185 et
1646 5148 1907 5203 nusquam
1989 5131 2378 5203 ‘fiﬂQuorlboe
2417 5146 2518 5203 non
2551 5140 2700 5182 (εει...
2734 5144 2839 5181 non
2873 5138 2955 5182 est
2986 5130 3087 5203 ltoe
3112 5129 3407 5203 mastqttod
3433 5127 3523 5181 llic
3544 5142 3654 5182 non

411 5209 563 5254 est...
594 5214 698 5252 non
727 5210 809 5253 est
830 5200 916 5253 bie
989 5201 1075 5231 ¹⁰⁷¹
1106 5203 1254 5260 Esse,
1284 5211 1375 5253 aut
1399 5206 1626 5255 mundus
1649 5197 1779 5255 mss:
1821 5201 1949 5254 Viri.
1980 5202 2061 5254 15.
2091 5200 2223 5253 'Nm.
2252 5200 2405 5252 Corb.
2439 5198 2625 5252 Cister.
2657 5213 2775 5251 esse
2802 5208 2855 5251 et
2884 5199 3115 5253 mundus
3188 5198 3280 5230 ¹⁰⁷¹
3307 5197 3409 5251 ls'te
3432 5210 3653 5264 semper

410 5280 496 5341 est
523 5286 649 5341 mss.
679 5270 779 5323 iste
802 5280 943 5341 totus
966 5280 1046 5341 est
1124 5270 1457 5323 ‘0731’055um
1490 5273 1651 5325 etiam
1705 5287 1975 5341 ininquam
2000 5270 2223 5338 cogitari
2256 5286 2377 5341 mss.
2410 5277 2629 5341 possunt
2660 5282 3081 5341 nunquamesse
3121 5266 3354 5341 cogitari
3403 5264 3545 5341 _‘°”‘7
3584 5264 3653 5317 Et

410 5339 639 5409 singulae
663 5339 965 5409 muudims.
996 5340 1149 5393 Corb.
1179 5350 1231 5392 et
1267 5341 1487 5407 singulm
1518 5343 1587 5394 ibi
1614 5344 1794 5395 mundi

411 5408 525 5463 est.
560 5425 682 5461 mss.
707 5408 1047 5478 conjunctqu
1082 5420 1165 5463 est
1241 5410 1329 5441 ¹⁰⁷⁷
1361 5416 1433 5463 Ac
1458 5427 1562 5478 quo
1596 5409 1763 5477 majus
1793 5410 1915 5463 mss.
1939 5419 1991 5462 at
2012 5425 2117 5475 quo
2169 5408 2340 5478 majus

554 5486 731 5547 potest
760 5477 895 5547 ’βω
920 5476 1033 5530 Non
1067 5496 1172 5547 quo
1200 5481 1369 5547 majus
1393 5476 1513 5532 mss.
1551 5496 1652 5532 non
1682 5476 1765 5534 est
1796 5496 1901 5547 quo
1940 5480 2105 5545 majus

412 5494 523 5532 llUﬂ

1872 5342 1963 5371 ¹⁰⁷⁸
1992 5335 2093 5393 Sed
2123 5348 2176 5393 et
2207 5340 2346 5405 quod
2372 5335 2465 5389 ms.
2499 5335 2631 5388 Vict.
2656 5337 2737 5390 15.
2772 5337 2863 5391 sed
2889 5338 3050 5391 etiam
3075 5338 3214 5406 quod

3291 5334 3382 5371 ¹⁶⁷⁶
3395 5332 3653 5393 Iunctum

2418 5407 2508 5437 ¹⁰⁷⁸
2563 5406 2617 5459 Si
2650 5415 2755 5470 est,
2811 5423 2915 5461 non
2943 5401 3116 5475 potest
3145 5420 3244 5475 ms.
3302 5401 3460 5456 Corb.
3505 5402 3651 5454 sicut

2182 5478 2271 5507 ¹⁰⁸⁰
2296 5475 2406 5529 Non
2442 5476 2653 5543 possit:
2691 5478 2834 5543 quod
2871 5493 2967 5528 ms.
3003 5474 3137 5527 Vict.
3180 5474 3259 5527 13.
3297 5488 3400 5528 non
3429 5481 3648 5541 potest:

412 5544 567 5615 quod
635 5547 722 5579 ’°"
759 5544 1224 5618 Nullatenus'ergo
1254 5544 1517 5603 alicubi...
1548 5550 1706 5603 l‘utas
1732 5544 1827 5603 ms:
1854 5549 2003 5603 Coro.
2024 5544 2337 5603 inullatenus
2365 5562 2490 5616 ergo
2516 5546 2657 5614 quod
2686 5544 2947 5601 alicubi...
2982 5554 3138 5611 putas

276 5990 329 6019 Ἴ
438 5998 487 6045 ﬁt
