4226 6256
156 50 169 53 ἶ
290 46 351 51 ,υ
552 38 857 53 Ὗι-Ϋκφν-ιι-

459 219 563 277 253
1001 226 1058 282 S.
1102 226 1396 281 ANSELMI
1436 228 1789 284 CANTUAR.
1824 228 2143 286 ARCIIIEP.
2177 231 2322 287 OPP.
2366 232 2543 289 PARS
2583 234 2622 288 Ι.
2654 266 2715 276 -
2746 235 3166 292 ΒΟΟΜᾹἸῚΕᾹ.
3586 244 3693 298 256

455 346 610 421 esse;
638 333 684 389 si
714 335 816 398 εει,
846 350 950 390 non
990 345 1073 389 εει
1096 352 1201 405 quo
1231 339 1403 405 majus
1431 339 1655 407 cogitari
1682 356 1783 393 non
1810 348 1976 409 passu
2006 358 2017 390 :
2055 346 2097 396 Α
2126 340 2273 394 Sicut
2317 357 2443 410 ergo
2472 358 2579 410 quo
2636 346 2808 412 majus
2840 352 3063 418 cogitari
3117 347 3304 417 nequit
3342 347 3694 421 intelligitur,

456 418 600 488 quod
626 437 673 477 ει
710 437 816 478 non
845 432 947 489 est,
983 422 1167 492 utique
1199 425 1243 479 si
1270 435 1433 490 esset,
1468 442 1574 481 non
1609 438 1751 482 esset
1777 443 1885 496 quo
1918 443 2029 481 ma-

446 510 546 577 jus
588 524 691 565 non
727 515 894 581 possit
924 511 1170 579 cogitari.
1209 512 1316 569 Sed
1361 515 1467 569 dici
1510 531 1613 569 non
1664 524 1864 583 potest;
1904 515 2028 584 quia

460 610 567 666 quo
590 598 761 667 majus
783 597 871 631 ¹¹δ⁹
904 612 1009 653 non
1036 600 1454 671 possitcogitart‘
1474 603 1587 669 “”,
1614 603 1660 657 si
1691 613 1792 668 est,
1822 619 1926 657 non
1949 613 2031 658 est

457 699 566 754 quo
600 684 771 755 majus
796 686 1021 757 cogitari
1051 702 1155 743 non
1188 691 1357 758 possit
1381 692 1501 758 ¹¹⁸¹;
1536 699 1627 746 aut
1655 693 1699 747 si
1727 701 1891 756 esset,
1924 708 2031 749 non

458 779 602 828 esset
625 786 734 843 quo
753 788 863 830 non
900 777 1066 845 possit
1092 778 1184 809 “"
1225 779 1447 848 cogitari
1498 778 1690 848 majus.
1718 780 1873 836 Patet
1900 794 2030 852 ergo

427 862 432 867 “
457 861 582 930 quia
605 878 706 918 nee
735 879 841 920 non
869 874 953 922 est
975 866 1086 931 “",
1117 883 1215 924 nec
1262 878 1440 939 potest
1470 886 1576 925 non
1604 886 1745 937 esse,
1772 880 1862 927 aut
1887 872 2029 941 cogi-

460 951 560 1007 tari
593 968 700 1009 non
737 969 877 1012 esse.
916 950 1088 1012 Aliter
1130 960 1299 1024 enim,
1330 961 1373 1016 si
1402 971 1503 1028 est,
1528 978 1631 1017 non
1659 972 1742 1018 est
1784 964 1925 1033 quod
1947 962 2028 1017 di-

453 1044 627 1110 citur;
652 1040 718 1100 et
764 1047 812 1102 si
862 1058 1027 1113 esset,
1062 1064 1167 1103 non
1211 1060 1374 1106 esset.
1406 1052 1518 1108 lict.
1557 1064 1732 1109 autem
1770 1070 1875 1109 non
1914 1064 2021 1109 tam

457 1130 615 1186 facile
642 1132 858 1202 probari
904 1150 1062 1204 posse
1089 1138 1182 1169 ““
1209 1138 1423 1193 videtur
1451 1140 1516 1196 de
1564 1156 1629 1197 eo
1668 1143 1810 1212 quod
1858 1141 2027 1211 majus

457 1222 711 1277 omnibus
730 1223 946 1278 dicitur.
979 1224 1098 1280 Non
1142 1228 1286 1281 enim
1316 1227 1387 1281 ita
1417 1238 1563 1298 patet
1592 1230 1716 1298 quia
1742 1231 1883 1300 quod
1920 1246 2025 1285 non

458 1326 580 1367 esse
628 1315 850 1385 cogitari
892 1326 1089 1385 potest,
1145 1333 1249 1372 non
1281 1326 1365 1371 est
1409 1320 1582 1387 majus
1629 1321 1880 1387 omnibus
1909 1338 2027 1391 qua:

457 1411 604 1467 sunt;
636 1406 776 1459 sicut
805 1408 928 1474 quia
961 1423 1063 1459 nou
1087 1416 1171 1460 est
1191 1422 1300 1476 quo
1326 1408 1498 1475 majus
1527 1409 1751 1480 cogitari
1773 1425 1876 1464 non
1903 1427 2025 1480 pos-

452 1489 530 1544 sit
560 1508 575 1543 :
612 1506 712 1547 nec
763 1494 845 1549 sic
896 1506 974 1549 est
1003 1496 1094 1527 ¹¹⁸³
1124 1497 1668 1568 indubitabile‘quia,
1704 1500 1748 1553 si
1801 1509 1884 1554 est
1928 1500 2027 1554 ali-

456 1580 588 1647 quid
615 1580 709 1612 ¹¹⁵⁶
753 1583 927 1651 majus
973 1585 1244 1649 omnibus,
1294 1601 1398 1639 non
1434 1597 1517 1642 est
1552 1588 1695 1642 aliud
1727 1604 1886 1658 quam
1917 1605 2024 1660 quo

461 1668 637 1736 majus
670 1686 776 1725 non
816 1673 985 1741 possit
1020 1674 1244 1744 cogitari
1272 1676 1393 1741 “‘7;
1421 1683 1513 1729 aut
1539 1670 1582 1731 si
1612 1688 1770 1739 esset,
1803 1694 1906 1732 non
1935 1694 2025 1734 es-
2060 1661 2100 1719 Β

460 1765 545 1810 εει
571 1759 820 1814 εἰιιιίΙὶιει·
843 1762 984 1817 aliud
1018 1781 1031 1815 :
1066 1765 1333 1833 quomodo
1362 1775 1570 1819 certum
1595 1776 1678 1821 est
1704 1768 1770 1822 de
1801 1784 1866 1823 eo
1888 1772 2029 1839 qucd

463 1847 499 1903 d
519 1849 681 1913 citur,
715 1866 821 1921 quo
848 1853 1020 1920 majus
1051 1856 1275 1924 cogitari
1308 1858 1491 1926 nequit
1516 1859 1627 1912 ¹¹⁸⁸.
1661 1859 1799 1926 Quid
1836 1862 1977 1916 enim
2008 1881 2021 1915 :

388 2008 389 2011 η
460 1938 504 1992 Ii
536 1939 657 2007 quis
693 1941 841 2020 dicat
876 1959 997 1998 esse
1045 1944 1247 2014 aliquid
1296 1947 1582 2014 ntajus“”
1636 1951 1888 2006 omnibus
1911 1966 2031 2021 qua:

376 2067 380 2071 .
444 2028 606 2093 ‘s‘unt,
634 2040 687 2085 et
715 2031 943 2103 idipsuzn
991 2044 1169 2092 tamen
1200 2053 1356 2106 posse
1386 2040 1611 2109 cogitari
1648 2056 1753 2096 non
1792 2057 1944 2108 esse;
1975 2053 2030 2098 et

459 2117 664 2199 aliquid
714 2120 886 2190 majus
929 2138 1011 2189 eo,
1045 2127 1255 2182 etiamsi
1283 2128 1373 2160 ⁸⁸⁸⁸
1417 2144 1520 2183 neu
1553 2130 1624 2184 sit
1666 2142 1821 2201 posse
1851 2140 2027 2185 tamen

460 2207 688 2277 eligitari
716 2226 729 2262 :
758 2224 826 2263 an
879 2213 966 2267 hic
1018 2215 1096 2269 sic
1143 2224 1326 2285 aperte
1351 2216 1438 2247 ¹¹⁶¹
1472 2216 1657 2272 inferri
1691 2228 1887 2288 potest,
1920 2234 2027 2274 non

459 2307 545 2352 est
580 2312 710 2368 ergo
744 2300 856 2372 39
878 2302 1049 2371 majus
1082 2306 1331 2360 ontnibus
1360 2322 1478 2377 qua:
1499 2318 1644 2372 sunt,
1677 2308 1817 2363 sicut
1841 2309 1909 2363 ibi
1937 2309 2027 2340 ’⁸⁸³

463 2389 802 2453 apertissime
848 2392 1119 2449 diceretur
1144 2395 1274 2462 ”";
1312 2411 1440 2467 ergo
1475 2413 1580 2452 non
1612 2406 1694 2454 est
1720 2414 1829 2467 quo
1858 2400 2031 2464 ιηιειιιε

454 2476 686 2546 cogitari
731 2481 947 2548 nequit?
986 2482 1118 2537 Illud
1172 2500 1404 2555 namque
1462 2485 1571 2551 alio
1617 2486 1825 2555 indiget
1870 2501 2033 2554 argu-

463 2575 665 2630 mento,
692 2582 852 2637 quam
902 2572 1001 2626 hoc
1037 2575 1177 2641 quod
1222 2575 1444 2639 dicitur,
1475 2576 1711 2630 omnibus
1740 2593 1931 2646 majus.
1974 2577 2031 2631 ln

463 2652 570 2708 iste
599 2671 725 2710 vero
752 2673 859 2713 non
888 2670 972 2717 est
993 2677 1130 2730 Opus
1170 2662 1293 2726 alio,
1322 2679 1483 2732 quam
1512 2666 1613 2718 hoc
1638 2666 1750 2734 ipso
1776 2666 1915 2733 quod
1947 2672 2041 2720 so-'

465 2755 560 2798 nat
582 2745 695 2814 ηαδ,
740 2764 843 2818 quo
880 2751 1051 2820 majus
1073 2754 1293 2821 cogitari
1327 2771 1429 2807 non
1464 2756 1643 2823 possit.
1683 2756 1892 2830 Ergosi
1924 2772 2028 2809 non

467 2834 716 2890 similiter
740 2848 917 2908 potest
947 2841 1161 2909 probari
1203 2843 1272 2898 de
1317 2858 1382 2897 eo
1411 2846 1552 2912 quod
1577 2844 1749 2910 majus
1780 2846 2029 2901 omnibus

466 2924 682 2992 dicitur,
717 2929 857 2997 quod
887 2930 954 2986 de
1002 2947 1061 2985 se
1108 2946 1205 3004 per
1230 2933 1463 3003 seipsum
1504 2934 1693 3004 probat
1723 2952 1829 3005 quo
1856 2938 2031 3005 majus

462 3016 653 3084 nequit
674 3019 919 3088 cogitari.
944 3020 1141 3090 injuste
1163 3038 1249 3077 me
1265 3024 1651 3091 reprehendisti
1677 3025 1877 3079 dixisse
1890 3027 2031 3094 quod

465 3105 571 3161 t'o.t
621 3108 755 3173 dixi,
787 3124 909 3164 cum
943 3120 1149 3168 tantum
1187 3111 1407 3167 differat
1452 3115 1518 3167 ab
1543 3129 1606 3168 eo
1634 3116 1777 3182 quod
1812 3115 1944 3169 dixi.
1975 3115 2032 3170 Si

466 3209 594 3251 vero
622 3199 702 3250 vel
732 3198 875 3253 aliud
897 3201 989 3232 “"
1029 3212 1402 3271 argumentum
1451 3213 1625 3274 potest
1652 3204 1743 3234 ““
1782 3225 1795 3259 ι
1829 3220 1926 3259 nec
1953 3206 2033 3259 sic

467 3300 558 3341 me
587 3286 815 3341 debuisti
856 3293 1248 3359 reprehendere
1273 3292 1472 3347 dixisse
1514 3295 1656 3362 quod
1691 3294 1905 3361 probari
1937 3310 2033 3362 p0-

471 3388 594 3433 test.
630 3378 816 3435 Utrum
858 3391 1038 3436 autem
1069 3384 1255 3451 possit,
1302 3384 1455 3437 facile
1488 3385 1768 3454 perpendit
1797 3385 1909 3449 “‘1',
1939 3387 2030 3453 qui

469 3468 573 3521 hoc
604 3484 780 3537 posse,
823 3484 932 3539 quo
971 3472 1146 3541 majus
1188 3474 1414 3542 cogitari
1461 3475 1668 3543 nequit,
1713 3476 2031 3543 cognoscit:

468 3557 771 3614 nullatenus
809 3561 951 3615 enim
990 3571 1165 3630 potest
1203 3561 1424 3632 intelligi
1452 3578 1559 3630 quo
1591 3563 1764 3631 magis
1810 3563 2033 3631 cogitari

468 3661 573 3700 non
603 3650 799 3715 possit;
844 3650 946 3702 nisi
994 3650 1044 3701 id
1076 3650 1219 3718 quod
1247 3649 1417 3703 solum
1450 3650 1698 3703 omnibus
1731 3658 1811 3704 est
1843 3650 2032 3719 majus.

2130 439 2186 485 et
2212 440 2293 486 est
2324 432 2375 485 ia
2398 432 2488 463 ¹¹⁶³
2515 434 2821 503 intellectu;
2855 447 2910 491 et
2952 438 3073 492 ideo
3094 454 3215 494 esse
3246 439 3301 493 in
3351 440 3429 495 rei
3474 443 3700 498 veritate

2139 521 2403 583 asseritur
2436 536 2449 575 :
2491 522 2570 577 sie
2605 535 2747 593 quod
2788 524 2958 595 majus
2977 528 3071 562 *ιδ’
3104 529 3301 582 dicitur
3334 529 3580 585 omnibus
3618 534 3703 585 in-

2143 607 2326 679 telligi,
2357 618 2411 663 et
2430 624 2550 665 esse
2587 614 2640 666 ιιι
2687 613 2992 679 intellectu;
3028 624 3083 671 et
3124 617 3324 672 idcirco
3355 618 3528 688 reipsa
3578 635 3702 676 esse

2130 710 2196 751 ex
2221 699 2540 754 necessitate
2576 702 2932 758 concluditur.
2966 705 3124 760 Vides
3165 720 3295 775 ergo
3338 721 3502 773 quam
3550 719 3698 763 recte

2130 803 2217 841 me
2262 791 2587 859 comparasti
2636 793 2799 847 stulto
2848 794 2942 856 illi,
2986 795 3080 865 qui
3120 797 3219 850 hoc
3263 796 3380 851 solo
3408 798 3550 867 quod
3594 800 3691 855 de-

2128 877 2326 947 scripta
2358 879 2772 952 intelligeretur,
2801 884 3067 953 perditam
3111 886 3341 941 insulam
3387 902 3509 944 esse
3538 888 3699 944 vellet

2130 983 2249 1026 3888
2257 984 2312 1025 re
2319 986 2395 1024 re.

2728 1081 2956 1140 CAPUT
2997 1084 3081 1139 Vl.

2129 1167 2416 1246 Discutitur
2438 1173 2631 1226 dictum
2651 1175 2942 1246 adversarii
2962 1178 3014 1229 in
3038 1192 3180 1229 num.
3210 1175 3268 1246 2,
3292 1175 3527 1245 quislibet
3562 1177 3696 1246 {alca

2197 1239 2436 1293 similiter
2460 1253 2665 1310 possent
2687 1244 2901 1313 intelligi
2923 1285 2939 1309 ,
2967 1256 3122 1314 atque
3145 1239 3275 1299 adeo
3296 1239 3485 1298 essent.

2196 1325 2347 1391 Quod
2373 1341 2549 1405 autem
2574 1330 2762 1405 objicis
2779 1371 2796 1398 ,
2845 1333 3096 1402 quzelibet
3116 1331 3249 1387 falsa
3274 1332 3356 1388 vel
3372 1333 3528 1389 dubia
3551 1335 3698 1390 simi-

2126 1413 2249 1469 liter
2272 1432 2427 1484 posse
2444 1401 2713 1488 intelligi,
2752 1431 2807 1475 ct
2835 1438 2956 1481 esse
2988 1424 3038 1476 in
3078 1423 3386 1477 intellectu:
3434 1427 3695 1493 quemad-

2125 1506 2339 1559 modum
2372 1507 2531 1573 illuJ,
2588 1514 2730 1578 quod
2761 1513 3024 1567 dicebam.
3064 1514 3229 1568 Miror
3256 1511 3384 1582 quid
3446 1516 3533 1569 hic
3578 1529 3701 1570 seu-

2128 1592 2244 1647 sisti
2271 1593 2360 1626 “7°
2382 1605 2571 1649 contra
2607 1611 2690 1651 me
2716 1638 2731 1663 ,
2767 1599 2987 1654 dubium
3020 1603 3250 1669 probare
3276 1600 3576 1667 volentem;
3613 1604 3696 1656 cui

2127 1678 2360 1751 primum
2388 1687 2491 1741 hoc
2514 1688 2647 1742 satis
2670 1697 2784 1743 erat
2807 1728 2824 1753 ,
2857 1699 2914 1744 ut
2935 1691 3172 1759 quolibet
3200 1692 3359 1746 modo
3386 1690 3513 1745 illud
3547 1691 3700 1746 intel-

2129 1771 2219 1844 ligi
2243 1786 2299 1830 et
2326 1792 2445 1832 esse
2496 1779 2549 1832 in
2580 1780 2685 1833 inte
2708 1779 2851 1834 lectu
2879 1780 3219 1835 ostenderem
3275 1781 3360 1813 “'“
3390 1798 3403 1834 :
3437 1793 3701 1850 quatenus

2131 1876 2520 1934 consequenter
2573 1868 2662 1898 “"
2714 1869 3155 1922 eonsideraretur
3207 1868 3298 1934 mf
3347 1877 3526 1921 utrum
3557 1878 3701 1920 esset

2136 1953 2225 1985 “7"
2252 1956 2304 2009 in
2344 1958 2457 2012 solo
2490 1959 2796 2033 intellectu,
2840 1957 3174 2025 Velutfalsa;
3220 1974 3287 2012 an
3312 1966 3385 2012 ἐι
3437 1958 3488 2010 in
3516 1971 3601 2021 re,
3644 1966 3702 2033 ut
3745 2019 3760 2030 ι

2135 2044 2226 2076 ⁸⁸⁷⁸
2256 2060 2399 2099 vera.
2430 2046 2562 2100 Nam
2592 2048 2636 2101 si
2667 2026 2799 2102 falsa
2824 2057 2879 2103 et
2903 2048 3061 2102 dubia
3084 2047 3184 2101 hoc
3207 2047 3365 2100 modo
3389 2032 3701 2114 intelligun-

2132 2136 2249 2201 tur',
2272 2147 2327 2189 et
2346 2146 2472 2189 sunt
2499 2138 2549 2190 in
2581 2137 2852 2192 intellectu
2878 2156 2893 2203 ;
2940 2127 3090 2207 quia,
3121 2153 3241 2192 cum
3290 2137 3541 2196 dicuntur
3564 2135 3659 2167 ⁸⁸⁷⁸
3686 2175 3700 2196 ,

2130 2225 2356 2280 audiens
2378 2226 2623 2293 intelligit
2657 2228 2787 2296 quid
2819 2226 3003 2282 dicens
3031 2226 3296 2297 signiﬁcet
3323 2242 3337 2278 :
3368 2226 3500 2281 nihil
3524 2226 3701 2293 probi-

2131 2315 2223 2370 bet
2247 2316 2387 2385 quod
2410 2316 2517 2370 dixi
2553 2315 2807 2385 intelligi,
2844 2324 2899 2370 et
2932 2330 3059 2370 esse
3107 2316 3158 2369 in
3211 2314 3506 2369 intellectu.
3553 2313 3698 2378 Quo-

2132 2404 2291 2458 modo
2313 2412 2493 2455 autem
2522 2402 2623 2455 sibi
2662 2399 2989 2457 eonveniant
3030 2403 3171 2470 quod
3213 2402 3348 2455 dicis
3393 2401 3518 2470 quia
3564 2400 3698 2455 falsa

2134 2494 2342 2549 dicente
2366 2493 2453 2524 “7"
2479 2492 2688 2560 aliquo,
2719 2508 3049 2562 quiscunque
3085 2493 3172 2547 ille
3221 2492 3465 2569 diceret,
3510 2491 3701 2545 intelli-

2134 2596 2320 2651 geres:
2346 2590 2398 2635 et
2423 2581 2547 2649 quia
2579 2581 2705 2633 illud
2724 2582 2867 2650 quod
2897 2590 2979 2635 est
3004 2597 3108 2635 non
3136 2596 3200 2636 eo
3232 2582 3389 2635 modo
3413 2595 3522 2649 quo
3540 2582 3701 2635 etiam

2132 2670 2268 2724 falsa
2300 2671 2564 2724 habentur
2586 2672 2637 2724 in
2673 2671 3020 2739 cogitatione,
3058 2688 3160 2741 non
3184 2671 3511 2735 diceris‘m
3545 2671 3702 2724 audi-

2136 2770 2243 2814 tum
2276 2762 2533 2828 cogitare,
2569 2769 2662 2813 aut
2698 2760 2748 2813 in
2781 2761 3100 2830 cogitatione
3129 2762 3360 2825 habere;
3392 2761 3519 2829 quia
3558 2758 3702 2835 scili;

2132 2862 2212 2906 eet
2227 2892 2240 2911 ,
2258 2851 2552 2919 nonpossis
2568 2851 2657 2882 “"
2670 2853 2771 2906 hoc
2784 2852 3205 2921 alitcrcogitare,
3221 2851 3320 2906 nisi
3338 2852 3699 2922 intelligendo,

2060 2974 2104 3033 C
2134 2943 2187 2996 id
2217 2951 2334 3007 est,
2378 2942 2603 2995 scientia
2648 2942 3149 3009 comprehendendo
3194 2944 3366 3011 reipsa
3416 2942 3543 2995 illud
3590 2943 3704 2997 exi-

2139 3032 2318 3085 stere?
2350 3031 2659 3097 Quomodo,
2688 3031 2935 3099 inquam,
2978 3032 3341 3096 conveniant,
3384 3044 3435 3084 et
3457 3031 3587 3086 falsa
3620 3035 3705 3085 in-

2141 3118 2347 3188 telligi;
2385 3127 2446 3177 et
2486 3117 2784 3185 intelligere
2828 3131 2947 3172 esse
2974 3118 3199 3173 scientia
3251 3120 3705 3187 comprehendere

2140 3206 2376 3259 existere
2404 3205 2602 3271 aliquid
2629 3204 2719 3236 ¹¹⁰⁰
2754 3222 2767 3258 :
2801 3206 2932 3259 nihil
2955 3207 3021 3259 ad
3047 3222 3159 3266 me,
3199 3215 3253 3259 tu
3304 3206 3518 3261 videris.
3553 3207 3705 3273 Quod

2138 3296 2184 3350 si
2213 3303 2267 3347 et
2295 3292 2424 3347 faisa
2456 3293 2634 3361 aliquo
2659 3294 2815 3346 modo
2846 3294 3249 3361 intelliguntur;
3292 3304 3347 3350 et
3370 3311 3475 3350 non
3504 3297 3700 3358 omnis,

2137 3382 2230 3438 sed
2284 3380 2559 3448 cujusdam
2617 3380 2916 3435 intellectus
2968 3390 3051 3434 est
3112 3381 3225 3435 lucc
3261 3379 3703 3436 tlellinitio:Nou

2139 3471 2297 3526 debui
2337 3470 2685 3539 reprehendi,
2721 3470 2844 3539 quia
2875 3470 2982 3523 dixi
3006 3484 3113 3539 quo
3137 3472 3309 3540 majus
3338 3470 3562 3540 cogitari
3595 3486 3703 3524 non

2139 3559 2310 3630 possit
2331 3558 2550 3628 intelligi
2575 3598 2589 3621 ,
2621 3566 2673 3611 et
2703 3560 2753 3611 in
2780 3558 3050 3612 intellectu
3073 3574 3222 3624 esse;
3256 3559 3417 3614 etiam
3444 3560 3531 3593 ¹¹⁸¹
3554 3567 3706 3615 ante-

2142 3664 2301 3718 quam
2325 3658 2529 3703 certum
2554 3660 2699 3703 esset
2718 3649 2894 3717 reipsa
2920 3649 3046 3702 illud
3066 3650 3318 3704 existere.

1769 3778 1996 3833 VARI/13
2024 3778 2419 3834 LECTIONES.

539 3889 629 3919 m’
652 3889 784 3956 Quia
809 3889 1092 3962 quimajus
1116 3907 1248 3962 uias.
1270 3891 1393 3959 quia
1416 3906 1521 3959 quo
1552 3891 1721 3959 majus
1786 3892 1874 3923 ³¹⁵⁰
1906 3890 2020 3962 Non
2046 3893 2447 3962 possitCogitari
2466 3909 2588 3945 mss.
2621 3889 2775 3945 Corb.
2803 3907 2905 3944 non
2934 3891 3340 3959 potestcogitari
3414 3891 3500 3924 “"
3530 3891 3586 3962 Si
3602 3903 3700 3956 est,

474 3959 518 4012 si
560 3972 663 4030 non
692 3962 781 4027 qui
828 3958 997 4025 majus
1029 3960 1251 4030 cogitari
1286 3976 1390 4013 non
1424 3958 1595 4028 potest
1621 3958 1719 4014 etc.
1755 3978 1880 4013 mss.
1905 3961 1947 4015 si
1980 3958 2085 4023 est,
2112 3976 2214 4015 non
2246 3958 2327 4015 est
2357 3959 2464 4029 quo
2496 3962 2668 4029 majus
2692 3962 3050 4030 cogitarinon
3082 3958 3247 4028 possit
3272 3971 3368 4013 etc.
3409 3978 3507 4014 ms.
3544 3961 3700 4016 (ἔστι).

474 4030 518 4098 si
549 4027 690 4080 enim
727 4040 830 4091 est,
852 4043 960 4082 nou
984 4038 1065 4082 est
1094 4027 1201 4098 quo
1228 4032 1399 4098 majus
1420 4027 1523 4082 non
1571 4031 1730 4097 possit
1761 4042 1859 4083 etc.
1949 4031 2038 4061 ηδ’
2067 4031 2183 4097 Quo
2213 4046 2315 4083 non
2353 4027 2533 4098 posset
2574 4027 2699 4084 mss.
2734 4028 2868 4082 Vict.
2900 4028 3036 4082 'l'ltu.
3082 4027 3239 4081 Corb.
3271 4045 3375 4096 quo
3399 4046 3502 4083 non
3534 4032 3704 4097 possit

476 4097 567 4168 ‘1"
603 4096 736 4168 Quia
767 4107 1076 4153 necnonest
1101 4096 1201 4151 ms.
1230 4097 1364 4168 Tlttt.
1388 4099 1510 4166 quia
1530 4115 1627 4153 nec
1649 4109 1733 4153 est
1758 4116 1856 4168 ius.
1878 4099 2066 4153 Cister.
2094 4096 2219 4168 Quia
2248 4096 2462 4153 necnon
2486 4115 2604 4154 esse
2630 4111 2675 4153 et
2698 4100 2792 4152 Ιιοε
2818 4097 2999 4152 melius
3076 4098 3165 4128 ““
3191 4098 3411 4152 Probari
3435 4096 3699 4167 possents.

480 4164 620 4221 Vict.
654 4167 741 4221 15.
776 4169 943 4220 omitt.
970 4182 1129 4235 posse
1206 4166 1295 4198 ¹¹⁸⁵
1323 4164 1503 4237 Nessi
1529 4178 1613 4221 est
1637 4185 1733 4221 ms.
1760 4167 1920 4237 _Vict.
1951 4183 2048 4221 nec
2075 4164 2159 4223 εει
2187 4185 2283 4237 ms.
2312 4168 2467 4221 Corb.
2500 4182 2597 4221 nec
2624 4185 2726 4221 non
2757 4167 2840 4221 sic
2865 4179 2949 4220 est
3018 4168 3109 4198 ““
3132 4168 3267 4233 Quia
3306 4170 3351 4221 si
3376 4164 3458 4222 est
3489 4168 3704 4236 aliquod

426 4280 427 4285 η
472 4252 597 4290 mss.
631 4238 758 4306 quia
784 4238 832 4291 si
860 4246 944 4291 est
973 4237 1174 4306 aliquid
1204 4253 1299 4289 ms.
1329 4236 1486 4289 (ἔστιν.
1521 4238 1645 4305 quia
1678 4236 1819 4306 sicut
1850 4237 2054 4306 aliquid
2127 4237 2216 4306 “f”
2245 4236 2359 4289 Non
2389 4246 2474 4291 cst
2505 4237 2703 4305 aliquid
2747 4251 2906 4303 quam
2953 4237 3261 4306 quomajus
3282 4252 3385 4289 non
3408 4238 3577 4305 possit
3614 4246 3705 4291 eo-

470 4307 629 4375 gitari
654 4304 784 4359 imas.
818 4322 921 4360 non
952 4316 1036 4359 est
1064 4304 1206 4375 aliud
1230 4321 1390 4374 quam
1436 4304 1551 4358 etc.’
1571 4322 1668 4358 ms.
1699 4304 1854 4359 Corb.
1891 4304 1994 4359 non
2026 4315 2109 4360 est
2140 4304 2188 4358 id
2210 4321 2326 4375 quo
2354 4307 2525 4370 majus
2549 4304 2773 4373 cegilari
2809 4308 2994 4375 nequit
3067 4305 3158 4335 “5°
3180 4304 3297 4357 ’Aut
3325 4307 3368 4359 si
3397 4304 3562 4375 esset,
3595 4321 3703 4360 non

475 4374 621 4429 esset
652 4376 901 4445 similiter
928 4374 1171 4445 aliquid:
1208 4375 1462 4442 quoniam
1492 4385 1699 4428 certum
1724 4384 1803 4445 est
1834 4377 1899 4429 de
1929 4390 1993 4429 eo
2019 4375 2159 4445 quod
2189 4374 2408 4438 dicitur,
2439 4391 2549 4444 quo
2573 4375 2747 4442 majus
2773 4374 3009 4445 cogitari
3043 4374 3253 4445 nequit.
3286 4390 3383 4427 ms.
3408 4374 3563 4445 Coro.
3587 4375 3700 4445 Ita‘c

463 4446 644 4497 .ontitt.
681 4460 806 4498 mss.
836 4443 946 4496 alia
983 4452 1075 4497 aut
1096 4444 1140 4496 si
1162 4452 1337 4505 esset,‘
1366 4458 1472 4512 non
1500 4456 1642 4497 esset
1668 4444 1920 4497 similiter
1951 4443 2124 4509 aliud;
2152 4447 2418 4512 quomodo
2447 4443 2655 4497 certum
2687 4454 2788 4506 est,
2822 4452 2923 4495 etc.
3002 4443 3242 4496 “‘9Esse
3281 4443 3496 4511 aliquod
3530 4444 3705 4512 majus

472 4531 602 4568 mu.
630 4528 751 4568 esse
782 4513 983 4581 aliquid
1009 4511 1183 4581 majus
1251 4513 1342 4544 “°°
1373 4511 1547 4581 Majus
1570 4527 1715 4575 esse,
1737 4514 1949 4567 etiamsi
1978 4530 2102 4565 mss.
2134 4511 2279 4565 Gem.
2316 4511 2449 4565 Vict.
2476 4512 2630 4568 ϐου-ὸ.
2665 4514 2839 4580 majus
2864 4527 2948 4575 eo,
2972 4513 3184 4566 etiamsi
3262 4512 3352 4581 ξω
3386 4512 3467 4566 Αιι
3499 4513 3600 4565 Ιιοε
3624 4514 3704 4565 sic

474 4593 823 4652 aperte__mu.
855 4579 1171 4652 GemtVict.
1203 4579 1549 4652 Tltu.Cister.
1570 4582 1754 4652 atthic
1781 4583 1851 4636 sit
1878 4592 2187 4652 apertepts.
2215 4581 2392 4652 ϐοτὸν
2415 4599 2482 4635 an
2518 4583 2608 4652 hie
2636 4592 2730 4652 aut
2756 4579 2840 4652 sic
2867 4595 3056 4650 aperte
3127 4580 3410 4652 ““uSieut
3452 4581 3541 4652 ubi
3572 4596 3699 4633 mu.

525 4648 626 4706 em.
662 4649 797 4706 Vict.
832 4652 966 4707 Tito.
989 4648 1148 4705 (ἐστι).
1174 4653 1308 4706 sicut
1341 4650 1412 4704 ibi
1488 4650 1579 4681 ¹¹⁶³
1604 4649 1882 4705 Diceretur
1912 4648 2024 4704 'ms.
2058 4648 2213 4705 Corb.
2243 4651 2452 4705 dieetur
2548 4650 2639 4683 ““
2666 4650 2820 4716 Quod
2861 4648 3017 4704 sanat
3068 4666 3164 4703 ms.
3214 4649 3368 4702 Corb.
3419 4651 3507 4717 qtti
3549 4657 3707 4702 sonat

479 4722 575 4754 ““
605 4722 662 4777 Si
693 4736 819 4777 vere
852 4722 936 4776 vel
960 4731 1078 4790 post
1113 4721 1259 4775 aliud
1300 4736 1400 4773 ms.
1423 4718 1576 4772 Corb.
1611 4721 1653 4773 si
1688 4735 1815 4774 vero
1859 4721 2080 4790 prononi
2107 4720 2250 4774 aliud
2327 4720 2421 4751 ““
2448 4722 2837 4790 Argumentum
2886 4718 3109 4790 posuisti
3150 4718 3510 4790 Manuscripto
3543 4731 3698 4790 argu.

478 4801 720 4845 mentum
752 4800 926 4859 potest
961 4786 974 4790 ⁷
1001 4790 1088 4822 ί¹⁶⁷
1121 4790 1382 4858 Perpendi
1406 4802 1530 4859 mss.
1560 4792 1837 4858 perpendit
1861 4786 1872 4789 ⁷
1899 4786 1989 4825 “‘8
2021 4789 2233 4858 Nequit,
2272 4786 2588 4859 intelligitur
2614 4800 2664 4843 et
2691 4802 2772 4843 est
2800 4789 2853 4859 in
2886 4786 2997 4841 ἠιε.
3036 4786 3189 4859 Coro.
3226 4787 3430 4859 nequit,
3450 4786 3702 4859 etintet:

478 4859 654 4930 iigitttt
694 4855 814 4915 esse
841 4861 891 4914 in
975 4860 1065 4893 ¹¹⁸⁹
1092 4859 1183 4915 Sic
1210 4855 1351 4929 quod
1378 4855 1777 4930 t_najus_'ntslusic
1811 4874 1916 4928 quo
1945 4855 2129 4926 majus
2189 4859 2278 4918 “7°
2324 4855 2475 4924 Quod
2499 4861 2604 4930 hoc
2630 4858 2845 4930 sensisti
2875 4873 3006 4930 ntsst
3031 4856 3156 4930 quid
3189 4856 3273 4909 hic
3319 4856 3549 4930 sensisti
3613 4855 3701 4886 ¹¹⁷¹

478 4924 551 4984 lii
573 4930 844 4985 intellectu
877 4924 1343 4983 ostenderem'ms.
1370 4924 1527 4979 Corb.
1554 4924 2194 4982 intellectu"ostenderem
2244 4929 2653 4994 ma’nuscn‘ptum
2712 4925 2842 4978 Vict.
2873 4926 2959 4977 l3.
2996 4924 3325 4979 intellectum
3360 4924 3703 4994 ostenderem

482 5000 578 5030 “7'
612 4997 727 5063 Quo
769 5008 1161 5067 consequenter
1204 5015 1328 5052 mss.
1368 5006 1633 5062 quatenus
1668 5010 2055 5066 consequenter
2130 4998 2219 5027 ¹¹⁷³
2278 4991 2835 5067 Εοιιείιιεισςιιιιιχηιδι.
2884 4996 3320 5067 consideraretttr
3392 4991 3703 5067 ““_Utrutn

478 5062 776 5123 essetam.
821 5062 1160 5121 VictIutrum
1188 5084 1307 5123 esse
1384 5067 1474 5097 “7’
1496 5068 1576 5119 An
1607 5075 1661 5117 et
1689 5078 1737 5119 te
1769 5062 1976 5120 utinss.
2031 5082 2098 5119 an
2131 5076 2183 5121 et
2217 5067 2267 5118 in
2303 5083 2359 5121 re
2390 5075 2447 5119 ut
2522 5066 2611 5095 “7°
2656 5064 2807 5130 Quod
2857 5080 2980 5116 cum
3034 5063 3231 5116 dicitur
3258 5080 3381 5116 mss.
3412 5062 3536 5130 quia
3582 5077 3705 5114 cum

486 5139 744 5190 dicuntur
774 5153 869 5189 ms.
896 5136 1051 5189 Corb.
1093 5153 1211 5189 cum
1244 5138 1498 5190 dicuntur
1575 5136 1662 5165 “7"
1697 5138 1975 5201 Quomodo
2010 5146 2189 5188 autem
2217 5136 2315 5188 sibi
2353 5135 2637 5189 conveniat
2659 5134 2799 5201 quod
2825 5134 2979 5199 dicis,
3004 5132 3145 5201 quod
3173 5131 3304 5184 l'alsa
3336 5133 3547 5201 dicente
3576 5146 3702 5182 mss.

482 5206 634 5261 Uem.
672 5206 808 5259 Tlttt.
840 5204 973 5259 Vict.
1006 5206 1091 5258 15.
1122 5204 1308 5259 Cister.
1345 5206 1612 5273 quomodo
1635 5198 1811 5258 autem
1840 5206 1941 5259 sibi
1975 5205 2299 5258 conveniant
2325 5206 2466 5273 quod
2493 5204 2627 5257 dicis
2653 5198 2778 5270 quia
2812 5202 2941 5255 falsa
2982 5198 3190 5273 dicente
3240 5217 3337 5273 nte.
3388 5198 3540 5273 Coro.
3572 5214 3707 5266 quo-

485 5277 647 5332 modo
674 5276 775 5329 sibi
801 5278 1121 5329 conveniant
1148 5278 1237 5344 qui
1264 5270 1400 5328 dicis
1429 5277 1553 5342 quia
1586 5276 1719 5344 falsa
1753 5277 1966 5328 dicente
2052 5274 2143 5304 ¹¹⁷⁸
2190 5270 2473 5339 Qumlnon
2509 5284 2614 5335 est,
2644 5288 2710 5325 co
2739 5272 2898 5344 modo
2933 5285 3037 5344 quo
3074 5270 3234 5344 etiam
3266 5270 3395 5323 l‘alsa
3423 5270 3707 5344 habentur

489 5346 545 5399 in
579 5347 926 5415 cogitatione,
965 5361 1069 5397 non
1099 5337 1277 5415 dicens
1306 5337 1604 5397 "ML-(ient.
1647 5341 1775 5396 Vict.
1806 5344 2111 5415 'I'Itu.quod
2140 5337 2243 5397 non
2284 5358 2365 5415 eo
2392 5343 2548 5415 modo
2581 5357 2685 5415 quo
2718 5341 2878 5415 etiam
2936 5337 3065 5415 falsa
3108 5340 3374 5415 habentur
3423 5338 3476 5415 in
3507 5337 3708 5415 cogitav

493 5408 762 5468 tioneimn
791 5415 989 5468 diceris
1018 5431 1109 5466 ms.
1157 5413 1311 5465 Corb.
1340 5415 1587 5479 quodest
1612 5429 1714 5464 non
1745 5428 1809 5465 eo
1836 5408 2124 5479 modoquo
2154 5414 2315 5465 etiam
2350 5413 2478 5467 falsa
2512 5412 2776 5481 habentur
2823 5410 2875 5460 in
2909 5409 3251 5481 cogitatione,
3295 5423 3397 5481 non
3428 5408 3561 5458 dicis
3602 5420 3703 5481 ius:

489 5483 680 5535 (Σιειινν.
709 5486 849 5551 quod
878 5503 979 5537 non
1007 5495 1156 5536 est...
1196 5500 1299 5534 non
1326 5472 1521 5535 diceris
1598 5483 1686 5512 “79
1718 5481 1931 5535 Scilicet
1965 5472 2069 5534 non
2096 5498 2308 5549 possunt
2334 5499 2455 5535 mss.
2506 5480 2713 5551 scilicet
2761 5493 2865 5551 non
2914 5478 3086 5544 possis
3156 5479 3254 5532 .“"°
3294 5477 3537 5530 Existch
3568 5472 3709 5526 aliud

490 5567 618 5604 mss.
646 5548 875 5610 existere
905 5555 1107 5625 aliquid
1187 5554 1273 5584 “‘”
1314 5551 1371 5608 lu
1405 5552 1675 5606 intellectu
1707 5566 1841 5615 esse,
1887 5553 2045 5607 etiam
2078 5548 2170 5606 ms.
2202 5552 2352 5605 (Imb.
2407 5552 2456 5602 in
2506 5548 2775 5603 intellectu
2798 5548 2958 5601 etiam
2997 5561 3114 5600 esse

3940 6138 3953 6157 ε
3990 6114 4139 6157 μη.ιᾶ
