4226 6268
453 223 559 283 259

453 430 623 486 dubio
651 430 794 500 quod
823 429 1040 482 auditur
1069 430 1160 478 "li
1179 469 1195 494 ,
1220 431 1448 501 cogitari
1475 439 1532 484 et
1560 427 1781 497 intelligi
1812 429 1986 495 po'test
2015 467 2030 491 ,

455 520 672 577 etiamsi
702 533 788 574 res
807 518 895 572 illa
927 519 1150 590 cogitari
1182 535 1288 575 non
1313 519 1492 574 valeat
1521 527 1614 573 aut
1637 516 1894 585 intelligi,
1924 531 2033 586 qua

456 609 628 680 majus
651 610 742 643 ¹¹¹⁶
760 610 998 686 cogitari.
1027 612 1236 682 nequit.
1283 611 1420 667 Nam
1467 613 1569 667 etsi
1617 610 1904 680 quisquam
1953 621 2038 665 est

458 709 566 754 tam
603 685 898 769 insipiens,
949 709 1010 755 ut
1050 701 1196 756 dicat
1230 717 1333 756 non
1376 717 1497 756 esse
1549 689 1750 770 aliquid
1784 700 1872 731 "'7
1931 715 2038 768 quo

455 790 629 858 majus
653 805 760 844 non
794 792 966 860 possit
987 792 1212 863 cogitari
1243 831 1259 856 ,
1313 807 1416 846 non
1467 800 1644 845 tamen
1689 801 1760 845 ita
1802 791 1907 846 erit
1941 793 2040 846 im-

456 882 663 950 pudens
689 881 801 944 ιω,
858 890 915 936 ut
963 881 1110 936 dicat
1149 896 1208 936 se
1255 895 1357 934 non
1402 895 1561 951 posse
1605 879 1906 950 intelligere
1947 891 2040 936 a°t

453 971 700 1042 cogitare
720 972 847 1042 quid
873 972 1016 1026 dicat
1043 970 1305 1042 ’ω’εάδο
1349 980 1444 1025 aut
1491 973 1534 1025 si
1573 976 1698 1042 quis
1725 972 1849 1026 talis
1881 968 2034 1026 intre-

457 1063 636 1127 uitur,
665 1077 769 1126 non
800 1060 956 1114 modo
983 1073 1164 1115 sermo
1193 1061 1312 1131 ejus
1339 1071 1426 1117 est
1453 1062 1788 1132 reSpucudus
1815 1101 1830 1126 ,
1861 1062 1953 1115 sed
1980 1070 2037 1114 et

457 1155 573 1223 ipse
595 1153 1274 1223 conspuendus.,Quisquis
1308 1155 1471 1225 igitur
1495 1165 1653 1225 negat
1676 1154 1876 1224 aliquid
1901 1167 2037 1216 esse,

455 1259 563 1313 quo
587 1243 760 1312 majus
784 1254 1021 1314 nequeat
1041 1246 1299 1316 cogitari;
1327 1246 1512 1315 utique
1540 1245 1785 1314 intelligit
1813 1251 1866 1299 et
1895 1243 2040 1313 cogi-

419 1344 534 1389 ~tat
557 1335 904 1406 negationem
929 1375 946 1402 ,
968 1352 1129 1406 quam
1161 1338 1287 1392 l'acit
1313 1355 1325 1390 :
1373 1352 1532 1405 quam
1573 1333 1915 1407 negationem
1947 1335 2039 1367 ¹¹¹⁰

460 1425 760 1495 intelligere
775 1434 869 1479 aut
893 1427 1132 1492 cogitare
1151 1441 1254 1478 non
1271 1422 1443 1493 potest
1471 1426 1588 1479 sine
1609 1440 1674 1494 pa
1686 1425 1856 1478 rtilnts
1885 1423 2038 1494 ejus:

461 1530 592 1584 pars
616 1526 796 1570 autem
828 1515 944 1584 ejus
973 1526 1086 1580 est,
1121 1497 1223 1586 quo
1252 1517 1424 1586 majus
1457 1516 1677 1585 cogitari
1715 1532 1816 1570 non
1855 1527 2040 1586 potest.

465 1604 784 1674 Quicunque
813 1605 976 1675 igitur
998 1607 1100 1661 boe
1133 1617 1316 1676 negat;
1343 1607 1595 1678 intelligit
1617 1617 1672 1662 ct
1692 1608 1910 1678 cogitat,
1936 1623 2042 1676 quo

463 1689 638 1759 majus
666 1691 890 1762 cogitari
925 1688 1132 1763 nequit.
1166 1693 1348 1748 Palam
1377 1707 1555 1749 autem
1594 1706 1675 1751 est
1711 1697 1835 1765 quia
1885 1697 2038 1752 simi-
2075 1684 2116 1742 Β

461 1781 586 1838 liter
615 1792 792 1853 potest
818 1785 1042 1852 cogitari
1073 1796 1128 1839 et
1155 1787 1409 1857 intelligi,
1438 1789 1578 1857 quod
1597 1804 1700 1842 non
1717 1797 1894 1857 potest
1923 1795 2029 1843 non

462 1889 583 1948 esse
607 1875 727 1939 "";
757 1874 928 1941 majus
955 1889 1082 1930 vero
1118 1877 1319 1945 cogitat
1351 1879 1441 1944 qui
1483 1879 1583 1932 boe
1623 1880 1850 1949 Cogitat,
1881 1894 2039 1950 quam

461 1963 553 2033 qui
584 1963 786 2032 cogitat
806 1964 948 2034 quod
975 1966 1141 2034 possit
1171 1981 1276 2020 non
1307 1982 1428 2022 esse
1457 1970 1570 2022 ιη’.
1617 1970 1750 2023 Cum
1788 1986 1916 2042 ergo
1946 1986 2039 2026 eo-

462 2055 694 2124 gilatur,
726 2070 834 2125 quo
857 2056 1031 2124 majus
1054 2071 1157 2112 non
1186 2058 1355 2126 possit
1391 2059 1616 2128 cogitari
1648 2060 1772 2124 κω,
1815 2061 1859 2114 si
1889 2062 2043 2130 cogi-

465 2149 615 2199 tatur
646 2145 788 2215 quod
812 2147 982 2215 possit
1010 2141 1118 2201 noit
1147 2161 1297 2212 esse,
1339 2165 1443 2204 non
1474 2150 1742 2220 cegitatur
1783 2165 1891 2220 quo
1935 2166 2040 2204 non

465 2235 636 2302 possit
659 2235 887 2305 cogitari
913 2237 1128 2306 majus;
1163 2239 1257 2292 sed
1285 2239 1472 2307 nequit
1515 2241 1653 2293 idem
1699 2239 1857 2295 simul
1898 2241 2044 2310 cog?-

468 2326 600 2402 tar_i,
642 2335 698 2380 et
743 2341 848 2381 non
888 2328 1134 2398 cogitari.
1175 2328 1355 2396 Quare
1397 2332 1486 2400 qui
1547 2333 1637 2363 ¹¹¹⁸
1689 2331 1890 2400 cogitat
1939 2349 2044 2402 quo

466 2400 636 2486 mins
668 2434 773 2474 non
805 2416 974 2489 possit
1001 2419 1260 2490 cogitari,
1294 2437 1400 2476 non
1428 2422 1628 2492 cogitat
1663 2424 1806 2492 quod
1841 2400 2044 2494 possit,

465 2509 558 2564 sed
588 2509 866 2579 quodnon
894 2512 1068 2580 possit
1116 2527 1222 2566 non
1263 2527 1406 2568 esse.
1441 2513 1786 2582 Quapropter
1829 2528 2051 2568 necesse

451 2610 551 2654 'est
581 2615 702 2656 esse
722 2602 865 2671 quod
890 2603 1120 2672 cogitat;
1153 2603 1275 2670 quia
1299 2603 1559 2672 quidquid
1585 2618 1690 2658 non
1713 2618 1832 2659 esse
1851 2612 2048 2674 potest,

467 2705 571 2743 nou
598 2691 846 2760 estquod
867 2691 1087 2760 cogitat.

990 225 1049 282 s.
1091 221 1780 310 tusculucauwtu.
1824 222 2141 279 ARCIIIEP.
2186 221 2555 305 cornelius
2594 219 2634 277 ι.
2669 253 2735 263 -
2776 220 3194 279 DOGMATICA.

451 358 577 400 eum
601 341 828 407 dicitur,
859 357 960 410 quo
989 341 1120 396 nihil
1163 341 1336 409 majus
1381 341 1511 395 ralct
1545 339 1800 411 cogitari;
1844 339 2032 407 procul
2067 345 2107 399 Α

3605 215 3712 280 260

2753 358 2981 414 CAPUT
3024 360 3089 414 Χ.

2212 493 2254 544 F
2261 493 2461 546 inuitas
2501 494 2720 548 rationis
2739 494 3001 561 prmdiclw
3026 536 3042 559 ,
3085 505 3131 548 et
3171 496 3333 552 libelli
3379 498 3641 554 clausula.

2207 628 2340 682 Puto
2377 627 2500 696 quia
2535 630 2834 682 monstravi
2879 642 2964 682 me
3001 643 3105 684 non
3143 629 3418 702 inﬁrma“
3443 634 3534 688 sed
3583 637 3718 692 satis

2141 718 2446 774 necessaria
2530 719 2996 787 argumentatione
3065 722 3323 789 probasse
3378 724 3432 778 in
3496 725 3720 795 pra-fato

2142 808 2349 871 libello",
2383 807 2557 877 reipsa
2587 810 2824 864 existere
2854 809 3088 879 aliquid,
3142 827 3249 879 quo
3283 812 3457 881 majus
3491 815 3714 886 cogitari

2144 902 2358 955 m“non
2388 897 2586 968 poSsit;
2623 912 2724 953 nec
2764 913 2883 953 eam
2930 899 3156 967 alicujus
3200 899 3522 968 objectionis
3566 907 3749 958 inlir--
3799 918 3805 922 ·

2141 993 2275 1049 mari
2300 992 2550 1046 ﬁrmitate
2584 990 2694 1044 “’5.
2727 989 2955 1046 Tantam
3001 992 3143 1047 enim
3192 992 3297 1045 vim
3325 992 3482 1061 hujus
3520 996 3719 1063 proba-

2143 1081 2304 1137 tionis
2329 1083 2415 1113 "'7
2457 1083 2590 1137 inse
2616 1082 2855 1136 continet
2886 1082 3237 1152 signiﬁcatio;
3289 1093 3346 1137 ut
3391 1085 3498 1140 boc
3543 1086 3717 1156 ipsum
3758 1080 3763 1082 “

2141 1172 2284 1240 quod
2316 1171 2545 1237 dicitur,
2577 1186 2640 1225 ex
2674 1172 3026 1234 necessitate,
3070 1185 3135 1227 eo
3173 1173 3291 1242 ipso
3337 1174 3478 1240 quod
3516 1173 3720 1228 intelli-
3779 1229 3782 1232 .

2141 1265 2289 1333 gitur
2315 1263 2398 1318 vel
2426 1263 2722 1333 cogitatur,
2752 1271 2808 1316 et
2837 1277 3024 1316 revera
3051 1264 3308 1332 probetur
3344 1265 3578 1319 existere
3602 1306 3617 1329 ,
3661 1273 3720 1340 et

2143 1353 2374 1421 idipsmn
2397 1367 2516 1408 esse
2545 1353 2802 1422 quidquid
2850 1352 2916 1406 de
2948 1353 3125 1407 divina
3155 1354 3455 1408 substantia
3504 1363 3722 1425 oportet

2141 1445 2382 1496 credere.
2430 1441 2712 1497 Credimus
2763 1456 2994 1512 namque
3043 1444 3107 1498 de
3155 1444 3335 1499 divina
3383 1447 3718 1508 substantia.

2141 1531 2400 1601 quidquid
2439 1533 2686 1587 absolute
2737 1533 2828 1564 ¹²¹⁸
2874 1533 3096 1602 cogitari
3151 1544 3327 1602 potest
3378 1534 3571 1590 melius
3599 1551 3721 1591 esse

2143 1631 2305 1691 quam
2334 1636 2472 1676 esse.
2504 1619 2663 1674 Verbi
2692 1622 2860 1689 gratia
2895 1639 2906 1673 :
2943 1621 3132 1674 melius
3161 1632 3245 1675 est
3276 1637 3396 1677 esse
3420 1633 3679 1677 aeternum
3703 1663 3718 1686 ,

2146 1725 2304 1779 quam
2337 1724 2442 1763 non
2479 1717 2781 1773 :cternum;
2835 1711 3064 1775 bonum,
3108 1725 3266 1777 quam
3321 1727 3424 1764 non
3482 1711 3718 1776 bonum;
3815 1711 3818 1714 ’

2147 1800 2255 1853 ῖιιιο
2285 1797 2578 1854 bonitatem
2609 1796 2778 1865 ipsam
2810 1837 2824 1859 ,
2854 1812 3013 1865 qnam
3056 1813 3161 1850 non
3201 1799 3496 1854 bonitatem
3528 1801 3722 1868 ipsam.

2149 1886 2287 1942 [\‘ibil
2331 1895 2508 1941 autem
2556 1886 2859 1954 bujusmodi
2914 1903 3016 1940 non
3057 1901 3177 1942 esse
3229 1897 3402 1958 potest
3449 1890 3570 1954 ω’,
3617 1905 3727 1958 quo

2149 1975 2321 2043 majus
2350 1975 2549 2046 aliquid
2570 1975 2795 2045 cogitari
2823 1991 2926 2030 non
2958 1987 3153 2045 potest.
3173 1967 3412 2034 Necesse
3430 1979 3594 2048 igitur
3616 1989 3722 2042 est.

2147 2083 2255 2137 quo
2282 2069 2455 2138 majus
2494 2069 2714 2140 cogitari
2766 2082 2869 2121 non
2912 2075 3122 2137 potest,
3177 2083 3297 2124 esse
3343 2069 3602 2139 quidquid
3658 2072 3724 2125 de

2147 2157 2325 2210 dirina
2353 2159 2586 2213 essentia
2614 2157 2760 2211 credi
2780 2166 3010 2224 oportet.
3038 2157 3252 2213 Gratias
3281 2174 3383 2230 ago
3404 2159 3723 2229 benignitati
3769 2199 3775 2202 ς

2147 2249 2239 2282 ¹¹³⁰
2272 2259 2374 2304 tua:
2429 2243 2482 2303 et
2527 2250 2579 2302 iu
2606 2249 3070 2318 reprehensione,
3102 2259 3157 2304 et
3193 2249 3244 2303 in
3286 2250 3442 2306 laude
3485 2250 3724 2318 opusculi

2147 2339 2274 2394 mei.
2317 2337 2450 2415 Cum
2493 2339 2635 2392 enim
2688 2351 2749 2390 ea
2781 2378 2794 2402 ,
2853 2353 2972 2407 qua:
3031 2339 3124 2393 tibi
3176 2340 3332 2410 digna
3386 2340 3729 2408 susceptione

2148 2428 2434 2492 videntur,
2468 2437 2611 2481 tanta
2640 2428 2798 2482 laude
2825 2429 3065 2484 extulisti
3093 2471 3109 2494 ,
3144 2431 3276 2486 satis
3313 2440 3570 2502 apparet,
3599 2431 3725 2500 quia

2151 2531 2270 2584 quae
2294 2516 2387 2570 tibi
2415 2516 2626 2569 inﬁrma
2654 2517 2766 2570 visa
2793 2525 2912 2570 sunt
2931 2556 2946 2578 .
2974 2519 3340 2574 benevolentia
3360 2560 3374 2585 ,
3424 2537 3530 2575 nou
3562 2519 3724 2574 malc‘

2152 2605 2388 2658 volentia
2416 2605 2535 2668 ¹²³¹,
2566 2605 2955 2674 reprehendisti
2985 2607 3093 2660 ηδ’.

691 2839 695 2845 .
1147 2786 1150 2796 ’
1781 2782 2010 2838 VARle
2053 2775 2449 2835 LECTIONES.

540 2867 632 2899 “'5
679 2868 830 2934 Quod
883 2869 1101 2923 auditur
1148 2868 1463 2929 ms.‘Corb.
1520 2871 1662 2938 quod
1721 2886 1827 2925 non
1886 2871 2141 2938 audituri
2204 2864 2595 2938 ""ﬂlntelligi,
2651 2880 2756 2934 quo
2819 2867 2992 2935 majus
3036 2884 3158 2938 mss.
3213 2867 3349 2922 Tim.
3392 2866 3524 2938 lf’ict.
3568 2866 3725 2926 (ἔστι).

468 2938 691 3006 intelligi
734 2954 836 3004 qua
886 2939 1057 3006 majus

463 3083 559 3129 aut
608 3077 845 3144 cogitare
886 3076 1013 3145 quid
1061 3077 1206 3132 dicat

1306 3079 1398 3109 ¹¹²⁰
1431 3077 1694 3142 Quoniam
1746 3077 2087 3146 negationem
2125 3093 2251 3129 mss.
2289 3089 2447 3146 quam
2499 3075 2839 3146 negationem

1161 2937 1252 3010 ":7
1295 2939 1423 3010 Non
1475 2936 1594 2994 esse
1657 2939 1872 3010 aliquod
1928 2955 2056 3010 mss.
2092 2937 2241 3010 Tim.
2296 2936 2424 2989 Vict.
2454 2936 2622 3010 (lori).
2675 2952 2779 3010 non
2819 2952 2939 2990 esse
2997 2937 3199 3010 aliquid
3276 2938 3368 2969 ¹¹¹⁸
3410 2937 3728 3010 Imprudens

469 3024 597 3060 mss.
660 3005 810 3060 Gem.
845 3005 980 3060 Tim.
1025 3007 1157 3060 Vict.
1191 3008 1245 3062 5.
1293 3009 1578 3075 impudens
1624 3025 1724 3064 ms.
1748 3005 1900 3064 'l'ict.
1950 3009 2037 3063 l3.
2089 3008 2370 3075 insipiens.

2451 3006 2540 3035 “‘9
2574 3005 2878 3073 Intelligere
2918 3007 3045 3074 quid
3075 3000 3228 3060 dicat
3266 3024 3391 3061 mss.
3424 3000 3728 3078 intelligere.

2499 3075 2839 3142 negationem
2938 3075 3024 3112 "I‘
3057 3073 3208 3141 Quod
3255 3091 3362 3130 non
3415 3086 3590 3143 potest
3617 3093 3727 3132 non

3106 3092 3208 3129 ιιοιι
3255 3092 3362 3130 non
3415 3092 3590 3132 DOlCSl
3617 3093 3727 3132 non

464 3159 610 3224 esse_
647 3143 746 3198 uis.
785 3143 919 3200 Via.
950 3147 1336 3224 quodmpotest
1391 3163 1495 3224 non
1548 3162 1670 3224 esse
1890 3146 2064 3224 'ﬁ‘Iajtts
2104 3159 2236 3224 yero
2276 3143 2490 3224 cogitat
2519 3143 2607 3224 qui
2642 3143 2984 3224 bec‘cogitat
3017 3151 3176 3223 quam
3202 3145 3312 3224 .qui
3341 3145 3538 3212 cogitat
3582 3147 3730 3224 quod

461 3215 779 3293 possit-non
811 3230 930 3268 esse
958 3213 1057 3293 ins.
1103 3213 1237 3293 Vict.
1275 3217 1361 3268 l5.
1395 3217 1502 3267 lucc
1537 3218 1682 3269 omit.

1763 3206 1854 3246 “'3
1883 3206 2143 3278 Cogitari,
2171 3206 2440 3284 cogitaiur
2461 3206 2613 3284 quod
2632 3211 2802 3284 possit
2847 3206 3070 3284 cogitari
3113 3206 3283 3281 majus
3311 3206 3450 3284 mss".
3476 3206 3727 3284 cogiiari,

467 3277 517 3354 si
537 3285 816 3352 cogitatur
835 3285 979 3354 quod
1009 3284 1182 3353 possit
1207 3298 1312 3337 non
1337 3299 1478 3346 esse,
1496 3298 1614 3354 non
1641 3286 1907 3354 cogitatur
1928 3277 2036 3354 quo
2059 3297 2164 3336 non
2193 3277 2359 3350 possit
2392 3277 2616 3354 cogitari
2637 3277 2825 3354 majus
2864 3277 2963 3333 ηιξ.
2996 3277 3210 3354 fiction.
3231 3282 3476 3354 cogitari,
3507 3277 3604 3354 sed
3630 3277 3731 3354 co-L

467 3351 675 3422 gitatur
703 3363 801 3405 etc.
835 3362 889 3422 ut
923 3353 974 3405 in
1007 3351 1124 3405 aliis
1157 3369 1282 3407 mss.

465 3436 576 3490 quo
594 3423 789 3490 "majus
814 3421 1013 3490 aliquid
1041 3422 1270 3489 cogitari

466 3506 568 3543 ms.
589 3489 722 3544 Viri.
754 3491 808 3544 3.
837 3489 1025 3542 Cister.
1052 3491 1208 3559 bujus
1239 3491 1555 3559 prolationis

1363 3353 1454 3383 mt
1479 3353 1657 3383 nm.--
1685 3353 1776 3383 1...:
1807 3370 1884 3383 ι...
1941 3353 2045 3383 Ι¹Αν

1363 3353 1454 3383 ⁸⁸³³
1479 3352 1658 3419 Quare
1684 3352 1776 3422 qui
1807 3370 1907 3424 ms.
1941 3353 2098 3406 Corb.
2130 3360 2465 3473 (vtapropter
2492 3352 2580 3418 qui
2617 3401 2630 3409 ,
2662 3352 2754 3379 ¹²¹⁵
2791 3352 2906 3426 Quo
2941 3352 3111 3417 majus
3155 3352 3379 3418 cogitari
3428 3361 3530 3404 ms.
3563 3352 3725 3404 εστι.

1347 3421 1440 3452 ¹²¹⁶
1469 3423 1729 3481 lulirmari
1761 3421 2016 3476 ﬁrmitate
2035 3437 2132 3474 ms.
2193 3422 2283 3472 ire.
2311 3419 2364 3470 7).
2393 3418 2995 3488 inﬁrmariinﬁrmitate
3071 3419 3176 3456 "'1
3197 3420 3362 3488 Hujus
3388 3419 3731 3488 probationis

1633 3491 1724 3523 ³⁸³⁸
1747 3490 2004 3545 Absolute
2035 3506 2133 3541 ms.
2162 3488 2314 3541 Corb.
2347 3504 2376 3540 a
2408 3497 2459 3541 le
2537 3488 2626 3518 "'9
2652 3486 2765 3539 Non
2790 3503 2909 3541 esse
2937 3498 3114 3555 potest
3147 3504 3244 3541 ms.
3269 3486 3454 3542 Cistcr.
3481 3503 3583 3540 nou
3609 3503 3731 3543 esse

467 3574 578 3629 u_on
603 3569 781 3629 potest
857 3559 948 3629 7'3,”
974 3556 1303 3629 Benignitati
1328 3575 1427 3612 ms.
1446 3557 1576 3612 Vici.
1604 3561 1690 3613 13.
1719 3559 1970 3629 bonitati
2026 3558 2118 3629 “"3
2148 3557 2555 3629 Reprebemlisti
2595 3573 2701 3608 ms.
2729 3556 2860 3629 Vict.
2882 3557 2978 3629 13.
3007 3557 3404 3629 deprehendisti

2171 3349 2465 3418 tiapt'opter
2492 3350 2580 3418 qui
2617 3401 2630 3409 ,
2662 3350 2754 3379 ”"
2791 3351 2906 3415 Quo
2941 3349 3111 3417 majus
3155 3352 3379 3418 cogitari
3428 3361 3530 3404 ms.
3563 3349 3725 3404 Corn.

3480 3558 3571 3590 11³8
3600 3573 3728 3612 mss.

477 3625 626 3682 chi.
658 3640 708 3682 et
740 3629 802 3681 (ἐ.
852 3627 942 3682 54.
971 3638 1016 3681 ct
1046 3625 1134 3682 Sf
1153 3627 1313 3682 Misit.
1349 3629 1580 3696 Explicit
1625 3631 1904 3698 responsio
1947 3628 2190 3683 Anselmi
2232 3625 2326 3680 ’ad
2359 3625 2718 3680 Gauniloucm
2743 3667 2756 3678 .
2793 3625 3349 3706 lllajoris-Monasterii
3402 3627 3727 3681 monachum

467 3741 2302 3773 —..———.———————————J——————-—-—————-—————-—

1310 3844 1979 3959 SANGTI

2112 3839 2946 3954 ANSELMI

1897 4036 2311 4148 LIBER

801 4238 929 4334 DE
1000 4234 1228 4334 FIDE
1302 4234 1866 4333 TBINI’I‘A'I‘IS
1937 4233 2087 4330 ET‘
2137 4232 2265 4327 DE
2339 4179 3072 4330 INCARNATIONE
3130 4233 3415 4331 VEBBI

1252 4392 1483 4458 Contra
1518 4377 1949 4475 blasphemias
1978 4391 2277 4454 Ruzelini
2317 4393 2455 4455 sive
2487 4393 2813 4456 ltoscelini
2855 4397 2968 4453 ⁸⁸⁸³.

1049 4561 1162 4646 ’41
1201 4573 1592 4630 PRAZFATIO.

537 4667 795 4738 Quamvis
817 4675 938 4737 post
959 4665 1254 4735 apostolos,
1284 4665 1455 4718 sancti
1485 4663 1670 4719 Patres
1703 4676 1758 4721 et
1797 4669 2045 4724 doctores

467 4760 639 4815 nostri
676 4758 829 4812 multi
862 4766 938 4812 tot
963 4765 1018 4811 et
1044 4763 1190 4810 tanta
1221 4753 1287 4806 de
1342 4752 1460 4807 ﬁdei
1514 4765 1712 4811 nostra:
1739 4758 1946 4814 ratione
1968 4759 2047 4813 di-

466 4860 596 4904 cant
621 4850 712 4881 ¹¹³⁸
733 4851 798 4902 ad
828 4837 1208 4903 confutandam
1241 4847 1332 4879 ’³³³
1380 4847 1738 4916 insipientiam
1769 4858 1852 4904 .et
1898 4847 2042 4906 fran-

467 4941 697 5011 gendam
749 4939 1001 4994 duritiam
1047 4938 1441 5000 inﬁdelium,et
1469 4938 1534 4990 ad
1580 4941 1902 5008 pascendum
1953 4955 2048 4994 eos

440 5031 710 5101 quidam
730 5032 893 5085 corde
951 5031 1052 5084 ﬁde
1099 5030 1375 5094 mundato,
1397 5027 1636 5096 ejusdem
1690 5029 1811 5086 ﬁdei
1842 5033 2048 5096 ratione

469 5109 656 5191 (qttam
690 5128 812 5190 post
832 5121 949 5191 ejus
987 5117 1363 5174 certitudimm
1411 5120 1666 5175 debemus
1694 5119 1918 5189 eSurire)
1945 5105 2042 5174 dc-

2080 4583 2123 4643 C
2158 4579 2445 4642 lectantur,
2471 4587 2530 4630 ut
2567 4593 2669 4632 nec
2698 4579 2898 4632 nostris
2932 4593 3038 4634 ncc
3068 4579 3260 4634 futuris
3285 4583 3614 4652 temporibus
3643 4585 3724 4640 ul-

2154 4669 2263 4723 lum
2295 4669 2396 4723 illis
2425 4683 2608 4739 parem
2643 4669 2697 4722 in
2747 4669 2991 4724 veritatis
3046 4672 3496 4742 contemplatione
3542 4689 3730 4746 spere-

2154 4773 2299 4822 mus;
2331 4757 2529 4811 nullum
2555 4766 2732 4811 tamen
2761 4759 3251 4825 reprehendendmn
3274 4762 3528 4826 arbitror,
3557 4765 3600 4817 si
3627 4765 3732 4817 ﬁde

2154 4847 2442 4914 stabilitas,
2475 4849 2524 4901 in
2548 4847 2772 4902 rationis
2793 4846 2908 4914 ejus
2937 4847 3182 4920 indagine
3228 4866 3284 4905 se
3319 4851 3550 4905 voluerit
3575 4863 3732 4906 exer-

2156 4953 2297 4993 cere.
2325 4938 2457 4991 Nam
2479 4947 2532 4992 et
2557 4937 2654 5002 illi,
2687 4938 2812 5006 quia
2838 4937 3007 4990 breves
3033 4938 3143 4991 dies
3167 4949 3286 4992 sunt
3331 4937 3452 5007 (.lob
3477 4954 3585 5003 xiv,
3611 4937 3727 5007 58),

2161 5044 2264 5082 non
2293 5027 2470 5082 omnia
2492 5042 2612 5096 quze
2637 5034 2876 5095 possent,
2905 5025 2948 5078 si
2981 5026 3069 5057 ¹²³⁶
3097 5026 3298 5080 diutius
3327 5025 3602 5087 vixissent,
3648 5026 3732 5080 di-

2151 5137 2273 5175 cere
2300 5132 2585 5188 potucruut
2619 5140 2630 5174 :
2661 5130 2713 5174 et
2741 5101 2980 5174 veritatis
3033 5120 3170 5174 ratio
3214 5128 3322 5172 tam
3365 5117 3565 5190 ampla,
3590 5125 3729 5171 tan:-

1780 5236 2014 5293 VAIIUE
2064 5235 2437 5290 LECTIONES

547 5331 640 5368 ¹¹³³
667 5326 904 5381 Collatus
933 5338 1006 5382 est
1034 5329 1162 5381 liber
1189 5329 1254 5382 de
1301 5330 1404 5389 fide
1425 5345 1542 5381 cum
1578 5344 1703 5382 mss.
1732 5325 2158 5386 Cemmcticcnsi,
2183 5326 2620 5390 (forbeie‘nsi307,
2649 5326 2996 5391 Cislersicnsi,
3031 5326 3092 5379 S.
3127 5325 3397 5378 Michaelis
3435 5325 3498 5378 de
3531 5324 3729 5386 Monte,

473 5414 518 5456 et
547 5400 751 5454 duobus
787 5396 1067 5450 Victoriuis
1095 5398 1188 5449 EE
1214 5391 1308 5461 15,
1330 5407 1377 5450 et
1406 5397 1500 5449 ιιιι
1534 5401 1566 5451 5
1591 5398 1795 5450 duobus
1838 5396 2069 5451 Timonis
2099 5398 2169 5451 50
2208 5408 2254 5449 et
2284 5398 2404 5450 546.
2429 5428 2499 5436 —-
2529 5396 2630 5448 Ms.
2663 5396 2816 5449 Corb.
2853 5396 3043 5462 Incipit
3088 5395 3324 5463 Epistula
3355 5394 3614 5463 Anselmi,
3663 5395 3730 5445 de

475 5469 854 5536 lnearnatione
888 5466 1067 5532 Verbi,
1102 5468 1183 5520 vel
1218 5468 1321 5522 ﬁde
1350 5468 1644 5520 christiana
1686 5468 1752 5520 ad
1779 5466 2059 5525 Urbanum
2088 5482 2280 5536 papam
2312 5483 2406 5519 ms.
2438 5465 2572 5519 Tim.
2595 5465 2682 5519 90.
2708 5465 2899 5536 Incipit
2933 5462 3164 5536 Epistula
3189 5464 3530 5536 Auselmiﬂde
3554 5462 3729 5513 lucar-

477 5541 690 5591 natione
723 5535 878 5589 Verbi
908 5539 974 5590 ad
997 5538 1286 5606 {Urbanum
1317 5537 1754 5606 Papam,contra
1805 5533 2173 5602 blasphemi—as
2197 5536 2440 5590 Rttzclini
2469 5533 2911 5606 Connpendicusis
3009 5535 3113 5606 ‘.”‘_
3144 5535 3368 5606 Ratione
3403 5533 3603 5606 dicunt
3632 5545 3729 5606 ms:

477 5606 632 5661 Cat-li.
664 5606 868 5661 ratione
892 5605 1074 5662 dicant
1151 5607 1242 5637 "3‘
1259 5605 1653 5662 Confutaudam
1675 5621 1774 5660 ms.
1798 5606 1954 5663 (ἐστι).
1979 5607 2414 5662 confundendum

2490 5599 2840 5672 "’“l’ossent,
2871 5605 2914 5660 si
2945 5621 3042 5660 ms.
3076 5603 3228 5658 Corb.
3256 5613 3470 5672 possent
3503 5601 3626 5656 dici.
3682 5599 3730 5654 si
