4226 6240
326 317 432 373 265

1580 268 1581 271 Ἴ
1608 314 1695 370 DE
1734 314 1892 370 FIDE
1923 314 2341 392 TlthlTATlS.

3492 280 3601 379 aer-1

324 431 500 505 (Rom.
532 446 572 499 t,
600 429 713 502 2i).
746 432 811 488 Et
832 445 953 486 eum
980 420 1297 501 prfeciperct
1346 426 1627 484 Timotheo
1671 427 1904 483 militare
1934 431 1980 489 A
2016 425 2216 496 Pagani
2237 427 2524 498 defendunt
2550 428 2710 498 lugent
2735 436 2885 482 suam
2957 429 3136 483 Jnda’i
3191 429 3473 499 defendunt
3525 435 3590 486 (c-

321 519 564 573 militiam
606 520 815 586 bonam,
847 519 923 573 ait
977 516 1172 572 habens
1226 516 1479 583 ﬁdem,et
1527 516 1716 569 bonam
1782 533 1908 570 con-

322 610 616 676 scientiam,
670 626 830 681 quam
884 609 1099 679 quidam
1166 606 1509 675 repellentes,
1559 608 1701 662 circa
1746 594 1905 675 ﬁdem

323 697 770 769 naufragacsrunt
795 696 846 767 (Ι
874 696 1007 750 Tim.
1036 712 1074 758 I,
1113 694 1223 764 19).
1254 692 1422 751 Nemo
1448 712 1577 769 ergo
1600 712 1659 752 se
1703 706 1907 751 temere

321 790 610 858 immergat
637 791 691 843 in
734 788 825 843 “9
855 787 1129 843 condensa
1186 786 1491 842 divinarum
1528 789 1617 820 "7°
1646 788 1903 858 quazsdo-

320 894 490 944 num,
527 878 632 935 nisi
678 890 826 947 prius
866 876 917 931 in
966 875 1235 931 soliditate
1254 875 1410 943 ﬁdei,
1440 880 1746 948 conquisita
1796 892 1908 933 mo-

320 984 440 1023 rum
479 978 534 1023 et
563 966 841 1037 sapientia:
876 966 1149 1033 gravitate
1207 982 1276 1023 ne
1317 978 1414 1038 per
1448 969 1768 1041 multiplicia
1818 985 1906 1024 so-

293 1052 658 1131 ,plil‘smatum
686 1050 1003 1113 diverticula
1025 1050 1241 1116 inca‘uta
1302 1060 1391 1092 ¹²⁷¹
1446 1060 1666 1117 levitate
1696 1062 1904 1129 discur-

337 1167 485 1216 rens,
540 1150 722 1219 aliqua
775 1151 951 1206 tenaci
991 1151 1316 1222 illaqueatur
1350 1152 1607 1208 falsitate.
1662 1152 1969 1222 Cumquew

318 1255 528 1305 omnes,
558 1249 616 1294 ut
636 1239 950 1297 cautissime
1010 1242 1078 1296 ad
1118 1258 1285 1297 sacrm
1331 1243 1538 1313 pagina:
1578 1242 1905 1312 quaestiones

318 1333 607 1399 accedant,
656 1333 769 1389 sint
821 1334 1199 1389 cdmmonendi
1245 1328 1368 1400 mil;
1410 1331 1483 1389 illi
1513 1334 1699 1404 utique
1733 1336 1903 1395 nostri

324 1423 579 1496 temperis
629 1422 895 1504 dialectici
948 1424 1081 1495 (imo
1137 1420 1420 1480 dialectice
1490 1417 1902 1492 “i’bmretici,

325 1515 414 1585 qui
444 1529 553 1571 non
589 1514 686 1547 “7‘
709 1515 811 1571 nisi
844 1513 1030 1570 flatum
1067 1515 1216 1571 vocis
1243 1524 1434 1588 putant
1454 1531 1578 1573 esse
1625 1517 1903 1583 universa:-

325 1606 398 1662 les
430 1608 785 1673 substantias,
840 1615 897 1663 et
942 1607 1032 1677 qui
1064 1606 1302 1663 colorem
1358 1624 1463 1664 non
1507 1607 1653 1663 aliud
1698 1617 1902 1678 queunt

322 1696 629 1767 intelligere
681 1712 843 1767 quam
868 1711 1067 1766 corpus
1098 1691 1214 1764 “",
1241 1713 1343 1754 nec
1376 1698 1701 1769 sapientiam
1728 1700 1901 1755 homi-

318 1785 402 1843 nis
427 1766 572 1840 aliud
606 1766 765 1855 quam
789 1786 1045 1858 animam)
1063 1803 1282 1858 prorsus
1307 1804 1336 1841 a
1361 1766 1722 1858 spiritualium
1750 1805 1897 1860 qute-
1929 1766 1976 1826 Β

317 1876 554 1932 stionum
586 1878 945 1948 disputatione
974 1887 1099 1934 sunt
1125 1878 1465 1934 exsufllandi.
1496 1880 1551 1933 In
1574 1880 1683 1952 43
1711 1894 1899 1936 eorum

315 1969 517 2040 quippe
540 1969 825 2025 animabus
861 1970 1018 2035 ratio,
1070 1986 1192 2041 qua)
1241 1980 1299 2028 et
1329 1972 1583 2043 princeps
1611 1972 1704 2005 “7'
1735 1974 1900 2044 etju-

316 2060 422 2114 de:
446 2060 689 2113 omnium
726 2059 886 2115 debet
913 2075 1035 2117 esse
1054 2078 1175 2133 quae
1202 2070 1332 2119 sunt
1358 2063 1412 2117 in
1449 2064 1690 2130 nomine,
1716 2065 1795 2120 sic
1819 2073 1903 2121 est

316 2148 371 2223 in
391 2147 865 2219 imaginationibus
893 2150 982 2183 ""
1020 2150 1395 2223 corporalibus
1417 2152 1702 2220 obvoluta,
1754 2163 1813 2209 ut
1833 2168 1900 2209 ex

316 2240 474 2295 cisse
497 2255 603 2295 non
631 2241 801 2311 possit
829 2242 1099 2309 evolvere,
1138 2258 1240 2300 nec
1264 2246 1337 2300 ab
1367 2246 1498 2317 ipsis
1537 2262 1622 2315 ea;
1652 2248 1899 2319 qumipsa

317 2331 429 2385 sola
455 2340 513 2387 et
533 2348 666 2402 pura
708 2328 804 2366 ⁸⁸⁷⁸
848 2334 1219 2407 comtemplari
1268 2337 1446 2405 debet,
1474 2340 1651 2395 valeat
1697 2341 1901 2396 discer-

317 2428 469 2478 nere.
503 2424 608 2491 Qui
636 2425 781 2479 enim
821 2428 1069 2482 nondum
1106 2430 1359 2502 intelligit
1404 2433 1675 2502 quomodo
1718 2434 1902 2504 plures

319 2518 569 2573 nomines
625 2520 678 2575 in
707 2521 887 2592 specie
917 2521 1030 2577 sint
1054 2539 1195 2580 unus
1232 2525 1427 2592 homo;
1466 2528 1698 2597 qualiter
1733 2528 1788 2583 in
1812 2529 1899 2584 illa

317 2609 681 2683 secretissima
704 2619 759 2666 et
779 2612 1045 2668 altissima
1077 2624 1268 2670 natura
1306 2618 1734 2688 campi-eluenda
1754 2633 1917 2691 quem

228 2700 231 2703 “
317 2699 479 2762 modo
498 2698 682 2768 plures
714 2716 979 2771 personae,
1030 2712 1259 2773 quarum
1289 2706 1501 2775 singula
1547 2722 1774 2780 qumque
1820 2716 1904 2763 est
1951 2742 1955 2749 ι

315 2784 592 2855 perfectus
644 2787 809 2854 Deus,
875 2791 986 2845 sint
1027 2807 1169 2847 unus
1223 2793 1404 2850 Deus?
1457 2796 1523 2852 Et
1571 2798 1724 2868 cujus
1752 2814 1902 2854 mens

315 2874 546 2932 obscura
574 2886 658 2933 est
682 2879 771 2913 ⁸⁸⁷⁸
793 2879 862 2934 ad
912 2881 1321 2941 discernendum
1378 2884 1469 2919 ⁸⁵⁸⁸
1525 2885 1669 2941 inter
1696 2896 1896 2957 equum

317 2983 475 3024 suum
541 2980 597 3027 et
657 2971 891 3028 colorem
939 2972 1092 3041 ejus;
1148 2974 1380 3045 qualiter
1441 2977 1714 3033 discernet
1760 2978 1902 3034 inter

319 3075 484 3115 unum
513 3060 679 3116 Deum
704 3069 759 3116 et
784 3060 966 3131 plures
1024 3063 1315 3120 relationes
1330 3063 1447 3134 ejus
1468 3065 1493 3119 ἲ
1521 3066 1783 3141 Denique
1806 3067 1901 3137 qui

322 3143 426 3211 non
475 3165 654 3226 potest
707 3155 1010 3227 intelligere
1063 3157 1268 3227 aliquid
1321 3159 1762 3225 essebominem,
1794 3161 1899 3216 nisi

328 3244 682 3312 individuum;
742 3247 1045 3302 nullatenus
1100 3247 1365 3318 intelliget
1420 3249 1732 3317 hominem,
1796 3252 1899 3307 nisi

325 3336 613 3391 humanam
642 3351 952 3407 personam.
983 3336 1171 3394 Omnis
1198 3338 1347 3393 enim
1377 3325 1687 3396 individuus
1716 3341 1898 3407 homo,

321 3438 549 3493 persona
580 3434 687 3480 est.
714 3426 992 3491 Quomodo
1021 3441 1151 3497 ergo
1201 3427 1591 3497 isteiutelliget
1624 3429 1898 3484 hominem

226 3506 229 3509 ’
321 3512 654 3588 assumptum
710 3532 830 3572 esse
865 3532 897 3574 a
936 3506 1133 3584 Verbo,
1188 3532 1296 3573 non
1350 3530 1664 3589 personam,
1714 3520 1767 3574 id
1815 3529 1901 3577 est

319 3608 480 3661 aliam
504 3615 774 3672 naturam,
808 3621 915 3661 non
980 3607 1140 3661 aliam
1203 3622 1490 3679 personam
1530 3623 1649 3663 esse
1691 3624 1901 3665 assum-

318 3695 506 3764 ptam?
528 3693 654 3749 llmc
687 3695 795 3749 dixi
823 3736 838 3762 ,
867 3709 934 3749 ne
962 3695 1083 3763 quis
1122 3703 1408 3765 antequam
1439 3697 1510 3751 sit
1544 3696 1788 3763 idoneus,
1819 3698 1899 3752 ala-

320 3786 559 3841 tlssimas
602 3785 668 3841 de
715 3786 822 3840 fide
876 3786 1203 3855 qumstiones
1251 3797 1541 3856 praesumat
1592 3789 1899 3856 discutere;

318 3886 434 3945 aut,
462 3877 507 3932 si
534 3879 957 3946 prtesumpserit,
1003 3877 1149 3933 nulla
1204 3878 1488 3934 dilllcultas
1538 3891 1631 3934 aut
1656 3882 1902 3951 impossi-

320 3970 500 4025 bilitas
532 3970 861 4040 intelligendi
925 3970 1101 4024 valeat
1154 3970 1300 4024 illum
1350 3974 1647 4038 averitate,
1676 3975 1759 4028 cui
1805 3989 1904 4043 per

321 4062 482 4118 fidem
512 4064 758 4129 adhaesit,
807 4074 1063 4119 excutere
1116 4065 1231 4119 ¹²⁸¹.
1296 4065 1414 4120 Jam
1462 4067 1785 4122 veniendum
1818 4076 1903 4121 est

321 4158 387 4211 ad
418 4156 471 4211 id
499 4154 719 4226 propter
742 4157 881 4226 quod
910 4157 1247 4227 inetepimus.

934 4253 1161 4320 CAPUT
1200 4264 1283 4320 ΙΙΙ.

326 4354 477 4421 Quod
505 4371 609 4409 non
636 4364 756 4408 sunt
787 4366 889 4410 tres
910 4356 983 4409 dii
1026 4370 1044 4408 :
1076 4366 1123 4410 et
1164 4373 1464 4425 quanquam
1520 4360 1623 4412 sint
1672 4369 1776 4414 (res
1820 4376 1900 4415 res

497 4426 822 4497 personnles;
854 4443 957 4480 una
982 4434 1152 4480 tamen
1180 4438 1253 4481 est
1296 4444 1377 4481 res
1416 4430 1727 4484 essentialis.

395 4514 536 4569 Dicit
567 4514 730 4583 (sicut
760 4508 940 4582 audio)
964 4514 1071 4581 ille,
1111 4516 1199 4585 qui
1239 4524 1350 4570 tres
1396 4531 1657 4585 personas
1701 4518 1899 4574 dicitur

327 4616 571 4660 asserere
602 4588 721 4659 esse
746 4604 889 4660 velut
919 4614 1027 4660 tres
1060 4606 1300 4673 angelos,
1348 4615 1441 4661 aut
1496 4618 1605 4663 tres
1663 4610 1891 4663 animus.

2007 534 2118 586 gent
2147 536 2296 571 suam
2314 523 2341 573 δέ
2373 536 2494 587 ergo
2520 528 2567 572 ct
2594 536 2684 573 nos
2713 520 3002 574 Christiani
3026 520 3270 574 debemus
3323 521 3599 588 defendere

2006 607 2163 674 ﬁdem
2188 621 2443 664 nostram.
2482 610 2780 663 Audiamus
2810 614 3081 679 quomodo
3117 612 3217 667 iste
3252 610 3599 667 Christianus

2009 684 2259 753 defendat
2292 698 2452 755 fidem
2484 714 2658 754 suam.
2691 699 2773 765 Si,
2807 700 3000 770 inquit,
3058 712 3161 755 tres
3192 716 3431 770 persona:
3478 714 3598 756 sunt

2008 800 2113 840 una
2134 798 2337 858 tantum
2362 805 2465 855 res,
2492 798 2537 843 et
2564 805 2666 843 non
2696 800 2813 843 sunt
2841 800 2943 845 tres
2966 808 3067 856 res,
3092 808 3417 862 mtaqzta'aue
3435 810 3523 848 per
3545 811 3600 845 sc

2008 879 2310 947 separatim,
2334 882 2464 935 sicut
2496 890 2599 935 tres
2624 882 2797 952 angeli
2831 892 2923 935 aut
2952 892 3055 937 tres
3082 884 3301 949 animat;
3326 886 3399 937 ita
3423 894 3596 938 tamrn

2008 980 2063 1024 ut
2101 970 2363 1026 voluntate
2383 970 2432 1027 et
2464 974 2692 1043 potentia
2720 974 2930 1027 omnino
2956 975 3058 1027 sint
3087 974 3219 1027 idem
3246 989 3263 1026 .'
3287 991 3407 1044 ergo
3434 975 3596 1029 Pater

2007 1070 2055 1115 et
2078 1060 2306 1129 Spiritus
2329 1072 2539 1116 sanctus
2574 1079 2691 1116 cum
2732 1062 2874 1118 Filio
2930 1064 3234 1119 incarnatus
3266 1076 3361 1119 est.
3407 1067 3595 1123 Videte

2006 1151 2134 1223 quid
2165 1152 2308 1207 dicat
2338 1153 2439 1208 iste
2469 1153 2661 1219 homo;
2692 1156 2962 1223 quomodo
3003 1156 3257 1215 defendat
3301 1158 3403 1215 iste
3437 1157 3596 1214 Chri-

2005 1240 2215 1296 stianus
2251 1240 2411 1295 fidem
2443 1255 2618 1296 suam.
2676 1240 2835 1295 Certe
2878 1250 2973 1295 aut
3023 1244 3137 1297 vult
3189 1246 3432 1301 confiteri
3485 1259 3596 1302 tres

2006 1332 2153 1398 deos,
2192 1341 2287 1386 aut
2313 1348 2419 1386 non
2457 1333 2708 1403 intelligit
2740 1333 2885 1402 quod
2909 1334 3059 1388 dicit.
3110 1336 3215 1390 Sed
3248 1338 3291 1391 si
3327 1348 3435 1395 tres
3464 1342 3594 1396 deos

2002 1430 2311 1494 confitetur,
2337 1445 2444 1484 non
2473 1439 2557 1485 est
2607 1430 2984 1496 Christianus;
3036 1430 3081 1486 si
3135 1443 3313 1488 autem
3365 1430 3594 1491 afﬁrmat

2003 1520 2145 1594 quod
2177 1532 2283 1574 non
2319 1519 2610 1591 intelligit,
2645 1536 2751 1579 non
2804 1520 2877 1575 illi
2928 1521 3257 1578 credendum
3304 1533 3407 1580 est.
3460 1526 3597 1585 Huic

2004 1611 2207 1665 homini
2265 1627 2371 1666 non
2431 1620 2517 1668 est
2562 1611 2995 1682 respondendum
3052 1617 3376 1672 auctoritate
3424 1632 3594 1675 sacra:

2005 1699 2329 1771 Scriptum;
2361 1701 2485 1771 quia
2518 1711 2609 1756 aut
2637 1703 2684 1757 ei
2714 1719 2819 1757 non
2848 1705 3041 1769 credit,
3069 1716 3165 1760 aut
3187 1722 3306 1780 eam
3338 1721 3594 1778 perverso

2004 1791 2597 1860 sensuiuterpretatur.
2627 1791 2765 1859 Quid
2787 1791 2933 1847 enim
2979 1796 3217 1863 apertius
3264 1797 3395 1853 dicit
3439 1798 3592 1855 Scri—

2004 1890 2160 1961 ptura
2184 1898 2361 1955 sacra,
2392 1898 2552 1953 quam
2585 1885 2727 1953 quoa
2754 1884 2896 1940 Deus
2925 1885 3016 1917 ¹²⁸²
3043 1902 3183 1942 unus
3212 1896 3267 1942 et
3294 1889 3439 1957 solus
3464 1890 3594 1946 est?

2004 1972 2236 2029 Ratione
2260 1975 2445 2045 igitur,
2477 1989 2581 2045 qna
2612 1990 2669 2030 sc
2703 1974 2995 2031 defendere
3025 1977 3239 2044 nititur,
3274 1978 3391 2048 ejus
3440 1995 3595 2042 error

2004 2053 2462 2122 demortui-nudus
2489 2076 2592 2122 cst.
2628 2066 2699 2121 Ut
2725 2079 2905 2123 autem
2938 2069 3219 2125 faciliusct
3247 2072 3465 2127 brevius
3488 2074 3592 2134 hoc

2005 2154 2224 2224 faciam,
2252 2156 2668 2227 loquartantum
2699 2160 2766 2213 de
2796 2159 2967 2215 Patro
2999 2172 3053 2215 ct
3109 2161 3277 2228 Filio;
3333 2166 3589 2233 quoniam

1947 2314 1951 2329 Α
2004 2246 2086 2302 lue
2112 2247 2231 2302 dua:
2253 2262 2497 2318 persona:
2526 2248 2639 2303 suis
2663 2249 2895 2319 propriis
2915 2249 3135 2305 vocibus
3163 2251 3283 2305 alia:
3336 2252 3406 2316 ab
3456 2252 3594 2308 iuvi-

2002 2349 2120 2390 cem
2155 2342 2341 2405 aperte
2361 2335 2733 2407 designantur.
2761 2336 2895 2390 Nam
2924 2352 3121 2393 nomen
3156 2337 3393 2407 Spiritus
3417 2342 3591 2413 sancti

2004 2442 2110 2482 non
2142 2436 2227 2483 est
2259 2427 2494 2483 alienum
2522 2442 2550 2481 a
2582 2426 2743 2483 Patre
2772 2436 2827 2482 et
2856 2414 2991 2483 Filio
3017 2471 3031 2495 ,
3070 2427 3195 2499 quia
3240 2437 3468 2499 uterque
3511 2440 3598 2486 est

2004 2524 2057 2570 et
2086 2513 2346 2585 Spiritus,
2369 2525 2425 2572 et
2451 2525 2692 2572 sanctus.
2735 2516 2894 2583 Quod
2922 2526 3105 2572 autem
3152 2518 3205 2571 in
3228 2516 3391 2571 Patre
3420 2525 3475 2571 et
3502 2517 3596 2573 Fi-

2004 2605 2077 2661 lio
2103 2606 2167 2661 de
2191 2608 2400 2662 unitate
2419 2606 2757 2673 substantiae,
2784 2607 3206 2677 vel-pluralitate
3235 2622 3593 2681 personarum

2007 2696 2364 2765 inveniemus,
2404 2698 2508 2753 hoc
2536 2699 2589 2752 in
2623 2699 2798 2753 tribus
2825 2698 3032 2769 absque
3080 2699 3251 2756 dubio.
3297 2716 3593 2772 cognosces

2006 2806 2124 2861 ntus
2155 2778 2270 2844 ""3.
2296 2789 2452 2845 Dicat
2484 2775 2617 2859 ergo
2650 2808 2662 2842 :
2698 2788 2755 2843 Si
2776 2790 2895 2844 dua
2926 2805 3180 2857 pet-some,
3235 2787 3469 2845 Pater-et
3497 2790 3595 2845 Fi-

2002 2883 2125 2947 lius,
2155 2898 2256 2935 non
2286 2888 2407 2935 sunt
2434 2882 2554 2935 dua:
2578 2897 2677 2935 res.
2712 2880 3033 2951 Quaeramus
3054 2880 3283 2949 primum
3309 2881 3439 2949 quid
3462 2880 3596 2935 velit

2003 2974 2092 3029 bic
2113 2976 2293 3030 dicere
2312 2968 2448 3028 duas
2476 2991 2577 3028 res.
2609 2974 2745 3032 Nam
2804 2990 3247 3045 unamquamque
3302 2990 3593 3047 personam

2005 3063 2275 3119 credimus
2302 3073 2422 3119 esse
2450 3064 2573 3129 hoc,
2604 3064 2746 3135 quod
2768 3078 3055 3119 commune
3099 3075 3183 3120 est
3210 3066 3504 3129 ambobus;
3537 3076 3595 3123 et

2004 3168 2124 3209 esse
2150 3153 2272 3217 hoc,
2306 3154 2448 3222 quod
2475 3155 2750 3224 preprium
2779 3162 2862 3209 est
2886 3154 3010 3211 sibi.
3052 3155 3285 3211 Persona
3311 3156 3455 3211 enim
3486 3156 3590 3211 Pa~

2007 3245 2123 3305 tris.
2150 3253 2205 3299 et
2238 3244 2380 3298 Deus
2413 3253 2517 3309 est,
2541 3250 2686 3313 quod
2722 3258 3007 3299 commune
3059 3254 3142 3299 est
3168 3245 3241 3299 illi
3272 3260 3394 3301 cum
3416 3246 3592 3313 Filio;

2003 3347 2058 3393 et
2078 3334 2241 3389 Pater
2286 3316 2398 3399 est,
2443 3334 2586 3403 quod
2644 3334 2691 3388 ei
2748 3335 3025 3403 proprium
3055 3334 3145 3365 “8‘
3177 3344 3277 3389 est.
3327 3335 3597 3391 Similiter

2004 3442 2233 3495 persona
2280 3427 2420 3491 Filii,
2459 3434 2514 3479 et
2559 3426 2699 3480 Deus
2741 3434 2844 3492 est,
2877 3425 3017 3494 quod
3054 3438 3338 3480 commune
3394 3436 3478 3481 est
3515 3426 3595 3482 illi

2003 3500 2343 3579 cmnl’atre;
2377 3523 2431 3569 et
2460 3513 2634 3567 Filius
2661 3522 2765 3578 est,
2805 3516 2947 3583 quod
2974 3516 3189 3569 nonnisi
3243 3516 3310 3570 de
3344 3517 3445 3570 hac
3475 3518 3591 3572 sola

2002 3620 2229 3675 persona
2261 3604 2477 3659 dicitur.
2511 3604 2566 3658 ln
2596 3604 2680 3675 his
2701 3602 2863 3672 igitur
2882 3602 3089 3658 duabus
3126 3605 3374 3674 personis
3421 3620 3590 3661 unum

2004 3672 2083 3747 est
2113 3707 2417 3755 commune,
2449 3693 2501 3746 id
2550 3672 2631 3747 esi
2658 3692 2747 3723 ¹²⁸⁸
2771 3692 2913 3746 Deus
2948 3709 2958 3744 :
2986 3703 3040 3745 et
3066 3672 3170 3746 duo
3194 3694 3432 3762 propria,
3473 3710 3593 3763 qua:

2004 3793 2127 3838 sunt
2160 3783 2323 3839 Pater
2340 3792 2393 3838 et
2415 3782 2602 3838 Filius.
2633 3781 2976 3852 Quaecunque
2999 3784 3143 3854 enim
3171 3784 3273 3839 illis
3300 3794 3424 3840 sunt
3445 3800 3595 3840 com—-

2006 3874 2206 3938 munia,
2240 3884 2299 3928 ut
2327 3874 2693 3943 omnipotens,
2726 3880 2983 3939 aeternus,
3037 3876 3089 3929 in
3124 3875 3229 3929 hoc
3280 3876 3395 3931 solo
3444 3893 3597 3932 com-

2006 3966 2150 4020 muni
2188 3966 2579 4035 intelliguntur.
2613 3965 2679 4019 Et
2710 3980 2828 4034 qua:
2851 3976 2979 4020 sunt
3004 3950 3503 4037 singulispl'Opria,
3531 3981 3594 4025 ut

2006 4066 2086 4112 est
2112 4055 2255 4109 Patri
2285 4056 2497 4126 genitor
2529 4055 2645 4115 ³³⁸⁸.
2669 4054 2752 4109 vel
2786 4056 3046 4125 gignens;
3079 4064 3133 4108 et
3163 4054 3301 4109 Filio
3325 4055 3585 4121 Verbum,

2006 4148 2087 4202 vel
2115 4144 2366 4217 genitus;
2407 4146 2492 4203 bis
2516 4148 2727 4202 duobus
2776 4146 3108 4208 nominibus,
3159 4146 3339 4202 Patris
3381 4148 3595 4205 scilicet

2002 4251 2059 4294 et
2081 4239 2200 4295 Filii
2223 4238 2620 4308 significantur.
2662 4237 2795 4292 Cum
2829 4237 2993 4307 igitur
3015 4237 3145 4291 dicit
3174 4238 3273 4293 has
3322 4240 3453 4292 duas
3476 4255 3590 4308 per-

2004 4346 2166 4385 sonas
2186 4328 2305 4385 esse
2337 4330 2470 4383 duas
2504 4344 2611 4393 res,
2653 4344 2838 4399 quaero
2860 4328 2985 4399 quid
3016 4328 3161 4383 dicat
3184 4328 3254 4382 ibi
3306 4342 3427 4383 esse
3456 4330 3594 4383 ditas

1936 4442 1987 4500 Β
2014 4422 2101 4453 im
2136 4436 2220 4476 res
2248 4434 2262 4473 ε
2294 4436 2360 4474 an
2395 4420 2447 4474 id
2482 4420 2623 4489 quod
2652 4433 2937 4479 commune
2959 4429 3040 4474 est
3084 4420 3218 4473 illis?
3248 4435 3314 4475 an
3367 4434 3430 4474 ea
3471 4437 3593 4489 qum

2008 4513 2220 4582 propria
2242 4510 2598 4580 suntsingula
2632 4510 2890 4579 singulis?
2916 4510 3021 4563 Sed
3054 4510 3097 4564 si
3146 4511 3281 4565 duas
3337 4525 3425 4566 res
3467 4526 3592 4565 esse

2008 4604 2137 4659 dicit
2163 4604 2268 4657 duo
2295 4602 2538 4673 propria,
2570 4602 2618 4655 id
2646 4611 2728 4656 est
2757 4602 2965 4655 Patrem
2990 4611 3044 4655 et
3082 4601 3300 4667 Filium;
3322 4610 3378 4656 ut
3407 4610 3588 4657 tamen

1634 4814 1863 4881 VARl/E
1896 4818 2299 4883 LECTIONES.

392 4977 482 5013 ¹²⁶¹
503 4967 1067 5047 dlergat.inmss.Edit.
1090 4981 1241 5036 Catii.
1264 4984 1455 5037 immer
1493 4984 1617 5037 alin
1696 4986 1789 5024 "7°
1813 4983 2254 5039 Diflicillimarum
2285 4977 2573 5034 mss.Gem.
2600 4977 2735 5033 Vict.
2760 4979 2816 5034 S.
2845 4977 3005 5033 Mich.
3024 4979 3338 5033 Divinarum
3418 4982 3505 5010 ¹²⁷¹
3528 4981 3585 5034 lu

392 5058 478 5102 nta
510 5049 1115 5104 mss.Cem.Vict.Corb.
1148 5052 1325 5104 Editio
1355 5000 1808 5104 Cotiicaincaula
1887 5056 1977 5086 ¹¹⁷¹
2009 5049 2536 5104 Suntcommonendi
2572 5065 2698 5102 mss.
2731 5050 2834 5102 sint
2861 5051 3234 5103 commonendi
3334 5050 3428 5082 ¹¹⁷³
3457 5050 3585 5103 Dia-

334 5057 478 5102 lanta
510 5049 1115 5104 mss.Cem.Vict.Corb.
1148 5052 1325 5106 Editio
1355 5051 1452 5106 (ἔοι

1496 5054 1808 5108 icaincauta
1887 5056 1977 5086 ¹¹⁷¹
2009 5049 2536 5109 Suntcommonendi
2572 5065 2698 5102 mss.
2731 5050 2834 5102 sint
2861 5051 3234 5103 commonendi

3334 5050 3428 5082 ms
3457 5050 3585 5103 Dia_

331 5116 537 5172 lectica:
564 5135 689 5173 mss.
719 5120 862 5173 Edit.
897 5118 1054 5172 Goth.
1096 5120 1371 5176 dialectice
1449 5122 1541 5154 ¹¹⁷δ
1575 5124 1674 5189 Qui
1708 5124 1924 5232 quidem
1958 5140 2064 5178 non
2091 5138 2214 5191 mss.
2259 5118 2448 5177 Cistsr.
2478 5117 2613 5171 Vict.
2636 5117 2791 5198 (ξονι).
2818 5118 2953 5199 Tha.
2992 5122 3159 5172 omitt.
3195 5120 3414 5187 quidem
3493 5122 3586 5151 ’³⁷³

332 5185 442 5232 Nisi
474 5202 671 5232 cnrmtg
695 5206 818 5232 mss-
858 5186 999 5232 ΕιΙίι-
1032 5188 1187 5232 (Imb-
1218 5207 1376 5232 mmm
1401 5208 1599 5232 t‘nrnllc
1702 5194 1714 5223 ¹
1749 5194 1793 5225 7⁸
1823 5194 1950 5232 num
1986 5194 2239 5232 nrinran:
2277 5206 2406 5232 nisa-
2446 5185 2582 5232 Viri-
2617 5186 2803 5232 Canter-
2842 5189 2983 5232 Fdst-
3028 5189 3181 5232 (iniit.
3215 5199 3409 5232 animm
3438 5189 3586 5232 nrin.

332 5185 444 5241 Nisi
474 5202 821 5261 corpusmss.
854 5186 1000 5261 Edit.
1032 5188 1188 5261 (iota.
1218 5207 1376 5259 quam
1401 5185 1600 5261 corpus

1749 5194 1793 5225 ⁷⁸
1823 5194 1950 5260 Qua!
1986 5187 2239 5264 princeps
2277 5206 2421 5264 nisi.
2446 5185 2582 5264 νὶιςςἸ
2604 5186 2803 5264 Αϐξδιετ.
2838 5189 3002 5264 Edit._
3028 5185 3336 5264 Cotinqna:
3355 5199 3409 5244 et
3437 5189 3589 5264 prino

330 5271 459 5325 ceps
536 5256 627 5331 “if
655 5258 750 5312 Est
790 5256 1261 5331 imaginationibus
1292 5276 1414 5331 mss.
1462 5256 1547 5314 est
1604 5263 1655 5316 in
1704 5256 2491 5331 imaginationibuspraef/nt.
2525 5257 2628 5310 546
2657 5258 2707 5309 in
2764 5258 3111 5331 imaginibus.

3192 5261 3281 5291 "7"
3303 5259 3432 5326 Qum
3471 5262 3585 5313 sola

331 5334 384 5403 et
427 5342 563 5395 pura
614 5326 725 5403 ipsa
764 5344 886 5381 mss.
910 5326 1248 5403 ’Gent.__.Vict.
1281 5328 1436 5403 Corb.
1469 5346 1589 5399 qua:
1621 5332 1730 5403 ipsa
1762 5326 1874 5386 sola
1901 5344 1965 5403 et
1998 5339 2129 5403 pura
2196 5328 2299 5403 _“"
2333 5326 2633 5403 Obscuram
2688 5336 2772 5380 est
2823 5326 3199 5403 mss._obsura
3227 5340 3312 5384 est
3388 5329 3584 5403 “"53!

333 5398 745 5451 discernendum
795 5414 918 5450 mss.
950 5398 1015 5450 ad
1064 5397 1599 5463 dijudicandumlms.

1677 5404 1920 5456 ister..ad
1950 5396 2306 5468 iudicandum
2382 5396 2475 5429 ¹¹⁸¹
2502 5397 2770 5450 Excutere
2805 5414 2904 5450 ms.
2950 5396 3097 5453 Gem.
3150 5401 3420 5455 discutere
3492 5397 3585 5468 ’Ψ

334 5465 504 5542 Quam
553 5466 695 5542 quod
732 5467 872 5542 Deus
924 5467 1302 5542 mss._]’lma_n.
1341 5484 1515 5542 quam
1551 5471 1672 5542 quia
1708 5472 1847 5524 Deus
1909 5465 2001 5503 "3’
2036 5468 2614 5542 Dubiocognoscimus
2663 5483 2790 5542 mss.
2823 5468 2985 5542 dubio
3027 5483 3417 5538 cognoscemus
3492 5467 3587 5542 "ff

334 5536 497 5602 Quod
524 5536 572 5590 ci
606 5537 880 5608 proprium
906 5551 1031 5588 mss.
1066 5534 1197 5590 Vict.
1227 5534 1594 5592 (Ζογὺξϐἱειεί.
1628 5540 1773 5593 Edit.
1800 5541 1955 5595 Galli.
2004 5542 2144 5608 quod
2180 5534 2325 5605 υἱιιέ
2349 5534 2624 5606 proprium
2701 5538 2790 5567 ⁸³⁸⁸
2828 5538 3000 5591 Unum
3026 5534 3127 5608 est
3173 5549 3479 5608 commune,
3532 5536 3585 5608 id

339 5616 442 5671 est,
473 5622 599 5658 mss.
627 5604 758 5675 Tha.
796 5616 1081 5675 unumest,
1116 5609 1256 5675 quod
1290 5623 1594 5671 commune,
1623 5610 1776 5663 idest

1880 5611 1969 5643 ""
2005 5611 2071 5664 Ut
2093 5618 2176 5663 est
2200 5609 2382 5667 Pater,

2421 5604 2636 5677 genitor
2666 5624 2790 5661 mss.
2831 5608 2974 5659 Edit.
3010 5605 3163 5658 Col/1.
3205 5618 3263 5660 ut
3300 5620 3382 5660 est
3440 5604 3585 5660 Patri

286 5750 298 5763 _
338 5675 545 5744 genitor
618 5674 707 5706 ¹’⁸⁷
735 5674 975 5729 Dicatihi
1015 5674 1149 5729 duas
1175 5693 1300 5730 mss.
1326 5678 1510 5735 Cister.
1538 5681 1596 5735 S.
1642 5679 1802 5734 Mirh.
1829 5677 1975 5736 Gem.
2017 5679 2147 5734 Vict.
2184 5678 2324 5732 I'Idit.
2371 5674 2528 5734 eam.
2572 5678 2717 5731 dicat
2769 5678 2835 5729 ibi
2864 5690 2984 5729 esse
3007 5678 3160 5731 duas.

742 5771 1013 5831 Panos.
1057 5769 1304 5833 CLVIII

3263 5771 3298 5826 9
