4226 6240
536 252 639 309 967

1077 244 1134 301 S.
1183 240 1480 298 ANSELMI
1515 238 1867 297 CANTUAR.
1910 236 2251 293 ARCllllEl’.
2294 235 2444 292 OPP.
2478 232 2656 289 PARS
2680 230 2727 294 J.
2766 259 2832 271 -
2864 230 3277 288 DOGMATlCA.

3700 226 3809 285 9.68

539 367 613 431 id,
644 362 790 434 quod
810 371 1099 419 commune
1129 367 1233 423 est,
1268 372 1371 411 non
1402 356 1473 411 sit
1498 354 1680 426 plures
1709 371 1794 410 res
1822 395 1838 420 ,
1892 352 1983 408 sed
2018 366 2120 406 una
2153 360 2198 416 Α
2227 350 2369 406 Deus
2396 368 2409 405 :
2441 359 2493 406 et
2524 357 2705 404 tamen
2738 362 2847 428 nec
2877 346 3148 402 credimus
3190 359 3291 401 nec
3341 343 3575 400 dicimus
3623 344 3810 415 plures

537 465 593 509 et
623 454 735 510 sola
761 468 849 508 res
874 469 887 505 :
922 448 1191 518 superﬂue
1213 447 1315 501 hoc
1334 445 1493 511 dicit;
1521 446 1648 515 quia
1671 459 1830 499 nemo
1859 442 2125 497 Christia-

532 554 640 602 nus
669 542 954 600 conﬁtetur
977 537 1193 594 Patrem
1218 545 1272 591 et
1302 535 1520 601 Filium,
1552 534 1844 591 secundum
1870 532 1983 585 haec
2019 532 2125 586 dno

535 634 774 707 propria,
795 647 955 685 imam
986 644 1101 685 rem
1138 634 1279 693 esse,
1300 629 1395 683 sed
1415 627 1566 681 duas.
1590 624 1836 680 Solemus
1853 623 1999 677 enim
2025 634 2123 677 usu

534 725 717 780 dicere
746 736 882 786 rem,
919 717 1178 790 quidquid
1209 717 1390 786 aliquo
1420 717 1579 770 modo
1606 712 1839 768 dicimus
1866 728 1988 789 esse
2017 710 2119 768 ali-

532 813 683 884 quid.
714 812 817 881 Qui
845 821 1025 866 autem
1056 809 1184 864 dicit
1208 810 1272 862 dc
1306 807 1413 861 Deo
1463 804 1679 859 Patrem
1733 813 1826 858 aut
1877 802 2071 859 Filium
2105 844 2119 871 ,

532 904 736 977 aliquid
762 904 827 959 de
862 918 927 957 eo
963 901 1120 964 dicit;
1157 908 1209 951 et
1243 911 1430 952 omnes
1460 896 1641 951 sciunt
1681 896 1734 951 in
1765 897 1875 951 Deo
1897 895 2116 951 Patrem

532 1010 642 1051 non
669 1007 788 1049 esse
814 993 1026 1054 Filium,
1065 998 1118 1043 et
1140 988 1334 1042 Filium
1358 1002 1464 1041 non
1489 1001 1618 1042 "esse
1641 987 1886 1051 Patrem;
1929 1001 2112 1056 quam-

535 1086 615 1140 vis
648 1086 701 1139 in
733 1099 838 1138 uno
861 1081 1076 1136 homine
1096 1090 1252 1150 pater
1285 1080 1355 1134 sit
1393 1077 1555 1144 illius,
1587 1088 1643 1132 et
1670 1077 1814 1133 filius
1837 1076 1909 1131 sit
1939 1085 2115 1146 pater,

533 1175 579 1229 si
602 1174 741 1228 idem
779 1173 940 1226 homo
960 1180 1043 1225 est
1080 1182 1235 1241 pater
1258 1178 1313 1225 et
1340 1168 1480 1223 illius
1506 1184 1520 1221 :
1547 1166 1689 1237 quod
1718 1167 1839 1221 ideo
1872 1166 1968 1234 lit;
1990 1168 2116 1236 quia

530 1265 585 1319 in
617 1264 726 1319 Deo
753 1264 1009 1319 dicuntur
1037 1262 1313 1332 opposite;
1341 1260 1392 1313 in
1424 1273 1531 1313 uno
1554 1272 1683 1312 vero
1734 1256 1956 1311 homine
2008 1260 2115 1310 nun

528 1356 598 1410 ad
629 1356 896 1420 invicem;
930 1353 1022 1408 sed
1054 1353 1120 1407 ad
1143 1353 1306 1406 alium
1340 1350 1509 1403 lilium
1530 1356 1710 1418 pater,
1751 1353 1805 1401 et
1828 1345 1897 1400 ad
1948 1347 2113 1402 alium

530 1457 740 1514 patrem
769 1446 910 1501 filius
938 1444 1153 1500 dicitur.
1184 1442 1297 1509 Hoc
1322 1455 1455 1511 ergo
1496 1438 1655 1495 modo
1693 1439 1826 1495 nihil
1863 1440 2115 1510 prohibet

532 1537 713 1590 dicere
743 1536 874 1589 duas
911 1548 1194 1605 personas,
1223 1532 1442 1586 Patrem
1485 1539 1540 1587 et
1560 1529 1757 1585 Filium
1809 1544 1929 1596 esse
1980 1531 2114 1586 duas

530 1626 714 1691 res;si
744 1637 921 1680 tamen
979 1622 1308 1694 intelligatur
1357 1621 1658 1692 cujusmodi
1694 1621 1815 1677 sint
1871 1610 1958 1678 res
1995 1610 2109 1676 ηδ’.

2230 457 2348 499 esse
2370 442 2530 509 deos;
2572 440 2667 496 sed
2696 440 2771 494 ita
2801 454 2965 493 unum
3008 451 3130 492 esse
3168 436 3334 491 Deum
3374 450 3621 503 numero,
3669 438 3809 492 sicut

2229 540 2445 601 natura,
2479 533 2730 603 quamvis
2773 531 2935 585 Pater
2967 538 3021 584 et
3043 528 3210 583 Filius
3236 541 3343 581 non
3371 526 3482 581 sint
3509 542 3671 594 unus,
3710 528 3810 584 sed

2227 624 2354 679 duo.
2386 624 2648 695 Angelum
2682 623 2826 678 enim
2858 631 2913 677 et
2940 621 3174 676 animam
3213 620 3505 675 secundum
3555 619 3811 674 substan-

2227 710 2355 766 tiam
2385 712 2635 776 dicimus,
2659 725 2767 765 non
2805 711 3101 765 secundum
3124 709 3465 787 relationem.
3497 706 3652 773 Nam,
3681 708 3808 764 licet

2224 799 2400 867 angeli
2430 813 2625 853 nomen
2662 802 2730 854 ab
2755 798 2933 855 cilicio
2962 810 3234 870 sumptum
3267 800 3339 855 sit
3389 797 3480 850 9”"
3529 797 3655 868 quia
3705 814 3808 852 an-

2220 885 2372 957 gelus
2399 887 2620 941 nuntius
2647 888 2879 953 dicitur;
2905 898 3111 953 tamen,
3133 889 3469 944 sicutanima
3492 901 3591 958 pro
3621 889 3803 957 specie

2217 978 2537 1031 substantiae
2565 978 2852 1046 accipitur,
2882 978 2954 1031 ita
2983 989 3040 1033 et
3071 981 3313 1048 angelus.
3362 980 3514 1046 Quod
3563 979 3678 1047 ipse
3724 978 3810 1031 in-

2219 1066 2462 1138 telligere
2499 1083 2558 1123 se
2578 1076 2863 1135 monstrat,
2901 1083 3023 1124 cum
3055 1058 3260 1139 paritei'
3286 1071 3417 1124 dicit
3447 1087 3461 1123 :
3506 1068 3653 1125 Sicut
3681 1079 3802 1123 sunt

2216 1167 2321 1213 tres
2348 1158 2539 1229 angeli,
2567 1170 2657 1213 ant
2687 1171 2790 1214 tres
2816 1160 3025 1215 animte.
3054 1160 3239 1215 Talem
3267 1160 3447 1230 itaque
3476 1162 3566 1195 m‘
3599 1162 3807 1231 signiti‘t-

2217 1258 2306 1305 cat
2329 1249 2696 1318 pluralitatem
2715 1250 2807 1285 m'
2836 1259 2888 1306 et
2923 1252 3339 1321 separationem,
3366 1251 3579 1322 qualem
3604 1253 3803 1306 habent

2216 1340 2398 1409 plures
2425 1339 2601 1411 angeli
2624 1348 2719 1395 aut
2744 1341 2958 1408 animae,
2983 1342 3034 1395 id
3067 1349 3150 1395 est
3172 1340 3387 1410 qualem
3438 1340 3641 1395 habent
3683 1339 3804 1409 plu-'-

2215 1445 2303 1485 rcs
2326 1431 2665 1486 substantiae.
2704 1429 2859 1497 Quod
2888 1431 3064 1486 adhuc
3090 1440 3274 1501 aperte
3296 1439 3605 1485 monstraro
3650 1429 3802 1485 vide-

2216 1529 2326 1589 tur,
2354 1539 2479 1578 cum
2510 1525 2735 1580 subdit:
2762 1522 2851 1578 Ita
2872 1534 3050 1579 tamen
3073 1536 3126 1579 ut
3166 1523 3422 1579 voluntate
3467 1534 3515 1578 et
3552 1535 3803 1594 potestate

2215 1612 2427 1668 omnino
2454 1614 2557 1668 sint
2584 1614 2743 1668 idem.
2776 1614 2870 1669 Sic
2899 1616 3044 1669 enim
3071 1615 3322 1686 intelligit
3363 1614 3697 1671 voluntatem
3747 1625 3806 1671 et

527 1715 649 1769 Non
680 1716 823 1770 enim
858 1716 937 1771 sic
967 1725 1091 1771 sunt
1121 1692 1281 1770 Pater
1316 1725 1369 1769 ct
1394 1713 1565 1789 Filius
1589 1714 1707 1770 uuae
1737 1727 1844 1781 res,
1879 1723 1935 1768 tu
1959 1715 2013 1768 in
2029 1714 2114 1769 his
2146 1692 2189 1751 Β
2218 1711 2542 1775 ροιθειειθιη
2574 1705 2627 1759 in
2653 1705 2760 1760 illis
2789 1705 3034 1775 pluribus
3060 1708 3240 1771 rebus,
3270 1704 3722 1777 quemadmodum
3750 1707 3807 1760 in

529 1803 739 1858 duabus
771 1805 932 1859 rebus
957 1804 1290 1874 intelligatur
1324 1818 1513 1859 eorum
1550 1802 1875 1871 substantia,
1904 1804 1999 1858 sed
2027 1814 2119 1859 eo-

528 1908 649 1947 rum
681 1891 1000 1963 relationes;
1026 1894 1274 1971 quamvis
1301 1892 1392 1948 ille
1416 1907 1511 1962 per
1527 1896 1611 1957 ea,
1652 1906 1775 1963 quas
1820 1890 2116 1969 subiungit,

449 2011 458 2020 -
526 1993 717 2055 aperte
736 1985 988 2039 ostendat
1016 1999 1073 2039 se
1117 2000 1220 2039 non
1268 1982 1572 2053 intelligere
1622 1982 1728 2039 hoc
1777 1983 1940 2039 modo
1984 1982 2118 2039 duas

524 2091 787 2146 personas
813 2091 934 2132 esse
968 2077 1101 2132 duas
1123 2092 1229 2131 res.
1261 2074 1397 2130 Nam
1427 2090 1550 2131 cum
1582 2075 1715 2132 dicit
1743 2094 1755 2130 :
1790 2073 1850 2130 Si
1875 2084 1978 2129 (res
1998 2091 2125 2145 per:

528 2180 671 2219 some
706 2164 810 2218 sint
832 2180 938 2218 una
960 2174 1163 2219 tantum
1195 2181 1296 2229 res,
1325 2172 1371 2218 et
1401 2180 1502 2218 non
1525 2173 1630 2219 (res
1663 2180 1763 2229 res,
1819 2162 2114 2234 subjuugit,

525 2270 620 2318 per
647 2269 701 2308 se
729 2254 1031 2323 separatim.
1058 2252 1270 2323 Quippe
1302 2252 1463 2307 talem
1494 2252 1710 2308 videtur
1756 2252 2115 2323 pronuntiare

524 2343 924 2413 separationem
948 2384 960 2403 ,
986 2358 1105 2411 qua:
1136 2342 1417 2412 prohibeat
1446 2356 1568 2396 esse
1609 2340 1773 2397 simul
1818 2340 1871 2395 in
1923 2341 2112 2409 eodem

526 2431 744 2487 homine
764 2441 973 2502 patrem
1001 2442 1056 2486 et
1084 2430 1271 2485 ﬁlium.
1328 2430 1433 2487 Per
1470 2431 1613 2487 hanc
1661 2446 1898 2503 namque
1943 2430 2112 2486 solam

527 2528 682 2589 putat
707 2537 765 2576 se
797 2534 953 2590 posse
1002 2522 1234 2576 liberare
1288 2522 1379 2553 ’m
1424 2521 1644 2576 Patrem
1675 2537 1704 2576 a
1736 2523 2114 2577 communione

523 2613 922 2668 incarnationis
948 2629 1071 2669 cum
1094 2614 1247 2670 Filio.
1307 2613 1443 2670 Nam
1493 2630 1589 2685 per
1619 2614 1764 2669 illam
1814 2615 2114 2685 separatio-

524 2718 676 2771 nem,
717 2720 823 2774 qua
851 2706 995 2760 aliud
1019 2716 1101 2761 est
1125 2720 1246 2761 esse
1274 2707 1491 2761 Patrem
1524 2747 1538 2771 ,
1590 2715 1645 2762 et
1671 2706 1816 2761 aliud
1848 2722 1971 2763 esse
2021 2707 2121 2762 δ’ὶά

526 2791 661 2846 lium
686 2790 777 2825 im
806 2792 1081 2862 (quoniam
1113 2793 1231 2848 alia:
1256 2808 1378 2847 sunt
1407 2794 1495 2824 ¹²⁹¹
1532 2794 1599 2846 ab
1646 2793 1882 2847 invicem
1925 2800 2109 2862 pater—

526 2884 670 2939 nitas
698 2892 752 2939 et
783 2883 991 2955 liliatio)
1029 2884 1076 2939 si
1102 2884 1273 2939 credit
1300 2897 1463 2938 umun
1491 2892 1545 2937 et
1571 2884 1745 2956 solum
1774 2898 1894 2937 esse
1916 2885 2105 2951 Deum,

524 2974 617 3043 qui
643 2982 727 3029 est
746 2973 905 3029 Pater
940 2983 995 3029 et
1017 2974 1205 3037 Filius,
1235 2989 1340 3029 non
1373 2974 1520 3028 videt
1543 2972 1761 3027 Patrem
1815 2984 1871 3029 et
1914 2974 2106 3030 Filium

521 3078 683 3132 posse
709 3065 972 3133 separari,
1023 3066 1150 3134 quin
1201 3066 1308 3119 sint
1349 3066 1401 3118 in
1457 3063 1646 3118 eodem
1679 3065 1896 3119 homine
1928 3066 2106 3120 simul.

522 3154 628 3206 Aut
658 3168 788 3221 ergo
815 3153 974 3206 aliam
996 3154 1398 3223 separationem
1434 3167 1796 3222 personarum
1853 3155 2030 3209 Patris
2060 3164 2115 3209 et

525 3241 648 3296 Filii
678 3242 937 3312 loquitur,
970 3258 1131 3312 quam
1163 3243 1328 3309 illam,
1362 3233 1491 3312 qua,
1538 3243 1837 3297 secundum
1871 3243 2114 3325 propria‘

526 3331 769 3387 aliisunt
797 3333 864 3386 ab
890 3333 1118 3386 invicem
1144 3332 1384 3386 l’ateret
1414 3330 1608 3396 Filius;
1668 3332 1793 3399 quia
1831 3346 1927 3400 per
1974 3332 2110 3385 hanc

519 3436 630 3475 non
681 3420 927 3489 intelligit
960 3421 1389 3476 incarnationem
1428 3420 1661 3475 alienam
1693 3435 1812 3475 esse
1841 3436 1869 3474 a
1914 3421 2103 3487 Patre;

520 3511 634 3563 imo
656 3510 699 3562 si
731 3510 889 3565 simul
925 3518 1053 3565 sunt
1082 3509 1242 3565 Pater
1271 3519 1322 3564 et
1344 3508 1537 3574 Filius,
1571 3509 1823 3578 opinatur
1851 3510 2106 3578 consequi

522 3601 743 3655 Patrem
801 3616 919 3657 esse
967 3602 1287 3671 participem
1338 3601 1727 3655 incarnationis
1779 3616 1901 3655 cum
1951 3601 2105 3655 Filio.

521 3694 629 3746 Aut
655 3691 702 3744 si
725 3691 871 3745 illam
901 3692 1050 3757 dicit,
1078 3691 1274 3745 frustra
1320 3690 1549 3755 laborat,
1600 3692 1740 3746 sicut
1788 3690 1901 3759 jam
1950 3692 2106 3759 dixi,

523 3760 651 3851 q'uia
677 3782 988 3837 Christiana
1022 3781 1152 3835 ﬁdes
1182 3783 1285 3836 hoc
1310 3782 1469 3836 modo
1502 3782 1757 3851 intelligit
1806 3781 2019 3851 Patrem
2051 3792 2107 3837 et

520 3872 715 3927 Filium
739 3886 859 3928 esse
891 3873 1024 3928 duas
1055 3888 1159 3927 res.
1204 3872 1308 3927 Sed
1341 3888 1461 3927 eum
1511 3875 1625 3927 ait:
1652 3873 1796 3928 Sicut
1845 3885 1962 3928 sunt
1991 3872 2104 3930 'trea

520 3962 719 4033 angeli,
758 3972 872 4017 aut
908 3972 1009 4017 (res
1045 3964 1261 4028 anima’,
1296 3973 1480 4033 aperte
1507 3952 1853 4020 monstrat'se
1882 3965 1972 3996 ""
1999 3980 2103 4021 non

518 4056 585 4107 de
612 4054 923 4123 pluralitate
953 4054 1037 4111 vel
1066 4054 1412 4124 separatione
1442 4055 1528 4108 illa
1562 4055 1729 4126 loqui,
1761 4070 1882 4125 quae
1914 4056 1963 4113 in
1998 4056 2103 4111 illis

517 4156 601 4200 est
632 4134 722 4177 “’3
750 4147 998 4216 personis
1018 4148 1314 4203 secundum
1345 4150 1586 4218 propria.
1644 4147 1847 4218 Nempe
1869 4149 1934 4204 de
1960 4148 2101 4202 nulla

518 4253 623 4292 una
649 4239 948 4309 eademque
976 4254 1200 4296 numero
1226 4256 1284 4294 re
1315 4241 1420 4295 duo
1472 4240 1646 4311 angeli
1691 4240 1967 4304 dicuntur,
2012 4250 2103 4294 aut

2220 1794 2465 1864 pluribus
2489 1795 2696 1865 angelis
2730 1805 2823 1850 aut
2856 1796 3179 1854 animabus:
3212 1796 3359 1866 quod
3407 1795 3634 1867 intelligi
3692 1811 3804 1849 non

2220 1894 2419 1955 potest,
2444 1885 2490 1940 si
2514 1884 2619 1940 illae
2641 1887 2824 1958 plures
2850 1901 2938 1941 res
2964 1894 3222 1955 putamur
3243 1886 3543 1942 secundum
3563 1887 3808 1956 proprie"-

2220 1983 2363 2032 tatcs
2400 1992 2757 2046 personarum
2799 1990 2945 2043 esse,
2997 1986 3104 2033 non
3156 1978 3461 2034 secundum
3506 1979 3611 2033 hoc
3657 1981 3805 2048 quod

2220 2067 2579 2122 conuuuuiler
2612 2067 2865 2122 dicuntur
2887 2066 3013 2139 M.
3046 2066 3366 2123 Nullatenus
3413 2079 3649 2137 namque
3701 2066 3805 2121 Pa-
3888 2130 3892 2134 Α

2220 2160 2318 2214 tris
2345 2169 2399 2215 et
2424 2160 2567 2227 Filii,
2596 2162 2893 2217 secundum
2917 2162 3061 2231 ipsas
3090 2148 3473 2232 proprietates,
3526 2161 3579 2216 id
3609 2168 3691 2215 est
3716 2173 3802 2214 se-

2217 2251 2453 2309 cundum
2481 2253 2865 2322 paternitatem
2896 2262 2952 2307 et
2996 2251 3311 2307 tiliationem
3362 2251 3455 2283 "'7
3483 2251 3590 2306 ulla
3619 2246 3805 2305 velun-

2218 2346 2302 2394 tas
2323 2349 2419 2394 aut
2441 2342 2682 2407 potentia
2711 2351 2831 2407 est;
2878 2341 3293 2421 sedsecundnm
3329 2341 3633 2396 divinitatis
3677 2340 3805 2396 sub-

2218 2431 2498 2497 stantiam,
2542 2448 2661 2503 quze
2689 2433 2993 2488 communis
3043 2442 3127 2488 est
3172 2433 3298 2489 illis.
3350 2432 3530 2501 Quare
3572 2432 3617 2486 si
3672 2430 3804 2486 dicit

2219 2529 2331 2576 tres
2352 2536 2615 2592 personas
2646 2538 2767 2579 esse
2800 2532 2914 2578 tres
2935 2538 3043 2586 res,
3076 2523 3371 2579 secundum
3396 2523 3510 2592 ipsa
3535 2519 3753 2590 propria
3778 2535 3796 2585 ;

2215 2610 2393 2681 palam
2416 2622 2685 2684 estquam
2720 2613 2993 2684 superﬂue
3020 2615 3122 2669 hoc
3151 2614 3319 2681 dicat,
3347 2628 3508 2683 quam
3535 2610 3697 2666 etiam
3722 2609 3800 2662 in-

2215 2703 2622 2771 convenienter,
2655 2719 2778 2760 eum
2813 2705 2962 2760 addit
2992 2721 3005 2757 :
3038 2703 3187 2759 Sicut
3213 2704 3306 2736 ηπ
3330 2714 3449 2757 sunt
3476 2714 3578 2756 tres
3601 2700 3796 2771 angeli;

2214 2800 2305 2843 aut
2333 2800 2437 2847 tres
2463 2793 2674 2847 animm.
2703 2794 2773 2847 At
2808 2794 2850 2848 si
2879 2794 3011 2848 dicit
3034 2794 3124 2826 “’9
3146 2795 3363 2849 easdem
3390 2807 3650 2863 personas
3664 2791 3801 2846 duas

2212 2894 2333 2936 esse
2355 2896 2466 2948 res,
2489 2883 2792 2938 secundum
2824 2883 2928 2938 huc
2958 2884 3101 2952 quod
3132 2899 3422 2939 commune
3450 2895 3537 2937 est
3562 2881 3690 2945 illis.
3741 2880 3797 2936 id

2212 2987 2297 3031 est
2323 2978 2618 3033 secundum
2644 2977 2787 3047 quod
2818 2977 3029 3047 singula
3057 2992 3305 3047 quaeque,
3327 2987 3379 3032 et
3409 2977 3587 3046 plures
3612 2975 3791 3043 simul,

2217 3085 2359 3125 unus
2378 3069 2651 3138 perfectus
2682 3071 2822 3125 Deus
2850 3080 2953 3126 est.
2979 3071 3219 3125 Primum
3239 3086 3421 3141 qmero
3447 3087 3514 3124 an
3540 3071 3614 3125 sit
3639 3070 3798 3125 Citri-

2215 3156 2447 3213 stiauus.
2473 3157 2863 3228 Respondebit,
2902 3168 2964 3215 ut
2987 3160 3217 3224 testium,
3268 3174 3329 3213 se
3361 3161 3462 3213 hoc
3508 3174 3631 3214 esse
3680 3159 3793 3213 “°°.

2214 3247 2360 3318 Ergo
2410 3248 2585 3305 credit
2634 3264 2799 3303 unum
2836 3265 2957 3306 esse
3004 3251 3169 3305 Deum
3194 3288 3212 3315 ,
3245 3258 3297 3305 et
3327 3250 3496 3318 ipsum
3530 3265 3650 3305 esse
3688 3258 3798 3306 tres

2212 3349 2507 3404 personas,
2553 3337 2606 3389 id
2646 3345 2731 3391 est
2778 3336 3017 3404 Patrem,
3063 3348 3116 3392 et
3168 3338 3382 3404 Filium,
3429 3347 3487 3393 et
3531 3338 3792 3409 Spiritum

2211 3435 2493 3488 sanctum;
2519 3434 2573 3481 ct
2591 3425 2713 3483 Filii
2738 3439 3029 3495 personam
3060 3426 3229 3481 solam
3262 3427 3627 3497 incantatam,
3669 3428 3792 3485 aliis

2214 3524 2393 3570 tamen
2429 3515 2641 3571 duabus
2668 3518 3108 3587 cooperantibus.
3132 3519 3233 3585 Qui
3263 3528 3443 3574 autem
3478 3520 3554 3574 ita
3596 3520 3789 3591 credit,

2213 3602 2445 3659 allirmat
2473 3619 2599 3658 eum
2633 3620 2742 3659 non
2768 3619 2890 3659 esse
2908 3605 3299 3672 Christianum,
3330 3608 3419 3676 qui
3451 3606 3647 3682 aliquid
3674 3608 3792 3662 vnit

2212 3690 2461 3751 asserere
2490 3706 2680 3752 contra
2711 3696 2914 3765 aliquid
2942 3697 3157 3752 horum.
3192 3696 3249 3753 Si
3277 3713 3405 3769 ergo
3429 3700 3530 3754 iste
3566 3700 3639 3752 ita
3671 3709 3790 3753 cre'-

2208 3785 2306 3851 dit,
2333 3795 2493 3855 negat
2516 3800 2638 3839 eum
2664 3799 2784 3839 esse
2811 3785 3202 3852 Christiantun;
3233 3787 3324 3856 qui
3348 3796 3533 3841 contra
3556 3786 3670 3842 lucc
3696 3786 3787 3818 ³⁸⁸⁸

2207 3874 2461 3943 disputat.
2504 3874 2694 3928 Utrum
2723 3883 2905 3928 autem
2942 3874 3081 3928 hanc
3114 3873 3273 3929 fidem
3302 3876 3623 3930 subvertere
3671 3875 3787 3944 ipse

2207 3966 2430 4031 nitatur,
2464 3966 2762 4022 videamus.
2787 3966 2919 4022 Cum
2950 3966 3115 4037 igitur
3143 3966 3294 4031 dicit,
3352 3976 3413 4022 ut
3459 3967 3527 4021 de
3580 3966 3790 4025 duabus

2205 4056 2455 4126 personis
2489 4056 2685 4121 dicam,
2714 4057 2855 4111 sicut
2891 4056 3110 4125 incoepi,
3139 4057 3282 4125 quod
3310 4056 3378 4110 de
3412 4055 3585 4110 tribus
3630 4055 3789 4111 intel-

2208 4148 2437 4217 ligatur;
2473 4162 2617 4211 cum,
2656 4146 2897 4215 inquam,
2923 4147 3072 4212 dicit,
3102 4147 3147 4200 si
3200 4147 3317 4201 dum
3377 4159 3622 4215 persona:
3658 4155 3789 4200 sunt

2206 4252 2309 4291 una
2354 4252 2463 4301 res,
2489 4246 2544 4290 et
2570 4252 2675 4290 non
2692 4224 2817 4290 duae
2846 4238 2984 4291 sicut
3012 4246 3134 4290 sunt
3178 4239 3282 4291 duo
3311 4236 3486 4305 angeli
3541 4243 3634 4290 aut
3667 4236 3787 4291 duae

518 4327 637 4381 dum
672 4327 897 4394 animae;
954 4342 1053 4385 nec
1083 4345 1248 4384 unum
1279 4330 1480 4396 aliquid
1532 4330 1845 4385 munerotle
1897 4332 2103 4384 duobus
2134 4352 2177 4408 υ
2205 4330 2419 4394 animae,
2451 4328 2707 4397 consequi
2738 4327 2954 4381 Patrem
2980 4344 3193 4397 quoque
3238 4344 3366 4384 esse
3418 4331 3784 4395 incarnatmn,

519 4419 725 4488 angelis
766 4420 981 4485 dicitur,
1010 4429 1105 4474 aut
1130 4420 1196 4475 de
1225 4421 1432 4477 duabus
1474 4420 1791 4487 animabus;
1832 4423 1972 4476 sicut
2001 4421 2101 4476 l‘a~

518 4519 660 4564 trem
701 4524 753 4565 et
799 4512 989 4566 Filium
1041 4512 1269 4567 dicimus
1327 4511 1394 4567 de
1431 4512 1538 4567 Deo
1589 4526 1695 4567 uno
1748 4528 1995 4578 numero,
2047 4522 2104 4569 et

518 4614 683 4653 tinum
716 4616 940 4656 numero
970 4602 1137 4655 Deum
1182 4602 1245 4656 de
1298 4600 1460 4657 Patre
1514 4610 1566 4656 et
1610 4601 1765 4657 Filio.
1822 4602 2103 4659 Credimus

519 4692 659 4746 enim
696 4702 747 4746 et
784 4692 1012 4746 dicimus
1041 4692 1166 4761 quia
1196 4694 1337 4747 Deus
1382 4704 1461 4748 est
1493 4693 1672 4759 Pater,
1722 4706 1776 4751 et
1820 4695 1961 4751 Deus
2020 4706 2101 4752 est

517 4778 715 4847 Filius;
748 4790 799 4837 et
827 4783 1149 4851 conversim,
1205 4782 1365 4839 Pater
1412 4792 1493 4840 est
1534 4784 1696 4854 Deus,
1730 4792 1783 4842 et
1817 4784 1987 4841 Filius
2017 4794 2101 4841 est

2206 4420 2249 4474 si
2287 4418 2456 4474 Filius
2490 4430 2573 4475 est
2609 4420 2924 4474 incarnatus
2950 4437 2964 4472 :
2988 4429 3116 4489 puto
3148 4420 3274 4491 quia
3302 4422 3381 4476 sic
3428 4421 3787 4476 ratiocinantur

2206 4526 2391 4567 secum
2417 4511 2508 4542 ¹³⁰“
2539 4528 2553 4565 :
2588 4510 2647 4565 Si
2677 4525 2782 4564 una
2810 4519 2864 4565 et
2890 4513 3079 4564 eadem
3104 4525 3331 4565 numero
3361 4526 3446 4565 res
3486 4511 3627 4564 Dens
3678 4521 3784 4575 est,

2203 4612 2255 4656 et
2282 4603 2392 4671 ipsa
2422 4602 2608 4655 eadem
2631 4610 2719 4659 est
2756 4601 2938 4668 Pater,
2990 4611 3043 4658 et
3080 4602 3249 4657 Filius
3298 4603 3419 4669 ¹³⁰³;
3454 4619 3575 4657 cum
3616 4603 3791 4659 Filius

2206 4692 2276 4746 sit
2306 4692 2639 4756 incarnatus,
2670 4692 2941 4761 quomodo
2972 4708 3076 4747 non
3108 4703 3161 4747 et
3187 4692 3346 4747 Pater
3394 4702 3479 4747 cst
3528 4692 3785 4745 incarna-

2210 4784 2329 4840 tus?
2358 4784 2432 4840 De
2463 4799 2565 4839 una
2590 4785 2787 4855 quippe
2812 4794 2866 4841 et
2894 4787 3083 4843 eadem
3114 4803 3173 4842 re
3196 4803 3301 4842 non
3326 4796 3407 4842 est
3440 4802 3565 4841 vera
3619 4786 3785 4841 simul

1820 4966 2052 5023 VARMZ
2092 4965 2492 5023 LECTIONES.

586 5070 1004 5155 ‘ffotzjttsniodi
1034 5083 1406 5155 suntres‘mss.
1434 5072 1574 5155 [ζόη.
1611 5078 2358 5155 Gotlr.__cujusmodi_sint_res
2436 5080 2525 5111 ¹²⁸⁹
2644 5094 2803 5155 posse
2822 5080 3050 5155 liberare
3080 5098 3204 5155 mss.
3232 5078 3382 5155 Gem.
3401 5078 3528 5136 Vict.
3568 5080 3775 5155 Timon.

516 5140 573 5196 ε.
595 5141 818 5197 ἢὶὶδΙμου
844 5144 1071 5198 liberare
1146 5147 1467 5201 "9°Etaliud
1487 5158 1562 5202 est
1590 5164 1708 5204 esse
1728 5140 1893 5204 filium
1921 5169 2046 5205 mss.
2065 5151 2194 5203 Vict.
2221 5149 2405 5203 (lister.
2432 5160 2484 5203 et
2512 5140 2658 5204 aliud
2678 5166 2796 5205 esse.
2821 5152 2984 5206 lilium
3004 5169 3099 5206 ms.
3119 5151 3436 5206 Corbalind
3465 5168 3583 5206 esse
3608 5152 3777 5207 lilium

517 5213 605 5243 ¹²ε¹
644 5214 780 5265 l‘iam
843 5214 961 5288 alia:
999 5224 1122 5288 sunt
1179 5233 1303 5270 mss.
1343 5219 1622 5288 quoniam
1653 5222 1769 5274 alia:
1801 5230 1928 5274 sunt
2002 5221 2092 5252 “"
2129 5220 2393 5273 Monstrat
2432 5234 2490 5274 se
2531 5237 2658 5275 mss.
2704 5221 2837 5273 Tim.
2881 5223 3218 5277 demonstrat
3248 5237 3305 5275 se
3381 5223 3470 5253 ¹¹⁹³
3498 5224 3624 5288 Quae
3671 5223 3778 5278 illis

512 5293 748 5361 festinas.
775 5300 891 5351 qum
927 5284 978 5336 in
1006 5284 1110 5335 illis
1143 5296 1221 5339 est
1291 5287 1691 5361 ‘,Di“1‘|"0‘1i(i0
1740 5291 1950 5361 dictum
1990 5291 2060 5343 sit
2092 5304 2215 5361 mas.
2262 5290 2409 5343 Gem.
2456 5288 2610 5343 σοι-ιι.
2648 5290 2780 5344 Vict.
2822 5291 3006 5345 δέδιεν.
3063 5292 3129 5344 ab
3177 5292 3347 5349 ollicio
3392 5284 3662 5361 sumptum
3702 5293 3777 5346 sit

516 5354 606 5431 "3‘"
645 5354 827 5431 Talem
860 5362 913 5407 et
946 5369 1175 5431 quinque
1208 5355 1523 5431 ῃξξςεηϋοῖίι.
1552 5359 1699 5412 (lem.
1726 5360 1868 5431 il’icl.
1904 5359 2285 5431 Cister.italem
2324 5361 2509 5429 itaque
2588 5362 2679 5392 “9‘
2705 5362 2895 5430 Signat
2941 5361 3311 5431 pluralitatem,
3335 5379 3460 5425 mss.
3503 5354 3775 5431 signiﬁcat

515 5424 873 5503 pluralitatcm
960 5422 1047 5453 ³³⁵³⁷
1082 5425 1146 5477 Ει
1202 5426 1898 5503 liliatiouem__nt.s.LCister.
1945 5440 2037 5483 aut
2087 5422 2429 5485 ﬁliationeut'
2483 5432 2575 5463 “’3
2613 5422 2802 5503 additi;
2845 5422 2987 5503 sicut
3029 5448 3152 5485 mss.
3205 5422 3325 5487 cum
3375 5422 3588 5495 additi;
3633 5431 3774 5503 sicut

516 5495 606 5529 “9”
636 5496 713 5548 Ac
742 5497 783 5546 si
814 5496 953 5547 dicat
992 5512 1117 5547 mss.
1147 5504 1199 5547 at
1240 5498 1281 5548 si
1318 5498 1448 5550 dicit
1525 5499 1611 5529 ¹³⁰⁰
1638 5500 1736 5554 llic
1764 5516 1821 5554 se
1850 5515 1969 5555 esse
2001 5517 2123 5553 mss.
2163 5516 2222 5553 se
2255 5503 2356 5555 hoc
2398 5516 2541 5556 esse.
2620 5502 2710 5531 ¹³⁰¹
2742 5500 2939 5554 Contra
2978 5502 3076 5555 hoc
3104 5518 3227 5557 mss.
3258 5513 3444 5556 contra
3488 5503 3600 5555 haec
3680 5500 3771 5532 ‘3“

515 5561 809 5621 Ratiocina:
841 5586 883 5616 nr
908 5580 1086 5619 secum
1117 5581 1210 5620 ms.
1248 5566 1434 5623 Cister.
1463 5569 1608 5622 omit.
1655 5586 1835 5627 secum
1916 5571 2008 5602 ¹³⁰³
2038 5570 2129 5627 Est
2160 5580 2213 5625 et
2246 5571 2385 5627 tilius
2414 5588 2541 5627 mss.
2572 5580 2625 5627 et
2660 5579 2741 5627 est
2772 5571 2911 5627 lilius
2937 5587 3030 5626 tus.
3070 5570 3223 5629 Corb.
3255 5582 3306 5629 et
3335 5572 3495 5625 illius.
