4226 6276
355 348 462 405 209

1601 345 1687 401 DE
1737 306 1901 399 rtus
1933 342 2339 404 'flllNlTATlS.

3496 352 3602 410 270

356 459 666 526 afﬁrmatio,
695 469 751 515 et
782 458 896 528 ejus
923 459 1163 531 negatio;
1199 458 1290 513 sed
1320 458 1385 511 de
1412 456 1515 511 alia
1549 472 1605 512 rc
1652 457 1918 538 afﬁrmare
1949 463 1989 519 λς
2021 468 2163 514 tanta
2202 470 2458 529 sequetur
2505 462 2771 525 confusio,
2829 469 2886 514 ut
2942 461 3201 531 quidquid
3256 462 3325 518 de
3378 466 3607 538 singulis

351 551 574 623 aliquid,
604 560 661 606 et
706 552 771 607 de
802 552 904 605 alia
936 552 1075 607 idem
1122 551 1294 620 ipsum
1352 550 1547 618 negare
1594 551 1753 606 simul
1790 536 1922 603 nihil

350 640 447 673 ““
474 640 740 712 prohibet.
762 640 876 695 Non
908 641 1053 695 enim
1095 640 1236 709 idem
1270 638 1460 694 Petrus
1518 639 1788 710 apostolus
1816 648 1920 704 est,

347 743 403 789 et
428 748 534 790 nor.
563 743 646 789 est
667 733 964 802 apostolus.
984 732 1089 786 Sed
1117 736 1172 785 et
1192 730 1235 786 si
1261 731 1366 786 alio
1396 732 1610 786 nomine
1634 732 1777 785 ident
1803 729 1922 797 ipse

348 824 647 880 aﬂirmetur
672 822 967 893 apostolus,
998 832 1053 878 et
1080 823 1187 877 alio
1212 832 1437 893 negetur
1471 842 1484 877 :
1512 823 1591 892 ut,
1620 822 1816 877 Petrus
1841 830 1924 875 est

346 915 643 986 apostolus,
684 924 736 970 et
767 914 952 969 Simon
976 929 1081 969 non
1108 923 1191 971 est
1216 915 1514 984 apostolus;
1548 921 1752 969 nonest
1780 920 1924 966 utra-

347 1022 454 1078 que
478 1020 600 1062 vera
630 1006 951 1069 enuntiatio,”
985 1005 1080 1059 sed
1116 1021 1221 1059 una
1249 1006 1437 1060 harum
1490 1003 1647 1061 falsa.
1701 1002 1920 1057 Petrum

346 1109 528 1151 autem
551 1108 672 1150 esse
707 1092 1030 1170 apostolum,
1066 1102 1119 1149 et
1148 1092 1483 1164 Stephanum
1511 1106 1617 1149 non
1642 1104 1764 1148 esse
1796 1106 1925 1161 apo-

346 1184 856 1255 stolum;quor.iam
893 1184 1032 1240 alius
1052 1192 1137 1241 est
1166 1185 1381 1251 Petrus,
1412 1194 1467 1241 et
1482 1184 1629 1239 alius
1671 1194 1755 1239 est
1803 1182 1924 1264 Ste-

344 1280 575 1350 phanus,
613 1272 872 1346 poSsibile
907 1282 993 1332 est
1040 1287 1228 1331 verum
1259 1290 1398 1331 esse.
1457 1275 1516 1330 Si
1557 1289 1686 1343 ergo
1733 1272 1921 1329 eadem

344 1380 572 1423 numero
597 1373 657 1419 'et
689 1380 795 1419 non
834 1364 937 1420 alia
972 1379 1057 1420 res
1083 1372 1165 1420 est
1188 1363 1350 1421 Pater
1370 1372 1531 1434 quam
1573 1364 1775 1428 Filius,
1813 1374 1918 1419 nan

350 1472 430 1517 est
452 1466 644 1516 verum
670 1458 923 1515 aﬂirmari
948 1459 1142 1515 debere
1169 1457 1371 1528 aliquid
1394 1458 1459 1512 de
1488 1455 1642 1521 Filio,
1667 1456 1918 1533 ctnegari

353 1553 414 1603 de
439 1549 627 1615 Patre;
663 1557 755 1605 aut
778 1546 1036 1605 allirmari
1069 1549 1267 1605 debere
1313 1550 1378 1603 de
1420 1548 1578 1604 Patre
1631 1542 1744 1616 ηδ’,
1772 1559 1826 1603 et
1855 1544 1920 1605 de

347 1637 478 1693 Filio
508 1639 713 1710 negari.
748 1639 1021 1709 Quidquid
1053 1639 1219 1710 igitur
1237 1650 1321 1694 est
1342 1639 1521 1703 Pater,
1551 1648 1635 1693 est
1652 1647 1707 1694 et
1730 1638 1914 1704 Filius;

342 1738 395 1784 et
421 1731 565 1802 quod
593 1730 793 1786 dicitur
818 1732 886 1788 de
909 1730 1067 1797 Filio,
1096 1746 1201 1786 non
1227 1731 1383 1786 debet
1409 1730 1593 1799 negari
1626 1731 1693 1785 de
1736 1728 1915 1785 Patre.

341 1817 436 1873 Est
462 1826 643 1873 autem
694 1820 1010 1876 in’carnatus
1054 1818 1251 1887 Filius;
1302 1828 1388 1875 est
1433 1822 1563 1890 ergo
1606 1821 1920 1875 incarnatus

340 1920 556 1977 quoque
587 1909 763 1965 Pater.
806 1910 912 1967 Sed
941 1912 1059 1968 haec
1090 1912 1433 1968 ratiocinatio
1469 1914 1513 1968 si
1547 1924 1673 1968 vera
1720 1921 1774 1968 et
1802 1922 1918 1967 rata

338 2011 426 2055 est
448 2002 563 2069 ⁸³⁸⁸,
591 2016 718 2059 vera
747 2012 834 2060 est
859 2005 1085 2062 haeresis
1105 2003 1344 2061 Sabellii.
1378 2004 1435 2062 Si
1484 2006 1629 2061 enim
1660 2005 1922 2076 quidquid

339 2089 543 2145 dicitur
580 2094 647 2148 de
678 2108 785 2147 una
821 2106 1075 2164 persona,
1104 2095 1305 2151 dicitur
1328 2104 1382 2150 et
1406 2094 1473 2150 de
1503 2094 1695 2159 altera,
1719 2094 1922 2150 idcirco

340 2181 594 2248 quoniam
624 2198 727 2236 una
761 2181 849 2238 res
882 2183 1000 2239 duae
1029 2193 1158 2239 sunt
1184 2200 1466 2254 personae;
1508 2199 1640 2255 ergo
1683 2187 1826 2240 sicut
1852 2184 1920 2240 de

339 2268 477 2326 Filio
504 2272 701 2327 dicitur
727 2266 920 2339 Filius,
941 2284 996 2329 et
1023 2275 1278 2337 Verbum,
1311 2282 1363 2329 et
1410 2275 1650 2343 genitus;
1694 2276 1767 2331 ita
1805 2277 1920 2331 hare

342 2360 594 2431 dicentur
620 2362 688 2416 de
711 2360 874 2416 Patre
904 2378 919 2416 :
947 2354 1003 2417 et
1053 2362 1506 2433 quemadmodum
1550 2364 1711 2420 Pater
1745 2374 1828 2419 est
1863 2374 1918 2420 et

340 2448 527 2517 Pater,
558 2459 613 2505 et
633 2452 866 2522 genitor,
896 2460 951 2508 et
978 2452 1278 2524 ingenitus;
1325 2454 1407 2510 sic
1436 2453 1551 2511 haec
1580 2455 1645 2510 de
1671 2455 1809 2510 Filio
1838 2456 1915 2510 di-

337 2545 511 2597 cenda
538 2551 685 2598 sunt.
711 2544 802 2609 At,
842 2540 885 2599 si
912 2543 982 2598 ita
1015 2552 1099 2599 est
1128 2545 1250 2609 m7;
1305 2559 1412 2601 non
1458 2555 1543 2600 est
1575 2544 1711 2601 alius
1760 2544 1918 2599 Pater

338 2648 501 2704 quam
529 2633 728 2698 Filius;
786 2638 885 2691 nec
928 2635 1095 2691 Filius
1140 2636 1279 2692 alius
1305 2634 1524 2697 aPatre
1570 2636 1683 2690 m'.
1741 2636 1919 2703 Quare

340 2738 447 2778 non
473 2733 602 2779 sunt
626 2725 746 2780 duae
769 2740 1034 2794 personae,
1065 2725 1159 2783 sed
1186 2742 1289 2782 una
1320 2742 1583 2799 persona;
1612 2727 1735 2783 ideo
1764 2742 1918 2783 nam-

340 2827 445 2882 que
465 2813 722 2869 dicuntur
745 2829 990 2884 persona:
1017 2817 1152 2880 dum,
1182 2816 1309 2886 quia
1359 2816 1449 2871 alii
1505 2809 1804 2872 creduntur
1849 2815 1918 2871 ab

340 2903 574 2983 invicem
601 2902 763 2960 Pater
788 2914 844 2959 et
875 2905 1043 2960 Filius
1074 2922 1088 2959 :
1116 2907 1161 2961 si
1196 2916 1369 2962 tamen
1395 2907 1535 2961 Deus
1554 2908 1659 2961 erit
1679 2906 1841 2962 Pater
1862 2914 1917 2962 et
1964 2962 1969 2967 .

268 3018 289 3053 ς
337 2990 525 3047 Filius.
568 2992 700 3047 Nam
725 3008 936 3064 semper
958 2995 1123 3050 Pater
1147 3004 1231 3051 est
1256 2994 1483 3065 alicujus
1532 2994 1692 3050 Pater
1715 3003 1771 3051 et
1817 2994 1914 3050 Fi-

270 3082 444 3161 __'lius
462 3083 688 3152 alicujus
711 3083 905 3149 Filius;
935 3100 1033 3141 nec
1056 3101 1293 3156 unquam
1323 3084 1487 3139 Pater
1523 3085 1718 3140 suimet
1748 3082 1914 3155 ipsius

339 3182 423 3225 est
442 3170 622 3235 Pater,
652 3180 745 3226 aut
772 3170 940 3227 Filius
981 3174 1179 3228 suimet
1219 3174 1388 3236 ipsius
1432 3171 1601 3228 Filius
1651 3182 1766 3235 est;
1820 3174 1914 3229 sed

341 3259 474 3315 alius
502 3268 586 3316 est
613 3272 788 3331 pater,
825 3270 881 3317 et
904 3262 1216 3331 alinstcnjus
1238 3271 1321 3317 est
1342 3270 1527 3332 pater,
1560 3270 1616 3317 et
1659 3260 1916 3319 similiter

340 3350 477 3425 alius
505 3360 589 3407 est
614 3351 777 3417 illius,
805 3366 861 3408 et
899 3340 1039 3408 alius
1066 3352 1218 3425 cujus
1246 3365 1328 3410 est
1352 3354 1510 3409 tilins.
1571 3354 1751 3419 Quare
1777 3354 1822 3417 si
1860 3354 1911 3408 in

337 3424 450 3495 Deo
478 3444 702 3496 non‘e‘st
731 3441 869 3497 alius
896 3441 1075 3506 Pater,
1098 3452 1153 3498 et
1177 3444 1315 3499 alius
1338 3443 1493 3512 cujus
1520 3452 1599 3497 est
1624 3444 1908 3511 Pater'“’,

337 3542 437 3584 nec
464 3530 631 3585 Filius
663 3530 755 3563 ¹³¹⁰
775 3532 912 3587 alius
940 3539 1045 3598 est,
1094 3540 1148 3587 et
1174 3532 1313 3588 alius
1362 3532 1516 3602 cujus
1565 3542 1649 3588 est
1694 3520 1905 3599 Filius;

338 3620 479 3672 falso
501 3618 698 3674 dicitur
726 3620 813 3652 ³³³³
843 3621 987 3675 Deus
1024 3603 1187 3675 Pater
1231 3628 1325 3675 aut
1369 3619 1555 3675 Filius.
1594 3619 1651 3674 Si
1680 3622 1823 3675 enim
1855 3620 1908 3675 itt

336 3706 448 3760 Deo
495 3721 600 3761 non
659 3718 738 3763 est
798 3707 936 3764 alius
972 3709 1191 3764 aPatre
1254 3709 1405 3778 cujus
1461 3709 1621 3766 Pater
1658 3710 1747 3775 sit,
1803 3724 1908 3771 non

334 3807 514 3867 potest
538 3812 656 3854 esse
685 3796 874 3864 Pater;
899 3807 951 3873 et
983 3799 1240 3856 similiter
1267 3802 1313 3857 si
1348 3815 1451 3855 non
1484 3809 1567 3856 est
1612 3802 1663 3854 in
1686 3815 1751 3856 eo
1772 3791 1907 3856 alius

337 3902 370 3941 a
405 3887 563 3953 Filio,
591 3894 743 3958 cujus
766 3891 836 3945 sit
857 3890 1044 3952 Filius.
1075 3905 1182 3947 non
1218 3896 1358 3946 valet
1398 3906 1517 3946 esse
1546 3891 1734 3947 Filius.
1764 3891 1907 3958 Qua-

334 3986 686 4061 propteruon
715 3982 817 4035 erit
854 3982 995 4037 unde
1016 3981 1119 4037 illa:
1141 3984 1258 4037 dua:
1307 3996 1548 4050 persona:
1576 3980 1823 4037 dicantur
1852 3981 1905 4036 in

336 4072 762 4144 Deo;qua:idea
800 4076 1071 4139 dicuntur,
1124 4077 1251 4144 quia
1313 4074 1454 4130 Deus
1499 4086 1582 4131 est
1623 4075 1802 4141 Pater,
1851 4084 1903 4133 et

335 4163 476 4216 Deus
506 4172 587 4218 est
610 4164 800 4230 Filius,
830 4174 884 4217 et
912 4179 1125 4234 semper
1170 4166 1307 4218 alius
1326 4154 1407 4220 est
1436 4164 1614 4231 Pater,
1653 4165 1790 4220 alius
1819 4174 1915 4220 est.

338 4249 526 4305 Filius.
565 4250 771 4308 Videtis
797 4251 888 4283 ⁸³⁸³
940 4266 1070 4323 ergo
1099 4253 1367 4322 quomodo
1419 4251 1726 4308 destruatur
1771 4253 1903 4308 fides

336 4349 520 4395 nostra
551 4343 841 4396 secundum
869 4357 1085 4397 sensum
1132 4340 1267 4410 ejus,
1313 4342 1401 4411 qui
1447 4350 1601 4411 putat
1645 4344 1901 4413 consequi

2027 553 2240 619 proprie
2271 552 2489 615 dicitttr,
2524 554 2587 606 de
2618 553 2873 609 omnibus
2924 553 3208 609 di'ccudum
3248 560 3606 617 communiter

2025 640 2110 693 sit.
2151 641 2510 707 Quamobrem
2541 660 2648 695 non
2679 644 2785 697 erit
2818 644 2957 699 unde
2982 644 3165 713 Pater,
3208 657 3264 701 et
3313 647 3499 717 Filius,
3554 662 3609 707 et

2027 726 2257 796 Spiritus
2283 743 2504 787 sanctus
2536 733 2839 801 procedens
2893 749 2923 787 a
2970 734 3133 791 Patre
3176 746 3233 792 et
3277 732 3412 792 Filio
3442 779 3458 805 ,
3498 741 3607 795 siut

2026 818 2114 871 alii
2156 820 2221 873 ab
2252 822 2501 888 invicem,
2532 823 2673 877 sicut
2705 824 2913 879 ostendi
2942 824 2993 878 in
3017 824 3174 879 Patre
3193 829 3608 896 etFilio.Quare

2027 924 2126 963 nec
2153 910 2259 964 ulla
2291 914 2394 967 erit
2420 913 2489 968 ibi
2521 914 2733 981 relatio,
2771 930 2890 985 qua:
2938 914 3244 971 nullatenus
3273 918 3343 973 ibi
3372 931 3474 986 est,
3501 921 3603 976 uisi

2025 1002 2319 1055 secundum
2353 1003 2474 1068 hoc,
2513 1003 2812 1059 secundum
2840 1006 2982 1075 quod
3016 1004 3106 1035 ¹³¹³
3134 1006 3227 1059 alii
3255 1018 3382 1062 sunt
3429 1012 3495 1064 ab
3522 1011 3604 1064 iu-

2026 1090 2220 1144 vicem.
2260 1090 2398 1162 Ergo
2426 1109 2523 1148 nec
2562 1094 2745 1162 plures
2772 1104 2931 1149 erunt
2956 1108 3221 1163 personae.
3249 1093 3433 1152 Posito
3456 1114 3610 1151 nam-

2024 1194 2129 1249 que
2162 1197 2324 1235 unam
2361 1197 2473 1236 rem
2512 1197 2633 1237 esse
2684 1192 2792 1237 tres
2838 1200 3096 1252 personas
3134 1202 3147 1251 ;
3191 1196 3283 1239 aut
3322 1186 3451 1241 illud
3501 1203 3609 1242 tum

2023 1283 2390 1350 consequetur
2417 1277 2560 1343 quod
2594 1272 2687 1306 ί³¹¹⁵
2717 1275 2878 1337 dicit;
2936 1286 3028 1329 aut
3060 1279 3239 1348 omnia
3288 1278 3376 1331 illa
3422 1279 3605 1344 simul,

2022 1381 2143 1437 qum
2163 1366 2291 1430 dixi,
2318 1376 2718 1437 consequentur
2743 1384 2755 1419 :
2786 1367 2978 1422 similis
3007 1382 3235 1436 namque
3255 1379 3339 1423 est
3395 1370 3448 1424 in
3489 1387 3607 1425 om-

2022 1457 2181 1512 nibus
2213 1457 2293 1513 vis
2318 1456 2739 1527 consequentiae.
2765 1456 2873 1511 Cur
2899 1472 3029 1527 ergo
3064 1458 3241 1527 pergit
3266 1459 3329 1510 ad
3357 1459 3605 1514 incarna-

2024 1548 2251 1607 tionem.
2283 1548 2438 1617 (ιιιαεί
2465 1543 2580 1617 ipsa
2610 1548 2723 1601 sola
2750 1546 2914 1602 faciat
2956 1549 3348 1627 quaestionem;
3401 1557 3455 1604 el
3496 1565 3602 1604 non

2022 1639 2198 1707 potius
2222 1640 2372 1703 dicit,
2401 1644 2444 1693 si
2480 1648 2589 1693 tres
2621 1649 2865 1709 persona
2910 1646 3039 1697 sunt
3070 1655 3174 1694 una
3206 1654 3313 1705 res,
3342 1655 3448 1694 non
3477 1649 3605 1695 sunt

2022 1740 2134 1785 tres
2157 1730 2434 1800 personas?
2458 1728 2591 1785 Nam
2624 1745 2731 1785 non
2760 1731 2936 1785 minus
2990 1739 3117 1786 ante
3152 1730 3600 1798 incarnationem,

2023 1834 2187 1888 quam
2216 1828 2338 1889 post
2364 1819 2541 1874 facere
2580 1819 2721 1874 hanc
2749 1818 3105 1888 qumstionem
3137 1828 3332 1889 potest.
3397 1820 3456 1875 Si
3507 1825 3604 1876 ait-

2024 1919 2129 1964 tem
2160 1909 2263 1963 hoc
2287 1910 2507 1964 omnino
2542 1909 2656 1963 vult
2686 1920 2954 1973 asserere,
3008 1917 3119 1964 tres
3166 1909 3374 1965 scilicet
3414 1925 3603 1980 perso—

2022 2018 2142 2068 nas,
2166 2002 2461 2057 secundum
2495 2004 2635 2072 quod
2660 2002 2993 2073 unaquzeque
3023 2001 3163 2057 Deus
3191 2011 3293 2069 est,
3346 2018 3453 2059 non
3482 2018 3603 2059 esse

2024 2109 2186 2148 unam
2216 2109 2351 2159 rem,
2390 2094 2487 2149 sed
2520 2104 2629 2147 tres
2670 2109 2778 2160 res,
2817 2107 3254 2163 unamquamque
3282 2107 3380 2163 per
3414 2108 3490 2159 se,
3530 2095 3604 2149 si-

2021 2184 2113 2239 cut
2140 2191 2269 2239 sunt
2301 2194 2410 2261 tres
2463 2182 2636 2253 angeli
2672 2198 2687 2249 ;
2748 2183 3152 2251 apertissimum
3189 2192 3271 2237 est
3313 2184 3439 2252 quia
3492 2194 3602 2239 tres

2019 2275 2149 2330 deos
2177 2272 2475 2330 constituit.
2504 2290 2511 2293 '
2542 2274 2650 2329 Sed
2682 2272 2908 2328 forsitan
2932 2273 3045 2344 ipse
3068 2288 3173 2328 non
3217 2274 3347 2328 dicit
3390 2292 3403 2327 :
3452 2274 3602 2329 Sicut

2018 2366 2134 2419 sunt
2157 2373 2261 2420 tres
2290 2365 2501 2433 animm,
2526 2373 2618 2418 aut
2649 2372 2753 2418 (res
2804 2364 2998 2434 angeli,
3049 2364 3144 2418 sed
3188 2362 3299 2429 ille,
3348 2364 3439 2433 qui
3472 2360 3603 2419 mihi

2018 2453 2137 2522 ejus
2164 2438 2440 2509 mandavit
2468 2454 2844 2524 quasstiontm,
2869 2453 3099 2509 hance:
3122 2458 3222 2508 Suo
3248 2454 3425 2522 posuit
3451 2452 3603 2508 simi-

2018 2533 2329 2608 litudinem;
2352 2543 2446 2598 sed
2467 2542 2804 2600 solummodo
2837 2547 2948 2599 tres
2969 2548 3229 2615 personas
3258 2533 3348 2575 ""
3369 2542 3605 2599 allii-mat

2018 2644 2140 2686 esse
2166 2636 2277 2686 tres
2300 2636 2411 2698 res,
2434 2631 2553 2686 sine
2580 2632 2950 2688 additamenta
3004 2630 3235 2700 alicujus
3283 2633 3597 2701 similitudi-

2019 2718 2123 2773 nis.
2158 2718 2271 2774 ‘Cur
2293 2734 2424 2790 ergo
2455 2718 2669 2775 fallitur
2694 2727 2787 2775 aut
2821 2719 2963 2775 fallit
2981 2721 3081 2775 sub
3103 2721 3319 2777 nomine
3342 2721 3437 2787 rei,
3473 2738 3596 2778 cum

2017 2800 2614 2881 idipsum‘significetur
2656 2811 2759 2866 sub
2805 2811 3027 2867 nomine
3077 2810 3207 2867 Dei?
3252 2811 3457 2883 Nempe
3504 2816 3599 2869 aut

2017 2898 2184 2955 Deum
2205 2914 2327 2956 esse
2347 2916 2459 2955 rem
2484 2901 2627 2956 illam
2653 2902 2887 2973 negabit,
2938 2901 2991 2956 in
3025 2917 3130 2972 qua
3172 2911 3281 2959 tres
3312 2918 3594 2973 personas,

2016 2991 2124 3047 imo
2153 2986 2314 3061 quam
2353 3001 2463 3047 tres
2502 2991 2739 3047 fatemur
2776 3008 2897 3049 esse
2930 3008 3212 3065 personas.
3256 2990 3364 3050 Aut
3402 2996 3449 3055 si
3492 2995 3600 3051 hoc

2020 3097 2123 3139 non
2155 3090 2334 3153 negat,
2359 3097 2695 3153 consequens
2724 3086 2808 3139 est
2832 3094 2912 3150 ut,
2943 3086 3083 3140 sicut
3112 3083 3228 3157 ipse
3258 3087 3455 3143 asserit
3475 3086 3592 3155 ιη’,

2018 3187 2277 3243 personas
2302 3174 2415 3228 tres
2435 3170 2539 3227 non
2571 3189 2755 3240 uuam,
2787 3175 2880 3230 sed
2905 3185 3014 3231 tres
3040 3190 3161 3231 esse
3192 3178 3312 3243 res;
3344 3175 3420 3230 ita
3458 3191 3595 3246 quo-

2015 3277 2121 3331 que
2146 3258 2381 3315 affirmet
2405 3261 2618 3315 easdem
2650 3277 2908 3330 personas
2937 3280 3041 3317 non
3090 3279 3280 3329 unum,
3330 3263 3426 3319 sed
3479 3272 3593 3321 tres

2016 3349 2144 3406 deos
2167 3364 2306 3405 esse.
2348 3349 2479 3416 Qua:
2504 3350 2595 3382 ""
2622 3354 2785 3419 quam
2812 3351 2975 3422 impia
3015 3349 3144 3416 sint,
3170 3352 3413 3422 judicent
3435 3344 3597 3409 Chri-

2012 3441 2198 3495 stiani.
2234 3440 2344 3495 Sed
2374 3441 2538 3505 dicet,
2574 3456 2680 3495 non
2704 3441 2852 3509 cogit
2870 3443 3013 3510 quod
3044 3443 3166 3498 dico
3212 3447 3322 3498 tres
3375 3459 3463 3499 res
3513 3444 3597 3499 ta.

2014 3535 2115 3589 teri
2139 3543 2249 3589 tres
2277 3530 2369 3567 ¹³³⁸
2403 3526 2561 3600 deos;
2586 3534 2844 3603 quoniam
2872 3530 2987 3589 tres
3019 3535 3121 3589 illa:
3158 3551 3244 3590 res
3266 3535 3427 3591 simul
3461 3546 3593 3593 sunt

2012 3637 2153 3678 unus
2179 3620 2341 3677 Deus.
2370 3620 2437 3676 Et
2460 3638 2561 3677 nos
2601 3612 2833 3676 dicimus
2862 3636 2876 3673 :
2910 3620 3051 3691 Ergo
3100 3618 3311 3693 singula
3361 3639 3591 3695 qumque

2011 3726 2099 3766 res
2126 3711 2192 3767 de
2208 3706 2298 3742 ““
2321 3708 2495 3765 tribus
2526 3705 2654 3773 illis,
2679 3709 2731 3764 id
2754 3718 2840 3765 est
2866 3709 3077 3781 Singula
3128 3717 3355 3782 quaeque
3402 3726 3593 3782 ρει-ευ.

2008 3818 2098 3868 na,
2136 3818 2243 3858 non
2263 3811 2347 3857 est
2380 3804 2550 3863 Deus;
2592 3802 2686 3857 sed
2732 3816 2797 3856 ex
2859 3802 3032 3858 tribus
3086 3806 3251 3861 rebus
3301 3805 3593 3863 coniicitur

2007 3890 2189 3947 Deus:
2225 3890 2384 3946 Pater
2413 3892 2579 3962 igitur
2626 3900 2849 3945 nonest
2903 3893 3061 3957 Dens,
3112 3890 3282 3948 Filius
3340 3910 3445 3950 non
3501 3905 3590 3951 est

2006 3982 2168 4049 Deus,
2198 3980 2435 4053 Spiritus
2467 3981 2687 4037 sanctus
2707 3996 2814 4035 non
2846 3985 2931 4035 est
2952 3982 3127 4049 Deus;
3168 3985 3428 4052 quoniam
3481 4001 3586 4041 nec

2006 4076 2073 4130 de
2098 4074 2341 4146 singulis,
2370 4089 2471 4129 nec
2491 4072 2557 4129 de
2579 4065 2807 4138 duobus,
2834 4071 2938 4129 sed.
2951 4071 3125 4128 solum
3175 4072 3243 4127 de
3295 4074 3469 4130 tribus
3516 4076 3586 4132 si-

2006 4162 2113 4221 mul
2161 4161 2455 4221 nominatis
2507 4163 2773 4221 dicendus.
2807 4172 2892 4219 est
2926 4162 3105 4218 Deus:
3137 4166 3279 4233 quod
3335 4165 3589 4223 similiter

2004 4265 2088 4313 est
2117 4256 2359 4327 impium.
2386 4244 2545 4321 Nam,
2588 4256 2631 4310 si
2659 4256 2731 4311 ita
2758 4264 2863 4321 est,
2899 4269 3008 4308 non
3032 4262 3115 4309 est
3134 4256 3362 4325 simplex
3388 4268 3584 4315 natura

2008 4340 2097 4376 "“
2124 4345 2218 4399 sed
2246 4343 2489 4413 partibus
2523 4342 2841 4413 composita.
2872 4341 2975 4396 Sed
3007 4343 3051 4396 si
3091 4344 3389 4413 simplicem
3416 4346 3584 4405 habet

336 4428 548 4485 Patrem
586 4446 706 4486 esse
734 4449 854 4486 eum
883 4432 1021 4512 Filio
1043 4432 1417 4499 incarnatuin;
1453 4434 1496 4487 si
1531 4447 1657 4497 una,
1700 4442 1755 4487 et
1793 4449 1898 4488 non
1930 4452 1979 4512 υ
2007 4432 2357 4499 intellectum,
2404 4436 2462 4486 et
2510 4447 2618 4488 non
2684 4429 3080 4501 multiplicitate
3142 4434 3581 4501 phantasmatum

336 4520 515 4588 plures
549 4532 669 4577 sunt
702 4538 788 4577 res
818 4524 868 4577 itt
908 4511 1015 4578 Deo
1042 4538 1285 4594 persona:
1314 4523 1516 4593 plures.
1535 4522 1591 4578 Si
1618 4524 1763 4578 enim
1800 4538 1894 4579 ve-

336 4624 394 4662 ra
431 4622 512 4665 est
551 4614 665 4667 [nec
702 4613 819 4679 ejus
848 4613 1253 4683 consequentia,
1292 4628 1398 4667 non
1432 4613 1604 4668 solum
1633 4613 1733 4668 hoc
1754 4615 1897 4683 quod

334 4700 586 4758 dsI‘atre
622 4713 678 4757 et
699 4702 858 4771 Filio,
889 4705 981 4761 sed
1035 4706 1088 4761 in
1136 4702 1389 4761 omnibus
1442 4705 1615 4761 tribus
1658 4706 1900 4777 personis

2004 4524 2284 4591 obrutum;
2329 4522 2579 4592 intelligit
2607 4521 2870 4592 simplicia
2905 4517 2991 4553 ¹³¹¹
3028 4532 3282 4591 praestare
3310 4526 3579 4595 composi-

2006 4614 2094 4679 tis,
2121 4621 2380 4683 quantum
2421 4613 2487 4666 ad
2518 4610 2916 4681 simplicitatem
2948 4619 3002 4665 et
3032 4611 3475 4680 compoitionem
3498 4624 3580 4668 at-

2008 4704 2170 4768 tinet;
2206 4701 2458 4773 quoniam
2488 4715 2648 4755 omne
2694 4696 3049 4770 compositum
3088 4698 3306 4755 neceSse
3356 4708 3444 4755 est
3483 4712 3584 4759 aut

1622 4886 1864 4959 vam
1904 4890 2302 4960 LECTIONES.

401 5060 490 5093 ““
509 5056 737 5131 Negare,
755 5062 885 5115 nihil
906 5079 1027 5115 mss.
1047 5076 1239 5129 negare
1255 5060 1433 5127 simul,
1454 5061 1583 5115 nihil
1661 5061 1751 5092 ”°'
1768 5052 2032 5114 Afiirmari
2052 5058 2248 5131 debere
2272 5050 2336 5131 de
2359 5067 2511 5131 patre
2531 5075 2655 5111 mss.
2674 5056 2953 5131 T/lu:YiCl.
2971 5056 3116 5131 Gem.
3145 5058 3296 5112 Corb.
3314 5059 3564 5131 am‘rgman'

333 5128 395 5182 de
424 5125 615 5197 patre'
646 5128 736 5161 ³³⁸⁸
765 5132 821 5186 Si
847 5146 968 5184 vera
993 5143 1045 5184 et
1084 5125 1194 5184 rata
1219 5143 1302 5186 est
1328 5125 1427 5184 ms.
1450 5131 1634 5185 Cister.
1662 5132 1704 5185 si
1734 5145 1858 5184 vera
1886 5140 1987 5193 est,
2023 5125 2120 5181 ms.
2166 5128 2321 5181 Corb.
2356 5125 2398 5182 si
2433 5138 2548 5181 rata
2586 5138 2686 5181 est.
2764 5128 2853 5159 ¹³⁰⁷
2885 5130 2948 5180 At
2974 5130 3016 5180 si
3038 5130 3116 5197 ita
3148 5137 3230 5181 est
3252 5144 3347 5181 ms.
3373 5125 3566 5183 Cister.

333 5206 420 5250 aut
459 5200 500 5252 si
541 5200 613 5254 ita
648 5210 733 5253 est
809 5201 900 5233 ¹³⁰⁸
927 5200 1034 5254 Nec
1059 5200 1223 5253 Filius
1254 5202 1389 5253 alius
1415 5217 1441 5253 a
1473 5202 1629 5254 Patre
1665 5218 1760 5263 ms.
1814 5198 2000 5252 Cister.
2034 5212 2134 5251 nec
2166 5197 2332 5251 Filius
2376 5198 2508 5250 alius
2535 5208 2618 5250 est
2670 5214 2696 5249 a
2726 5198 2883 5251 Patre

2961 5196 3049 5226 ¹³⁰⁹
3081 5197 3174 5247 Est
3224 5207 3393 5263 pater,
3426 5198 3571 5254 alius

282 5264 285 5265 ⁷
331 5265 479 5331 cujus
515 5278 595 5321 est
622 5269 780 5323 Pater
841 5286 938 5324 ms.
969 5270 1151 5323 (lister.
1189 5278 1270 5321 cst
1313 5271 1491 5333 Pater,
1522 5282 1573 5323 et
1614 5270 1749 5323 alius
1815 5268 1963 5334 cujus
2001 5279 2084 5321 est
2128 5268 2288 5321 Pater
2361 5266 2450 5297 “'°
2485 5267 2591 5319 Nec
2634 5267 2891 5334 similiter?
2932 5265 3223 5334 ﬁliusﬁmss.
3274 5282 3373 5321 nec
3425 5266 3567 5321 filius

334 5335 419 5367 ““
454 5337 607 5390 Fulse
636 5338 832 5392 dicitur
860 5358 981 5393 mss.
1016 5339 1148 5393 falso
1178 5338 1373 5391 dicitur

333 5406 558 5460 cundum
588 5407 689 5460 hoc
716 5410 854 5476 quod
883 5428 1004 5462 mss.
1042 5408 1170 5461 Vict.
1203 5406 1404 5459 Thurin.
1442 5407 1502 5461 S.
1548 5408 1706 5461 Mich.
1730 5408 2023 5461 secundum
2068 5406 2192 5468 hoc,
2238 5406 2528 5476 secundum
2584 5403 2725 5471 quod

1447 5342 1536 5377 ‘8"
1559 5340 1710 5393 Alius
1726 5349 1809 5393 est
1836 5332 1993 5392 filius.
2040 5336 2240 5391 Videtis
2273 5354 2369 5389 ms.
2398 5334 2583 5388 Cister.
2613 5344 2666 5387 et
2700 5334 2835 5387 alius
2867 5333 3028 5386 illius.
3066 5332 3273 5389 Videtis
3347 5336 3438 5369 ³³η
3462 5338 3561 5392 se-

2829 5402 2921 5434 ¹³¹¹⁵
2956 5402 3093 5474 Non,
3124 5406 3366 5473 sequitur
3418 5408 3559 5474 quod

333 5489 453 5545 ayss.
486 5490 591 5527 non
621 5473 979 5544 consequetur
1002 5479 1142 5544 quod
1216 5476 1307 5507 ¹³¹⁸
1338 5476 1518 5529 Solum
1547 5488 1654 5530 tres
1685 5492 1944 5545 personas
1973 5493 2097 5528 mss.
2130 5475 2467 5545 solummodo
2491 5483 2598 5527 tres
2622 5486 2891 5545 personas,
2930 5474 3050 5545 _"’°
3080 5473 3198 5545 Ipse
3228 5476 3419 5545 asserit
3439 5473 3552 5528 ’ms.

336 5542 714 5613 (Iislermntiltit
746 5542 856 5613 ipse
931 5542 1179 5600 I’“""l'res
1210 5547 1369 5610 Deos,
1400 5563 1515 5612 qua:
1554 5542 1751 5599 mssfet
1782 5544 2095 5597 Edil.Goth.
2126 5554 2235 5597 tres
2274 5544 2409 5596 Deos
2439 5557 2581 5606 esse,
2610 5558 2729 5609 qua:
2805 5542 2896 5573 “"
2930 5542 3063 5598 Tres
3092 5542 3243 5613 fateri
3291 5554 3398 5597 tres
3426 5559 3553 5613 mss.

334 5624 379 5685 ei
407 5612 546 5685 Edil.
577 5610 729 5667 Goth.
765 5610 873 5668 ires
904 5631 1010 5681 res,
1043 5616 1195 5668 fateri
1240 5626 1347 5670 tres
1421 5610 1510 5648 πη
1540 5616 1754 5685 Singula
1785 5629 2009 5685 qua:un
2038 5614 2102 5685 de
2136 5613 2499 5685 nisa._siugula
2528 5627 2754 5685 quicque
2788 5628 2873 5685 res
2904 5614 2970 5685 de
3049 5610 3278 5685 "'{Non
3306 5622 3389 5685 est
3417 5612 3555 5667 Deus

333 5680 549 5752 simple:
578 5694 765 5739 natura
795 5700 916 5740 mu.
950 5680 1053 5741 non
1081 5695 1160 5737 est
1199 5686 1420 5754 simplex
1453 5680 1663 5743 natura'
1711 5680 2088 5752 ιετιίιιιριιίςίι
2134 5680 2398 5755 simplicia
2440 5700 2536 5739 ms.
2582 5680 2766 5739 (λίπεν.
2808 5682 3060 5751 intelliget
3108 5680 3367 5749 simplicia
