4226 6190
587 234 685 292 271

1080 224 1138 289 s‘.
1172 180 1477 287 assunt
1523 229 1878 290 caurum.
1916 224 2237 287 menter.
2262 227 2441 311 "ore.
2483 222 2664 291 PARS
2695 234 2738 291 ι.
2776 261 2846 275 --
2883 213 3307 294 DOGMA’I‘ICA.

3737 241 3844 301 272
3912 288 3913 291 η

589 360 737 417 Ictu,
769 354 863 407 aut
881 342 1153 413 intellectu
1182 357 1339 416 posse
1366 340 1621 414 disiungl,
1657 343 1802 414 quod
1827 342 1918 374 ⁸³⁸·
1941 339 2015 396 de
2032 338 2164 428 sim-
2193 349 2241 418 Λ
2268 345 2410 401 sicut
2455 346 2619 403 houio
2649 346 2853 425 dicitur.
2886 363 2975 403 rex
3004 362 3102 420 per
3127 335 3329 420 regiam
3352 357 3700 428 potestatem,
3729 376 3841 421 non

589 440 817 515 plicibus
842 435 1279 509 intelligi‘neqnit
1307 452 1321 489 :
1352 432 1507 503 cuius
1535 435 1682 488 enim
1733 440 1915 502 partes
1942 418 2167 515 cogitari

590 492 695 586 itan
725 534 968 600 possunt,
998 524 1053 582 id
1077 500 1133 580 in
1177 535 1363 595 partes
1402 523 1579 578 nullus
1626 522 1928 578 intellectus
1980 492 2173 578 dissol-

588 632 715 674 vere
735 626 928 688 potest.
963 614 1021 671 Si
1049 629 1180 686 ergo
1206 614 1345 671 Deus
1376 616 1552 668 tribus
1595 611 1849 665 ex‘rebus
1899 612 2169 681 composi—

589 721 677 765 tus
711 714 818 775 est,
846 714 941 760 aut
967 705 1110 760 nulla
1165 714 1357 759 natura
1410 701 1636 771 simplex
1686 709 1790 767 est,
1846 710 1939 755 aut
1992 702 2168 773 aliqua

588 805 783 854 natura
819 806 902 853 est
931 795 1056 862 alia,
1089 810 1206 865 qua:
1229 794 1280 849 in
1306 791 1487 861 aliquo
1509 792 1956 860 estprmstantior
1976 801 2169 848 natura

588 889 686 946 Dei
718 904 876 960 :qua:
902 896 1131 957 utraque
1159 900 1319 955 quam
1345 883 1480 945 falsa
1504 883 1635 947 sint,
1688 897 1795 937 non
1846 892 1930 937 cst
1981 883 2171 938 obscu-

589 994 734 1033 rum.
756 978 909 1046 Quod
946 975 990 1029 si
1022 976 1123 1029 iste
1153 974 1218 1028 de
1245 972 1349 1029 illis
1400 971 1701 1028 dialecticis
1751 973 2025 1028 modernis
2066 984 2167 1038 est,

590 1069 681 1140 qui
708 1065 840 1122 nihil
876 1079 998 1120 esse
1031 1063 1298 1128 credunt,
1349 1063 1453 1117 nisi
1506 1063 1649 1132 quod
1695 1062 2170 1131 imaginationibus

597 1152 1059 1228 comprehendere
1089 1161 1336 1224 possunt,
1370 1161 1472 1207 nec
1501 1157 1652 1222 p‘utat
1679 1151 1771 1182 ’³⁸⁸
1793 1150 2000 1220 aliquid
2027 1165 2168 1216 esse,

586 1249 643 1305 in
676 1263 787 1321 quo
806 1256 990 1316 partes
1019 1246 1177 1301 nulla:
1201 1255 1354 1309 sunt;
1379 1243 1463 1297 vel
1491 1257 1598 1297 non
1623 1241 2168 1311 negabit‘inteiligere

591 1350 654 1397 se
686 1338 813 1407 quia
840 1337 885 1391 si
924 1334 1312 1403 essetaaliquid,
1340 1332 1481 1400 quod
1510 1346 1611 1386 nec
1634 1342 1779 1397 actu,
1837 1344 1938 1387 nec
2001 1332 2169 1387 intel-

592 1426 738 1484 lectu
767 1427 982 1483 dissolvi
1010 1433 1219 1495 posset;
1251 1420 1425 1491 majus
1471 1429 1635 1488 esset,
1688 1436 1849 1492 quam
1896 1424 2038 1493 quod
2088 1423 2172 1479 vel

588 1520 863 1575 intellectu
888 1525 971 1571 est
991 1514 1325 1583 dissolubile.
1392 1511 1580 1583 Itaque
1602 1512 1647 1568 si
1698 1528 1859 1569 omne
1905 1515 2173 1585 composi-
2204 1580 2207 1581 ν

592 1606 706 1683 tum
731 1602 924 1663 saltem
979 1604 1311 1675 cogitatione
1360 1603 1579 1660 dissolvi
1608 1612 1818 1674 potest,
1864 1619 1989 1660 cum
2044 1606 2174 1661 dicit

2271 443 2356 489 est
2395 436 2537 491 Deus
2566 452 2763 493 nomen
2803 430 3159 508 substantiae;
3192 440 3286 495 sed
3321 442 3727 506 accidentaliter
3760 454 3842 509 diu
3898 456 3903 460 ’

2273 535 2473 581 cuntur
2509 526 2613 581 illa:
2648 527 2856 597 (nescio
2889 527 3029 599 quae)
3060 537 3171 586 tres
3200 545 3286 587 res
3316 539 3429 588 tres
3449 532 3522 588 dli
3556 535 3670 605 ⁸⁸³⁸,
3700 541 3845 600 sicut

2272 625 2384 674 tres
2421 618 2673 673 homines
2696 623 2940 678 eamdem
2969 621 3231 687 habentes
3267 626 3469 697 regiam
3496 638 3841 705 potestatein,

2275 718 2383 763 tres
2412 723 2567 778 rcges
2608 710 2899 767 dicuntur:
2943 716 3052 771 tres
3092 715 3236 771 enim
3276 717 3522 777 homines
3559 735 3699 778 unus
3726 736 3841 780 rex

2264 812 2390 853 esse
2417 808 2731 868 nequeunt:
2783 805 2925 872 quod
2957 817 3117 874 quam
3154 807 3443 865 nefandum
3488 810 3590 879 sit,
3614 827 3728 869 non
3759 827 3844 872 est

2270 902 2407 958 opus
2444 888 2644 973 dicere.
2687 891 2870 946 Codex
2912 911 3141 965 magnus
3174 897 3480 969 implendus
3512 910 3629 972 est,
3670 903 3716 961 si
3750 922 3844 962 vo-

2270 977 2423 1034 luero
2473 980 2713 1035 scribere
2758 983 3121 1040 absurditates
3164 996 3219 1040 et
3249 990 3572 1061 impietates,
3602 1008 3721 1067 qua:
3753 1009 3844 1053 δε·-
3876 1050 3881 1055 .

2270 1079 2535 1143 quuntur,
2576 1075 2618 1129 si
2642 1090 2827 1130 verum
2860 1083 2961 1139 est,
3000 1091 3103 1130 una
3135 1076 3226 1132 Dei
3260 1094 3493 1149 persona
3531 1083 3841 1152 incantata,

2272 1166 2510 1236 reliquas
2552 1167 2685 1221 duas
2731 1168 2987 1238 consequi
3031 1184 3151 1224 esse
3195 1171 3541 1243 incarnatas;
3573 1177 3698 1247 quia
3730 1187 3845 1235 tres

2274 1253 2381 1313 illa:
2408 1270 2654 1325 persona:
2686 1266 2810 1311 sunt
2835 1272 2940 1311 una
2972 1272 3081 1325 res,
3110 1259 3404 1317 secundum
3443 1261 3496 1318 id
3524 1266 3666 1337 quod
3694 1280 3846 1328 com-

2272 1344 2510 1399 muniter
2544 1345 2611 1399 dc
2638 1346 2811 1401 tribus
2851 1347 3082 1402 dicimus
3114 1349 3240 1416 ml;
3269 1357 3361 1405 aut
3386 1350 3437 1408 ‘Ii
3466 1362 3591 1413 sunt
3618 1363 3729 1412 tres
3754 1369 3848 1413 res

2272 1442 2556 1503 separatas,
2594 1436 3046 1504 quemadmodum
3096 1437 3186 1494 ille
3228 1446 3400 1509 putat.
3444 1452 3634 1497 contra
3683 1460 3844 1515 quem

2272 1525 2376 1580 ista
2425 1525 2567 1591 dixi,
2597 1528 2854 1596 quoniam
2897 1527 3045 1584 solus
3070 1531 3162 1566 ³³³³
3192 1529 3360 1587 Filius
3385 1538 3473 1590 est
3510 1520 3843 1593 incarnatus.

2277 1618 2461 1673 Palam
2491 1633 2618 1688 ergo
2652 1628 2734 1673 est
2763 1620 2904 1689 quod
2938 1636 3041 1677 non
3071 1621 3267 1678 debeat
3295 1622 3389 1655 ⁸³³³
3422 1637 3543 1679 esse
3567 1635 3847 1696 promptus

584 1697 754 1758 Deum
793 1713 913 1755 esse
934 1697 1305 1766 compositum,
1331 1694 1463 1751 dicit
1491 1697 1600 1751 Deo
1642 1694 1841 1765 aliquid
1890 1696 2063 1768 majus
2116 1712 2174 1753 se

2280 1711 2347 1765 ad
2376 1687 2758 1779 disputandum
2782 1687 2858 1764 vde
2890 1712 3049 1766 rebus
3075 1710 3388 1782 profundis;
3422 1721 3477 1769 et
3522 1687 3753 1771 maxime
3781 1715 3847 1770 de

590 1804 756 1860 posse
779 1789 1078 1859 intelligere
1107 1800 1123 1840 :
1160 1787 1354 1841 transit
1382 1784 1569 1856 itaque
1596 1785 1712 1854 ejus
1730 1786 2038 1843 intellectus
2088 1787 2170 1841 ul-

586 1890 668 1937 tra
690 1882 859 1935 Deum
886 1897 899 1933 :
930 1880 1073 1949 quod
1103 1877 1281 1932 nullus
1312 1876 1493 1931 facere
1517 1885 1696 1948 potest
1717 1876 2045 1959 intellectus.
2068 1877 2174 1933 Sed

583 1971 869 2028 videamus
897 1970 1026 2041 quid
1054 1969 1216 2025 addat
1242 1967 1334 2001 ¹⁸²δ
1382 1969 1535 2041 quasi
1566 1968 1635 2023 ad
1686 1968 2173 2048 inconvenientiam

570 2061 968 2134 repellendam,
1003 2076 1124 2132 qua:
1164 2060 1378 2117 videtur
1426 2059 1599 2125 nasci,
1649 2060 1693 2115 si
1745 2068 1856 2117 tres
1899 2060 2004 2116 ill-.c
2053 2076 2175 2129 per-

583 2167 732 2210 sena:
759 2164 883 2223 sunt
912 2161 1021 2207 tres
1052 2166 1155 2207 res.
1189 2151 1276 2206 Sic
1301 2160 1493 2218 tamen,
1525 2151 1718 2223 inquit,
1772 2160 1827 2205 ut
1873 2166 1975 2205 una
2015 2153 2174 2205 trium

582 2260 768 2300 carum
799 2259 974 2299 rerum
1002 2244 1067 2297 sit
1118 2243 1355 2297 uoluntas
1389 2252 1437 2297 et
1484 2224 1732 2309 potestas.
1789 2241 1887 2297 ilic
1923 2257 2173 2313 quaeren-

584 2334 713 2392 dum
744 2342 828 2390 est
860 2350 925 2388 an
952 2333 1058 2389 illa:
1092 2342 1199 2387 tres
1231 2346 1323 2388 res
1339 2334 1644 2389 secundum
1677 2333 1803 2400 hoc,
1850 2336 1992 2404 quod
2017 2350 2174 2405 sepa-

583 2425 746 2482 ratim
775 2425 842 2479 ab
873 2424 1105 2479 invicem
1136 2422 1551 2494 intelliguntur;
1600 2438 1668 2477 an
1699 2425 1998 2483 secundum
2028 2441 2179 2481 com-

584 2531 807 2575 munem
866 2516 1198 2571 voluntatem
1238 2524 1293 2571 et
1337 2524 1699 2587 potestatem;
1755 2531 1823 2570 an
1875 2533 2053 2587 neque
2092 2533 2177 2572 se-

588 2608 825 2668 cundum
895 2607 1025 2663 illud
1093 2607 1314 2673 solum,
1378 2606 1522 2677 quod
1580 2608 1871 2676 separatim
1932 2608 2213 2673 habent”

585 2710 764 2767 neque
801 2695 1096 2751 secundum
1133 2696 1235 2749 hoc
1273 2694 1417 2762 quod
1456 2708 1744 2748 commune
1778 2702 1861 2747 est
1902 2693 2034 2757 illis;
2084 2696 2177 2747 sed

589 2785 703 2859 ἀΰ
730 2784 1021 2841 secundum
1060 2792 1350 2851 utrumque
1391 2780 1549 2838 simul
1584 2782 1692 2835 sint
1727 2781 1920 2841 divina:
1947 2789 2173 2835 naturae.

591 2875 804 2945 Quippe
829 2874 873 2927 si
903 2873 1211 2928 secundum
1244 2870 1393 2937 illud,
1426 2870 1567 2939 Quod
1589 2878 1713 2924 sunt
1733 2870 2048 2941 separatim,
2082 2871 2175 2933 lial

589 2966 723 3023 bent
752 2964 1087 3021 divinitatem
1116 3004 1131 3029 ,
1184 2972 1345 3018 eruit
1397 2971 1508 3017 tres
1543 2960 1614 3015 dii
1635 2976 1655 3037 ς,
1687 2964 1745 3015 et
1778 2961 1920 3015 idem
1950 2961 2171 3031 intelligi

588 3067 856 3129 poterunt
877 3056 996 3111 sine
1026 3054 1302 3109 voluntate
1346 3062 1403 3108 et
1432 3059 1733 3121 potestate.
1769 3051 1993 3129 Semper
2031 3054 2175 3105 enim

584 3126 806 3220 propria
827 3147 1059 3201 discrete
1085 3144 1461 3212 intelliguntur
1484 3158 1513 3196 a
1537 3129 1939 3205 communibus,
1957 3126 2012 3194 et
2034 3157 2179 3196 com-

570 3239 783 3311 ,munia
809 3254 839 3292 a
874 3236 1140 3293 discretis.
1186 3234 1293 3288 Sed
1323 3232 1504 3287 divina
1535 3241 1727 3287 natura
1755 3232 1875 3286 sine
1906 3232 2179 3305 voluntate

596 3337 654 3384 et
679 3334 947 3399 potestate
981 3326 1289 3381 nullatenus
1338 3323 1428 3355 ³³³⁸
1474 3322 1698 3392 intelligi
1740 3322 1903 3377 valet.
1940 3321 2091 3389 Quod
2132 3322 2176 3375 si

598 3419 896 3477 secundum
920 3432 1085 3472 unam
1131 3423 1187 3471 et
1221 3428 1561 3470 communem
1588 3413 1917 3478 voluntatem
1945 3421 1998 3467 et
2029 3426 2178 3482 pate-

601 3518 798 3567 statem
826 3517 952 3564 sunt
979 3516 1034 3562 et
1063 3505 1379 3575 singulae,et
1405 3503 1564 3570 binm,
1591 3511 1647 3559 et
1673 3513 1781 3559 tres
1802 3503 1979 3566 simul,
2004 3502 2175 3568 Deus;

600 3600 730 3672 quid
760 3600 833 3654 ibi
858 3599 1064 3653 faciunt
1091 3595 1191 3651 iilre
1220 3605 1329 3649 tres
1366 3593 1643 3649 discordes
1672 3607 1777 3658 res,
1804 3608 1925 3662 qua:
1954 3606 2054 3647 nec
2075 3592 2176 3645 nisi

584 3707 699 3766 :per
734 3691 879 3745 aliud
930 3689 983 3743 in
1016 3684 1277 3742 unitatem
1304 3685 1639 3739 concordare
1668 3690 1896 3752 possunt
1926 3682 2173 3745 Deitatis,

596 3796 703 3838 nec
737 3782 804 3835 ad
834 3778 1223 3850 perfectionem
1248 3816 1261 3841 ,
1311 3790 1409 3830 nec
1445 3774 1512 3829 ad
1548 3773 1806 3828 auxilium
1840 3771 2075 3840 aliquod,
2122 3780 2181 3826 ut

597 3874 745 3930 Deus
774 3871 1072 3940 sit,valent
1103 3869 1231 3923 Inl‘?
1257 3868 1392 3921 Nam
1416 3866 1461 3921 si
1490 3881 1592 3919 una
1622 3864 1817 3919 sulIicit
1844 3863 2091 3917 voluntas
2127 3870 2183 3917 et

600 3975 840 4039 petestas
861 3965 927 4018 ad
948 3962 1335 4034 perfectionem
1361 3958 1453 4011 Dei
1488 3975 1499 4011 :
1526 3972 1644 4025 qua:
1665 3964 1791 4009 sunt
1811 3955 1912 4009 illa:
1941 3963 2049 4008 tres
2069 3966 2183 4019 res,

574 4061 578 4064 ⁴
604 4056 808 4130 quibus
836 4054 1037 4122 indiget
1074 4050 1215 4104 Deus
1239 4090 1253 4113 ,
1288 4056 1379 4101 aut
1408 4047 1473 4100 ad
1500 4045 1627 4115 quid
1659 4044 1765 4099 illis
1790 4043 1951 4115 eget?
1997 4041 2181 4097 Credi—

601 4165 727 4209 mus
753 4147 897 4203 enim
929 4147 1093 4199 Deum
1127 4140 1271 4195 nullo
1303 4139 1542 4207 indigere
1572 4156 1584 4191 :
1632 4136 1831 4190 frustra
1892 4135 2053 4205 igitur
2086 4151 2180 4189 co-

602 4239 847 4312 gitantur
873 4235 975 4289 illae
1006 4242 1111 4287 tres
1145 4245 1230 4285 res
1265 4230 1316 4284 in
1352 4229 1481 4282 Deo.
1511 4228 1581 4281 At
1611 4228 1655 4281 si
1680 4242 1781 4282 nee
1803 4227 1891 4295 ¹³Ῡ⁷
1916 4214 2042 4281 solae
2074 4235 2185 4279 tres

604 4328 709 4384 illm
736 4341 823 4379 res
853 4316 966 4387 “'3,
1010 4336 1108 4374 nec
1139 4319 1249 4373 sola
1281 4318 1526 4373 voluntas
1556 4326 1609 4371 ct
1634 4325 1901 4386 potestas;
1933 4315 2024 4369 sed
2068 4317 2180 4369 haec

607 4414 788 4473 omnia
818 4410 976 4466 simul
1009 4408 1297 4463 coniiciunt
1330 4406 1495 4459 Deum
1524 4406 1756 4459 :‘iterum
1789 4404 1909 4459 dico
1934 4404 2023 4434 ¹³¹⁹
2056 4404 2178 4473 quia

608 4503 941 4575 compositus
967 4511 1089 4565 est;
1120 4509 1173 4552 et
1213 4513 1299 4562 ea,
1337 4513 1454 4566 quae
1483 4512 1586 4550 non
1624 4507 1748 4549 sunt
1780 4510 1875 4565 per
1921 4511 1977 4550 se
2015 4495 2178 4560 Dens,

609 4606 703 4652 aut
726 4595 797 4649 dii
828 4594 1034 4647 faciunt
1063 4590 1251 4643 Deum.
1286 4588 1394 4640 Aut
1424 4587 1466 4641 si
1503 4586 1635 4639 dicit
1662 4585 1784 4653 quia
1826 4585 1927 4638 illa:
1962 4594 2070 4638 tres
2097 4600 2182 4638 res

606 4691 676 4742 ita
704 4700 898 4741 nomen
928 4682 1021 4737 Dci
1048 4681 1245 4737 habent
1271 4691 1365 4749 per
1396 4684 1717 4747 potestatem
1747 4683 1799 4728 et
1825 4674 2180 4733 voluntatem,

2276 1798 2404 1868 illis,
2435 1800 2488 1853 in
2519 1798 2716 1870 quibus
2745 1811 3099 1855 non‘crratttr
3125 1803 3531 1874 sinepericulo.

2894 1890 3120 1959 CAPUT
3156 1889 3244 1949 IV.

2278 1980 2404 2035 Tres
2432 1996 2679 2049 personas
2720 1982 3199 2047 esse'inmrnams,
3243 1982 3385 2039 Filio
3413 1985 3719 2048 incantato.
3744 1986 3848 2043 iaz-

2348 2048 2591 2121 possibile
2621 2061 2694 2103 est
2709 2068 2738 2121 ξ
2771 2050 2913 2103 Filio
2943 2062 3114 2121 tamen
3147 2055 3370 2121 amplius
3409 2056 3644 2110 conuertit
3675 2059 3843 2111 incor-

2348 2117 2485 2181 itari,
2515 2136 2672 2189 quam
2698 2117 2852 2172 Patri
2878 2132 2925 2173 et
2952 2119 3170 2190 Spiritui
3199 2117 3403 2179 sancto.

2349 2211 2455 2266 Sed
2488 2210 2717 2265 forsitan
2747 2211 2887 2266 dicet
2917 2211 3020 2267 iste
3037 2210 3143 2293 fw
3172 2213 3345 2267 milii:
3379 2212 3529 2271 Sicut
3566 2225 3722 2286 putas
3744 2214 3846 2270 ista
3892 2242 3895 2253 ι

2277 2302 2481 2370 pariter
2515 2300 2772 2369 consequi
2801 2315 2865 2355 ex
2896 2301 3235 2368 necessitate,
3269 2317 3389 2372 «tum
3415 2305 3579 2372 dicis,
3613 2306 3848 2360 sic-con-

2278 2391 2523 2459 sequitur
2561 2392 2703 2459 quod
2749 2391 2869 2445 dico
2955 2391 3027 2445 ita
3074 2391 3205 2446 milii
3240 2393 3546 2447 necessaria
3596 2409 3717 2450 mea
3755 2388 3849 2427 ⁸³⁸⁸

2278 2482 2493 2535 videtur
2532 2482 2937 2551 consequentia.
2972 2482 3113 2551 Ergo
3149 2484 3372 2538 ostende
3417 2498 3528 2538 non
3565 2484 3847 2556 cotisequi,

2276 2575 2397 2642 quae
2416 2574 2536 2628 dico
2561 2590 2575 2638 ;
2602 2584 2654 2628 et
2678 2573 2887 2627 fatebor
2908 2587 3008 2641 ego
3035 2584 3211 2628 tecum
3240 2572 3441 2627 nultum
3467 2558 3853 2630 inconveniens

2279 2666 2449 2733 sequi.
2482 2665 2526 2719 si
2554 2664 2701 2719 solus
2729 2664 2896 2718 Filius
2916 2672 2997 2719 est
3028 2664 3357 2731 incarnatus,
3394 2672 3487 2719 aut
3514 2664 3557 2719 si
3590 2674 3699 2720 tres
3720 2679 3848 2736 per-

2277 2770 2421 2807 suum
2443 2763 2568 2807 sunt
2596 2771 2698 2817 una
2720 2769 2822 2808 res.
2847 2756 2998 2821 Quod
3025 2755 3069 2808 si
3098 2754 3167 2809 ab
3186 2754 3288 2810 hac
3308 2755 3615 2811 ostensione
3641 2756 3850 2820 deﬁcis,

2279 2858 2385 2897 non
2429 2844 2614 2909 solvis,
2666 2844 2763 2898 sed
2812 2844 2982 2913 magis
3026 2843 3159 2915 ligas
3212 2845 3562 2913 quaestionem
3591 2860 3606 2911 ;
3639 2862 3763 2903 cum
3780 2857 3851 2904 tu

2278 2934 2393 3004 ipse
2447 2949 2657 2989 mecum
2704 2935 2901 3004 probas
2948 2935 3227 2990 innumera
3273 2936 3423 2991 nasci
3469 2936 3571 2968 "m
3599 2937 3854 2993 inconve-

2203 3021 2245 3078 C
2279 3024 2481 3077 nientia
2505 3038 2519 3087 ;
2540 3039 2669 3093 qua:
2699 3025 2743 3077 si
2774 3026 3017 3092 neganda
3046 3033 3191 3089 sunt,
3236 3026 3393 3081 ambo
3417 3027 3676 3094 debemus
3704 3029 3853 3099 pari-

2280 3123 2362 3169 ter
2385 3113 2711 3185 concludere
2738 3123 2847 3168 tres
2876 3128 3135 3183 personas
3158 3129 3266 3169 non
3294 3129 3413 3171 esse
3443 3122 3604 3172 unam
3637 3133 3770 3184 rem,
3802 3118 3859 3177 si.

2279 3205 2425 3261 solus
2474 3206 2644 3261 Filius
2689 3214 2772 3260 est
2820 3206 3172 3271 incarnatus;
3214 3214 3307 3261 aut
3351 3209 3396 3261 si
3439 3216 3561 3263 sunt
3595 3225 3697 3265 una
3739 3224 3850 3275 res,

2276 3298 2468 3350 oinnes
2481 3297 2684 3365 pariter
2696 3309 2817 3349 esse
2833 3295 3161 3349 inearnatas.
3185 3293 3590 3350 Ostendendum
3605 3308 3848 3369 ergoest,

2280 3390 2333 3443 in
2365 3404 2471 3457 quo
2498 3388 2600 3443 iste
2626 3381 2865 3451 fallitur;
2894 3394 2949 3442 et
2979 3401 3084 3457 quo
3111 3388 3272 3442 modo
3299 3387 3731 3444 incarnationem
3762 3405 3852 3445 so-

2281 3481 2385 3537 lius
2427 3481 2551 3537 Filii
2596 3498 2699 3537 non
2741 3483 2992 3551 sequitur
3026 3490 3138 3536 tres
3177 3494 3437 3551 personas
3474 3495 3592 3535 esse
3632 3490 3739 3543 tres
3766 3495 3855 3536 res

2272 3585 2585 3645 separatas;
2620 3581 2731 3637 aut,
2756 3575 2799 3628 si
2830 3582 2957 3628 sunt
2985 3587 3088 3627 una
3118 3588 3207 3629 res
3232 3582 3338 3629 tres
3368 3587 3632 3642 personae,
3662 3587 3853 3628 omnes

2280 3684 2371 3724 eas
2397 3684 2517 3723 esse
2554 3660 2882 3723 inearnata's.
2924 3666 3075 3735 Quod
3103 3667 3286 3737 utique
3316 3665 3456 3720 Deus
3485 3681 3588 3719 una
3624 3674 3681 3719 et
3707 3664 3848 3731 sola,

2280 3771 2335 3816 et
2359 3759 2651 3817 indivrdua.
2680 3766 2733 3810 et
2759 3756 2981 3826 simplex
3012 3758 3082 3811 sit
3112 3765 3302 3810 natura
3321 3798 3335 3821 ,
3364 3764 3420 3809 et
3449 3764 3555 3810 tres
3582 3770 3852 3826 personzr.

2282 3856 2592 3903 sanctorum
2622 3846 2865 3911 Patrum,
2892 3855 2949 3900 et
2982 3846 3215 3901 maxime
3244 3845 3385 3901 beati
3420 3846 3704 3915 Augustini
3735 3857 3857 3915 post

2283 3935 2557 4006 apostolos
2597 3944 2650 3991 et
2685 3934 3042 4002 e‘vangelistas
3085 3914 3594 4003 inexpugnabilibus
3630 3914 3858 3990 ratiuni~

2283 4029 2383 4081 bns
2411 4027 2744 4096 disputatum
2781 4032 2894 4103 est.‘
2916 4022 3019 4078 Sed
3067 4024 3192 4077 etsi
3240 4023 3360 4090 quis
3398 4022 3573 4091 legere
3611 4023 3859 4092 dignabi-

2286 4126 2373 4170 tur
2402 4115 2504 4168 duo
2535 4129 2695 4181 parva
2727 4111 2985 4181 opuscula
3024 4124 3163 4173 mea,
3198 4109 3530 4179 Monologion
3561 4110 3768 4164 scilicet
3802 4120 3859 4168 et

2283 4204 2620 4271 Proslogion,
2662 4218 2780 4270 qua:
2820 4200 2887 4254 ad
2936 4200 3039 4254 lioc
3074 4200 3303 4253 maxime
3338 4199 3424 4230 ⁸³³⁷
3452 4200 3592 4252 facta
3617 4208 3767 4264 sunt,
3798 4210 3859 4254 ut

2286 4296 2427 4367 quod
2466 4293 2571 4347 ﬁde
2604 4301 2848 4346 tenemus
2890 4293 2953 4345 de
2981 4290 3161 4344 divina
3193 4298 3385 4343 natura
3427 4298 3480 4343 et
3518 4289 3633 4358 ejus
3666 4305 3861 4359 perso-,

2290 4390 2375 4444 nis
2432 4395 2629 4457 praxter
2680 4384 3139 4448 lncarnationem,
3182 4381 3503 4436 necessariis
3558 4382 3885 4439 rationibus.

2288 4481 2404 4535 sine
2442 4476 2732 4545 Scriptura:
2790 4473 2880 4505 ⁸³³⁸
2926 4472 3249 4526 auctoritate
3289 4470 3503 4538 probari
3547 4472 3745 4539 possit;
3794 4471 3859 4533 si,

2288 4574 2528 4641 inquam,
2565 4583 2625 4623 ea
2660 4566 2855 4635 aliquis
2884 4564 3066 4633 legere
3098 4560 3349 4625 voluerit,
3383 4570 3511 4630 puto
3547 4561 3670 4629 quia
3698 4568 3754 4615 et
3786 4557 3860 4614 ibi

2290 4663 2525 4719 inveniet
2562 4662 2627 4714 de
2677 4660 2779 4713 lioc
2817 4657 2959 4727 quod
2996 4671 3101 4711 non
3152 4655 3461 4723 improbare
3498 4655 3721 4722 poterit,
3758 4667 3863 4707 nec

1862 4846 2092 4905 vannis
2137 4840 2535 4900 Lacrimans.
3074 4894 3077 4895 ί
3764 4876 3773 4907 κ
3810 4810 3811 4817 ‘

699 4973 788 5003 ¹³²²
813 4969 1040 5024 Necesse
1064 4977 1167 5029 est,
1193 4978 1284 5019 aut
1309 4964 1577 5034 intellectu
1606 4976 1767 5034 posse
1794 4963 2023 5034 (lisjungi
2054 4969 2144 5014 aut
2172 4959 2344 5027 reipsa
2374 4957 2513 5026 quod
2542 4972 2677 5034 mss.
2688 4968 2913 5034 necesse
2930 4959 3011 5034 est
3039 4960 3127 5005 aut
3149 4955 3387 5034 actitauit
3414 4945 3860 5034 intelicctnpqsse

616 5043 868 5110 tiisjttngi,
906 5040 1046 5107 quod

624 5086 1262 5165 i331i7s‘n‘.‘é{suum};
1290 5086 1590 5159 iiiilrlaitenus
1618 5086 1811 5159 niss.et
1843 5105 1947 5157 Ed.
1982 5103 2137 5156 Colit.
2169 5103 2284 5153 sine
2318 5086 2593 5151 'voluntalc
2614 5086 2979 5163 et'polestate
3008 5093 3314 5145 nullatenus
3386 5087 3475 5117 ““
3507 5086 3589 5139 Sit
3641 5086 3859 5165 valeant

624 5203 723 5223 ..περ
788 5182 853 5223 cii
889 5179 1065 5223 valent
1140 5177 1225 5206 ³³⁸⁷
1263 5178 1334 5223 Ac
1361 5178 1401 5223 si
1431 5192 1527 5223 nec.
1559 5192 1677 5223 mss.
1724 5183 1777 5223 at
1804 5176 1845 5223 si
1878 5191 1975 5223 nec
2050 5173 2140 5202 ’³³⁸
2171 5169 2309 5223 Sola:
2341 5179 2446 5222 tres
2496 5182 2578 5220 res
2634 5183 2755 5218 mss.
2802 5163 2927 5217 sola}
2986 5172 3093 5215 tres
3130 5160 3232 5211 illa:
3275 5171 3359 5210 res
3429 5157 3517 5187 ¹³¹⁹
3552 5156 3683 5211 Item
3736 5156 3861 5209 dico

2212 5178 2309 5223 ohe
2341 5179 2446 5222 tres
2496 5182 2578 5220 res
2634 5183 2755 5218 mss.
2802 5178 2927 5217 seta}
2986 5178 3093 5215 tres
3130 5178 3232 5211 tua:

620 5203 743 5239 mss.
788 5182 861 5235 sit
889 5179 1065 5232 valent
1140 5177 1225 5206 ⁸³⁸⁷
1262 5178 1334 5228 Ac
1361 5178 1401 5228 si
1431 5192 1527 5229 nec
1559 5192 1677 5229 mss.
1724 5183 1777 5226 at
1804 5176 1846 5227 si
1878 5191 1975 5227 nec

1118 5016 1781 5102 ra;Negp‘,,,a;,{,,;,',jg,
1804 5016 1952 5086 Εᾶξι,
1975 5016 2139 5085 Eolla.
2184 5016 2281 5083 nec
2319 5016 2468 5102 point
2540 5026 2630 5056 ³³⁸⁸
2661 5026 2760 5091 Qui
2786 5025 2945 5102 addat
2979 5032 3177 5102 ηυδε-ει
3209 5020 3313 5072 Ed.
3337 5016 3490 5102 Coi/1‘.
3507 5016 3649 5102 nquid
3697 5018 3861 5102 thlat

3641 5085 3859 5140 valeant

777 5224 1116 5306 i‘ie'rumvdico
1191 5246 1278 5277 ¹³³⁰
1302 5246 1434 5299 Tres
1468 5263 1552 5299 res
1584 5247 1654 5298 dii
1684 5224 2046 5298 ni‘s‘siéfri'lni.
2076 5238 2231 5295 Coifi.
2262 5250 2389 5310 tres
2418 5254 2523 5301 res,
2550 5246 2657 5310 tres
2699 5236 2767 5289 dii
2848 5234 2937 5263 ¹³³¹
2974 5233 3048 5310 De
3076 5230 3245 5310 tribus
3270 5227 3468 5280 dicitur
3510 5243 3634 5281 mss.
3666 5224 3859 5310 deliri:

616 5330 717 5381 bus
746 5324 972 5378 dicimus

1052 5320 1138 5348 ¹³³²
1170 5316 1444 5382 Quomodo
1472 5318 1617 5369 solus
1643 5332 1765 5367 mss.
1800 5316 2051 5384 quoniam
2086 5312 2231 5367 solus

2307 5309 2396 5340 ¹³³³
2423 5294 2684 5376 Quoniam
2715 5312 2931 5376 nonest
2959 5302 3313 5376 delicatum“.
3347 5312 3507 5367 quam
3533 5312 3639 5350 non
3658 5294 3857 5375 debeat

1134 5365 1236 5441 ηίῆι
1260 5365 2074 5461 ιιοξὺθςιιῗῖδέῖριέἱιἷέιόὶιιεε.
2096 5365 2387 5461 dicetiste
2432 5365 2541 5411 Ἳ³³⁸
2572 5376 2638 5430 Et
2665 5374 2927 5461 sequitur
2956 5371 3097 5455 quod
3139 5369 3257 5461 dico
3300 5365 3856 5461 itﬁnece‘s'sp‘rﬁm?

608 5484 722 5521 mss
751 5465 1100 5532 consequitur
1131 5474 1161 5527 q

624 5536 905 5589 innumera
934 5530 1060 5589 inde
1085 5530 1233 5585 nasci

625 5606 902 5673 scriptura:

1168 5432 1297 5512 66d“
1473 5456 1544 5509 ita
1575 5432 2811 5524 ‘Amrlttnumerabiiiir
2832 5432 2989 5524 Ira-sci-
3015 5456 3135 5520 mss.
3164 5439 3311 5524 (iam.
3344 5432 3857 5524 Vict.£orb;Th.tzt_o‘.

1314 5504 1399 5558 ιἐετ
1426 5525 1503 5580 Ad
1537 5527 1650 5581 lizec
1696 5526 1929 5581 maxime
1983 5540 2108 5578 nm.
2162 5538 2180 5574 ι

2267 5522 2367 5575 hoc
2418 5518 2647 5573 maxime
2722 5513 2812 5545 ⁸³³⁸
2847 5512 2973 5569 Sine
3017 5511 3295 5566 scripturae
3344 5524 3442 5560 ms.
3487 5504 3618 5558 Vict.
3646 5504 3701 5557 5.
3743 5504 3863 5558 sivo
