4226 6188
595 287 696 342 175

1091 289 1148 343 S.
1193 289 1490 345 ANSEIMI
1524 290 1877 349 CANTUAR.
1908 290 2225 349 ARCIIIEP.
2265 292 2417 350 OPP.
2453 290 2633 347 PARS
2659 291 2697 346 1.
2729 322 2795 332 -
2836 290 3226 349 DOGMATICA

3716 293 3821 348 276

594 400 856 462 "Wiccm:
892 401 1014 469 quia
1065 417 1166 454 non
1200 411 1327 458 sunt
1362 403 1480 457 dum
1530 404 1881 470 substantiae,
1924 419 2023 459 nec
2059 403 2162 472 alia
2193 405 2241 466 Α
2268 419 2428 481 unam
2460 411 2515 458 et
2544 402 2785 458 eamdem
2838 414 3120 477 personam
3169 413 3289 454 esse
3319 413 3439 454 cum
3478 415 3583 455 uno
3621 401 3837 453 codem-

591 489 894 546 substantia
929 490 1098 568 Pater.
1119 491 1231 556 ηδε,
1261 490 1364 546 alia
1395 491 1593 568 Filius;
1625 495 1717 548 sed
1758 509 1864 548 una
1901 501 1955 548 et
1977 493 2166 548 eadem

590 580 895 634 substantia
919 591 1045 634 sunt
1072 579 1229 637 Pater
1252 591 1306 639 et
1329 583 1524 638 Filius.
1550 581 1855 640 Secundum
1885 597 2170 653 personam

591 686 722 725 vero
753 680 880 725 sunt
904 671 1110 744 plures,
1139 684 1191 728 et
1220 674 1310 730 alii
1355 675 1424 730 ab
1449 677 1706 741 invicem;
1749 674 1877 749 quia
1912 675 2077 732 Pater
2118 686 2174 732 et

589 760 759 842 Filius
794 778 898 818 non
929 774 1055 820 sunt
1078 781 1184 820 una
1213 778 1268 821 et
1310 768 1494 820 eadem
1525 779 1754 835 persona
1780 808 1794 831 ,
1839 767 1934 822 sed
1975 769 2094 823 duae
2118 775 2173 821 et

589 840 717 907 aliae"
742 853 812 909 ab
836 855 1064 911 invicem
1093 858 1204 910 "‘7.
1228 855 1367 909 Dicit
1386 868 1516 925 ergo
1544 840 1636 888 ί³⁸⁸
1665 873 1678 910 :
1705 856 1762 912 Si
1793 856 1963 912 Filius
1995 857 2173 912 incar.

590 951 749 1000 natus
786 955 892 1011 est,
930 954 984 1001 et
1023 946 1189 1000 Filius
1230 960 1335 1000 non
1369 954 1454 1001 est
1474 930 1608 1012 alia,
1640 946 1866 1002 sed'una
1898 956 1952 1002 et
1982 949 2170 1002 eadem

591 1050 825 1091 numero
865 1050 951 1090 res
999 1051 1118 1105 quae
1157 1035 1319 1092 Pater
1351 1035 1444 1069 ⁸³⁸⁹
1490 1024 1602 1104 etst;
1648 1052 1778 1107 ergo
1834 1051 2056 1108 necesse
2091 1044 2173 1096 est

591 1124 809 1182 Patrem
862 1141 1079 1196 quoque
1128 1140 1250 1182 esse
1301 1113 1663 1182 incarnatum.
1714 1127 1887 1182 Unam
1935 1126 2079 1180 enim
2117 1135 2169 1179 et

2272 508 2376 563 que
2402 494 2616 549 homine
2647 493 2832 564 nequit
2855 492 3098 562 intelligi.
3129 489 3280 557 Nam,
3307 491 3348 545 si
3374 505 3510 545 unus
3532 491 3692 544 homo
3715 507 3837 555 eum

2274 582 2772 652 singulispluribus
2804 583 3047 652 personis
3087 596 3189 638 una
3218 594 3441 652 persona
3473 587 3586 642 est,
3615 592 3838 649 necesse

2272 679 2357 726 est
2403 669 2582 740 plures
2626 683 2916 738 personas,
2950 684 3069 738 quae
3119 668 3236 722 alia:
3262 677 3384 739 sunt
3413 683 3442 720 a
3482 681 3540 722 se
3583 665 3838 730 invicem,

2271 776 2392 817 esse
2407 775 2566 814 unam
2591 759 2941 826 eamdemque
2968 775 3248 828 personam
3276 759 3450 834 :qnod
3474 774 3585 812 non
3601 765 3683 813 est
3707 771 3835 827 pos-

2272 853 2447 908 sibilc.
2493 850 2833 919 Quapropter
2877 847 3214 917 impossibile
3244 859 3361 923 est,
3411 848 3520 902 Deo
3563 850 3841 905 incarnato

2243 941 2566 997 secundum
2593 954 2752 994 unam
2794 938 3089 1008 quamlibet
3118 951 3429 1006 personam,
3462 937 3608 992 illum
3640 952 3841 1008 secun-

595 1217 842 1272 eamdcm
877 1206 1104 1272 numero
1129 1207 1244 1273 rem
1278 1205 1608 1288 impossibile
1632 1224 1714 1270 est
1737 1204 1899 1270 simul
1937 1229 2073 1278 esse,
2117 1225 2171 1270 et
2221 1233 2228 1235 -

595 1320 702 1359 non
731 1306 924 1382 essein
951 1307 1136 1361 eodem
1176 1307 1391 1362 homine
1418 1307 1774 1373 incarnatam,
1798 1304 1863 1358 Et
1884 1319 1984 1374 ego
2006 1304 2123 1358 dico
2153 1321 2166 1356 :

596 1392 653 1448 Si
683 1392 851 1455 Filius
893 1382 1207 1449 incarnatus
1249 1404 1353 1460 est,
1398 1403 1452 1449 et
1492 1394 1660 1463 Filius
1700 1409 1805 1449 non
1853 1401 1935 1448 est
1978 1409 2080 1448 una
2118 1403 2181 1448 et.

595 1483 782 1538 eadem
813 1500 1036 1539 numero
1067 1500 1314 1555 persona,
1340 1472 1460 1554 qua:
1485 1484 1646 1541 Pater
1672 1485 1762 1517 ¹³⁸⁹
1784 1493 1888 1550 est,
1915 1485 2007 1540 sed
2030 1468 2166 1550 alia;

594 1590 700 1630 non
732 1575 932 1631 idcirco
965 1591 1201 1634 necesse
1233 1587 1314 1633 est
1350 1576 1568 1632 Patrem
1599 1591 1812 1648 quoque
1841 1593 1959 1632 esse
1989 1577 2179 1632 incar-r

594 1678 782 1722 natum
814 1668 924 1722 ’³⁶⁰.
957 1668 1127 1722 Aliam
1174 1669 1319 1725 enim
1350 1684 1637 1740 personam
1683 1683 1802 1725 esse
1846 1669 1897 1723 in
1929 1684 2038 1723 uno
2075 1669 2172 1722 ho-

2271 1031 2394 1087 dum
2424 1030 2587 1085 aliam
2617 1043 2829 1100 quoque
2861 1043 3146 1098 personam
3177 1027 3472 1083 incarnari.

2771 1139 2998 1196 CAPUT
3036 1140 3076 1195 v
3119 1137 3213 1212 [aL
3247 1137 3360 1212 iV].

2271 1230 2378 1294 Cur
2412 1229 2584 1290 Filius
2614 1232 2779 1301 magis
2807 1246 2963 1311 quam
3009 1229 3171 1351 Ptltter
3214 1238 3304 1352 etut
3340 1228 3566 1299 Spiritus
3602 1239 3839 1300 sanctus,

2840 1314 3059 1352 incarna
3087 1315 3145 1352 us
3186 1315 3230 1352 tn
3257 1335 3274 1351 .

2840 1314 3145 1352 tncarnatus
3186 1314 3274 1352 ιιι.

2341 1391 2450 1445 Cur
2481 1399 2660 1448 autem
2691 1391 2829 1452 Deus
2857 1388 3026 1458 magis
3052 1390 3404 1458 assumpserit
3442 1391 3532 1427 ¹⁸⁶⁷
3564 1389 3839 1445 hominem

2273 1483 2325 1537 in
2358 1485 2618 1542 unitatem
2653 1497 2895 1552 personae
2941 1481 3097 1548 Filii,
3125 1496 3284 1552 quam
3334 1481 3386 1537 in
3438 1484 3698 1553 unitatem
3742 1483 3842 1536 ali-

2273 1574 2426 1642 enjus
2461 1573 2689 1628 aliarum
2717 1587 3093 1644 personarum,
3126 1573 3372 1644 quamvis
3402 1573 3454 1627 in
3481 1574 3583 1627 hac
3611 1566 3840 1642 epistola

2276 1674 2518 1718 nostrum
2541 1662 2644 1718 hoc
2674 1662 3005 1732 propositum
3036 1678 3137 1716 non
3152 1645 3323 1716 ‘i'uerit
3345 1662 3455 1728 ⁸³⁸⁸,
3483 1671 3678 1730 tamen,
3709 1677 3842 1733 quo-

592 1763 741 1817 mine
767 1763 1125 1830 incarnatam,
1157 1772 1212 1818 ct
1237 1764 1396 1819 aliam
1425 1764 1584 1819 simul
1619 1779 1724 1817 non
1756 1776 1876 1818 esse
1899 1763 1949 1817 in
1981 1763 2169 1817 eodem
2204 1751 2245 1805 Β
2272 1753 2416 1806 niam
2446 1750 2606 1820 huius
2629 1752 2702 1806 rei
2727 1751 2927 1806 mentio
2950 1766 3007 1806 se
3024 1750 3234 1818 obtulit,
3257 1750 3489 1820 alienam
3517 1750 3844 1806 reddendam

591 1853 812 1908 homine
845 1856 1178 1908 incarnatam
1217 1853 1471 1924 possibile
1513 1863 1616 1909 est.
1665 1853 1732 1923 Et
1778 1853 1905 1907 ille:
1946 1853 2001 1906 Si
2036 1852 2174 1907 Dens

592 1943 760 2001 Filius
789 1944 1107 1999 incarnatus
1130 1931 1244 2009 est;
1276 1954 1333 2002 et
1362 1945 1503 2001 Deus
1533 1945 1622 2015 qui
1652 1953 1736 1999 est
1766 1944 1934 1998 Filius
1961 1958 2067 1998 non
2091 1951 2175 1998 est

593 2034 748 2100 alius,
780 2035 872 2090 sed
897 2052 1035 2092 unus
1067 2045 1122 2091 et
1147 2037 1285 2091 idem
1309 2040 1534 2092 numero
1563 2035 1724 2102 Deus,
1755 2035 1843 2106 qui
1873 2035 2030 2089 Pater
2055 2043 2167 2112 est;

590 2127 715 2196 plus
746 2136 923 2182 tamen
956 2128 1227 2199 (quamvis
1278 2126 1504 2184 diversa:
1541 2142 1784 2198 personm
1846 2127 1954 2179 sint
2006 2125 2172 2180 Pater

592 2228 649 2275 et
703 2219 907 2289 Filius)
965 2207 1181 2275 videtur
1228 2234 1450 2276 necesse
1512 2217 1728 2272 Patrem
1782 2231 1996 2287 quoque
2051 2229 2173 2271 esse

590 2310 940 2364 incarnatum
997 2324 1119 2364 cum
1177 2310 1348 2375 Filio,
1412 2317 1637 2380 prepter
1688 2308 2023 2364 tdentitatem‘
2082 2308 2170 2342 ¹³⁶¹

596 2399 841 2466 Deitatis,
883 2415 1045 2469 quam
1091 2385 1351 2475 possibile.
1387 2415 1508 2455 esse
1553 2409 1774 2471 propter
1804 2398 2201 2454 diversitatem.

589 2502 950 2561 personarum
983 2507 1106 2547 eum
1160 2509 1264 2546 non
1309 2506 1430 2549 esse
1477 2492 1638 2548 simul
1678 2493 2016 2546 inearnatum
2060 2490 2173 2544 ηδ’.

595 2583 790 2639 Videte
816 2584 906 2654 qni
937 2585 1040 2639 hoc
1070 2585 1199 2654 dicit
1227 2585 1317 2615 ¹³⁶³
1345 2584 1613 2652 quomodo
1648 2581 1916 2637 claudicat
1950 2590 2177 2652 utroque

596 2670 734 2744 pede
758 2672 811 2726 in
836 2673 1206 2728 incarnatione
1230 2671 1350 2726 Filii
1377 2672 1492 2727 Dei.
1515 2671 1647 2746 Nam
1668 2672 1758 2740 qui
1789 2678 1933 2726 recte
1954 2670 2178 2742 suscipit

596 2761 716 2828 ejus
763 2761 1224 2827 incarnationem,
1279 2761 1451 2826 credit
1507 2775 1628 2816 eum
1683 2777 1794 2828 non.
1823 2761 2177 2830 assumpsisse

598 2851 875 2906 hominem
909 2851 963 2906 in
991 2851 1250 2904 unitatem
1283 2859 1522 2916 natum,
1555 2850 1650 2913 sed
1680 2850 1732 2904 in
1763 2851 2022 2909 unitatem
2051 2865 2174 2919 pcr-

596 2957 762 3012 sonae.
791 2941 890 2997 Hie
913 2951 1090 2997 autem
1113 2942 1344 2996 somniat
1362 2941 1636 3003 hominem
1662 2957 1693 2996 a
1723 2937 1859 2996 Filio
1886 2941 1978 2995 Dei
2005 2941 2177 3020 magis

596 3047 722 3089 esse
745 3041 1079 3110 assumptum
1111 3033 1163 3085 in
1189 3039 1400 3087 natura:
1428 3033 1718 3108 unitatem,
1751 3047 1915 3108 quam
1959 3033 2011 3086 in
2051 3047 2175 3102 per-

597 3141 745 3182 sona:
787 3126 1074 3180 unitatem.
1125 3122 1185 3179 Si
1230 3125 1375 3180 enim
1424 3115 1534 3180 hoc'
1557 3138 1664 3178 non
1708 3125 2040 3192 opinaretur,
2071 3136 2180 3180 non

599 3215 807 3269 diceret
835 3204 1011 3282 magis
1052 3213 1420 3268 necessarium
1471 3225 1592 3266 esse
1639 3210 1856 3266 Patrem
1903 3224 2023 3264 esse
2058 3224 2178 3264 cum

597 3307 742 3364 Filio
771 3307 1110 3363 incarnatum
1137 3305 1248 3371 ³³⁸⁸,
1280 3305 1536 3375 quoniam
1565 3319 1704 3358 unus
1728 3310 1810 3357 est
1839 3301 1978 3355 Deus
2002 3300 2178 3365 Pater,

600 3406 661 3454 et
690 3397 727 3451 F
734 3397 877 3464 ilius,
909 3413 1071 3469 quam
1099 3411 1219 3451 esse
1251 3392 1690 3468 possibile‘illnm
1727 3391 1886 3446 simul
1920 3404 2025 3445 non
2062 3404 2181 3444 esse

601 3491 982 3555 incarnatum,
1030 3489 1153 3560 quia
1205 3488 1387 3559 plures
1450 3493 1577 3540 sunt
1620 3499 1888 3555 personae.
1947 3481 2184 3550 Utroque

607 3579 774 3653 igitur
801 3567 956 3649 pede,
989 3578 1041 3632 id
1071 3586 1152 3632 est
1177 3586 1406 3646 utraque
1446 3583 1597 3644 parte
1623 3571 1889 3628 claudicat
1920 3571 1973 3623 in
2002 3570 2182 3624 incar-

606 3669 832 3728 natione
855 3669 974 3741 Filii
1001 3669 1116 3734 Dei,
1149 3670 1238 3739 qni
1272 3682 1375 3722 una
1411 3665 1502 3698 ¹⁸⁶⁸
1531 3673 1720 3719 natura
1752 3669 1834 3716 est
1871 3675 1993 3716 cum
2024 3660 2184 3713 Patre

605 3771 664 3820 et
684 3763 786 3818 alia
817 3776 1044 3831 persona
1076 3775 1103 3814 a
1134 3760 1328 3830 Patre,
1370 3757 1678 3828 quicunque
1726 3754 2000 3810 existimat
2044 3752 2186 3804 hanc

605 3854 1030 3912 incarnationem
1055 3852 1147 3883 ¹³⁶⁸
1175 3851 1251 3908 sic
1291 3863 1416 3906 esse
1448 3847 1744 3904 secundum
1775 3854 1980 3899 naturae
2009 3842 2185 3897 unita-

608 3959 738 4013 tem,
768 3955 827 4001 ut
851 3946 1018 4000 Filius
1048 3959 1152 4000 non
1185 3943 1355 4014 possit
1387 3939 1664 3996 incarnari
1711 3937 1827 3993 sine
1863 3935 2056 3998 Patre;
2087 3947 2188 3987 nec

607 4038 862 4108 intelligit
891 4052 1010 4092 eam
1035 4036 1112 4110 sic
1143 4034 1437 4108 secundum
1468 4030 1731 4086 unitatem
1762 4042 1883 4082 esse
1919 4037 2185 4103 persona),

606 4115 671 4189 ut
711 4130 879 4185 Pater
923 4143 1028 4206 non
1062 4127 1234 4206 possit
1282 4122 1553 4190 incarnari
1604 4135 1726 4177 cum
1777 4116 1940 4206 Filio.
1983 4115 2190 4206 Quippe

610 4221 760 4276 Deus
791 4235 897 4274 non
926 4203 1004 4274 sic
1035 4199 1329 4288 assumpsit
1358 4214 1632 4272 hominem
1654 4251 1668 4277 ,
1708 4218 1767 4264 ut
1792 4199 1985 4263 natuia
2015 4204 2110 4258 Dei
2136 4211 2188 4256 et

609 4313 848 4370 hominis
875 4311 950 4367 sit
981 4327 1088 4386 una
1131 4319 1187 4365 et
1233 4310 1458 4374 eadem;
1500 4306 1595 4362 sed
1627 4313 1684 4358 ut
1722 4314 1950 4373 persona
1999 4297 2095 4352 Dei
2139 4302 2191 4350 et

613 4405 850 4462 hominis
886 4420 990 4459 ttna
1043 4384 1342 4471 eademque
1388 4401 1459 4454 sit
1500 4416 1512 4450 :
1555 4395 1700 4466 quod
1746 4390 1957 4448 nonnisi
1997 4389 2049 4442 in
2089 4401 2192 4440 una
2226 4408 2272 4468 ο
2297 4376 2399 4471 alii!
2448 4373 2542 4471 Ῐξθί
2596 4382 2783 4440 lieno“

615 4508 844 4564 persona
894 4492 986 4547 Dei
1035 4506 1154 4546 esse
1193 4497 1390 4558 potest.
1437 4487 1686 4541 Diversas
1730 4483 1874 4537 enim
1910 4490 2187 4557 personas,

2206 3086 2251 3146 C

2275 1844 2534 1897 rationem
2557 1843 2827 1912 existimo.
2852 1841 3055 1910 Nempe
3082 1841 3128 1896 si
3159 1839 3391 1910 Spiritus
3418 1850 3638 1896 sanctus
3663 1841 3843 1895 incar-

2275 1943 2433 1986 natus
2463 1939 2628 1995 esset,
2661 1934 2803 1987 sicut
2847 1931 3014 1986 Filios
3040 1939 3124 1987 est
3149 1931 3493 1994 incarnatus,
3541 1937 3685 1984 esset
3715 1928 3840 1998 Spi-

2276 2021 2412 2077 ritus
2440 2031 2660 2094 sanctus
2690 2022 2832 2076 ﬁlius
2861 2021 3113 2076 hominis.
3145 2021 3341 2076 Essent
3382 2019 3545 2090 igitur
3586 2020 3693 2072 duo
3716 2017 3837 2073 Filii

2277 2116 2326 2170 in
2359 2116 2624 2171 Trinitate
2654 2115 2768 2182 Dei,
2801 2115 3006 2170 scilicet
3032 2113 3198 2168 Filius
3225 2112 3343 2177 Dei,
3379 2119 3433 2167 et
3456 2110 3624 2165 Filius
3655 2110 3827 2164 homi-

2277 2209 2383 2263 nis.
2433 2208 2585 2262 Unde
2616 2189 2862 2278 quaedam
2893 2215 3205 2272 nasceretur
3240 2206 3526 2273 dubietatis
3563 2204 3838 2273 confusio,

2274 2315 2395 2354 cum
2419 2299 2484 2354 de
2517 2300 2625 2353 Deo
2654 2299 2790 2353 Filio
2833 2299 3214 2369 loqueremur;
3248 2306 3475 2366 uterque
3503 2295 3648 2371 enim
3687 2302 3836 2350 esset

2276 2389 2438 2454 Deus,
2468 2397 2522 2445 et
2550 2388 2747 2452 Filius;
2777 2388 3024 2458 quamvis
3050 2388 3190 2462 alter
3227 2387 3359 2458 Dei,
3395 2386 3537 2451 alter
3567 2383 3802 2440 hominis
3824 2400 3846 2458 ς

2277 2480 2429 2536 iieret
2457 2494 2669 2550 quoque
2696 2480 2851 2549 quasi
2877 2477 3118 2548 quaedam
3149 2477 3482 2547 inaequalitas
3509 2476 3844 2535 diversarum

2278 2586 2628 2642 personarum
2662 2570 2954 2624 secundum
2992 2569 3095 2622 hoc
3138 2568 3280 2636 quod
3328 2565 3421 2621 ﬁlii
3467 2572 3678 2632 essent,
3724 2575 3846 2629 qua:

2277 2663 2498 2718 omnino
2543 2662 2634 2696 ¹³⁶⁹
2662 2660 2895 2730 aequales
2944 2673 3063 2713 esse
3107 2658 3337 2721 debent,
3377 2670 3498 2711 eum
3539 2653 3676 2708 alter
3703 2651 3848 2716 (ilius

2280 2751 2498 2819 majoris
2541 2750 2780 2820 parentis
2813 2749 3075 2819 dignitate
3103 2746 3421 2808 excelleret,
3458 2743 3593 2799 alter
3622 2740 3850 2796 minoris

2277 2839 2518 2910 parentis
2546 2837 2852 2892 humilitate
2873 2837 3137 2890 subesset.
3165 2833 3376 2900 Quanto
3398 2831 3541 2887 enim
3567 2828 3740 2897 major
3765 2835 3850 2902 est

2279 2939 2472 2987 natura
2517 2930 2611 2983 Dei
2643 2943 2803 2998 quam
2836 2926 3108 3001 hominis,
3159 2933 3306 2979 tanto
3342 2923 3553 2993 dignius
3603 2928 3689 2975 est
3729 2932 3850 2974 esse

2279 3021 2477 3100 Filium
2516 3020 2611 3077 Dei
2637 3034 2798 3088 quam
2829 3032 2964 3096 esse.
2991 3016 3157 3100 tilium
3196 3015 3430 3086 hominis
3462 3013 3575 3066 "7°.
3627 3009 3684 3064 Si
3719 3023 3850 3079 ergo

2283 3098 2516 3181 Spiritus
2545 3119 2768 3183 sanctus
2796 3115 2952 3161 natus
2987 3098 3225 3168 esset'es
3257 3105 3492 3176 Virgine,
3534 3115 3654 3156 cum
3679 3099 3849 3154 Filius

2285 3184 2377 3254 Dei
2404 3190 2644 3254 haberet
2673 3195 3112 3252 excellentiorem
3142 3192 3479 3247 nativitatem
3506 3190 3698 3253 solam,
3727 3203 3849 3255 qua:

2281 3303 2346 3346 ex
2380 3289 2488 3354 Deo
2515 3272 2630 3350 est;
2662 3287 2725 3356 fet
2762 3285 2996 3355 Spiritus
3041 3293 3259 3337 sanctus
3291 3281 3555 3336 minorem
3600 3286 3843 3356 tantum,

2281 3395 2401 3451 qua:
2419 3363 2564 3441 esset
2603 3394 2666 3432 ex
2695 3377 2945 3440 homine;
2991 3372 3093 3427 alia
3141 3386 3373 3443 persona
3404 3379 3548 3426 esset
3581 3367 3770 3437 major,
3794 3371 3850 3436 et

2275 3459 2387 3526 alia
2437 3470 2613 3524 minor
2656 3466 2953 3521 secundum
3006 3464 3317 3532 dignitatem
3371 3457 3663 3516 nativitatis
3716 3455 3846 3508 "":

2285 3541 2425 3632 (ιυόά
2457 3573 2562 3614 non
2590 3556 2862 3612 convenit.
2909 3552 3060 3618 Quod
3099 3551 3142 3605 si
3177 3551 3335 3604 Pater
3372 3547 3426 3602 in
3454 3547 3706 3600 unitatem
3738 3557 3850 3597 suae

2285 3666 2528 3724 persona:
2555 3649 2826 3704 hominem
2861 3641 3274 3711 assumpsisset,
3305 3639 3523 3694 easdem
3569 3636 3765 3689 faceret
3792 3633 3847 3685 in

2286 3720 2395 3800 Deo
2444 3739 2720 3812 pluralitas
2772 3734 3003 3787 ﬁliorum
3054 3727 3545 3789 inconvenientias,
3582 3732 3642 3777 et‘
3675 3720 3852 3776 adhuc

2285 3811 2465 3889 aliam.
2505 3831 2637 3886 Nam
2669 3829 2713 3883 si
2741 3834 2884 3882 esset
2915 3824 3056 3878 ﬁlius
3091 3819 3347 3890 Virginis,
3387 3818 3503 3872 dua:
3529 3827 3768 3886 persona:
3797 3811 3853 3865 in

2287 3925 2553 3981 Trinitate
2583 3934 2775 3976 nomen
2817 3914 3026 3986 nepotis
3054 3918 3428 3971 assumerent;
3463 3905 3584 3975 quia
3614 3911 3668 3958 et
3695 3901 3857 3977 Pater

2288 4030 2455 4088 nepos
2501 4013 2590 4044 ¹³⁷¹
2637 4017 2779 4064 esset
2809 4012 3090 4076 parentum
3137 3998 3402 4069 Virginis;
3448 4004 3504 4050 et
3540 3992 3704 4063 Filius
3743 3990 3860 4057 eius

2289 4080 2524 4174 Virginis
2554 4109 2697 4156 esset
2727 4080 2929 4166 nepos;
2964 4109 3083 4148 cum
3113 4092 3228 4160 ipse
3258 4100 3433 4142 tamen
3463 4083 3595 4139 nihil
3635 4081 3859 4174 haberet

2289 4213 2357 4252 ex
2387 4168 2626 4262 i/irgine.
2674 4179 2938 4256 Quoniam
2988 4197 3116 4254 ergo
3163 4177 3459 4248 quamlibet
3508 4168 3858 4262 parvumwf3

2292 4257 2675 4340 inconveniens
2726 4277 2779 4329 in
2819 4275 2930 4328 Deo
2972 4267 3458 4338 est'itnpossibile;
3507 4279 3611 4317 non
3672 4257 3858 4314 debuit

2791 4381 2818 4418 a
2861 4361 2951 4395 ¹³⁷⁶
2996 4359 3262 4416 incarnari
3309 4357 3467 4426 quam
3523 4354 3709 4408 Filius.
3763 4351 3856 4406 lllo

2298 4467 2439 4525 enim
2470 4431 2766 4525 ihcainato,
2791 4455 2990 4510 nullum
3015 4452 3259 4524 sequitur
3279 4447 3679 4503 inconveniens.
3705 4431 3859 4507 Quod

1908 4693 2138 4756 VARIAE
2182 4686 2578 4749 LECTIONES.

693 4846 784 4901 ’⁵⁵⁸
827 4865 1137 4921 Snbstantia
1189 4862 1384 4924 Patris,
1436 4859 1538 4914 alia
1591 4855 1710 4910 Filii
1759 4869 1882 4908 mss.
1936 4847 2265 4924 Sttbstantiil
2297 4844 2476 4904 Pater.

623 4942 692 5007 ab
719 4916 1120 5002 imiEéﬁfVie
1152 4933 1246 4986 Dic
1271 4916 1397 5012 ergo
1425 4947 1550 5012 mss:
1568 4928 1702 5008 dicit
1724 4940 1855 4994 ergo
1931 4918 2023 4954 “'9
2054 4919 2184 5012 Q‘nalz
2229 4916 2632 5012 Patermm'si.nq

619 4989 963 5064 incarnatum
990 5019 1211 5059 necesse
1235 5012 1317 5056 est
1334 4989 1459 5052 ἵηδς.
1487 4997 1688 5052 idcirco
1713 4989 1814 5048 est'
1831 5006 2050 5064 necesse
2086 4989 2317 5064 Patrem
2334 4998 2369 5064 q

621 5062 751 5132 mss.
796 5074 925 5127 Vict.
955 5072 1107 5126 Coro.
1137 5082 1357 5142 prOpter
1388 5070 1647 5122 unitatem
1732 5064 1824 5096 ”“
1849 5062 1962 5116 Non
2002 5074 2123 5113 esse.
2160 5062 2321 5108 simul
2353 5062 2692 5129 incarnatam
2730 5062 2855 5095 mss.
2890 5062 2993 5118 non
3024 5062 3144 5092 eum
3177 5062 3295 5087 esse
3343 5062 3499 5111 ωτι...

622 5149 719 5180 usa
752 5145 888 5181 num
950 5143 1036 5181 ιιίρ
1085 5143 1212 5181 ιιερίι
1268 5157 1387 5181 τηις
1423 5138 1549 5181 ηηίιΙ
1582 5138 1684 5181 line.
1720 5135 1872 5181 dicit.
1952 5130 2044 5169 mi
2063 5127 2277 5181 Patrem
2315 5137 2435 5175 cum
2484 5118 2618 5172 Filio
2648 5120 2982 5181 tne-amatum
3023 5101 3326 5181 ηιδξερε-ιξιο
3371 5091 3864 5181 (ιυῖιθχῖξξξᾈξθξξς

622 5187 1690 5275 Paulini‘esééEtuiﬁ'i‘iti6"3{.cinnami:
1728 5187 1860 5236 h‘m
1884 5200 2019 5267 Qllia
2052 5198 2156 5251 ""3
2185 5211 2312 5247 "m-
2361 5201 2408 5243 εί
2446 5187 2590 5241 Εάίι·
2625 5187 2778 5239 δουλ-
2813 5187 2903 5259 (ιυὲ
2935 5193 3040 5232 “na
3118 5187 3207 5204 ""
3246 5187 3392 5247 "39.“
3443 5187 3865 5237 ¹¹¹⁶ί¹ῖ¹¹⁵¹⁸¹υ¹¹⁶ἷ³¹

624 5305 732 5328 ..ης
795 5283 930 5328 Tim-
962 5283 1020 5328 ς-
1074 5280 1232 5328 Mich.
1282 5277 1472 5328 Cister.
1530 5275 1754 5328 eandem
1797 5269 2224 5327 incarnationem
2302 5262 2389 5293 "‘7
2424 5257 2612 5328 Μίιεςὶδ⁸
2639 5258 3088 5328 δεξυωρὲ,¹Ξ,Ἆ²³ξ·
3117 5230 3870 5328 Gem-TE;92’b°..!1‘,?3£§

622 5149 719 5180 ¹³⁶³
752 5145 889 5207 Quid
950 5143 1038 5196 hic
1085 5135 1214 5196 dicit
1240 5135 1390 5194 'mss.
1423 5138 1550 5207 quid
1582 5138 1684 5190 hoc
1720 5135 1872 5207 dicit.

624 5305 752 5343 mss.
795 5283 1020 5364 Thuas.
1282 5277 1472 5359 Cister.
1530 5275 1754 5364 eandem

627 5325 1020 5423 ;.S.,s¢l;m.psé}i:.
1057 5352 1149 5383 μη
1180 5337 1523 5423 propositi]!!!
1564 5361 1668 5423 non
1725 5344 2010 5423 flii-tum“:
2053 5335 2382 5423 propositum

1992 5393 2231 5463 hominis
2263 5419 2386 5456 mss.
2427 5397 2558 5451 Vict.
2601 5393 2753 5448 Corb.
2785 5401 2948 5463 quam

2027 5447 2728 5531 séé'd'ﬁltdlti'animalem
2772 5447 3084 5531 dignitatis”
3119 5450 3209 5531 ",7"
3237 5447 3422 5531 Pater,
3738 5449 3865 5531 ξιξ-ξ.

631 5413 777 5482 Εήάὶι.
812 5413 970 5478 Cotlt.
998 5437 1118 5492 quae
1139 5413 1359 5475 omnino
1406 5418 1526 5492 ff."
1562 5415 1733 5492 Quam
1761 5413 1954 5492 Filium

633 5498 870 5552 cundum
925 5483 1249 5564 dignitatem
1286 5488 1603 5564 Anativitzttis
1655 5502 1756 5538 ms.
1788 5483 1977 5536 (λίπεν.

640 5543 1247 5620 ἷξὲί-έὸτὺῗῖὶἾΕ-ἀίξὶο
1275 5556 1495 5612 Gothica
1537 5557 1694 5610 Pater
1738 5566 1904 5620 nepos
1979 5549 2071 5620 ¹ξ⁷³
2098 5543 2392 5620 Quodlibet
2428 5550 2654 5606 parvum
2685 5545 2810 5586 mss.
2844 5544 2870 5582 ε

2538 4837 2642 4892 alia
2699 4834 2867 4888 Filius
2970 4825 3219 4880 “"Alia:
3277 4823 3509 4876 invicem
3563 4831 3688 4892 mai.
3731 4813 3865 4892 alite

2638 4884 2721 4959 uae
2748 4884 2923 4956 Pater
2949 4908 3033 4954 est
3107 4897 3197 4928 "6°
3229 4894 3428 4947 Idcirco
3473 4901 3593 4959 esse
3643 4884 3862 4959 Patrem

2374 4954 2558 5049 1.0363
2571 4954 3064 5031 ess—evincarnatum
3141 4965 3232 4997 ¹³⁶¹
3257 4963 3496 5049 PropterI
3527 4954 3863 5049 identitatettt

2307 5028 2692 5106 tiﬁéé‘r‘aaium
2730 5058 2855 5095 mss.
2889 5055 2993 5092 non
3024 5053 3144 5092 eum
3177 5047 3295 5106 esse
3343 5028 3499 5106 simul
3528 5028 3866 5106 iqcarnzltpm

2625 5161 2903 5249 Cottii—qui
2935 5193 3040 5232 una
3118 5172 3207 5204 "“
3246 5169 3392 5249 Hanc
3443 5161 3865 5249 incarnationem

2853 5298 2940 5350 δέ’
2968 5298 3067 5380 Qui
3107 5311 3325 5363 omnino
3352 5307 3509 5380 mss.”
3632 5298 3802 5380 ξιξ-Ἰιὲ
3818 5305 3867 5380 et

2977 5363 3094 5437 asse
3119 5379 3310 5435 Filium
3352 5373 3583 5429 hominis
3655 5365 3745 5398 ωτι
3770 5363 3870 5418 Se-

2875 5508 2893 5580 t
2942 5522 3117 5579 Editio
3150 5515 3366 5575 Gothica
3405 5508 3702 5583 quamlibet
3739 5518 3870 5576 par;

638 5614 776 5700 Vv'lllflv
815 5614 1154 5691 "v'igDvebiuit
1184 5631 1288 5706 alia
1312 5639 1548 5700 persona
1576 5641 1699 5678 mss.
1735 5614 1925 5678 debuit
1957 5618 2059 5672 alia
2108 5614 2200 5667 Dei
2235 5623 2464 5683 persona
