4226 6206
380 331 483 386 277

1654 329 1740 384 ne
1772 324 1929 399 nos
1965 298 2367 387 minuaris.

3458 391 3462 399 τ
3532 336 3633 391 Ξῖε

380 446 526 503 enim
569 444 732 500 Patre
774 452 828 499 et
873 442 1076 513 Spiritu
1118 450 1309 507 sancto
1337 441 1516 497 minor
1543 442 1741 499 dicitur
1779 440 1951 497 Filius
1981 443 2031 503 Α
2057 442 2460 519 misericordius
2485 443 2679 514 parcit,
2706 444 2789 500 vel
2811 458 2911 516 pro
2935 457 3001 500 eo
3027 444 3336 513 intercedit,
3364 458 3523 514 quam
3545 447 3631 500 cui

380 538 674 595 secundum
709 534 1121 600 humanitatem,
1167 549 1274 589 non
1319 541 1498 589 tamen
1546 533 1649 589 illa:
1679 533 1795 589 dua:
1832 548 1957 603 per-

379 644 528 683 sonae
553 629 672 683 ideo
695 626 962 682 excellunt
998 625 1136 681 Filio
1173 626 1293 692 "7';
1323 626 1447 695 quia
1487 625 1731 682 eamdem
1762 623 1959 695 majes-

2059 519 2345 601 speeialius
2372 530 2566 600 injuria
2599 533 2714 589 ﬁeri
2745 535 3031 605 probatur;
3074 549 3176 591 nec
3206 535 3409 605 aliquid
3441 548 3637 589 conve-

2058 623 2297 679 nientius
2342 624 2637 695 opponitur
2675 624 2899 682 falsitati
2943 625 3011 681 ad
3054 624 3505 698 expugnandum,
3543 631 3638 680 aut

380 725 572 784 tatem,
600 729 704 784 qua
730 714 965 784 majores
995 723 1121 769 sunt
1162 714 1502 771 humanitate
1536 714 1681 781 Filii,
1714 714 1877 770 habet
1902 721 1958 771 et
2058 712 2345 782 apponitur
2374 714 2441 768 ad
2469 714 2771 770 sanandum
2809 714 2918 779 ⁸³⁵⁸.
2943 729 3103 784 quam
3133 716 3356 771 veritas.
3394 714 3454 771 lu
3478 714 3627 772 illum

380 807 576 875 Filius,
602 821 709 877 qua
737 814 794 862 et
817 806 933 877 ipse
958 814 1297 876 praeest-cum
1326 804 1433 861 illis
1460 820 1574 861 suae
1598 804 1952 861 humanitati.

380 900 481 956 Est
507 907 563 954 et
589 897 754 964 aliud,
799 913 899 952 cur
937 896 1108 968 magis
1149 896 1446 951 conveniat
1476 894 1615 953 Filio
1655 897 1954 953 incarnatio

379 1007 542 1061 quam
585 989 699 1044 alii.
749 987 851 1057 Qui
891 988 1039 1044 enim
1088 996 1210 1044 erat
1255 988 1651 1056 incarnandus,
1699 998 1955 1045 oraturus

379 1090 501 1141 erat
522 1096 624 1152 pro
651 1081 888 1136 humano
918 1094 1147 1151 genere;
1178 1087 1232 1133 et
1255 1082 1666 1137 convenientius
1695 1081 1828 1155 satis
1862 1082 1954 1115 “"

380 1171 609 1242 suscipit
640 1185 794 1226 mens
838 1170 1073 1226 humana
1117 1170 1311 1226 Filium
1353 1170 1527 1237 Patri,
1559 1164 1735 1240 quam
1783 1171 1952 1227 alium

378 1265 503 1319 aliis
548 1263 854 1334 supplicare
892 1263 1006 1331 “",
1045 1264 1292 1333 quamvis
1315 1264 1428 1318 inec
1471 1264 1796 1335 supplicatio
1846 1279 1952 1320 non

377 1355 474 1410 ﬁat
500 1370 531 1409 a
559 1355 861 1419 divinitate,
889 1355 984 1410 sed
1008 1354 1078 1408 ab
1112 1354 1446 1411 humanitate
1480 1355 1549 1410 ad
1579 1355 1912 1411 divinitatem
1931 1396 1947 1424 ,

380 1460 538 1515 quam
578 1444 778 1500 idcirco
803 1444 974 1499 Filius
1004 1445 1096 1500 Dei
1132 1443 1299 1510 facit;
1332 1442 1458 1514 quia
1503 1444 1687 1513 homo,
1713 1459 1809 1515 per
1832 1445 1954 1501 uni-

380 1544 547 1592 tatem
570 1551 817 1605 persona:
844 1535 1013 1605 Filius
1040 1535 1135 1591 Dei
1168 1544 1276 1592 est.
1301 1536 1589 1607 Amplius:
1631 1522 1731 1606 Qui
1771 1537 1950 1593 homi-

298 1628 301 1633 '
376 1640 502 1701 nem
527 1624 631 1657 “"1
664 1632 801 1679 erat.
828 1632 1232 1694 assumpturus,
1274 1634 1535 1682 venturus
1579 1634 1698 1683 erat
1747 1627 1814 1682 ad
1851 1642 1951 1698 pu~

376 1713 647 1784 guandum
692 1722 881 1770 contra
935 1714 1227 1779 diabolum,
1274 1723 1330 1769 et
1379 1716 1448 1772 ad
1480 1716 1945 1783 intercedendum,

2056 801 2202 860 enim
2254 802 2441 861 falsam
2476 803 2570 859 Dei
2617 811 3010 875 praesumentes
3055 803 3459 860 similitudinem
3504 818 3625 874 spe-

2058 892 2251 949 cialius
2273 909 2530 964 peccasse
2562 895 2839 961 videntur,
2872 894 3122 966 quivere
3148 894 3242 949 Dei
3281 893 3455 955 Patris
3480 894 3634 951 simi-

2056 980 2226 1038 litudo
2250 984 2509 1041 creditur.

2539 1099 2765 1157 CAPUT
2803 1101 2868 1158 γι
2899 1101 2994 1175 [αι.
3030 1101 3144 1175 iV].

2057 1211 2330 1278 Quomoao
2356 1212 2409 1267 in
2430 1210 2635 1267 Christo
2658 1230 2761 1285 non
2784 1222 2903 1269 sunt
2926 1214 3044 1268 cluat
3063 1230 3319 1285 peracute,
3350 1214 3485 1269 sicut
3505 1220 3632 1269 sunt

2652 1283 2773 1337 dum
2810 1290 3032 1337 naturae.

2124 1372 2375 1445 Suscepit
2403 1382 2582 1430 autem
2602 1373 2657 1430 in
2683 1374 2949 1457 unitatem
2976 1388 3221 1445 personae
3244 1373 3546 1443 hominem,
3570 1385 3629 1431 ut

2052 1466 2254 1523 dictum
2278 1474 2391 1534 est,
2423 1474 2482 1521 ut
2506 1466 2616 1522 sint
2654 1465 2775 1522 duae
2804 1472 3017 1520 natura:
3047 1482 3061 1519 :
3094 1464 3274 1520 divina
3327 1463 3531 1520 scilicet
3574 1474 3630 1520 et
3712 1522 3715 1527 _

2050 1556 2284 1612 humana
2303 1597 2320 1624 ,
2343 1572 2445 1613 una
2464 1571 2719 1630 persona.
2747 1557 2820 1612 De
2839 1571 2944 1627 qua
2957 1546 3163 1612 unitate
3179 1568 3441 1627 personae,
3470 1569 3630 1623 quam

2056 1644 2379 1700 firmissima!
2405 1647 2676 1701 credimus
2706 1660 2827 1701 esse
2854 1660 2960 1701 non
2982 1660 3048 1701 ex
3073 1645 3281 1701 duabus
3306 1643 3631 1716 personissin

2052 1733 2299 1800 Christo;
2335 1744 2513 1788 tamen
2539 1735 2661 1804 quia
2687 1740 2866 1805 potest
2902 1732 3009 1788 dici
3052 1733 3194 1788 unde
3236 1748 3426 1803 parum
3474 1740 3633 1789 caute

374 1805 517 1894 sicut
545 1803 655 1860 dixi
704 1819 809 1894 pro
865 1805 1172 1861 hominibus
1200 1806 1293 1838 ⁸³⁷³
1322 1823 1335 1860 :
1366 1806 1459 1876 qui
1490 1807 1672 1874 ambo,
1702 1807 1950 1865 diabolus
1979 1810 1981 1816 ⁴

2052 1824 2385 1879 intuentibus
2407 1803 2575 1879 videri
2611 1803 2782 1894 possit
2812 1822 3064 1879 Christus
3111 1837 3180 1879 ex
3229 1822 3437 1879 duabus
3473 1831 3530 1879 et
3577 1824 3630 1878 in

373 1892 580 1948 scilicet
618 1899 675 1948 et
700 1892 865 1949 homo
911 1908 1011 1965 per
1059 1895 1301 1965 rapinam
1345 1909 1405 1951 se
1440 1896 1729 1952 voluerunt
1773 1899 1951 1953 facere

370 1980 579 2036 similes
600 1982 732 2048 Deo,
764 1997 884 2038 cum
911 1983 1126 2052 propria
1150 1982 1260 2038 sint
1284 1984 1367 2040 usi
1402 1984 1697 2041 voluntate.
1730 1986 1794 2040 Et
1824 1986 1951 2057 quia

373 2085 474 2141 per
497 2071 742 2141 rapinam
784 2071 1094 2137 voluerunt,
1119 2062 1333 2131 nonnisi
1374 2089 1472 2144 per
1501 2074 1794 2153 falsitatem
1826 2077 1948 2142 ‘3“;
2016 2076 2017 2079 ‘

370 2159 625 2227 quoniam
679 2161 894 2216 nonnisi
953 2160 1151 2228 injuste
1208 2170 1502 2230 potuerunt
1554 2163 1671 2229 F'“.
1712 2146 1948 2236 \Propria

376 2250 523 2305 «tim
548 2249 799 2305 voluntas
837 2249 1168 2320 angeli-sive
1206 2252 1441 2308 hominis
1463 2261 1566 2319 est,
1608 2268 1731 2325 quae
1754 2264 1948 2311 contra

372 2336 703 2411 voluntatem
748 2336 991 2391 Deieest.
1035 2335 1168 2393 Cum
1206 2340 1350 2396 enim
1397 2343 1511 2398 vult
1554 2343 1773 2413 aliquis"
1801 2343 1972 2415 quod.

371 2425 512 2482 Deus
540 2426 675 2481 velle
717 2426 1000 2496 prohibet,
1049 2428 1251 2484 nullum
1302 2431 1465 2486 habet
1509 2441 1788 2488 auctorem
1826 2449 1937 2489 sua:

367 2514 849 2581 voluntatis,‘nisi-
871 2517 1160 2588 seipsum;
1189 2527 1267 2575 et.
1293 2521 1416 2577 ideo
1438 2536 1541 2575 sua
1580 2523 1799 2592 propria
1844 2532 1947 2579 est.

370 2603 528 2671 Nam,
566 2606 814 2675 quamvis
860 2606 1022 2663 homo
1071 2608 1403 2666 voluntatem
1454 2626 1617 2666 suam.
1657 2611 1949 2683 aliquando

369 2695 567 2750 subdat
609 2694 873 2752 voluntati
919 2696 1146 2753 alterius
1176 2698 1440 2766 hominis,
1489 2701 1710 2772 propria
1766 2711 1962 2757 tamen,

372 2793 480 2848 est,
511 2785 556 2839 si
584 2795 776 2840 contra
810 2786 977 2843 Deum
1006 2797 1118 2853 est;
1147 2790 1400 2853 quoniam
1432 2806 1539 2846 non
1569 2806 1689 2846 eam
1730 2792 1943 2859 subdit,

370 2875 473 2930 nisi
494 2879 551 2929 ut
581 2875 648 2929 ad
674 2874 905 2945 aliquid,
932 2879 1075 2947 quod
1099 2879 1193 2912 ¹³⁸²
1219 2879 1350 2945 vult,
1374 2881 1719 2952 attingat;ct
1743 2883 1947 2940 idcirco

374 2966 609 3035 seipsum
641 2966 805 3020 habet
846 2976 1122 3024 auctorem
1151 2985 1248 3025 cur
1276 2986 1395 3026 eam
1423 2970 1513 3026 alii
1541 2974 1757 3028 subdat.
1795 2973 1944 3041 Qua-
1998 2996 2005 3000 θ

367 3064 592 3127 propter
634 3058 850 3127 propria
904 3059 1156 3116 voluntas
1206 3068 1321 3128 est,
1365 3076 1488 3132 quae
1537 3063 1669 3120 nulli
1719 3064 1812 3120 alii
1861 3074 1945 3121 est

370 3142 610 3203 subdita.
641 3148 822 3204 Solius
852 3158 1033 3205 autem
1072 3153 1165 3207 Dei
1196 3164 1281 3208 est
1314 3156 1585 3224 propriam
1606 3157 1823 3214 habere
1848 3174 1942 3215 vo-
1973 3142 2020 3202 θ

356 3234 661 3300 'luntatem,
695 3235 882 3302 idest,
926 3252 1046 3306 qua:
1077 3238 1203 3293 uuili
1236 3241 1449 3297 subdita
1484 3243 1576 3297 sit.
1619 3244 1942 3317 Quicunque

370 3325 533 3398 igitur
560 3322 1082 3396 propria.voluntate
1105 3332 1297 3395 utitur,
1319 3332 1385 3387 ad
1410 3333 1818 3391 similitudinem
1847 3337 1940 3392 Dei

366 3430 465 3487 per
495 3417 739 3485 rapinam
782 3417 998 3485 nititur,
1030 3427 1086 3473 et
1134 3419 1300 3475 Deum
1339 3424 1560 3493 propria
1596 3424 1860 3495 dignitate
1888 3439 1945 3483 et

366 3503 971 3575 singulariexceiientia
1009 3508 1246 3577 privare,
1284 3520 1545 3579 quantum
1594 3512 1647 3567 in
1693 3514 1810 3583 ipso
1836 3524 1941 3579 est,

372 3596 736 3652 convincitur.
785 3596 842 3651 Si
872 3597 1016 3652 enim
1053 3606 1136 3653 est
1162 3598 1267 3655 alia
1295 3600 1473 3671 aliqua
1515 3602 1767 3663 voluntas
1788 3644 1803 3670 ,
1832 3604 1940 3676 47

362 3701 486 3756 qua:
517 3684 648 3741 nulli
673 3687 889 3741 subdita
912 3688 1012 3753 sit,
1047 3703 1152 3743 non
1174 3690 1277 3744 erit
1301 3688 1549 3747 voluntas
1572 3693 1666 3749 Dei
1692 3695 1944 3752 omnibus

364 3775 607 3846 prmiata,
636 3792 733 3833 nec
762 3778 875 3849 ipsa
911 3781 1016 3834 erit
1040 3780 1151 3836 sola
1169 3762 1396 3848 ""ﬂcui
1424 3783 1566 3837 nulla
1601 3784 1706 3839 alia
1733 3787 1939 3855 praesit.

368 3863 525 3920 Nulla
565 3864 729 3937 igitur
785 3864 941 3923 trium
989 3884 1337 3939 personarum
1396 3872 1489 3927 Dei
1549 3876 1938 3945 congruentius

363 3959 713 4030 semetipsam
754 3960 1039 4015 exinanivit
1076 3961 1299 4029 formam
1329 3964 1462 4017 servi
1502 3966 1759 4035 accipiens
1788 3966 1941 4036 (Phi-

364 4049 462 4119 lip.
495 4065 555 4115 ιι,
581 4052 657 4121 7),
680 4050 746 4105 ad
778 4050 1153 4112 debellandum
1191 4053 1482 4124 diabolum,
1520 4064 1574 4111 et
1603 4057 1943 4115 interceden-

363 4145 494 4201 dum
523 4160 620 4215 pro
644 4146 882 4221 homine,
921 4146 1012 4215 qui
1052 4161 1149 4215 per
1181 4148 1426 4218 rapinam
1468 4150 1658 4206 falsam
1690 4153 1944 4209 similitu-

365 4236 551 4292 dinem
610 4236 703 4291 Dei
751 4247 1210 4308 prmsumpserant
1261 4240 1357 4273 ¹³⁸δ
1412 4257 1573 4312 quam
1627 4244 1783 4312 Filii,
1848 4248 1941 4318 qui

361 4328 619 4399 splendor
648 4328 782 4385 lucis
806 4339 1060 4401 aeterna},
1091 4339 1145 4387 et
1181 4347 1307 4389 vera
1346 4333 1528 4390 Patris
1574 4336 1789 4409 imago,
1837 4334 1943 4395 non

2054 1914 2261 1971 duabus
2290 1915 2536 1987 personis
2559 1915 2830 1981 existere,
2870 1930 2978 1971 non
3025 1914 3212 1971 inutile
3245 1915 3376 1969 mihi
3421 1916 3633 1970 videtur

2052 2007 2254 2079 aliquid
2284 2008 2486 2064 dicere.
2521 2008 2714 2063 Dicunt
2738 2007 2881 2062 enim
2899 2006 3117 2077 quidam
3148 2023 3162 2060 :
3193 2004 3473 2072 Quomodo
3499 2004 3631 2059 dici-

2052 2113 2173 2152 mus
2204 2094 2295 2129 ¹³⁸⁶
2344 2098 2396 2152 in
2433 2097 2649 2154 Christo
2690 2111 2797 2153 non
2833 2109 2957 2152 esse
3001 2094 3135 2150 duas
3176 2109 3436 2164 personas
3489 2093 3631 2153 sicut

2049 2188 2184 2244 duas
2207 2196 2447 2244 naturas.
2478 2187 2615 2245 Nam
2643 2188 2789 2244 Deus
2812 2197 2871 2242 et
2896 2196 3029 2243 ante
3043 2187 3277 2243 hominis
3302 2186 3639 2257 assumptio-.

2045 2292 2172 2347 nem
2201 2294 2432 2349 persona
2461 2288 2577 2335 erat
2603 2295 2618 2347 ;
2666 2294 2766 2335 nec
2793 2286 3077 2349 postquam
3105 2276 3378 2331 hominem
3422 2291 3631 2331 assum-

2048 2368 2153 2439 psit
2166 2382 2394 2438 persona
2406 2367 2612 2423 destitit
2636 2381 2757 2423 esse
2782 2383 2796 2421 :
2822 2374 2878 2421 et
2890 2366 3050 2421 homo
3068 2372 3379 2433 assumptus
3390 2376 3624 2434 persona

2050 2470 2164 2526 est;
2196 2459 2322 2529 quia
2355 2459 2532 2515 omnis
2557 2458 2720 2514 homo
2766 2456 3077 2512 individuus
3121 2469 3242 2511 esse
3283 2468 3511 2524 persona
3540 2468 3634 2515 co—

2050 2554 2344 2625 gnoscitur.
2376 2551 2559 2619 Quare
2603 2549 2712 2606 alia
2739 2547 2829 2582 ¹³⁸⁷
2870 2556 2954 2603 est
2982 2560 3209 2618 persona
3232 2544 3363 2611 Dei,
3390 2558 3509 2615 quae
3530 2542 3651 2599 fuit.
3678 2561 3681 2565 ·

2050 2651 2175 2698 ante
2198 2642 2655 2706 incarnationem,
2693 2638 2797 2695 alia
2826 2637 3063 2696 hominis
3105 2636 3367 2706 assumpti
3423 2652 3437 2690 :
3478 2636 3652 2701 ‘sicut-

2050 2731 2212 2801 igitur
2238 2730 2487 2787 Christus
2516 2737 2600 2785 est
2638 2728 2782 2785 Deus
2838 2735 2897 2782 et
2948 2725 3146 2801 homo:
3199 2724 3274 2779 ita
3305 2724 3509 2781 dmein
3535 2724 3635 2780 illo

2049 2822 2301 2877 videntur
2336 2837 2455 2877 esse
2493 2826 2759 2891 pcrsontn.
2812 2817 2944 2885 Quae
2985 2815 3332 2883 ratiocinatio
3385 2830 3484 2884 per
3528 2815 3633 2870 hoc

2046 2910 2262 2965 videtur
2282 2911 2514 2981 probare
2541 2910 2675 2967 duas
2703 2922 2824 2965 esse
2846 2920 3107 2978 personas
3134 2906 3187 2959 in
3210 2900 3428 2970 Christo
3448 2945 3465 2971 ,
3503 2904 3632 2974 quia

2046 3006 2101 3055 et
2122 2999 2269 3055 Deus
2294 3007 2377 3054 cst
2400 3012 2653 3068 persona,
2680 3004 2735 3053 et
2760 2997 2922 3053 homo
2945 3002 3257 3066 assumptus
3272 3003 3354 3050 est
3373 2994 3627 3065 perSona.

2050 3088 2158 3147 Sed
2187 3105 2293 3145 non
2321 3090 2396 3146 ita
2423 3101 2526 3145 est.
2577 3088 2731 3146 Sicut
2772 3089 2922 3145 enim
2952 3089 3005 3143 in
3053 3090 3163 3144 Deo
3192 3102 3298 3143 una
3325 3095 3516 3142 natura
3543 3095 3631 3143 est
3697 3161 3703 3167 _

2050 3180 2233 3252 plures
2256 3194 2502 3250 personae
2520 3221 2534 3245 ,
2564 3187 2619 3234 et
2646 3178 2839 3249 plures
2855 3193 3100 3250 personae
3120 3184 3250 3233 sunt
3271 3192 3377 3232 una
3401 3184 3626 3242 natura;

2046 3268 2120 3324 ita
2151 3268 2204 3323 in
2230 3267 2447 3322 Christo
2473 3257 2578 3322 una
2605 3282 2835 3338 persona
2859 3275 2944 3322 est
2970 3267 3149 3335 plures
3173 3265 3410 3345 naturae,
3442 3274 3497 3319 et
3516 3263 3631 3333 piu-

2046 3372 2135 3413 res
2165 3368 2372 3413 naturae
2400 3366 2526 3413 sunt
2552 3372 2655 3412 una
2696 3371 2949 3428 persona.
2997 3356 3459 3424 Quemadmodum
3483 3355 3640 3418 enim,

2044 3445 2205 3502 Pater
2224 3455 2310 3502 est
2330 3446 2470 3502 Deus
2494 3485 2512 3513 ,
2536 3455 2593 3509 et
2616 3446 2787 3501 Filius
2816 3453 2899 3502 est
2932 3446 3107 3511 Deus,
3130 3454 3188 3501 et-
3212 3445 3449 3517 Spiritus
3494 3459 3627 3499 san-

2044 3543 2163 3590 ctus
2185 3542 2267 3617 est
2306 3534 2476 3600 Deus;
2507 3541 2562 3590 et
2591 3542 2774 3589 tamen
2790 3540 3048 3596 nontres
3068 3532 3177 3600 dii,
3230 3531 3325 3587 sed
3362 3546 3501 3585 unus
3544 3540 3648 3586 est.

1988 3676 1989 3679 η
2047 3625 2222 3691 Deus;
2258 3622 2334 3678 ita
2359 3622 2413 3678 in
2436 3622 2652 3678 Christo
2682 3623 2827 3678 Deus
2853 3628 2940 3676 est
2965 3634 3231 3691 persona,
3261 3628 3316 3675 et
3356 3620 3517 3675 homo
3546 3630 3633 3675 est

2045 3726 2309 3783 persona,
2340 3726 2440 3768 nec
2469 3720 2645 3767 tamen
2689 3710 2817 3767 duae.
2833 3720 2961 3766 sunt
2994 3710 3369 3781 personae,sed
3403 3710 3495 3742 ’⁸⁸⁸
3524 3725 3634 3765 una
3682 3778 3683 3781 η

2043 3816 2293 3869 persona.
2324 3800 2437 3855 Non
2465 3801 2610 3857 enim
2637 3808 2719 3856 est
2752 3800 2890 3855 alius
2943 3801 3115 3867 Deus,
3172 3799 3310 3856 alius
3362 3800 3526 3854 homo
3570 3801 3633 3855 in

2043 3891 2291 3958 Christo,
2321 3892 2746 3962 quamvis.aiiud
2793 3893 2864 3947 sit
2894 3892 3065 3957 Deus,
3092 3892 3241 3946 aliud
3290 3894 3487 3956 homo;
3532 3893 3631 3948 sed

2045 3983 2185 4039 idem
2222 3983 2334 4054 ipse
2356 3991 2441 4038 est
2471 3982 2612 4037 Deus
2632 4024 2647 4050 ,
2675 3982 2766 4053 qui
2800 3991 2853 4037 et
2885 3982 3047 4038 homo
3067 3981 3187 4034 ’¹²⁸⁹.
3217 3981 3451 4037 Verbum
3481 3982 3628 4036 enim

2045 4087 2171 4131 caro
2198 4072 2396 4127 factum
2434 4071 2726 4141 assumpsit
2762 4079 3010 4125 naturam
3054 4071 3245 4138 aliam,
3301 4087 3403 4125 non
3458 4070 3623 4125 aliam

2044 4175 2351 4231 personam.
2384 4158 2517 4213 Nam
2538 4200 2553 4223 ,
2579 4174 2701 4214 cum
2734 4158 3007 4229 profertur
3030 4199 3045 4223 ,
3094 4159 3256 4214 homo
3285 4168 3477 4215 natura
3509 4168 3629 4215 tan—

2046 4260 2155 4308 tum
2178 4290 2194 4315 ,
2222 4265 2341 4320 quae
2368 4249 2672 4304 communis
2700 4257 2781 4303 est
2805 4250 3058 4304 omnibus
3080 4249 3389 4305 hominibus
3408 4290 3424 4316 ,
3463 4251 3634 4326 signi-

2047 4344 2258 4400 iicatur.
2288 4340 2421 4397 Cum
2446 4356 2574 4396 vero
2597 4340 3025 4395 demonstrative
3052 4341 3282 4395 dicimus
3316 4342 3513 4411 istumj,
3548 4344 3628 4396 vel

360 4417 601 4487 rapinam
627 4418 911 4474 arbitratus
929 4430 1005 4475 est
1031 4437 1140 4476 esse
1160 4439 1213 4477 se
1242 4424 1495 4493 a’qualem
1524 4425 1634 4482 Deo
1657 4428 1832 4499 (ibid.,
1854 4429 1935 4505 _6);
1965 4477 1981 4537 1

360 4522 547 4537 —n--cm
586 4523 683 4537 nn-
726 4524 912 4537 ..Α--..ι
986 4512 1351 4537 M-....I!s-a-_.
1411 4524 1460 4537 ,Α
1512 4516 1728 4537 ,8..-9ν-ν,
1752 4519 1817 4537 nd
1840 4534 1851 4537 -
1879 4535 1903 4537 μ

2047 4435 2197 4503 illum
2233 4434 2505 4507 hominem
2524 4474 2539 4499 ,
2565 4431 2651 4489 vel
2680 4433 2900 4504 proprio
2921 4432 3141 4488 nomine
3170 4429 3351 4488 Jesum
3381 4473 3395 4497 ,
3444 4446 3630 4502 perso-

355 4522 548 4563 verum
586 4523 683 4578 per
726 4524 913 4565 veram
986 4512 1354 4583 aequalitatem
1406 4524 1463 4571 et
1508 4516 1938 4589 similitudinem,

355 4598 498 4654 dixit
526 4617 540 4653 :
574 4598 687 4669 Ego
714 4609 761 4653 et
794 4600 955 4656 Pater
981 4619 1141 4657 unum
1175 4620 1355 4659 sumus
1384 4605 1564 4677 (Joan.
1600 4623 1654 4673 κ,
1678 4609 1812 4681 50);
1843 4620 1937 4666 et:

358 4689 472 4755 Qui
493 4689 627 4742 videt
653 4705 764 4755 me,
794 4691 928 4744 videt
958 4701 1005 4746 et
1040 4691 1252 4767 Patrem
1275 4695 1456 4767 (Joan.
1486 4712 1599 4764 XIV,
1630 4699 1705 4769 9).
1748 4699 1939 4759 Nullus

354 4793 598 4850 namque
638 4778 840 4849 justius
869 4792 1143 4860 expugnat
1186 4800 1360 4854 reum,
1389 4786 1474 4843 vel
1509 4790 1683 4857 punit,
1722 4800 1817 4847 aut
1858 4793 1935 4849 illi

2050 4542 2173 4583 nam
2233 4526 2576 4599 designamus
2634 4540 2755 4595 quae
2802 4540 2926 4581 cum
2987 4533 3180 4579 natura
3255 4522 3631 4580 collectionem

2048 4617 2213 4672 habet
2259 4616 2680 4686 proprietatum,
2710 4604 2938 4691 quibus
2991 4615 3154 4669 homo
3208 4614 3511 4669 communis
3562 4613 3637 4669 sit

2046 4705 2301 4777 singulus,
2321 4706 2413 4738 ιω
2432 4744 2448 4771 ,
2472 4715 2527 4759 et
2549 4703 2617 4759 ab
2644 4703 2765 4760 aliis
2802 4704 3031 4787 singulis
3073 4704 3441 4775 distinguitur.
3467 4702 3628 4767 Nam,

2048 4813 2172 4855 cum
2195 4798 2270 4854 ita
2291 4797 2635 4869 designatur,
2662 4811 2768 4871 non
2811 4796 3037 4868 quilibet
3062 4795 3225 4852 homo
3276 4794 3623 4867 intelligitur;

1662 4944 1896 5003 VARUE
1934 4944 2335 5007 LECTIONES.

429 5047 827 5130 “'iExceilunt
855 5049 1081 5130 lli‘iioms.
1108 5050 1300 5130 _C_ister.
1324 5055 1593 5130 excellent
1622 5047 1731 5130 lilio
1808 5062 1900 5103 “7‘
1932 5060 2080 5118 Satis
2109 5062 2521 5119 convenientius
2561 5080 2686 5118 mss.
2720 5060 3130 5119 convenientius
3161 5063 3295 5119 satis
3370 5065 3462 5096 ’³⁷⁷
3489 5047 3628 5121 Aliis

356 5118 665 5205 ειιρρξξφεετᾳ
702 5135 802 5205 ius.
850 5120 1036 5205 Cister.
1073 5123 1549 5205 aliinsuppiica‘re
1618 5129 1711 5161 ¹⁸⁷⁸
1740 5130 1842 5197 Qui
1889 5132 2162 5205 hominem
2200 5148 2322 5205 jus.
2374 5130 2504 5205 Vict.
2532 5133 2584 5187 3.
2622 5134 2665 5205 si
2690 5118 2976 5205 hominem
3003 5118 3289 5205 mi'f’Pro
3314 5118 3643 5193 hominibus

357 5207 459 5243 uta.
489 5189 812 5270 astet-mpm
860 5191 1074 5270 homine
1108 5269 1113 5270 γ
1149 5192 1239 5239 “9°
1271 5189 1378 5249 Nisi
1431 5195 1718 5270 falsitatem
1750 5189 1900 5270 τηεμ.
1929 5193 1977 5254 ἐι
2012 5200 2158 5254 Edit.
2186 5198 2487 5270 Gothqnisi
2511 5216 2607 5270 per
2632 5201 2922 5257 falsitatem
2999 5200 3088 5232 ”'“
3113 5200 3316 5270 injuste
3342 5189 3634 5268 voluerunt

357 5251 923 5339 niss._et.§tii£.goth.
958 5260 1153 5339 injuste
1178 5272 1470 5339 potuerunt
1519 5251 2945 5339 [enimaliquid«17.66‘nisl'fcalii(56}b1'si'3iiéii.
2998 5251 3634 5339 Victis.—
3714 5261 3726 5277 ’

358 5326 504 5394 quod
578 5326 669 5357 ⁸⁸⁸³
700 5327 813 5407 Erit
853 5330 965 5407 ipsa
984 5326 1119 5407 “sola
1162 5326 1287 5407 ritas.
1347 5331 1480 5407 i’ict.
1520 5326 1874 5407 Corb.Cistcr'.
1912 5326 2044 5393 Tini.
2076 5340 2244 5393 omitt.
2282 5341 2396 5407 ipsa
2472 5339 2564 5387 ³³⁸⁸
2594 5339 3022 5407 Praesumpserat
3059 5326 3381 5397 mu.Cor7b.V
3410 5326 3535 5393 Vict'.
3565 5342 3618 5394 5.

356 5406 777 5482 praesumpserit
802 5398 945 5482 Λί³⁸⁸
976 5400 1276 5482 Opponitur
1295 5402 1360 5454 ad
1400 5404 1716 5482 salvantlu‘m
1756 5398 1882 5482 mss.
1913 5409 2201 5482 apponitur
2228 5398 3081 5482 ad:sanandumjfditio'Col/rica
3106 5413 3392 5482 apponitur
3412 5408 3619 5482 adussi-

360 5464 628 5533 vantiumﬂ
673 5464 761 5495 ¹³⁸⁶
800 5464 1077 5528 Quomodo
1130 5471 1265 5533 dicis
1322 5487 1445 5525 mss.
1480 5484 1526 5525 et
1562 5473 1704 5527 ΕΔΗ.
1754 5464 1914 5531 Goth.

1948 5477 2215 5546 quomodo
2256 5479 2486 5546 dicimus
2586 5477 2676 5509 “'7

2719 5478 2854 5545 Quia
2894 5480 2997 5534 alia
3033 5476 3254 5535 mssl'et
3287 5478 3429 5530 Edit.
3459 5476 3615 5532 Goth.

353 5536 541 5618 Quare
559 5532 663 5618 alia
761 5534 1282 5618 "“_D'qa:._sulnt,.scd
1313 5557 1435 5595 mss.
1478 5540 1606 5618 Vict.
1633 5544 1788 5618 (ἐστι).
1813 5532 2000 5602 Cister.
2034 5558 2079 5618 et
2110 5547 2255 5601 Edit.
2286 5544 2442 5618 Coth.
2470 5548 2586 5601 dum
2612 5532 3165 5618 suntpersonte,sed
3214 5532 3332 5578 7""
3368 5547 3534 5618 Deus.
3568 5542 3635 5603 et

360 5668 601 5743 {iugulus
646 5696 647 5701 η

357 5604 645 5691 quihme
662 5620 786 5659 mu.
818 5613 863 5661 et
899 5604 1036 5661 Edit.
1062 5605 1217 5664 Cotlt.
1248 5611 1410 5679 Deus,
1435 5613 1523 5683 qui
1555 5623 1608 5668 et
1643 5615 1801 5672 homo
1885 5619 1973 5649 "9°
2012 5617 2327 5673 Communis
2358 5618 2418 5673 iit
2453 5618 2679 5691 singulis
2714 5604 2838 5675 mss.
2874 5604 3034 5675 Corb.
3081 5617 3209 5684 Vict.
3236 5604 3540 5673 communis
3560 5620 3634 5683 iit.
