4226 6198
619 209 728 270 21$

1159 210 1217 266 s.
1255 207 1556 266 ANSELMI
1596 190 1948 261 eamme.
1994 203 2311 263 ARCHIEP.
2357 204 2509 261 om).
2551 204 2730 278 rsus
2768 206 2909 259 1.-
2948 207 3364 277 DOGMA'I‘ICA.

3763 212 3873 271 280

623 331 718 385 sed
741 331 832 401 qui
862 329 930 384 ab
957 326 1145 399 angelo
1165 324 1511 379 annuntia‘tus
1532 322 1622 354 ²”¹
1656 330 1740 377 est
1765 361 1779 388 ,
1813 321 1905 391 qui
1956 320 2101 382 Deus
2142 326 2200 375 et
2228 323 2273 378 Α
2302 326 2406 381 tur.
2438 316 2570 371 Nam
2598 328 2698 371 nec
2726 318 2891 381 Deum
2920 328 3309 391 nec'personas
3344 319 3461 401 ejus
3488 325 3693 394 cogitat
3720 368 3737 393 ,
3775 332 3871 386 sed

623 423 816 487 homo,
845 420 1011 475 Filius
1038 417 1130 471 Dei
1158 424 1213 471 et
1240 414 1409 471 Filius
1432 413 1673 488 Virginis
1700 423 1787 478 est
1815 428 1829 468 :
1860 423 1917 468 et
1936 412 2197 483 quidquid

2304 407 2411 476 tale
2437 406 2637 477 aliquid
2666 423 2681 481 ς
2709 407 2895 475 quales
2931 419 3056 472 sunt
3103 410 3285 481 plures
3328 395 3870 481 hunianzepersenae.

622 512 689 566 de
722 511 810 565 illo
836 510 1028 565 dicitur
1054 507 1176 575 "“,
1201 514 1295 561 aut
1320 508 1617 563 secundum
1648 506 1848 573 Deum,
1887 513 1979 559 aut
2004 516 2199 573 secun—
2302 498 2368 554 Et
2392 499 2521 568 quia
2546 497 2695 553 videt
2722 512 2888 553 unum
2932 501 3203 557 hominem
3227 499 3425 573 'plures
3453 517 3712 580 personas
3752 521 3875 567 esse

622 603 748 657 dum
779 598 1050 665 hominem
1077 639 1092 662 ,
1121 613 1307 655 verum
1336 600 1649 657 estdicere.
1684 595 1870 665 Neque
1892 595 2037 649 enim
2074 608 2202 664 per-
2299 603 2404 645 non
2436 591 2628 658 posse,
2690 598 2854 659 negat
2909 588 3015 645 hoc
3059 591 3232 660 ipsum
3277 591 3344 648 de
3391 591 3521 647 Deo.
3567 592 3684 648 Non
3724 594 3872 651 enim

620 689 879 744 sonaliter
920 685 1087 744 Filius
1124 690 1216 744 Dei
1247 688 1520 760 designari
1552 694 1730 756 potest
1770 686 1855 740 vel
1879 684 2151 741 nominari
2177 725 2193 750 ,

618 780 735 834 sine
766 778 876 835 tilio
904 780 1182 845 hominis;
1242 794 1341 834 nec
1392 778 1533 845 ﬁlius
1566 776 1842 840 hominis,
1898 777 2017 831 sine
2059 773 2197 830 Filio

620 869 715 923 Dei
741 870 904 939 ;quia
930 871 1071 924 idem
1103 871 1216 939 ipse
1251 877 1336 924 est
1361 868 1530 923 Filius
1553 866 1645 923 Dei
1664 907 1680 933 ,
1728 865 1821 936 qui
1850 865 1993 945 ﬁlius
2021 864 2196 921 homi-

616 957 737 1021 nis;
776 967 831 1013 ct
861 960 1047 1013 eadem
1071 967 1156 1012 est
1178 957 1369 1018 Verbi.
1399 966 1455 1012 et
1485 956 1748 1026 assumpti
1797 955 2033 1014 hominis
2064 970 2194 1037 pro-

613 1049 905 1120 prietatum
953 1048 1219 1104 collectio.
1273 1049 1619 1113 Diversarum
1668 1061 1797 1103 vero
1840 1061 2193 1117 personarum

617 1139 951 1211 impossibile
973 1150 1056 1195 est
1083 1140 1327 1195 eamdem
1355 1154 1475 1201 esse
1502 1139 1893 1209 proprietatum
1916 1138 2193 1195 collectio-

616 1248 741 1303 nem
770 1252 785 1300 ;
816 1243 911 1288 aut
945 1234 1011 1289 de
1035 1235 1266 1295 invicem
1292 1249 1384 1289 eas
1414 1232 1723 1304 praedicari.
1774 1231 1909 1285 Nam
1954 1238 2009 1283 et
2046 1230 2193 1285 Petri

616 1326 674 1378 et
712 1324 863 1378 Pauli
915 1338 1022 1378 non
1068 1332 1151 1378 est
1189 1324 1374 1377 eadem
1405 1322 1796 1393 proprietatum
1833 1318 2112 1385 collectio;
2138 1328 2195 1377 et

614 1410 808 1469 Petms
845 1427 950 1467 non
978 1413 1172 1467 dicitur
1198 1411 1397 1487 Paulus
1417 1452 1432 1475 ,
1466 1427 1565 1467 nec
1586 1411 1784 1468 Paulus
1818 1409 2026 1475 Petrus.
2055 1410 2190 1467 Cum

614 1518 743 1572 ergo
766 1502 1000 1559 Verbum
1025 1503 1116 1540 “9’
1143 1517 1273 1560 caro
1294 1502 1491 1559 factum
1516 1511 1597 1557 est
1615 1542 1632 1566 ,
1692 1494 1943 1558 natora'm
1974 1516 2190 1561 assume

615 1592 743 1663 psit,
762 1609 881 1663 quae
899 1594 1010 1648 sola
1034 1594 1253 1649 nomine
1278 1593 1515 1651 hominis
1536 1592 1963 1664 signiﬁcatur,ct
1981 1606 2195 1665 semper

2297 679 2501 735 idcirco
2528 678 2785 733 dicuntur
2811 687 2921 735 tres
2964 692 3247 749 personae,
3290 681 3423 751 quia.
3464 682 3575 737 sint
3625 693 3735 739 tres
3783 701 3872 741 res

2296 778 2593 839 separatze,
2618 769 2755 824 sicut
2782 778 2893 827 tres
2924 770 3203 838 homines;
3254 772 3349 828 sed
3397 768 3523 842 quia
3563 773 3872 830 similitudi-

2296 874 2418 917 nem
2449 860 2648 917 habent
2669 860 2958 938 quamdam
2983 876 3107 922 cum
3132 861 3302 918 tribus
3322 863 3867 941 scparatispersonis,

2297 951 2715 1014 Consideremus
2760 952 2865 1013 hoc
2902 953 2957 1008 in
3006 952 3168 1025 Patre
3216 964 3273 1009 et
3322 953 3488 1019 Filio,
3537 964 3593 1010 et
3640 955 3872 1027 idipsum

2296 1041 2627 1113 intelligatur
2658 1041 2956 1113 de‘Spiritu
2977 1032 3184 1099 sancto.
3213 1043 3486 1119 Ponamus
3504 1044 3669 1116 igitur
3691 1047 3871 1103 homi-

2294 1148 2417 1188 nem
2448 1134 2541 1204 qui
2565 1142 2772 1189 tantum
2802 1135 2874 1190 sit
2898 1142 3080 1205 pater,
3121 1143 3177 1189 et
3217 1149 3323 1190 non
3364 1133 3546 1199 illius;
3602 1145 3656 1190 et
3701 1136 3870 1193 tilium

2294 1223 2411 1293 ejus
2435 1266 2451 1292 ,
2482 1225 2575 1296 qui
2606 1234 2813 1299 tantum
2850 1225 2993 1281 illius
3024 1226 3114 1258 ””
3147 1226 3245 1292 sit,
3277 1233 3332 1281 et
3359 1240 3466 1280 non
3490 1236 3673 1297 pater;
3705 1228 3758 1283 id
3786 1238 3873 1285 est

2293 1315 2466 1371 Adam
2487 1326 2540 1372 et
2561 1316 2717 1372 Abel.
2747 1317 2989 1373 Dicimus
3012 1318 3195 1388 itaque
3224 1317 3289 1373 de
3307 1318 3477 1372 Adam
3508 1327 3691 1389 patre,
3726 1330 3782 1376 et
3806 1323 3873 1378 de

2294 1392 2427 1461 Abel
2451 1405 2563 1460 tllio
2582 1406 2675 1438 “°°
2700 1446 2716 1472 ,
2753 1407 2880 1476 quia
2905 1417 3058 1477 pater
3080 1422 3186 1462 non
3214 1414 3297 1462 est
3329 1405 3490 1471 ﬁlius,
3520 1416 3577 1461 et
3598 1408 3740 1463 illius
3760 1424 3870 1466 non

2295 1504 2380 1553 est
2398 1505 2591 1568 pater;
2623 1480 2881 1566 quoniam
2911 1496 3018 1552 duo
3050 1496 3299 1551 homines
3343 1506 3398 1550 et
3441 1506 3707 1565 separatae
3746 1512 3873 1565 per-

2296 1595 2590 1653 sonaesunt
2618 1587 2789 1643 Adam
2820 1595 2875 1642 et
2914 1586 3081 1652 Abel,
3131 1601 3232 1641 nec
3279 1593 3364 1640 cst
3418 1583 3571 1651 cujus
3615 1585 3757 1639 illius
3804 1587 3877 1642 sit

616 1696 703 1743 est
728 1688 829 1744 alia
852 1704 880 1742 a
907 1689 1085 1743 divina
1114 1700 1338 1755 natura;
1370 1705 1473 1744 non
1501 1688 1664 1744 aliam
1688 1689 1978 1760 assumpsit
2004 1704 2191 1759 perso-
2222 1669 2265 1728 Β
2292 1680 2466 1735 Adam
2497 1686 2589 1733 aut
2617 1678 2771 1747 cujus
2796 1686 2953 1747 pater
2980 1677 3050 1747 sit
3078 1670 3213 1732 Abel
3243 1674 3354 1728 “°‘.
3388 1674 3479 1730 Sic
3510 1674 3696 1749 itaque
3738 1676 3877 1734 late-

613 1794 774 1846 uam,
807 1782 1060 1849 quoniam
1090 1782 1336 1836 eamdem
1354 1783 1517 1841 habet
1536 1797 1656 1836 cum
1682 1789 1959 1838 assumpto
1974 1782 2193 1851 homine

618 1870 1007 1940 proprietatum
1068 1870 1460 1926 collectionem.
1520 1870 1637 1926 Non
1700 1873 1843 1927 enim
1911 1874 2051 1927 idem
2111 1883 2194 1930 est

611 1963 779 2019 homo
809 1971 1204 2033 et'assumptus
1245 1979 1275 2018 a
1310 1962 1485 2019 Verbo
1533 1964 1727 2028 homo,
1779 1964 1835 2019 id
1876 1974 1959 2019 est
2005 1965 2187 2033 Iesus;

613 2055 867 2124 quoniam
896 2056 950 2111 in
979 2056 1195 2112 nemine
1227 2055 1461 2110 hominis
1486 2095 1501 2117 ,
1522 2054 1664 2127 sicut
1691 2054 1893 2115 dietum
1924 2063 2008 2111 est
2034 2096 2049 2121 ,
2077 2056 2190 2111 sola

594 2142 930 2213 intelligitur
958 2151 1180 2215 natura;
1210 2144 1261 2198 in
1290 2153 1564 2214 assumpto
1586 2159 1716 2200 vero
1738 2144 1990 2208 homine,
2020 2145 2103 2201 vel
2134 2146 2189 2201 iu

504 2274 509 2278 .
612 2235 833 2295 nomine
854 2233 977 2301 Iesu
1004 2234 1359 2305 ,intelligitur
1381 2250 1504 2289 cum
1540 2244 1734 2290 natura
1761 2276 1775 2298 ,
1838 2236 1891 2291 id
1934 2246 2019 2292 est
2066 2252 2193 2293 cum

613 2324 871 2390 homine,
923 2323 1166 2379 collectio
1217 2324 1608 2394 proprietatum
1637 2365 1653 2389 ,
1710 2340 1831 2395 qua:
1876 2335 1959 2381 cst
2002 2327 2192 2381 eadem

612 2414 786 2470 cidem
816 2426 1092 2484 assumpto
1121 2416 1327 2472 homini
1360 2424 1417 2472 et
1453 2415 1651 2472 Verbo.
1700 2417 2039 2488 Quapropter
2086 2434 2192 2475 non

613 2506 844 2569 dicimus
868 2507 1105 2563 Verbum
1128 2547 1142 2573 ,
1170 2516 1225 2563 et
1244 2508 1564 2578 simpliciter
1592 2510 1867 2577 hominem
1891 2550 1930 2575 ,.
1946 2510 2195 2584 eamdem

611 2613 733 2656 esse
762 2612 1077 2670 personam;
1108 2615 1174 2655 ne
1202 2616 1310 2656 non
1339 2596 1517 2673 magis
1548 2600 1792 2667 dicamus
1844 2586 1991 2655 illum
2018 2599 2193 2655 homi-

610 2706 735 2746 nem
778 2692 1020 2747 eamdem
1076 2705 1197 2746 esse
1225 2706 1537 2761 personam
1593 2707 1716 2746 cum
1763 2691 1975 2757 Verbo,
2029 2705 2191 2761 quam

612 2782 906 2852 quemlibet
936 2782 1205 2838 hominem
1225 2758 1361 2846 {sed
1386 2780 1620 2841 Verbum
1639 2822 1653 2849 ,
1683 2789 1739 2836 et
1785 2779 1931 2835 illum
1981 2758 2195 2849 assum;
2222 2856 2225 2857 ν

578 2880 763 2942 'ptum
794 2871 1105 2940 hominem,
1136 2870 1191 2927 id
1213 2880 1297 2927 est
1321 2869 1540 2938 Iesum;
1581 2871 1722 2927 sicut
1760 2876 1869 2927 nun
1916 2873 2189 2929 credimus

608 2962 855 3017 eumdem
887 2962 1162 3017 hominem
1184 2963 1438 3051 eamdem‘
1476 2962 1795 3032 simpliciter
1829 2977 1951 3020 esse
2001 2978 2190 3033 perso-
2217 2994 2260 3052 ο

606 3064 733 3108 nam
760 3050 880 3110 cum
904 3054 1015 3110 Deo
1038 3097 1055 3123 ,
1084 3056 1177 3111 sed
1207 3070 1329 3111 cum
1354 3039 1445 3113 illa
1471 3070 1703 3131 persona
1728 3096 1745 3123 ,
1795 3072 1919 3128 qum
1945 3054 2191 3130 Verbum~

603 3146 703 3199 1'“
723 3145 893 3202 Filius
921 3156 1044 3213 est,
1074 3162 1144 3202 ne
1165 3147 1409 3218 conﬁteri
1456 3148 1739 3206 videamur
1786 3147 1962 3217 ipsum
2010 3147 2190 3203 homi—

605 3249 763 3301 nem,
786 3251 1070 3305 personam
1098 3239 1343 3292 eamdem
1375 3252 1498 3294 esse
1521 3277 1535 3301 ,
1571 3252 1692 3306 quae
1722 3238 1883 3292 Pater
1927 3246 2010 3294 est
2030 3277 2046 3303 ,
2095 3245 2191 3292 aut

608 3325 846 3395 Spiritus
874 3334 1110 3382 sanctus.
1149 3326 1255 3382 Sed
1285 3327 1539 3398 quoniam
1564 3335 1620 3381 et
1649 3325 1885 3382 Verbum
1912 3336 1997 3382 est
2020 3327 2186 3393 Deus,

605 3422 659 3481 et
688 3414 775 3469 ille
803 3423 1110 3486 assumptus
1131 3416 1292 3484 hoino
1324 3424 1407 3493 est
1435 3416 1630 3483 homo;
1662 3430 1851 3479 verum
1889 3424 1977 3471 est
2008 3416 2188 3471 dicere

604 3496 735 3573 quia
766 3498 908 3553 Deus
930 3506 984 3553 et
1003 3498 1166 3554 homo
1186 3500 1376 3569 eadem
1404 3500 1639 3569 persena
1682 3510 1767 3554 est
1794 3518 1809 3553 :
1843 3501 1937 3567 sed
1989 3500 2044 3554 in
2086 3514 2188 3554 noo

607 3589 753 3643 mine
775 3588 867 3642 Dei
884 3580 905 3662 ί
932 3588 1359 3651 subaudiendum
1390 3599 1473 3644 est
1502 3586 1736 3645 Verbum
1756 3630 1771 3656 ,
1798 3598 1859 3646 et
1891 3591 1945 3645 in
1973 3576 2190 3647 nomine

606 3666 844 3743 heminis
866 3677 1343 3750 subi-ntelligeudus
1369 3688 1453 3733 est
1484 3679 1577 3713 ⁸³⁸³
1608 3679 1783 3751 Filius
1810 3679 2067 3757 Virginis.

776 3778 779 3781 ν
960 3765 962 3768 '
1094 3766 1322 3824 CAPUT
1359 3766 1705 3851 Vll[al.Vl,]
1843 3757 1847 3761 ’
2068 3760 2071 3763 ’

608 3858 762 3925 Quod
793 3857 979 3926 Pater,
1010 3869 1057 3914 et
1088 3854 1261 3914 Filius
1283 3900 1299 3925 ,
1348 3860 1396 3913 et
1434 3859 1666 3929 Spiritus
1689 3862 1900 3919 sanctus
1941 3864 2046 3919 non
2083 3864 2193 3927 sint,
2224 3853 2237 3860 ’

674 3941 780 3984 tres
811 3946 891 4004 res
921 3920 1195 3999 separatis,
1229 3920 1660 3995 naturali'Adam
1685 3943 1732 3987 et
1775 3931 1905 3987 Abel
1936 3920 2193 4004 probatur

672 3999 927 4072 exemplo.
1644 4006 1709 4069 ‘7
1808 4008 1827 4021 "
1936 3999 1945 4002 ⁷
2149 4063 2151 4065 ι

674 4092 755 4148 De
778 4092 970 4162 spiritu
1003 4091 1175 4159 illius,
1229 4090 1313 4146 cui
1361 4092 1663 4165 rcSpondeo
1709 4091 1763 4155 in
1795 4091 1898 4147 hac
1927 4093 2185 4164 epistola,

603 4184 738 4241 nihil
756 4184 907 4256 potui
930 4182 1113 4239 videre
1135 4172 1332 4253 praeter
1358 4182 1484 4238 illud
1498 4183 1641 4253 quod
1673 4198 1835 4254 supra
1864 4186 2018 4254 posui
2041 4186 2137 4217 ηπ
2169 4203 2184 4254 ;

606 4276 699 4349 sed
736 4266 865 4347 puto
902 4276 982 4332 sic
1022 4276 1099 4331 rei
1138 4275 1422 4345 veritatem
1462 4284 1615 4344 patet
1638 4290 1705 4339 ex
1751 4277 1838 4333 his
1890 4293 2011 4348 qua:
2040 4278 2183 4346 dixi,

558 4411 563 4415 ‹
606 4378 668 4424 ut
696 4368 825 4422 nulli
858 4366 1023 4423 iateat
1049 4365 1363 4437 intelligenti
1391 4366 1479 4398 "’7
1503 4366 1638 4422 nihil
1663 4368 1805 4435 quod
1828 4376 2015 4423 contra
2039 4368 2209 4435 illam

605 4458 807 4533 dicitur
830 4457 921 4491 "9°
948 4498 963 4523 ,
996 4459 1103 4514 vim
1128 4456 1373 4511 veritatis
1410 4462 1615 4513 tenere.
1665 4458 1773 4514 Sed
1808 4460 1852 4514 si
1902 4468 2192 4530 revocatus

605 4562 636 4621 ξι
659 4549 1004 4605 multitudine
1032 4549 1285 4616 deorum,
1320 4550 1684 4619 pluralitatem
1715 4549 1947 4619 abneget
1989 4550 2043 4609 in
2078 4551 2195 4619 Deo.

601 4653 963 4713 personarum
988 4658 1003 4695 :
1039 4632 1143 4698 hoc
1174 4642 1294 4698 ideo
1311 4640 1443 4715 facit
1468 4680 1483 4707 ,
1506 4639 1635 4709 quia
1657 4641 1835 4723 nescit
1854 4641 1994 4697 unde
2016 4640 2197 4713 loqui-_

2294 1786 2416 1828 mur
2445 1770 2497 1826 in
2529 1769 2639 1826 Deo
2666 1769 2795 1839 quia
2822 1769 2986 1825 Pater
3035 1783 3140 1831 non
3169 1776 3254 1837 est
3300 1765 3470 1829 Filius
3499 1805 3513 1830 ,
3567 1776 3661 1828 aut
3708 1765 3881 1833 Filius

2294 1862 2455 1918 Pater
2488 1861 2758 1933 (quamvis
2787 1860 2894 1917 duo
2920 1862 2994 1917 dii
3035 1875 3139 1915 non
3172 1860 3357 1931 sint);
3402 1850 3870 1929 quoniamPatcr

2295 1967 2402 2008 non
2430 1953 2594 2008 habet
2626 1959 2838 2023 patrem
2860 1992 2876 2018 ,
2902 1960 2996 2006 aut
3019 1951 3190 2006 Filius
3221 1950 3410 2004 lilimn.
3454 1950 3716 2005 Similiter
3751 1949 3875 2021 Spi-

2293 2042 2429 2096 ritus
2451 2051 2673 2097 sanctus
2704 2056 2815 2095 non
2845 2049 2929 2110 est
2951 2040 3115 2119 Pater
3138 2049 3231 2094 aut
3251 2034 3423 2095 Filius
3448 2055 3462 2103 ;
3500 2038 3625 2108 quia
3660 2054 3761 2094 nou
3791 2044 3873 2092 cst

2294 2130 2445 2199 cujus
2471 2132 2755 2199 sitpater,
2790 2139 2884 2185 aut
2911 2130 3066 2197 cujus
3112 2131 3183 2185 sit
3230 2129 3393 2183 illius.
3434 2128 3698 2196 Quoniam
3745 2142 3873 2198 ergo;

2291 2221 2457 2284 Pater
2484 2231 2538 2275 et
2560 2220 2735 2280 Filius
2763 2230 2819 2278 et
2848 2220 3082 2291 Spiritus
3109 2228 3333 2277 sanctus
3353 2228 3464 2276 tres
3492 2230 3647 2285 sunt,
3699 2229 3755 2276 et
3782 2218 3878 2283 alii

2294 2312 2362 2367 ab
2386 2311 2648 2389 invicem,
2674 2322 2774 2367 nec
2804 2312 2869 2368 de
2892 2311 2984 2344 Μ’
3032 2311 3262 2367 invicem
3310 2310 3413 2366 dici
3444 2319 3657 2380 queunt
3717 2311 3880 2382 (sicut

2295 2402 2362 2457 de
2388 2410 2546 2470 patre
2580 2410 2634 2456 et
2659 2400 2768 2456 ﬁlio
2788 2401 2842 2455 in
2871 2399 3097 2456 diversis
3124 2400 3373 2470 personis
3399 2399 3675 2455 hominum
3702 2407 3885 2465 osten-_

2295 2489 2525 2563 dimus);
2549 2490 2669 2546 ideo
2701 2490 2954 2546 dicuntur
2978 2500 3086 2547 tres
3132 2500 3409 2561 personat;
3455 2505 3561 2545 non
3596 2490 3721 2560 quia
3757 2490 3875 2547 sint

2295 2588 2409 2639 tres
2434 2594 2523 2635 res
2550 2588 2830 2649 separata.
2860 2581 2932 2637 At
2960 2579 3005 2635 si
3028 2588 3186 2655 negat
3216 2579 3308 2612 W”
3334 2579 3433 2635 tria
3462 2578 3567 2634 dici
3602 2594 3764 2649 posse
3803 2580 3876 2639 de

2293 2684 2435 2734 uno,
2460 2676 2516 2724 et
2538 2683 2702 2722 unum
2732 2670 2799 2723 de
2830 2668 3003 2722 tribus
3028 2687 3041 2723 :
3069 2678 3127 2723 ut
3154 2670 3262 2725 tria
3291 2668 3385 2701 ¹⁸⁰δ
3408 2683 3510 2722 non
3529 2669 3780 2723 dicantur
3809 2670 3882 2726 de

2292 2756 2556 2823 invicem;
2597 2756 2738 2810 sicut
2787 2755 2841 2810 in
2876 2755 2979 2817 ,bis
3009 2756 3184 2811 tribus
3231 2756 3478 2826 personis
3520 2764 3575 2808 et
3614 2771 3724 2811 uno
3764 2758 3875 2814 Deo

2291 2844 2549 2913 iacimus,
2580 2844 2839 2919 quoniam
2864 2846 2967 2900 hoc
2990 2844 3041 2899 in
3073 2844 3194 2899 aliis
3215 2845 3381 2902 rebus
3413 2859 3519 2899 non
3551 2844 3695 2900 videt
3717 2885 3733 2908 ,
3773 2860 3876 2901 nec

2294 2936 2347 2990 in
2380 2934 2815 3006 Deo‘inteltigere
2846 2934 2990 2990 valet
3019 2934 3169 3000 l‘“;
3196 2934 3420 2991 sulTerat
3461 2934 3743 3007 paulisper;
3776 2934 3878 2990 ali-

2292 3025 2425 3095 quid
2462 3024 2557 3077 “‘9
2582 3064 2598 3092 ,
2630 3024 2774 3094 quod
2799 3022 3107 3079 intellectus
3136 3022 3251 3093 eius
3264 3032 3552 3093 penetrare
3574 3038 3679 3078 non
3696 3023 3870 3093 possit

2289 3106 2412 3185 esse
2467 3116 2521 3170 in
2570 3116 2723 3181 Deo,
2780 3130 2881 3193 nec
2928 3123 3206 3184 comparet
3229 3123 3509 3181 naturam,
3554 3128 3673 3184 qua:
3713 3126 3913 3184 super;

2289 3205 2474 3261 omnia
2492 3214 2575 3261 est
2602 3205 2769 3259 libera
2790 3207 2859 3258 ab
2888 3206 3037 3260 omni
3064 3204 3181 3275 lege
3231 3202 3322 3235 ⁸⁸⁸⁷
3364 3202 3464 3258 1οεί
3514 3212 3569 3258 ει
3616 3201 3875 3273 temporis

2290 3305 2348 3350 et
2367 3294 2780 3371 compositionis
2808 3294 3075 3365 partium,
3107 3294 3268 3350 rebus
3292 3308 3415 3363 qua:
3436 3292 3554 3347 loco
3592 3302 3687 3347 aut
3738 3302 3874 3366 tegn-

2288 3402 2421 3457 pore
2461 3384 2959 3451 c‘lauduntur,,aut
3008 3385 3253 3457 partibus
3301 3381 3883 3461 componuntur;-sed

2290 3476 2476 3533 credat
2490 3475 2693 3546 aliquid
2722 3476 2773 3530 in
2800 3475 2889 3530 illa
2912 3490 3053 3543 esse,
3072 3476 3213 3546 quod
3238 3473 3298 3529 in'
3314 3474 3434 3542 istis
3459 3488 3579 3529 esse
3592 3462 3796 3550 nequit,
3819 3480 3880 3531 οι

2292 3568 2605 3638 acquiescat
2634 3568 2949 3624 auctoritati
2968 3567 3293 3623 Christiana!
3325 3566 3419 3600 “”
3443 3607 3460 3634 ,
3505 3580 3603 3622 nec
3634 3566 3876 3633 disputet

2291 3664 2476 3712 contra
2499 3655 2667 3710 illam.

2688 3745 2800 3818 48
2824 3744 3053 3805 CAPUT
3082 3747 3191 3803 Vlli
3215 3747 3312 3820 [αι.
3346 3746 3476 3821 Vll].

2293 3854 2558 3927 Originem
2584 3871 2923 3926 personarum
2960 3856 3017 3927 in
3049 3856 3237 3912 divinis
3264 3842 3380 3912 alia
3424 3858 3583 3926 fontis
3608 3899 3623 3924 ,
3669 3857 3766 3913 rivi
3809 3867 3863 3912 et

2681 3926 2827 3979 lacus
2848 3926 3189 3981 similitudine
3217 3927 3461 3997 explicat.

2362 4013 2655 4071 Videamus
2680 4024 2860 4072 tamen
2886 4032 2953 4071 an
2985 4017 3037 4072 in
3067 4020 3227 4075 rebus
3253 4019 3487 4085 creatis,
3520 4033 3641 4089 qua:
3662 4027 3719 4074 et
3741 4018 3872 4087 loci,

2289 4113 2345 4159 et
2371 4106 2627 4177 temporis
2645 4148 2659 4170 ,
2682 4114 2740 4162 ει
2760 4107 3169 4177 compositionis
3190 4109 3423 4179 partium
3439 4108 3542 4179 legi
3560 4106 3864 4178 subiacent,

2290 4186 2516 4252 inveniri
2542 4198 2714 4269 possit
2753 4198 3098 4269 aliquatenus
3127 4200 3230 4255 hoc
3258 4200 3398 4270 quod
3438 4207 3601 4272 negat
3644 4200 3696 4255 in
3738 4199 3873 4277 Deo.

2291 4284 2561 4343 Ponamus
2589 4288 2817 4354 fontem,
2846 4291 2913 4347 de
2939 4305 3045 4360 quo
3068 4300 3321 4355 nascatur
3343 4301 3399 4353 et
3422 4289 3550 4344 tluat
3576 4291 3744 4354 rivus,
3779 4290 3870 4361 qui

2292 4386 2477 4447 postea
2498 4380 2780 4451 colligatur
2812 4381 2865 4436 in
2888 4380 3062 4437 lacum
3096 4397 3109 4435 :
3143 4380 3319 4454 sitque
3342 4394 3535 4445 nomen
3561 4378 3677 4448 ejus
3701 4379 3872 4457 l‘iilus.

2294 4468 2384 4524 Sic
2422 4470 2600 4538 itaque
2624 4472 2859 4527 discrete
2885 4472 3111 4532 dicimus
3137 4469 3368 4534 fontem,
3409 4470 3618 4536 rivum,
3650 4469 3827 4527 lacum
3852 4457 3880 4536 ;‘

2292 4567 2353 4614 ut
2374 4558 2572 4615 fontem
2595 4575 2699 4615 non
2722 4561 2965 4623 dicamus
2986 4562 3183 4623 rivum,
3211 4560 3525 4626 autlacum;
3554 4557 3653 4614 nec
3672 4559 3873 4625 rivum,

2294 4647 2494 4713 fontem
2513 4688 2527 4717 ,
2555 4658 2647 4704 aut
2673 4650 2845 4724 lacum
2871 4667 2885 4717 ;
2920 4665 3020 4706 nec
3045 4650 3215 4725 lacum
3235 4690 3249 4713 ,
3282 4647 3482 4712 {mitem
3504 4689 3521 4715 ,
3558 4657 3651 4702 aut
3674 4646 3869 4703 rivum.

1880 4820 2115 4897 vanus
2156 4821 2559 4903 caenosas.

630 4955 632 4959 ⁷
688 4960 781 4993 ⁸⁸η
821 4959 1025 5028 Angelo
1068 4938 1520 5028 nunciatusumss.
1552 4964 1597 5008 et
1624 4951 1770 5010 Edit.
1799 4942 1953 5028 'Goth.
1982 4956 2203 5028 Augelo
2244 4956 2605 5028 annunciatus
2669 4956 2762 4989 ¹³⁹⁹
2800 4955 3062 5025 Quicquid
3090 4956 3157 5012 de
3192 4956 3283 5028 illo
3308 4955 3520 5028 dicitur
3543 4970 3694 5028 Δηιεε.
3733 4944 3867 5009 Tim.

586 5026 796 5087 ‘Cister.
831 5025 998 5083 amitt.
1032 5028 1229 5081 dicitur
1302 5025 1392 5073 ‘9”
1432 5025 1565 5080 Cum
1596 5040 1725 5096 ergo
1754 5026 1974 5095 verbum
2006 5044 2131 5081 mss.
2165 5025 2321 5081 Corb.
2360 5025 2489 5079 Vict.
2546 5042 2667 5080 cum
2713 5029 3084 5096 veroverbum
3164 5027 3256 5075 "9!

3294 5026 3422 5093 Quae
3444 5024 3665 5081 verbum
3692 5032 3793 5091 est,
3818 5035 3875 5085 et

601 5119 730 5157 mss.
761 5100 916 5153 Corb.
966 5096 1098 5150 Vict.
1132 5097 1316 5150 Cister.
1356 5111 1476 5163 quae
1516 5094 1749 5165 Verbum
1778 5106 1834 5151 et
1908 5096 2453 5153 “"Subaudiendus
2485 5106 2566 5151 cst
2603 5114 2725 5150 nus.
2760 5107 2809 5150 et
2836 5095 2982 5151 Edit.
3038 5097 3195 5152 Goth.
3252 5094 3731 5165 subintelligendus
3788 5103 3877 5165 est

604 5170 699 5206 “9°
741 5171 914 5239 Supra
946 5167 1055 5239 dixi
1084 5183 1209 5239 mss.
1241 5165 1468 5239 ρι’-Εάίι,
1500 5164 1659 5239 Colit.
1695 5182 1854 5235 supra
1882 5168 2080 5239 posui”
2115 5168 2209 5239 ’ἓν
2248 5166 2388 5239 Nulli
2420 5165 2585 5220 lateat
2618 5166 2939 5239 intelligenti
2967 5164 3492 5239 mss._Tlt_tt._nu|lum
3529 5163 3871 5239 lateatintel-

600 5241 792 5310 “genti
820 5236 835 5239 ⁷
866 5309 869 5310 ν
894 5240 985 5270 ¹³⁹⁸
1025 5236 1176 5310 Quod
1204 5238 1273 5291 ab
1297 5236 1387 5310 illo
1410 5237 1751 5310 diciturﬂts‘s.
1782 5248 1828 5310 et
1864 5239 2009 5310 Edir.
2038 5236 2194 5310 (jotlt.

606 5307 744 5368 Tim.
768 5321 814 5365 ct
852 5309 995 5365 Εάὶι.
1032 5307 1186 5362 Colit.

2221 5238 2363 5305 quod
2392 5246 2579 5292 contra
2612 5233 2757 5291 illam

2820 5238 2984 5292 icitur
3055 5237 3145 5269 ¹³⁹⁹
3183 5236 3283 5302 Qui
3320 5244 3523 5289 tantum
3556 5233 3715 5295 illius.
3741 5250 3868 5288 mu.

1222 5307 1314 5375 qui
1350 5314 1554 5359 tantum
1592 5301 1826 5361 lilius‘sit
1903 5308 1995 5342 “°°
2036 5309 2102 5362 Et
2131 5301 2264 5361 Abel
2297 5306 2430 5359 Filio
2461 5324 2585 5361 mss.
2616 5316 2669 5363 et
2693 5306 2759 5361 de
2784 5307 2916 5361 Abel
2947 5306 3084 5361 Filio
3159 5301 3248 5339 ¹⁸⁶⁸
3289 5304 3449 5375 Pater
3473 5303 3866 5375 est‘hbelym.

605 5380 760 5435 Corb.
810 5380 938 5433 Vict.
982 5380 1142 5434 Pater
1168 5371 1399 5433 sit'Abel
1474 5375 1563 5446 “'3’
1606 5376 1669 5429 Et
1697 5393 1794 5433 nec
1822 5382 1887 5436 de
1910 5396 2031 5432 nm.
2070 5376 2207 5431 Vict.
2238 5376 2393 5446 Corb.
2419 5393 2523 5446 nec
2547 5379 2612 5431 de
2691 5376 2782 5409 ⁸⁸⁸³
2816 5382 2895 5431 Ac
2923 5377 3309 5446 sihnegatmss.
3339 5374 3527 5446 Cister.
3566 5371 3785 5446 νέᾳ-5.
3813 5379 3876 5446 et

606 5451 753 5519 Edit.
782 5451 939 5506 ϐοιΙι.
965 5453 1037 5505 Αι
1065 5450 1112 5505 si
1151 5456 1471 5519 negatmss.
1510 5444 1645 5519 Vict.
1676 5448 1925 5519 ιᾷςυΑιιι
1952 5450 1993 5502 si
2039 5456 2199 5518 negat
2224 5444 2367 5519 __“°‘
2404 5444 2536 5500 Cum
2573 5447 2833 5519 triamss.
2864 5457 2911 5500 et
2946 5438 3100 5519 Egit?
3127 5442 3280 5519 Galli.
3311 5454 3371 5519 ut
3403 5444 3531 5519 tria“
3573 5443 3672 5519 _“_°_’
3710 5438 3864 5519 Intel-

608 5513 775 5589 ligere
800 5519 974 5575 valeat
1004 5535 1129 5574 mss.
1162 5510 1463 5589 intelligere
1494 5515 1638 5589 valet
1715 5516 1805 5589 "9°
1846 5519 2080 5589 Sull‘erat
2106 5510 2386 5589 paulisper
2408 5518 2733 5589 peraliquid
2764 5532 2888 5571 mss.
2918 5515 3140 5589 sull‘erat
3164 5515 3366 5589 aliquid
3428 5513 3532 5589 _“°7
3573 5512 3768 5588 Libera
3798 5510 3866 5566 ab

610 5584 755 5659 omni
785 5592 895 5659 lege
927 5598 1025 5647 ms.
1055 5588 1245 5647 Cister.
1272 5584 1501 5648 liberant
1529 5584 1597 5665 ab
1620 5587 1765 5662 ωηιρὶ
1798 5588 1914 5661 lege
1993 5588 2084 5621 ¹³⁰⁸
2115 5584 2461 5643 Ἀιιειοι·ἱωιε
2498 5584 2699 5644 Christi
2736 5604 2859 5643 mss.
2902 5586 3214 5645 auctoritati
3241 5584 3561 5646 Christiana
3693 5584 3696 5588 ’
3834 5588 3836 5592 “
