4226 6202
317 2103 322 2106 ξ
369 2037 516 2106 enim
543 2033 691 2091 Nilus
721 2037 1010 2105 quamdam
1035 2039 1086 2089 in
1114 2037 1217 2089 boc
1252 2052 1375 2090 cum
1407 2037 1653 2090 oratione
1689 2035 1957 2110 “‘°_simi-
1991 2085 1993 2087 .

371 211 467 268 2M

1617 223 1620 228 ·
1640 206 1724 262 DE
1749 205 1906 262 FIDE
1941 205 2334 266 TlllNlTATlS‘

3508 205 3616 264 282

372 322 515 380 Fons
539 328 718 376 tamen
742 319 893 376 Nilus
913 327 1136 376 vocatur
1160 360 1176 388 ,
1210 328 1266 378 et
1309 319 1466 376 rivus:
1494 317 1644 374 Nilus
1662 360 1677 386 ,
1722 327 1777 375 ει
1799 319 1950 375 lacus
1978 323 2024 380 Α
2051 322 2113 378 de
2137 323 2281 379 fonte
2299 361 2313 389 ,
2345 329 2400 377 et
2422 317 2525 376 alio
2553 319 2711 375 modo
2739 318 2830 355 ““
2862 319 3013 375 lacus
3036 319 3102 375 de
3130 318 3277 376 fonte
3295 325 3347 374 ct
3377 294 3524 388 rivo,
3555 328 3616 379 ut

377 412 637 478 Nilus;et
681 412 788 467 duo
813 411 970 476 simul
999 413 1118 467 fons
1180 419 1237 468 et
1266 411 1444 478 rivus,
1487 408 1668 476 Nilus;
1725 409 1844 466 fons
1894 417 1950 466 et

374 501 559 569 lacus,
613 501 964 574 Nilus;rivus
1002 509 1058 555 et
1080 500 1254 568 lacus,
1304 499 1495 567 Nilus;
1546 509 1602 556 et
1649 499 1807 554 simul
1841 507 1950 554 tres

375 595 524 658 fons,
547 602 602 647 et
639 594 786 647 rivus
812 632 827 659 ,
859 601 914 647 et
942 593 1123 658 lacus,
1153 590 1343 656 Nilus;
1373 605 1496 645 eum
1526 600 1707 646 tamen
1748 605 1852 644 non
1880 589 1951 645 sit

373 683 424 739 al
447 690 547 746 us,‘
571 691 626 736 et
653 681 789 736 alius
818 681 1006 749 Nilus;
1039 682 1134 737 sed
1163 696 1299 734 unus
1339 680 1621 750 idemque,
1665 679 1779 735 sive
1829 693 1950 733 cum

373 772 618 844 slugulus
643 773 869 842 quisque
891 814 906 839 ,
939 773 1051 828 sive
1074 786 1195 829 cum
1219 771 1329 825 bini
1355 812 1370 837 ,
1419 770 1530 825 sive
1571 785 1694 825 cum
1723 779 1830 823 tres
1870 767 1951 824 di-

375 873 574 922 cuutur
599 862 769 916 Nilus.
794 861 926 916 Tres
957 862 1119 934 igitur
1145 869 1300 927 sunt,
1349 859 1502 926 fons,
1546 861 1692 916 rivus
1713 899 1728 925 ,
1761 858 1944 924 lacus;

375 961 432 1010 et
457 969 598 1008 unus
621 952 803 1018 Nilus,
840 968 978 1008 unus
1000 951 1221 1018 ﬂuvius,
1249 965 1353 1004 una
1377 959 1564 1004 natura
1584 992 1599 1017 ,
1636 965 1739 1004 una
1765 964 1902 1020 aqua
1932 964 1946 1014 ;

375 1051 432 1098 et
461 1042 566 1098 dici
596 1057 701 1096 non
742 1049 918 1110 potest
961 1043 1087 1111 quid
1119 1052 1246 1098 tres.
1305 1038 1438 1095 Nam
1491 1055 1661 1110 neque
1687 1047 1830 1105 tres,
1857 1047 1952 1093 aut

381 1131 631 1197 Nili,aut
658 1131 831 1196 fluvii,
860 1139 950 1186 aut
971 1140 1209 1195 naturas,
1246 1139 1340 1185 aut
1383 1145 1535 1199 aqua:
1579 1141 1737 1196 sunt;
1780 1144 1952 1199 neque

380 1232 522 1297 tres,
562 1233 653 1281 aut
687 1223 896 1289 fontes,
953 1231 1048 1278 aut
1086 1223 1219 1291 rivi,
1258 1229 1351 1277 aut
1389 1220 1554 1275 lacus.
1593 1220 1765 1276 Unum
1794 1222 1952 1292 igitur

377 1312 576 1372 dicitur
603 1312 692 1366 hic
713 1312 780 1366 de
803 1313 973 1366 tribus
1006 1312 1125 1378 ηπ,
1151 1320 1205 1366 ει
1234 1311 1334 1364 tria
1363 1310 1427 1365 de
1454 1326 1590 1373 uno;
1637 1326 1733 1365 nec
1770 1319 1950 1365 tamen

380 1400 479 1456 tria
511 1400 577 1454 de
597 1401 853 1456 invicem.
885 1401 1037 1468 Quod
1083 1402 1128 1456 si
1154 1402 1334 1470 objicit
1377 1416 1480 1456 non
1527 1415 1644 1456 esse
1683 1401 1950 1473 singultim

380 1505 678 1561 quemque,
725 1502 817 1545 aut
841 1491 1042 1546 fontem
1065 1534 1080 1558 ,
1131 1502 1223 1546 aut
1254 1492 1422 1546 rivum
1444 1533 1458 1557 ,
1493 1501 1580 1545 aut
1626 1491 1824 1557 lacum,
1861 1500 1953 1546 aut

376 1582 531 1638 binos
557 1623 572 1647 ,
611 1582 908 1652 perfectum
947 1584 1152 1650 Nilum,
1209 1585 1302 1640 sed
1345 1592 1524 1653 partes
1571 1583 1708 1650 Nili;
1757 1585 1953 1656 cogitet

377 1687 546 1744 totum
582 1679 724 1732 hunc
764 1677 941 1734 Nilum
969 1721 983 1743 ,
1034 1694 1099 1732 ex
1146 1693 1252 1749 quo
1303 1679 1558 1747 incepit,
1605 1693 1774 1748 usque
1825 1679 1951 1732 dum
1984 1692 2028 1752 Β

373 1771 583 1828 desinet
604 1786 752 1839 esse,
791 1772 842 1826 in
868 1780 977 1825 tota
1002 1771 1152 1840 quasi
1181 1779 1336 1826 aetate
1366 1786 1463 1824 sua
1483 1810 1498 1835 ,
1546 1771 1671 1842 quia
1716 1785 1814 1824 nec
1838 1770 1954 1838 ipse

371 1869 518 1916 totus
548 1872 630 1917 est
664 1861 823 1916 simul
859 1869 952 1915 aut
978 1863 1096 1916 loco
1117 1903 1131 1929 ,
1162 1870 1248 1916 aut
1283 1871 1552 1930 tempore,
1585 1861 1678 1915 sed
1708 1875 1806 1929 per
1831 1873 1956 1927 par-

374 1958 482 2014 tes;
523 1964 623 2005 nec
651 1949 922 2019 perfectus
966 1951 1090 2013 erit,
1131 1950 1302 2005 donec
1351 1951 1560 2004 desinat
1601 1965 1763 2004 esse:
1796 1947 1957 2001 habet

373 2124 657 2182 litudinem
677 2166 692 2191 ,
723 2140 842 2194 qua:
862 2161 878 2190 ,
903 2125 1140 2193 quandiu
1167 2125 1320 2193 quasi
1350 2138 1415 2178 ex
1440 2125 1550 2180 oris
1587 2125 1732 2179 fonte
1768 2140 1957 2194 procc-

370 2216 451 2270 dit
475 2252 489 2279 ,
514 2212 752 2284 perfecta
779 2227 883 2266 non
922 2220 1029 2277 est;
1067 2215 1122 2266 el.
1144 2227 1276 2266 cum.
1299 2211 1534 2282 perfecta
1556 2225 1637 2268 est
1663 2256 1677 2282 ,
1699 2215 1810 2281 jam
1848 2229 1952 2269 non

372 2310 478 2358 est.
508 2304 564 2356 Si
591 2317 663 2371 qu
687 2317 713 2358 s
733 2302 874 2356 enim
910 2302 985 2356 sic
1009 2303 1312 2359 consideret
1338 2344 1353 2370 ,
1392 2314 1448 2359 et
1480 2305 1765 2372 diligenter
1804 2305 1956 2358 intel-

373 2392 540 2465 ligat,
572 2402 858 2463 cognoscet
901 2402 1070 2448 totum
1119 2393 1294 2448 Nilum
1345 2410 1462 2449 esse
1510 2395 1739 2462 fontem,
1790 2381 1957 2448 letum

373 2501 496 2541 esse
547 2486 721 2540 rivum
777 2496 946 2540 totum
989 2501 1111 2542 esse
1162 2485 1367 2550 lacum;
1434 2501 1534 2541 nec
1597 2486 1796 2540 fontem
1841 2500 1960 2540 esse

375 2577 584 2641 rivum,
646 2585 736 2628 aut
761 2575 964 2640 lacum;
1028 2590 1126 2630 nec
1179 2576 1530 2631 rivunﬂcsse
1583 2577 1815 2642 fontem,
1869 2585 1962 2630 aut

375 2665 588 2730 lacum;
634 2682 734 2732 nec
779 2667 950 2722 lacum
1001 2681 1121 2720 esse
1147 2663 1384 2732 fontem,
1440 2677 1534 2720 aut
1594 2666 1788 2720 rivum.
1845 2664 1958 2720 Non

373 2756 518 2811 enim
544 2765 626 2808 est
651 2754 791 2810 idem
817 2756 929 2825 ipse
955 2756 1072 2810 fons
1098 2797 1111 2819 ,
1143 2756 1234 2824 qui
1261 2756 1406 2811 rivus
1437 2765 1528 2809 aut
1566 2756 1741 2822 lacus;
1770 2771 1960 2827 quam-

371 2847 455 2900 vis
481 2845 709 2916 idipsum
735 2846 806 2900 sit
837 2847 980 2902 rivus
1004 2857 1056 2901 et
1081 2847 1264 2912 lacus,
1289 2847 1430 2916 quod
1462 2857 1546 2902 est
1576 2847 1695 2902 fons
1727 2863 1740 2911 ;
1777 2848 1826 2901 id
1853 2857 1958 2911 est,

372 2937 515 3008 idem
546 2938 697 2992 Nilus
723 2979 735 3000 ,
764 2938 901 2992 idem
928 2939 1118 2992 fluvius
1138 2979 1152 3004 ,
1192 2939 1380 2993 eadem
1401 2954 1538 3008 aqua
1562 2979 1576 3005 ,
1627 2940 1815 2994 eadem
1866 2954 1963 2992 na-

2051 412 2196 469 laeus
2217 429 2321 468 non
2354 413 2563 486 dicatur
2582 413 2768 479 rivus;
2815 413 2895 469 sic
2930 426 3029 468 suo
3058 410 3288 481 quodam
3316 409 3420 464 alio
3461 411 3617 468 modo

2053 502 2142 537 ιη’
2167 503 2395 559 Verbum
2417 502 2587 557 estde
2615 501 2807 570 Patre,
2858 512 2913 558 et
2962 501 3195 572 Spiritus
3242 510 3458 556 sanctus
3515 501 3618 559 alio

2050 594 2205 648 modo
2222 594 2286 648 de
2312 592 2467 648 Patre
2481 601 2534 648 et
2562 592 2760 660 Verbo,
2784 601 2843 648 ut
2866 592 3004 649 idem
3022 594 3253 663 Spiritus
3275 603 3495 647 sanctus
3510 609 3620 649 non

2051 684 2121 738 sit
2152 683 2381 738 Verbum
2412 693 2498 738 aut
2529 684 2697 739 Filius
2720 726 2736 750 ,
2790 684 2884 739 sed
2913 687 3225 753 procedens.
3275 685 3464 739 Adhuc
3501 685 3622 740 volo

2050 771 2303 842 quiddam
2333 772 2546 840 dicere,
2569 775 2709 843 quod
2739 774 2987 844 quamvis
3009 789 3255 842 magnam
3295 773 3486 829 habent
3511 773 3622 828 dis-

2050 864 2450 920 similitudinem
2472 906 2486 930 ,
2519 865 2832 920 nonnullam
2871 874 3045 921 tamen
3079 866 3237 920 habet
3269 867 3335 920 ad
3374 866 3625 921 incarna-

2051 957 2251 1011 tionem
2281 954 2438 1010 Verbi
2485 957 2936 1014 similitudinem:
2983 957 3124 1027 quod
3164 957 3386 1012 forsitan
3432 957 3626 1025 aliquis

2051 1049 2235 1121 legens
2257 1058 2597 1116 contemnet,
2623 1051 2797 1104 dicam
2840 1060 3047 1114 tamen;
3093 1050 3216 1119 quia
3249 1065 3376 1120 ego,
3408 1049 3513 1105 alio
3542 1047 3627 1103 di--

2051 1151 2234 1204 cente,
2263 1140 2481 1194 omnino
2512 1155 2617 1193 non
2649 1147 3072 1193 contemnerem.
3109 1140 3163 1192 Si
3194 1142 3334 1193 enim
3370 1139 3510 1194 rivus
3531 1151 3626 1207 per

2051 1232 2283 1288 fistulam
2307 1240 2490 1286 currat
2520 1245 2549 1284 a
2587 1229 2735 1284 fonte
2760 1242 2930 1296 usque
2955 1228 3020 1280 ad
3058 1227 3228 1280 lacum
3247 1267 3260 1290 ,
3285 1244 3459 1282 nonne
3480 1232 3630 1282 solus

2052 1323 2197 1378 rivus
2228 1321 2494 1391 (quamvis
2519 1335 2621 1373 non
2646 1318 2782 1372 alius
2808 1316 2957 1371 Nilus
2982 1357 2996 1381 ,
3029 1330 3186 1385 quam
3215 1314 3334 1369 fons
3355 1325 3404 1368 ct
3434 1321 3622 1377 lacus),

2052 1421 2111 1466 ut
2141 1413 2210 1466 ita
2245 1413 2445 1476 dicam,
2503 1407 2830 1463 inflstulatus
2859 1406 2989 1460 est?
3040 1405 3131 1458 Sic
3167 1401 3310 1458 solus
3342 1402 3510 1455 Filius
3536 1401 3630 1434 ‘m

2051 1501 2366 1554 incarnatus
2388 1507 2471 1552 est
2493 1537 2508 1562 ,
2541 1497 2666 1549 licet
2699 1511 2804 1549 non
2828 1494 2963 1548 alius
2993 1495 3155 1560 Deus,
3197 1505 3358 1562 quam
3390 1489 3540 1544 Patet
3571 1501 3629 1546 ct

2055 1590 2288 1660 Spiritus
2319 1597 2536 1642 sanctus
2565 1586 2677 1648 “’5

2517 1672 2742 1729 CAPUT
2781 1673 2845 1726 1x
2877 1672 2972 1744 [αι.
3010 1672 3140 1743 vnn

2059 1787 2210 1853 Quod
2239 1803 2344 1839 una
2378 1785 2444 1839 sit
2469 1823 2485 1852 ,
2529 1792 2576 1838 et
2620 1783 2841 1852 simplex
2885 1785 3147 1836 wlernilas
3173 1822 3186 1847 ,
3244 1782 3330 1836 cui
3386 1790 3632 1849 nuncium

2692 1863 2981 1923 comparat.

2128 1945 2233 2002 Sed
2254 1945 2508 2016 quoniam
2537 1943 2635 1998 ista
2664 1952 2875 1998 terrena
2901 1942 3052 1996 valde
3081 1943 3234 2013 longe
3262 1951 3389 1997 sunt
3422 1959 3451 1997 a
3479 1957 3629 1998 sum-

2059 2058 2142 2095 ma
2178 2049 2364 2095 natura
2385 2079 2399 2103 ,
2433 2039 2672 2092 levemus
2704 2036 2770 2090 ad
2798 2036 2966 2100 illam,
3004 2036 3115 2105 ipsa
3144 2034 3455 2104 epitulante,
3486 2050 3635 2090 men-

2060 2141 2162 2185 tem
2184 2171 2198 2195 ,
2235 2140 2286 2183 et
2321 2131 2372 2183 in
2401 2143 2465 2182 ea
2497 2126 2927 2197 contemplemur
2955 2125 3291 2195 aliquatenus
3315 2135 3370 2179 et
3397 2125 3638 2180 breviter

2056 2223 2197 2292 quod
2222 2221 2468 2275 dicimus.
2507 2219 2648 2273 Deus
2681 2234 2787 2272 non
2836 2225 2921 2272 est
2969 2215 3113 2271 aliud
3159 2231 3320 2285 quam
3357 2217 3468 2287 ipsa
3499 2216 3635 2270 sim-

2059 2314 2178 2382 plex
2205 2311 2476 2365 :eternitas
2509 2309 2620 2363 ω’.
2650 2308 3001 2364 Αῐιετιιίιειιεε
3038 2318 3216 2360 autem
3255 2306 3435 2374 plures
3479 2304 3639 2361 intel-

2061 2406 2149 2474 ligi
2190 2386 2477 2472 nequeunt.
2510 2402 2642 2456 Nam
2663 2444 2678 2468 ,
2707 2401 2749 2455 si
2775 2400 2955 2469 plures
2973 2406 3099 2452 sunt
3125 2438 3141 2463 ,
3195 2409 3285 2452 aut
3321 2406 3446 2451 sunt
3477 2406 3632 2454 extra

2061 2510 2118 2549 se
2149 2493 2406 2556 invicem,
2436 2501 2526 2544 aut
2550 2500 2674 2546 sunt
2701 2491 2842 2544 intra
2873 2505 2932 2544 se
2962 2489 3190 2544 invicem
3219 2488 3331 2542 ω’.
3364 2488 3470 2544 Sed
3497 2488 3633 2543 nihil

2062 2596 2147 2639 est
2172 2594 2321 2640 extra
2347 2582 2702 2638 :eternitatem
2727 2586 2745 2635 ξ
2775 2595 2902 2650 ergo
2933 2592 3034 2633 nec
3081 2581 3355 2634 aeternitas
3378 2588 3461 2634 est
3484 2588 3638 2634 extra

2062 2676 2440 2731 mternitalem.
2470 2672 2633 2739 ltem,
2694 2672 2738 2728 si
2793 2679 2947 2727 extra
2997 2683 3056 2724 se
3107 2669 3335 2725 invicem
3386 2679 3552 2734 sunt.
3585 2670 3639 2724 in

2063 2767 2290 2821 diversis
2326 2764 2458 2820 locis
2497 2773 2622 2818 sunt
2669 2771 2761 2816 aut
2810 2760 3181 2829 temporibus;
3215 2757 3356 2829 quod
3405 2758 3639 2813 alienum

2060 2865 2143 2910 est
2169 2856 2237 2908 ab
2257 2855 2580 2910 mternitate.
2613 2851 2729 2906 Non
2755 2851 2936 2919 itaque
2957 2858 3082 2904 sunt
3099 2848 3279 2919 plures
3309 2847 3642 2903 mternitatcs

2065 2957 2214 3000 extra
2235 2960 2291 3000 se
2322 2944 2569 2998 invicem.
2604 2941 2662 2997 Si
2692 2955 2821 2996 vero
2851 2941 2902 2996 in
2931 2956 2990 2996 se
3037 2929 3264 2995 invicem
3311 2938 3495 3009 plures
3523 2953 3646 2995 esse

376 3035 514 3081 tura.
543 3025 669 3080 Tria
703 3029 863 3097 igitur
903 3029 987 3082 hic
1013 3027 1099 3059 ιλιι
1133 3028 1384 3082 dicuntur
1442 3029 1506 3082 de
1551 3043 1656 3081 uno
1686 3036 1799 3082 toto
1840 3042 1962 3096 per-
1990 3022 2034 3082 C
2069 3036 2340 3098 dicuntur,
2365 3033 2641 3088 sciendum
2663 3041 2747 3087 est
2773 3032 2899 3101 quia
2921 3031 3346 3101 quotiescunque
3368 3035 3643 3098 repetatur

379 3114 518 3172 feeto
545 3115 638 3147 “"
665 3157 679 3181 ,
711 3128 764 3170 et
795 3133 956 3170 unum
987 3117 1284 3187 perfectum
1325 3127 1493 3172 totum
1519 3119 1584 3174 de
1620 3119 1829 3181 tribus;
1863 3133 1963 3172 nec

385 3215 558 3262 tamen
591 3206 706 3276 ipsa
742 3207 841 3261 tria
876 3209 940 3261 de
968 3208 1199 3277 invicem
1229 3207 1487 3262 dicuntur
1522 3228 1535 3261 :
1592 3209 1839 3277 quamvis
1863 3209 1962 3264 hoc

383 3299 543 3373 aliter
576 3299 668 3329 “"
695 3299 849 3354 valde
875 3308 930 3354 et
953 3276 1243 3368 perfectius
1271 3300 1338 3352 sit
1377 3299 1428 3352 in
1461 3299 1547 3352 illa
1591 3276 1781 3353 natura
1826 3301 1960 3354 sim-

376 3390 668 3462 plicissima
699 3431 713 3457 ,
741 3400 796 3446 et
819 3392 884 3446 ab
909 3393 1056 3446 omni
1099 3393 1215 3461 lege
1261 3392 1361 3447 loci
1382 3433 1396 3453 ,
1423 3393 1509 3446 vel
1551 3393 1808 3459 temporis
1835 3432 1849 3455 ,
1876 3391 1961 3446 vel

378 3483 786 3550 compositionis
807 3482 1040 3551 partium
1066 3482 1343 3536 liberrima
1373 3483 1484 3536 “".
1512 3484 1895 3538 Verumtamen
1919 3485 1963 3539 si

376 3569 477 3626 hoc
499 3570 841 3639 aliquatenus
863 3571 1074 3626 videtur
1103 3572 1157 3625 in
1199 3586 1286 3634 re,
1316 3587 1435 3642 qua:
1463 3572 1706 3639 partibus
1746 3588 1966 3641 compo-

375 3661 519 3726 sita,
552 3661 738 3716 localis
778 3672 831 3716 et
857 3662 1166 3732 temporalis
1205 3672 1286 3717 est
1310 3703 1324 3727 ,
1380 3679 1486 3718 non
1524 3672 1606 3717 est
1652 3663 1964 3718 incredibile

375 3751 432 3821 in
471 3751 560 3807 illa
593 3766 802 3808 summe
831 3752 999 3808 libera
1043 3764 1231 3808 natura
1274 3753 1510 3823 perfecte
1551 3768 1690 3810 esse.
1737 3754 1831 3808 Est
1862 3755 1962 3809 hoc.

379 3855 600 3913 quoque
624 3844 709 3896 hic
737 3842 1184 3897 considerandum
1213 3881 1230 3908 ,
1270 3845 1396 3913 quia
1444 3843 1563 3898 fons
1611 3859 1715 3897 non
1763 3854 1844 3900 est
1898 3846 1964 3900 de

378 3931 499 3987 rivo
529 3968 545 3996 ,
577 3946 673 3986 nec
696 3931 761 3987 de
782 3931 900 3985 lacu
925 3949 937 3996 ;
974 3933 1123 3986 rivus
1158 3946 1286 3987 vero
1308 3935 1373 3987 de
1399 3933 1512 3988 solo
1538 3932 1684 3987 fonte
1709 3941 1812 3999 est,
1855 3949 1959 3988 non

381 4021 472 4054 ⁸⁸³⁸
495 4021 564 4075 de
591 4021 705 4075 lacu
732 4038 746 4086 ;
777 4021 923 4076 lacus
946 4036 1072 4076 vero
1103 4022 1167 4077 de
1196 4021 1345 4076 fonte
1370 4061 1385 4088 ,
1417 4031 1472 4077 et
1503 4023 1567 4077 de
1605 4024 1717 4081 rivo
1743 4041 1756 4074 :
1808 4032 1862 4077 et
1889 4024 1960 4076 ita

379 4120 527 4167 totus
558 4110 647 4142 ¹⁸¹⁶
671 4111 818 4174 rivus
841 4111 907 4166 de
939 4119 1049 4166 toto
1075 4111 1242 4180 fonte,
1265 4122 1319 4169 et
1342 4120 1484 4167 totus
1509 4114 1657 4168 lacus
1685 4122 1737 4168 et
1757 4115 1824 4168 de
1849 4121 1961 4167 toto

377 4203 566 4269 fonte,
589 4212 645 4257 et
671 4207 735 4259 de
761 4211 871 4259 toto
903 4204 1046 4270 rivo;
1084 4205 1226 4262 sicut
1255 4204 1485 4260 dicimus
1515 4206 1602 4236 "‘7
1631 4206 1681 4260 in
1707 4206 1867 4261 Patre
1904 4215 1960 4260 et

2065 3126 2341 3181 mternitas
2365 3125 2416 3178 in
2440 3124 2775 3188 aeternitate,
2813 3138 2919 3178 non
2947 3131 3030 3177 est
3059 3123 3159 3177 nisi
3200 3138 3306 3176 una
3354 3130 3407 3176 et
3451 3121 3640 3177 eadem

2064 3217 2363 3272 aeternitas.
2406 3215 2631 3284 Dignior
2655 3226 2738 3269 est
2764 3214 2907 3268 enim
2935 3225 3126 3267 natura
3151 3212 3275 3278 “",
3312 3227 3432 3280 quae
3484 3212 3537 3265 in
3586 3225 3648 3266 se

2067 3309 2289 3377 repetita
2317 3320 2531 3376 semper
2553 3304 2652 3358 sibi
2684 3304 2936 3358 convenit
2965 3305 3015 3357 in
3039 3303 3331 3373 perfectam
3358 3303 3642 3369 unitatem,

2066 3414 2224 3468 quam
2255 3413 2374 3467 qua:
2394 3397 2476 3450 sui
2505 3393 2738 3449 admittit
2760 3393 3145 3462 pluralitatem.
3203 3391 3304 3445 L‘bi
3331 3390 3498 3469 'enim
3529 3388 3644 3460 plu-

2070 3487 2281 3548 ralitas,
2313 3485 2384 3540 ibi
2411 3481 2726 3542 diversitas;
2759 3489 2814 3534 at
2843 3481 2930 3534 ubi
2956 3480 3241 3536 diversitas
3282 3487 3362 3533 est
3387 3518 3402 3544 ,
3427 3493 3532 3532 non
3563 3486 3648 3534 est

2066 3573 2304 3645 perfecta
2336 3570 2624 3627 concordia
2653 3569 2776 3622 ωδε
2807 3566 3045 3640 perfecta
3097 3581 3331 3636 namque
3377 3575 3458 3622 est
3513 3563 3604 3596 ’δ”
3627 3605 3644 3629 ,

2066 3680 2186 3734 qua:
2217 3664 2266 3718 in
2298 3678 2458 3716 unam
2516 3661 2851 3715 identitatem
2892 3667 2947 3714 et
2977 3660 3222 3714 eamdem
3270 3657 3529 3712 unitatem
3556 3655 3646 3687 ⁸⁸⁸⁸

2065 3755 2338 3811 convenit.
2365 3753 2421 3808 Si
2450 3766 2579 3822 ergo
2612 3751 2702 3782 ⁸³³⁸
2733 3749 2920 3805 melior
2956 3758 3038 3804 est
3069 3745 3645 3820 perfecta‘concordia,

2066 3861 2226 3917 quam
2251 3847 2593 3915 imperfecta;
2627 3852 2678 3898 et
2699 3841 3028 3912 impossibile
3050 3850 3132 3894 est
3161 3841 3211 3893 in
3244 3853 3453 3893 summo
3480 3837 3643 3903 bono,

2006 3990 2015 3994 _
2069 3937 2207 4006 quod
2230 3946 2312 3990 est
2342 3937 2452 4005 ipsa
2478 3934 2778 4000 :eternilas,
2829 3944 2947 3986 esse
2993 3927 3367 3999 imperfectum
3397 3927 3601 3997 aliquid
3627 3967 3648 4002 κ

2069 4041 2174 4080 non
2223 4033 2302 4079 est
2349 4023 2601 4093 possibile
2636 4031 2881 4076 naturam
2916 4020 3239 4074 :elernitatis
3283 4016 3645 4088 pluralitatem

2068 4115 2370 4169 admittere.
2394 4112 2732 4182 Quapropter
2747 4113 3172 4181 quotiescunque
3198 4115 3472 4178 repetatur
3492 4114 3650 4161 aiter-

2050 4190 2209 4261 nitas
2240 4207 2293 4259 in
2319 4205 2646 4273 aeternitate,
2675 4218 2892 4274 semper
2930 4217 3032 4255 una
3055 4211 3109 4256 et
3143 4201 3330 4254 eadem
3370 4197 3647 4252 :eternitas

378 4290 520 4350 Filio
541 4302 597 4351 et
617 4293 825 4364 Spiritu
846 4302 1053 4350 sancto.
1078 4293 1147 4350 Et
1173 4294 1299 4363 quia
1334 4293 1438 4351 alio
1475 4298 1634 4352 modo
1685 4294 1831 4350 rivus
1881 4304 1966 4350 est
1999 4290 2041 4344 D
2067 4305 2153 4352 est
2181 4297 2294 4350 ω’.
2342 4295 2495 4363 Quod
2517 4293 2582 4348 de
2608 4292 2792 4348 multis
2831 4291 2950 4346 aliis
2998 4290 3247 4346 similiter
3288 4289 3487 4344 dicitur
3517 4303 3532 4340 :
3560 4295 3648 4358 ut,

1662 4427 1892 4484 VARUE
1931 4426 2340 4484 LECTIONES.

453 4523 764 4597 ""ilocde
791 4524 959 4597 tribus
977 4540 1104 4597 mss._
1132 4523 1221 4578 hic
1247 4521 1311 4576 de
1342 4523 1511 4597 tribus
1567 4521 1678 4597 _“'°
1720 4522 1889 4578 liabet
1916 4510 2058 4597 enim
2098 4522 2253 4597 Nilus
2286 4519 2554 4597 tutandam
2585 4533 2708 4597 cum
2735 4516 2984 4572 oratione
3001 4533 3134 4597 ipsi.
3167 4510 3644 4597 gorP.Yi.ct..C_em.

383 4595 524 4666 Tim.
552 4595 615 4666 S.
641 4593 800 4666 Μέση.
833 4595 993 4648 habet
1022 4594 1463 4666 enim.quant_l_a_m
1491 4592 1666 4666 in_bo_c
1694 4608 1829 4666 cttm_
1846 4595 2094 4666 oratione
2163 4593 2256 4666 f‘“
2300 4585 2425 4646 Tria
2460 4589 2764 4666 igitur_ha:e
2789 4599 2975 4666 msszet
2995 4585 3312 4666 Edit._Got/t.
3347 4586 3446 4666 tria
3475 4585 3642 4650 igitur

383 4665 475 4732 hic
555 4664 645 4696 ““
688 4665 762 4718 De
789 4681 896 4717 uno
924 4655 1312 4732 perfecto'mss.
1337 4661 1480 4732 νγίει.
1517 4660 1672 4732 Corb.
1706 4673 1754 4716 et
1784 4659 2102 4716 Edit.Coth.
2145 4663 2210 4716 de
2239 4675 2345 4732 uno
2375 4655 2750 4732 toto'perfecto
2825 4655 3188 4732 ““Quamvis
3223 4657 3320 4732 hoe
3339 4655 3493 4708 aliter
3516 4666 3642 4731 "tu.

384 4727 577 4788 Cister.
609 4735 853 4802 quamvis
883 4725 995 4790 biec
1027 4732 1214 4802 aliter,
1261 4731 1352 4763 ““
1389 4731 1545 4785 Omni
1581 4734 1696 4797 lege
1727 4733 1824 4786 loci
1856 4733 1937 4786 vel
1969 4733 2222 4800 temporis
2253 4725 2526 4802 liberrima
2556 4727 2866 4802 ius..Cis_l_e_r.
2900 4726 3044 4780 omni
3075 4726 3200 4802 loci,
3235 4725 3314 4802 vel
3349 4725 3627 4802 temporis,

383 4803 469 4872 vel
496 4790 899 4872 compositionis
927 4803 1161 4870 partium
1205 4801 1481 4855 liberrima
1557 4790 1659 4872 ⁸⁸ξῖ
1691 4803 1764 4856 De
1807 4802 1923 4872 solo
1963 4790 2127 4865 fonte,
2162 4817 2264 4856 non
2295 4816 2418 4851 mss.
2454 4796 2708 4872 Suillio/Ar.
2757 4795 2944 4872 Cister.
2979 4794 3210 4872 et_Edit.
3247 4794 3401 4872 Gelli.
3437 4790 3648 4872 densolu
3736 4806 3740 4811 '

385 4858 535 4944 fonte
562 4858 671 4944 esi,
708 4887 852 4944 non”
892 4858 982 4944 ‘5'“
1023 4873 1086 4944 Et
1119 4873 1380 4944 itartotus
1415 4887 1539 4944 mss.
1603 4869 1735 4944 Vict.
1778 4871 1935 4944 Coro.
1983 4883 2038 4927 et
2082 4858 2151 4926 ita
2199 4880 2256 4944 ut
2284 4872 2449 4944 'totus
2524 4867 2622 4944 ’χιχ
2654 4865 2743 4944 Sic
2787 4865 3013 4919 dicimus
3042 4865 3095 4944 in
3141 4881 3266 4917 mss.
3297 4862 3442 4944 _Vict_.
3487 4858 3647 4920 Cor...

387 4939 580 5011 Qister.
617 4941 769 5011 gsicut
801 4943 1035 5011 dicimus
1067 4943 1118 4994 in
1197 4942 1295 4987 ""l
1327 4942 1390 4994 Et
1416 4941 1519 4993 alio
1551 4943 1709 4994 modo
1734 4957 1831 4994 ms.
1874 4940 2060 4996 Cistcr.
2105 4943 2276 5011 omit._
2302 4939 2459 5011 modo
2666 4934 2757 4990 Sic
2784 4937 3142 5011 susquodam
3188 4934 3481 5011 "LOlltz-Dllo
3520 4945 3646 5011 mu.

387 5008 580 5078 (Σίμων.
616 5009 752 5063 Vict.
783 5009 937 5066 Corb.
966 5008 1111 5062 Gem.
1145 5012 1284 5064 sicut
1324 5026 1419 5063 suo
1448 5016 1678 5078 quodam
1725 5011 1828 5064 alio
1860 5014 2019 5065 modo
2093 5013 2182 5044 ⁸⁵η
2225 5009 2313 5062 Sic
2343 5009 2487 5061 solus
2515 5006 2680 5078 Filius
2707 5022 2830 5058 mss.
2854 5002 3012 5078 garb.
3051 5003 3190 5078 Vict.
3320 5002 3480 5056 Mich.
3511 5002 3651 5062 sicut

385 5077 539 5146 solus
576 5079 743 5149 Filius
819 5082 907 5111 ““
949 5080 1118 5145 Quam
1148 5079 1311 5134 Pater
1343 5091 1399 5133 et
1439 5074 1672 5149 Spiritus
1701 5091 1921 5135 sanctus
1953 5099 2050 5134 ms.
2079 5082 2135 5135 S.
2181 5080 2340 5135 Mich.
2375 5091 2548 5149 quam
2596 5075 2844 5149 Paterﬂet
2869 5075 3035 5149 Filius
3071 5085 3136 5149 et
3160 5074 3392 5149 Spiritus
3426 5078 3656 5149 sanctus,

389 5144 518 5219 mss.
541 5148 741 5219 ACisler.
778 5149 907 5204 Vict.
941 5143 993 5204 5.
1019 5165 1179 5218 quam
1208 5149 1368 5202 Pater
1395 5160 1446 5203 et
1475 5143 1641 5203 Filius
1721 5150 1811 5181 “"
1851 5152 2176 5219 Simpliciter
2199 5143 2472 5219 aeternitas
2509 5163 2632 5219 mss.
2660 5155 2705 5199 et
2731 5143 2889 5219 ﬁdit:
2917 5143 3071 5219 Coth.
3096 5145 3321 5212 simplex
3349 5143 3641 5219 aeternitas.

389 5215 484 5260 ¹ιδ¹³
525 5217 630 5272 Aut
677 5229 800 5272 sunt
859 5222 998 5274 intra
1036 5215 1097 5273 se
1128 5220 1355 5272 invicem
1401 5237 1526 5272 mss.
1570 5220 1761 5273 Ci'sler.
1797 5219 1930 5273 Tliu.
1965 5215 2057 5274 aut
2089 5231 2210 5274 sunt
2241 5222 2291 5271 in
2333 5233 2388 5270 se
2423 5216 2651 5269 invicem
2729 5216 2820 5246 ’m
2861 5215 3078 5284 Dignior
3111 5224 3194 5267 est
3233 5218 3644 5284 autetn__natur:t

391 5287 707 5362 Inv-“Vict.
737 5288 888 5343 Corb.
915 5290 1101 5344 Cisler.
1140 5290 1348 5362 dignior
1374 5291 1516 5344 enim
1548 5301 1738 5344 natura
1770 5300 1854 5345 est
1932 5292 2021 5324 "”
2068 5293 2163 5346 Ubi
2197 5289 2506 5349 diversitas,
2557 5287 2627 5338 ibi
2672 5301 2774 5338 non
2807 5297 2890 5340 est
2918 5279 3159 5362 perfecta
3203 5279 3482 5337 concordia
3515 5294 3638 5362 mss.

391 5350 483 5428 ubi
511 5355 800 5428 diversitas
827 5370 929 5424 est,
968 5377 1074 5414 non
1117 5349 1464 5424 estvperfecta
1498 5362 1785 5415 concordia
1865 5361 1955 5392 “‘6
1996 5363 2239 5416 Perfecta
2271 5373 2501 5424 nzunque
2535 5364 2616 5409 est
2652 5373 2776 5408 mss.
2813 5349 3048 5428 perfecta
3091 5369 3320 5428 namque
3352 5349 3642 5428 concordia

390 5425 504 5499 ¢_§‘__
563 5425 649 5499 ¹⁸Ϊ⁷
691 5429 817 5493 ρυλε
846 5430 896 5481 in
931 5429 1267 5499 identitatem
1299 5439 1352 5485 et
1380 5431 1601 5483 eandem
1650 5448 1774 5483 mss.
1805 5447 1922 5499 qua:
1967 5433 2018 5487 in
2066 5448 2222 5486 unam
2265 5430 2599 5482 identitalcm
2628 5436 2681 5478 et
2713 5428 2940 5499 eandem
3018 5425 3106 5499 mf“
3147 5425 3234 5476 Sic
3267 5436 3395 5492 ergo
3438 5433 3561 5499 mss.
3596 5426 3640 5472 et

396 5491 552 5562 Edir.
591 5490 744 5570 Galli.
779 5499 821 5551 si
851 5516 980 5568 ergo
1032 5498 1148 5570 7"”
1192 5500 1314 5555 Una
1336 5510 1387 5556 et
1421 5501 1608 5556 eadem
1635 5490 1911 5558 aeternitas
1941 5512 2022 5559 cst
2061 5519 2183 5558 mss.
2217 5516 2320 5557 una
2348 5499 2642 5570 eademque
2673 5506 2726 5550 et
2753 5497 2864 5550 sola
2908 5496 3176 5549 mternilas
3205 5503 3287 5549 est
3326 5490 3420 5546 ms.
3453 5490 3640 5544 Cister.

394 5580 502 5642 una
533 5569 826 5645 eademque
852 5569 1126 5626 aeternitas
1155 5581 1235 5637 cst
