4226 6224
1498 162 1587 275 ΒΕ
1626 212 2101 309 ΡΒΟΟΕΒΞΙρΝΒ
2137 212 2196 270 S.
2231 213 2566 273 SPIRITUS.

3541 215 3653 281 ιθο

422 340 503 391 est
527 330 724 400 Filius,
757 340 849 389 aut
890 332 1125 405 Spiritus
1152 336 1404 396 sanctus;
1456 343 1558 385 nec
1583 328 1752 385 Filius
1793 326 1979 394 Pater,
2011 328 2059 386 Α
2082 324 2223 381 dicta
2253 324 2466 382 Putrem
2494 332 2707 398 quoque
2733 336 2791 382 et
2816 326 3008 383 Filium
3050 337 3175 385 osse
3219 322 3482 397 Spiritum
3527 341 3659 389 san.

421 432 514 479 aut
534 421 767 495 Spiritus
792 433 1035 485 sanctus;
1059 436 1156 475 nec
1184 416 1417 489 Spiritus
1442 427 1661 474 sanctus
1690 415 1868 482 Pater,
1892 426 1983 471 aut

421 510 611 572 Filius.
654 514 910 584 Sequitur
936 506 1064 581 ergo
1094 510 1227 565 alios
1273 510 1338 564 ab
1388 510 1614 567 invicem
1642 550 1657 577 ,
1704 518 1761 564 et
1804 507 1982 578 plures

419 621 562 675 esse,
592 606 808 661 Patrem
837 643 853 666 ,
897 612 950 656 et
977 601 1196 666 Filium,
1228 611 1283 655 et
1315 602 1574 671 Spiritum
1606 610 1871 657 sanctum.
1916 598 1985 651 At

419 694 579 754 Pater
597 704 682 748 est
708 694 868 755 Deus,
901 690 1071 746 Filius
1098 699 1179 745 est
1217 690 1379 755 Deus,
1420 699 1475 744 et
1504 690 1738 760 Spiritus
1766 697 1985 744 sanctus

414 795 500 844 est
539 786 701 838 Deus.
746 781 882 850 Quid
926 782 1109 850 itaque
1156 781 1600 851 consequentius,
1643 780 1687 835 si
1729 778 1984 851 praedicta

416 861 769 948 personarum
789 871 879 905 ⁸⁸⁸⁸
903 870 1177 943 pluralitas
1198 886 1348 926 suam
1372 850 1554 926 servat
1581 872 1983 941 proprietatem,

404 970 581 1035 'qusm
609 954 822 1017 Patrem
855 971 910 1016 et
936 958 1130 1016 Filium
1149 970 1203 1016 et
1228 961 1488 1031 Spiritum
1523 974 1769 1017 sanetum
1804 961 1987 1031 plures

424 1057 554 1114 deos
606 1067 754 1121 esse,
807 1060 863 1107 et
932 1053 1065 1109 alios
1107 1054 1175 1108 ab
1222 1055 1485 1108 invicem?
1515 1053 1619 1109 Sed
1665 1055 1767 1109 hoc
1810 1051 1987 1108 nulla-

420 1156 576 1202 tenus
603 1144 836 1199 admittit
856 1144 1175 1200 inviolabilis
1196 1145 1516 1216 simplicitas
1546 1145 1795 1209 Deitatis,
1822 1161 1985 1215 quam

416 1243 584 1291 unum
606 1235 783 1291 solum
818 1236 985 1291 Deum
1026 1216 1145 1293 esse
1167 1237 1458 1293 credimus.
1502 1238 1592 1293 Sic
1623 1237 1834 1308 repellit
1862 1238 1983 1292 uni-

416 1335 500 1383 tas
526 1326 774 1381 essentia:
814 1326 933 1393 Dei,
962 1327 1311 1383 relativorum
1344 1331 1808 1398 consequentiam.
1837 1329 1984 1383 Con-

398 1414 762 1469 siderandum
795 1430 1007 1484 quoque
1036 1424 1118 1471 est
1145 1420 1415 1487 quomodo
1446 1419 1768 1474 relationum
1799 1419 1984 1489 plura-

420 1503 542 1561 litas
566 1505 748 1559 obviet
769 1505 988 1559 unitatis
1018 1508 1450 1576 consequentiae;
1485 1509 1530 1563 si
1573 1508 1723 1578 prius
1745 1507 1987 1579 posueri-

415 1609 537 1651 mus
558 1594 737 1666 aliqua
760 1609 827 1650 ex
865 1596 968 1659 liis,
1019 1596 1073 1651 in
1119 1596 1315 1666 quibus
1353 1599 1496 1653 nulla
1525 1599 1740 1654 obsistit
1769 1597 1983 1668 opposi-

2084 428 2264 487 ctnm;
2308 423 2399 477 sed
2447 437 2547 476 nec
2574 420 2754 487 Pater,
2787 422 2854 478 de
2905 434 3012 491 quo
3040 426 3124 478 est
3154 418 3394 493 Spiritus
3437 426 3657 481 sanctus

2081 517 2261 579 potest
2321 508 2409 564 ille
2460 522 2580 565 esse
2639 509 2728 579 qui
2781 509 2847 563 de
2899 523 2960 563 se
3006 518 3118 572 est;
3164 522 3262 564 nec
3312 506 3519 575 Filius.
3560 509 3658 583 qui

2084 599 2266 656 existit
2309 600 2373 654 de
2410 600 2572 654 Patre
2622 599 2932 664 nascendo,
2977 607 3064 655 est
3094 595 3185 655 illo
3218 597 3309 670 qui
3362 597 3432 657 de
3464 597 3656 657 eodem

2087 687 2187 755 51
2231 687 2391 741 Patre
2420 699 2501 741 est
2537 686 2909 757 procedendo,
2944 685 2998 740 id
3035 696 3118 739 est
3145 683 3375 753 Spiritus
3412 696 3658 743 sanctus.

2087 776 2220 829 Cum
2252 787 2428 831 autem
2468 777 2748 847 apparebit
2788 777 2912 846 quia
2948 774 3179 843 Spiritus
3214 787 3428 830 sanctus
3462 784 3548 831 est
3587 774 3659 830 do

2087 864 2242 931 Filio,
2284 875 2407 921 tunc
2437 882 2647 937 quoque
2676 857 2849 937 palam
2880 866 2985 921 erit
3008 864 3131 935 quia
3168 874 3386 934 propter
3419 866 3521 921 boc
3556 880 3661 920 ne-

2088 956 2204 1025 quit
2235 971 2352 1010 esse
2391 956 2559 1011 Filius
2609 956 2843 1026 Spiritus
2881 966 3122 1019 sanctus,
3160 965 3214 1009 et
3258 956 3491 1025 Spiritus
3529 971 3661 1012 san-

2088 1056 2223 1105 ctus.
2249 1046 2434 1100 Filius.
2476 1038 2888 1100 Consideremns
2928 1047 3102 1102 adhuc
3145 1046 3235 1077 "’°
3270 1047 3539 1115 quomodo
3570 1062 3661 1101 su-

2084 1137 2342 1207 pradictae
2390 1138 2757 1207 oppositiones
2803 1138 3067 1193 obsistant
3118 1139 3205 1171 ⁸³⁵⁸⁸
3256 1138 3661 1208 consequentia:

2086 1227 2355 1297 praedictae
2382 1212 2607 1283 unitatis
2636 1244 2651 1281 :
2688 1228 2829 1283 Deus
2863 1224 2949 1283 est
2989 1230 3054 1283 de
3089 1227 3217 1283 Deo.
3262 1227 3374 1283 lloc
3412 1244 3541 1299 ergo
3573 1243 3660 1283 se-

2087 1315 2191 1369 mel
2221 1325 2463 1385 accepto,
2493 1316 2747 1383 quoniam
2780 1316 2921 1375 idem
2952 1316 3095 1370 Deus
3123 1325 3206 1370 est
3230 1315 3390 1369 Pater
3410 1327 3464 1369 et
3492 1316 3667 1370 Filius

2084 1412 2139 1457 et
2170 1402 2405 1473 Spiritus
2440 1389 2659 1458 sanetus
2683 1420 2698 1469 ;
2726 1404 2973 1473 sequitur
3006 1404 3299 1460 secundum
3334 1404 3473 1459 lianc
3503 1405 3661 1459 ideo-

2070 1480 2291 1548 [litatem
2321 1502 2379 1547 ut
2421 1482 2750 1549 Deus‘Pater
2781 1494 2852 1548 sit
2881 1495 3023 1548 Deus
3057 1494 3124 1548 de
3155 1482 3298 1557 Deo',
3341 1503 3393 1549 et
3424 1494 3564 1549 Deus
3589 1496 3666 1549 de

2085 1601 2190 1656 quo
2218 1587 2467 1642 estDeus
2494 1603 2509 1650 ;
2543 1597 2598 1642 et
2634 1587 2883 1642 similiter
2910 1587 3077 1642 Filius
3098 1627 3111 1652 ,
3144 1588 3283 1641 Deus
3309 1587 3375 1642 de
3417 1587 3525 1641 Deo
3553 1627 3568 1651 ,
3604 1596 3661 1640 et
3714 1622 3727 1637 ιη

418 1685 513 1739 tio.
538 1664 777 1741 Dici-mus
806 1702 969 1741 unum
1016 1664 1183 1743 Deum
1210 1703 1330 1744 esse
1356 1688 1597 1754 Patrem,
1626 1698 1681 1743 et
1728 1664 1857 1744 esse
1896 1689 1984 1743 Fi-
2014 1680 2061 1738 Β
2090 1678 2231 1732 Deus
2279 1677 2345 1731 de
2392 1693 2499 1747 (Ιυο
2535 1687 2618 1731 εει
2661 1664 2836 1744 Πευθὶ
2890 1687 2945 1733 ει
2984 1677 3172 1731 “idem
3221 1676 3379 1730 “mdo
3426 1676 3664 1747 Spain"s

416 1775 567 1840 lium,
605 1786 661 1833 et
701 1792 820 1834 esse
850 1778 1107 1848 Spiritum
1139 1789 1403 1846 sanctum,
1431 1790 1490 1836 et
1516 1796 1682 1835 unum
1708 1779 1985 1835 eumdem-

402 1878 524 1934 ἐιυς
545 1867 636 1901 ω’
668 1867 831 1925 Deum
854 1885 994 1937 esse,
1023 1875 1137 1925 sive
1178 1870 1393 1940 singuli,
1424 1871 1538 1927 sive
1566 1862 1700 1935 bini,
1729 1868 1846 1923 sive
1875 1876 1985 1923 tres

416 1956 576 2013 simul
597 1957 848 2012 dicantur
865 1958 972 2012 “".
990 1958 1046 2014 Si
1070 1975 1199 2028 ergo
1220 1958 1359 2014 Deus
1380 1967 1465 2013 est
1488 1967 1742 2025 aeternus,
1767 1968 1987 2029 propter

418 2045 680 2101 unitatem
739 2047 1007 2113 Deitatis,
1060 2063 1127 2102 ex
1190 2049 1514 2104 necessitate
1570 2049 1815 2120 sequitur
1859 2049 1984 2118 quia

413 2142 652 2189 aeternus
697 2144 783 2189 est
812 2135 989 2201 Pater,
1023 2146 1257 2191 mtcrnus
1286 2148 1370 2191 est
1401 2138 1589 2204 Filius,
1640 2146 1871 2192 mte‘rnus
1902 2146 1986 2192 est

414 2219 651 2290 Spiritus
679 2232 914 2276 sanctus.
936 2224 999 2277 Et
1021 2225 1269 2292 quoniam
1292 2226 1405 2282 sive
1428 2226 1643 2297 singuli.
1668 2226 1782 2281 sive
1804 2227 1985 2296 plures

417 2309 601 2375 simul,
628 2320 755 2364 sunt
782 2327 921 2365 unus
950 2312 1118 2375 Deus;
1165 2328 1268 2367 non
1297 2323 1377 2368 est
1406 2314 1508 2369 nisi
1551 2331 1689 2369 unus
1728 2324 1984 2378 mternus.
2008 2336 2019 2343 ί

418 2399 622 2457 Similis
666 2402 1143 2470 consequentia,si
1191 2405 1333 2457 Deus
1376 2405 1573 2457 dicitur
1599 2413 1844 2469 creator,
1873 2406 1988 2459 sive

413 2488 610 2558 justus,
628 2491 741 2545 sive
772 2490 974 2558 aliquid
1005 2489 1251 2557 aliorum,
1282 2492 1335 2546 in
1354 2493 1548 2563 quibus
1568 2493 1713 2548 nulla
1734 2494 1986 2565 prmdicta

418 2578 735 2648 intelligitur
770 2578 981 2633 relatio.

1016 2670 1244 2727 CAPUT
1293 2673 1375 2727 ΙΙΙ.

405 2757 693 2825 Quomodo
736 2761 950 2820 unitatis
987 2758 1085 2812 Dei
1131 2763 1546 2834 consequentiam
1583 2762 1856 2834 restringat
1907 2780 1986 2818 re-

1122 2831 1271 2885 latio.

488 2916 782 2973 Videamus
811 2935 954 2974 nunc
1000 2920 1088 2952 “"
1135 2920 1403 2989 quomodo
1447 2920 1588 2975 lianc
1616 2921 1840 2977 unitatis
1892 2922 1982 2977 Dei

2088 1776 2329 1823 sanctus.
2394 1764 2587 1821 Verum
2640 1762 2884 1838 quaerere
2934 1774 3113 1821 utrum
3172 1766 3539 1835 unusquisque
3590 1767 3660 1821 sit

2086 1858 2227 1911 Deus
2269 1855 2357 1887 Μ’
2386 1856 2451 1910 de
2478 1844 2583 1926 quo
2612 1866 2693 1911 est
2722 1855 2885 1921 Deus,
2919 1870 3024 1909 non
3056 1861 3137 1909 est
3166 1854 3307 1908 aliud
3339 1868 3499 1923 quam
3531 1868 3662 1908 con-

2086 1950 2326 2005 siderare
2364 1956 2541 2001 utrum
2585 1946 2825 2018 singulos
2859 1946 3085 2015 quisque
3116 1944 3187 1999 sit
3228 1944 3371 1998 Deus
3414 1945 3479 1999 de
3524 1944 3655 1999 Deo.

2086 2039 2199 2094 Non
2235 2041 2377 2095 enim
2410 2049 2592 2134 potest,
2616 2040 2683 2094 de
2716 2038 2826 2093 Deo
2857 2039 2996 2092 Deus
3044 2051 3162 2090 esse
3193 2035 3307 2098 ‘m,
3354 2035 3457 2089 nisi
3496 2034 3663 2091 Pater

2085 2138 2177 2183 aut
2206 2130 2378 2185 Filius
2406 2126 2497 2184 aui
2524 2125 3046 2207 S’piritus’sanetus;
3080 2135 3135 2181 et
3162 2126 3261 2179 nisi
3291 2126 3357 2207 de
3384 2125 3543 2180 Patre
3570 2134 3666 2180 aut

2086 2224 2152 2275 de
2196 2221 2330 2275 Filio
2374 2231 2467 2275 aut
2510 2220 2575 2275 de
2624 2206 2829 2288 Spiritu
2875 2228 3083 2272 sancto.
3136 2206 3488 2287 Inspiciamus
3530 2231 3666 2287 ergo

2088 2319 2265 2365 utrum
2308 2312 2398 2342 “”
2428 2310 2796 2381 unusquisque
2826 2310 2894 2364 sit
2928 2309 3066 2362 Deus
3095 2308 3161 2364 de
3196 2310 3324 2373 Deo,
3359 2316 3415 2363 et
3457 2308 3667 2378 patebit

2088 2410 2267 2457 utrum
2304 2401 2375 2455 sit
2404 2401 2644 2470 singulos
2676 2400 2903 2469 quisque
2946 2400 3084 2454 Dens
3114 2400 3176 2453 de
3215 2392 3322 2467 quo
3367 2408 3449 2453 est
3493 2398 3659 2454 Deus.

2090 2490 2194 2544 Sed
2238 2488 2398 2543 Pater
2446 2505 2553 2543 non
2598 2495 2773 2558 potest
2810 2502 2929 2543 esse
2966 2488 3031 2541 de
3074 2484 3220 2552 Deo,
3260 2495 3476 2556 propter
3518 2501 3662 2555 prm-

2086 2580 2286 2643 idictam
2317 2578 2732 2648 Oppositionem.
2779 2578 2911 2632 Cum
2951 2577 3092 2631 enim
3126 2592 3228 2630 non
3269 2576 3337 2630 sit
3383 2576 3522 2630 Deus
3558 2576 3663 2630 nisi

2086 2677 2178 2721 aut
2206 2667 2368 2723 Pater
2393 2678 2485 2721 aut
2514 2668 2683 2722 Filius
2724 2676 2815 2720 aut
2853 2667 3087 2736 Spiritus
3118 2672 3333 2720 Sanctus
3359 2706 3371 2730 .
3421 2658 3515 2719 aut
3555 2667 3663 2720 duo

2087 2772 2154 2812 cx-
2185 2759 2299 2823 ltis,
2334 2758 2427 2811 aut
2462 2766 2571 2811 tres
2603 2757 2789 2821 simul;
2825 2772 2929 2810 non
2962 2764 3138 2824 potest
3166 2770 3285 2811 esse
3329 2756 3469 2810 Deus
3492 2757 3665 2831 Pater

2086 2849 2151 2903 de
2165 2830 2309 2914 'Deo,
2343 2846 2443 2901 nisi
2470 2855 2562 2901 aut
2594 2848 2658 2902 de
2688 2848 2873 2910 Patre,
2908 2848 3010 2901 ltoc
3040 2857 3122 2899 est
3152 2847 3215 2901 de
3246 2846 3443 2915 seipso,
3473 2830 3565 2900 aut
3594 2845 3665 2899 de

2086 2938 2243 3004 Filio,
2273 2948 2361 2993 aut
2396 2938 2461 2994 de
2493 2938 2696 3007 Spiritu
2727 2947 2914 2992 sancto
2947 2938 3060 3002 Μ’,
3090 2945 3182 2990 aut
3213 2938 3279 2991 de
3310 2937 3538 3003 duobus,
3568 2946 3667 2991 aut

417 3008 858 3079 consequentiam
890 3010 1178 3079 restringat
1200 3010 1669 3066 rciatio.Dicimus
1696 3012 1838 3065 enim
1861 3013 1985 3080 quia
2012 3000 2059 3062 C
2088 3028 2155 3083 de
2183 3000 2373 3082 “libus.
2411 3030 2484 3082 De
2515 3000 2689 3097 5133p“,
2719 3045 2821 3083 non
2866 3000 3227 3097 ροιρδιήρεεω
3260 3030 3386 3098 quia
3422 3000 3662 3083 exigens

419 3096 563 3153 Deus
582 3105 664 3151 est
694 3098 876 3152 Pater.
902 3098 1163 3164 Quoniam
1196 3115 1325 3170 ergo
1360 3116 1496 3154 unus
1524 3109 1609 3154 est
1642 3100 1782 3155 Deus
1808 3102 1986 3167 Pater,

423 3196 477 3242 et
506 3185 695 3254 Filius,
728 3196 781 3243 et
828 3188 1064 3258 Spiritus
1094 3202 1336 3257 sanctus,
1366 3191 1533 3259 exigit
1562 3191 1742 3245 unitas
1792 3192 1885 3247 Dei
1934 3201 1992 3247 ut

425 3272 593 3330 Filius
634 3276 707 3330 sit
732 3274 910 3340 Pater,
947 3284 1003 3331 et
1050 3278 1281 3347 Spiritus
1330 3287 1549 3332 sanctus
1579 3282 1649 3332 sit
1677 3279 1867 3345 Pater;
1899 3280 1991 3335 sed

418 3363 607 3422 obviat
648 3367 837 3422 relatio
886 3382 1005 3437 qua:
1048 3368 1299 3436 prohibet
1346 3368 1539 3423 Filium
1587 3377 1681 3423 aut
1732 3370 1991 3440 Spiritum

423 3468 668 3514 sanctum
696 3473 815 3514 esse
840 3458 1077 3513 Patrem.
1102 3459 1307 3529 Quippe
1346 3475 1447 3514 nec
1475 3468 1667 3516 natura
1706 3463 1990 3531 permittit,

426 3538 545 3602 nec
574 3544 881 3601 intellectus
917 3548 1061 3617 capit
1098 3549 1424 3602 existentem
1457 3550 1523 3604 de
1551 3550 1733 3619 aliquo
1775 3566 1894 3607 esse
1927 3553 1994 3607 de

414 3648 536 3704 quo
560 3634 770 3700 existit;
804 3626 921 3689 aut‘
942 3636 1007 3691 de
1044 3651 1149 3704 quo
1195 3638 1397 3701 existit,
1431 3651 1550 3692 esse
1579 3639 1898 3693 existen‘tem
1929 3641 1995 3695 de

427 3739 511 3781 se.
536 3724 732 3779 Existit
772 3736 951 3793 autem
974 3725 1217 3781 Filiuset
1249 3726 1484 3796 Spiritus
1535 3739 1754 3785 sanctus
1787 3729 1852 3785 de
1892 3730 1994 3785 Pa-

430 3824 547 3881 tre;
593 3830 761 3884 quare
792 3833 895 3887 non
945 3826 1121 3886 potest
1164 3817 1330 3873 Filius
1370 3828 1463 3873 aut
1494 3818 1727 3888 Spiritus
1776 3822 1994 3877 Sanctus

426 3921 550 3961 ese
576 3905 751 3972 Pater,
785 3910 1030 3973 quamvis
1061 3908 1200 3962 Deus
1229 3909 1299 3961 sit
1348 3908 1529 3975 Pater,
1558 3920 1612 3965 et
1646 3928 1785 3967 unus
1825 3914 1992 3968 idem-

429 4009 536 4063 que
580 3994 719 4049 Deus
755 3996 825 4048 sit
870 3996 1031 4048 Pater
1068 4005 1121 4049 et
1174 3996 1341 4049 Filius
1381 4006 1434 4049 et
1476 3997 1707 4066 Spiritus
1752 4015 1990 4058 sanctus.

430 4082 664 4152 idipsum
716 4072 1057 4151 cognoscitur
1097 4084 1285 4148 ⁸³⁸⁸,δί
1319 4084 1514 4139 dicitur
1560 4087 1700 4143 Deus
1756 4106 1876 4146 esse
1911 4091 1995 4145 Fi-

430 4173 535 4226 lius
560 4190 572 4225 :
602 4172 711 4225 vult
737 4174 875 4226 enim
908 4173 1125 4227 unitatis
1164 4174 1255 4228 Dei
1287 4180 1693 4245 consequentia,
1722 4190 1780 4232 ut
1808 4192 1862 4233 et
1888 4181 1993 4236 Pa-

431 4262 643 4327 ter-“3°,
674 4272 728 4315 et
758 4263 1245 4331 Spiritusksanctus
1276 4268 1342 4318 sit
1370 4267 1554 4321 Filius.
1586 4270 1691 4324 Sed
1717 4270 1894 4338 Pater,
1920 4273 1996 4329 de

430 4367 542 4422 quo
563 4362 645 4406 est
669 4352 979 4417 Filius,non
1004 4363 1181 4420 potest
1200 4369 1316 4408 esse
1340 4355 1429 4423 qui
1454 4356 1517 4410 de
1540 4372 1599 4411 se
1629 4369 1736 4425 est;
1765 4360 1998 4429 Spiritus
2030 4350 2074 4405 Ῑ)
2102 4368 2283 4423 obviat
2324 4370 2586 4438 oppositio

430 4457 563 4498 vero
585 4452 819 4505 sanctus,
858 4444 946 4511 qui
975 4444 1160 4497 existit
1191 4446 1255 4497 de
1286 4445 1445 4499 Patre
1474 4447 1842 4514 procedendo,
1894 4468 1998 4507 non

432 4542 518 4589 est
548 4532 634 4586 ille
658 4534 748 4602 qui
779 4544 859 4586 est
884 4535 947 4586 dc
976 4533 1135 4587 Patre
1164 4538 1451 4589 nascendo.
1496 4538 1624 4593 Item
1658 4557 1671 4591 :
1714 4540 1848 4594 Cum
1875 4544 2000 4597 dici-

430 4633 545 4691 tur,
568 4623 706 4677 Deus
745 4630 826 4677 est
867 4622 1095 4691 Spiritus
1118 4634 1364 4693 sanctus;
1400 4630 1619 4698 requirit
1661 4632 1836 4685 unitas
1860 4649 1998 4702 pra:-

2091 3115 2159 3169 de
2188 3115 2393 3183 aliquo,
2437 3116 2585 3168 etde
2614 3131 2721 3184 quo
2760 3117 2943 3170 existit
2988 3132 3091 3169 non
3122 3126 3299 3185 potest
3338 3118 3476 3171 idem
3520 3132 3661 3172 esse.

2094 3204 2167 3260 De
2196 3203 2331 3259 Filio
2370 3219 2475 3258 non
2511 3212 2623 3270 est;
2666 3205 2792 3274 quia
2838 3204 3003 3259 Filius
3044 3205 3218 3258 estde
3262 3206 3419 3275 ipso:
3459 3214 3512 3259 et
3545 3207 3668 3260 ideo

2093 3310 2197 3348 non
2230 3304 2403 3364 potest
2430 3309 2547 3348 esse
2582 3297 2645 3349 de
2676 3294 2833 3348 Filio.
2870 3295 2944 3349 De
2975 3294 3179 3363 Spiritu
3207 3304 3395 3349 sancto
3424 3311 3525 3350 non
3552 3304 3666 3360 est,

2092 3386 2218 3452 quia
2250 3384 2315 3438 de
2345 3384 2434 3437 illo
2461 3393 2543 3437 est
2573 3383 2805 3453 Spiritus
2830 3395 3091 3450 sanctus;
3125 3399 3224 3440 nec
3252 3386 3397 3439 valet
3418 3402 3544 3457 esse
3578 3387 3668 3441 ille

2099 3472 2189 3505 ³⁸³⁸
2216 3474 2305 3543 qui
2337 3474 2400 3528 de
2428 3490 2485 3528 se
2515 3483 2619 3530 est.
2649 3476 2722 3529 De
2748 3476 2956 3530 duobus
2985 3476 3067 3531 vel
3096 3477 3267 3531 tribus
3297 3476 3455 3531 simul
3483 3476 3670 3547 nequit

2095 3576 2215 3617 esse
2245 3562 2424 3625 Pater,
2459 3574 2676 3632 propter
2704 3564 2944 3619 eamdem
2986 3564 3338 3633 Oppositionis
3381 3566 3668 3623 rationem.

2095 3650 2286 3704 Filium
2324 3668 2449 3705 vero
2493 3652 2659 3706 Deum
2693 3668 2912 3708 necesse
2940 3663 3022 3708 est
3052 3641 3169 3708 esse
3217 3655 3283 3709 de
3315 3654 3475 3708 Patre
3518 3656 3666 3719 Deo,

2095 3741 2219 3809 quia
2252 3740 2412 3795 Pater
2439 3756 2544 3795 non
2570 3751 2652 3796 est
2678 3744 2741 3797 de
2771 3743 2898 3807 illo;
2930 3744 2994 3798 de
3023 3744 3158 3797 Filio
3186 3759 3330 3806 vero.
3362 3744 3462 3799 ltoc
3490 3753 3574 3799 est
3602 3745 3670 3799 de
3701 3749 3704 3753 ’

2095 3832 2271 3901 seipso
2297 3847 2413 3886 esse
2443 3833 2628 3901 nequit
2652 3849 2667 3898 ;
2700 3849 2803 3888 non
2832 3845 2913 3889 est
2938 3835 3078 3888 idem
3108 3834 3347 3890 existens
3375 3838 3439 3889 de
3465 3835 3667 3905 aliquo,

2094 3928 2149 3972 et
2179 3920 2243 3972 de
2273 3934 2379 3987 quo
2407 3916 2609 3974 existit.
2645 3919 2833 3974 Utrum
2874 3930 3050 3975 autem
3094 3923 3161 3976 sit
3204 3922 3269 3976 de
3308 3922 3512 3992 Spiritu
3544 3940 3691 3979 san--

2096 4018 2203 4074 cto,
2237 4019 2329 4062 aut
2358 4009 2591 4079 Spiritus
2636 4026 2858 4066 sanctus
2884 4012 2949 4067 de
2980 4012 3067 4066 illo
3094 4010 3219 4083 post
3261 4015 3667 4068 monstrabitur.

2097 4098 2200 4154 Sed
2237 4100 2385 4167 prius
2424 4101 2663 4155 dicemus
2707 4104 2771 4156 de
2803 4104 3002 4172 Spiritu
3050 4115 3239 4157 sancto
3280 4105 3323 4158 si
3373 4104 3668 4158 secundum

2098 4193 2537 4260 consequentiam
2567 4196 2874 4263 przndictatn
2900 4197 2967 4249 sit
2997 4197 3060 4249 de
3085 4198 3264 4262 Patre,
3296 4205 3348 4250 et
3376 4199 3439 4252 de
3468 4199 3665 4265 seipso.

2101 4279 2176 4333 De
2206 4278 2365 4334 Patre
2398 4281 2613 4349 quidem
2645 4297 2865 4337 necesse
2902 4292 2986 4336 est
3022 4300 3140 4337 eum
3174 4301 3292 4341 esse
3320 4304 3333 4351 ;
3368 4288 3489 4354 quia
3524 4288 3667 4340 nulla

2632 4387 2645 4423 :
2696 4387 2801 4424 non
2841 4386 2908 4425 en
2936 4387 2986 4425 m
3022 4382 3103 4427 est
3144 4373 3302 4428 Pater
3347 4376 3411 4429 de
3448 4376 3556 4429 illo.
3596 4377 3673 4430 De

2103 4460 2278 4528 seipso
2309 4476 2436 4513 vero
2467 4462 2797 4529 impossibile
2825 4471 2906 4517 est
2948 4478 3068 4515 eum
3099 4478 3256 4529 esse;
3291 4466 3413 4535 quia
3444 4482 3550 4520 non
3577 4483 3672 4534 po-

2105 4538 2208 4602 test
2247 4550 2483 4611 exiStcns
2514 4552 2580 4603 de
2619 4550 2819 4617 aliquo,
2860 4561 2913 4605 et
2958 4552 3021 4605 de
3050 4568 3155 4621 quo
3190 4563 3301 4617 est,
3346 4556 3483 4609 idem
3526 4569 3664 4608 esse.

2101 4637 2155 4689 ln
2180 4639 2265 4691 his
2287 4639 2534 4691 erunibus
2561 4640 2691 4692 nihil
2713 4642 2894 4694 obviat
2919 4643 3313 4709 consequentiae
3340 4644 3494 4696 unius
3520 4643 3671 4697 iden-

1676 4764 1677 4767 ‘
1722 4782 1953 4838 VARle
1993 4785 2387 4841 LECTIONES.

474 4891 601 4973 ft."
730 4891 1099 4973 prmdictarum
1139 4908 1489 4973 personarum
1518 4914 1643 4973 mss.
1679 4899 1722 4952 si
1768 4900 2015 4973 praedicta
2043 4916 2389 4973 personarum
2468 4902 2557 4933 “3’
2598 4902 2661 4956 Et
2690 4920 2864 4973 unum
2898 4905 3125 4959 eumiem
3180 4925 3301 4961 mss.
3339 4908 3487 4963 Gem.
3522 4911 3645 4965 Iter.

432 4960 813 5036 (ξριτιξ-ψειεν.
848 4972 901 5016 et
936 4978 1096 5015 unum
1141 4960 1475 5033 eundemque
1528 4968 1692 5021 Deum
1768 4960 1860 4999 ³³⁸⁸
1899 4960 2212 5025 Τιεεέἰιηυι
2273 4972 2518 5025 dicantur
2556 4990 2649 5025 ms.
2689 4972 2820 5026 Vict.
2848 4976 2898 5027 5.
2930 4986 3038 5031 tres
3069 4960 3400 5032 siniulesse
3425 4960 3674 5036 dicantur

435 5030 533 5114 2⁸⁷
580 5031 862 5114 \iideprnlus
932 5048 1074 5114 nunc
1108 5045 1201 5086 etc.
1241 5036 1293 5085 in
1338 5030 1433 5087 ms.
1462 5036 1612 5114 Corb.
1673 5039 1765 5114 llic
1796 5041 1970 5114 incipit
2002 5041 2163 5109 Caput
2192 5042 2244 5094 5.
2323 5041 2413 5114 ’διξίξ
2450 5042 2680 5114 ldipsunt
2726 5051 2778 5095 ct
2812 5049 3155 5114 cognoscitur
3191 5030 3666 5106 nmfivéif‘c’é'ail

429 5098 562 5153 Bec.
598 5097 749 5182 (ἱρή).
784 5100 969 5181 Cister.
1006 5103 1233 5182 idipsiim
1267 5107 1619 5182 cognoscitur
1665 5109 1770 5182 _"‘“_’
1817 5097 2159 5182 Ut'i’ater'et
2208 5127 2331 5164 mss.
2379 5108 2508 5182 Vict.
2532 5097 2710 5165 'Corb.
2744 5124 2798 5167 ut
2824 5097 3151 5182 {etUPateret
3191 5097 3315 5149 Πίλέδ

430 5181 560 5249 initus
582 5168 755 5249 adimo
778 5181 869 5223 etc.
906 5173 956 5249 in
992 5168 1093 5249 ius.
1128 5168 1372 5249 lv'.-ct._i5.
1405 5175 1693 5249 Iticjucipit
1726 5177 1891 5242 Caput
1933 5180 1966 5232 4
2070 5180 2154 5210 “9‘
2195 5181 2566 5249 Oppositiones
2612 5168 2882 5236 obsistunt
2930 5168 3057 5243 mss.
3100 5168 3227 5239 ilict.
3261 5187 3310 5241 9.
3346 5168 3665 5243 eis:

430 5236 591 5319 Geni.
625 5234 748 5319 Bec.
777 5242 1137 5319 oppositiones
1168 5243 1429 5319 obsistunt
1504 5234 1825 5319 Miil‘itrutu
1861 5250 2105 5318 quisquis
2140 5234 2217 5304 sit
2242 5234 2388 5304 'Deus
2415 5234 2535 5303 niss.
2579 5234 2709 5303 Vict.
2740 5234 2891 5305 Codro.

430 5304 1234 5395 gert]:utrum:unusqiiisque
1262 5313 1336 5391 sit
1360 5313 1497 5368 Deus
1573 5316 1661 5346 ³⁸³³³
1700 5304 1891 5371 Ρυιεδί
1918 5304 2063 5395 Deus
2094 5320 2175 5395 _de
2216 5320 2485 5382 Deo,Deus
2514 5336 2631 5374 esse
2657 5304 2797 5395 mss.
2825 5304 2963 5395 i’jct.
2987 5304 3666 5395 ‘si'ii'ic'h."ijaii."p3&§éi

428 5374 509 5464 de
535 5373 802 5464 Deo‘D‘eus
830 5392 947 5431 esse
983 5456 993 5464 ι
1023 5373 1112 5464 ξξθξ
1147 5373 1526 5464 inspiciamus;
1557 5397 1733 5464 utrum
1764 5404 1888 5441 mss.
1917 5373 2262 5464 inspiciamus
2295 5373 2423 5464 ergo
2450 5373 2633 5464 utrum
2661 5373 2665 5374 ν
2707 5391 2797 5423 ⁸⁸⁵³⁵
2836 5373 2952 5445 Hoc
2973 5373 3058 5447 est
3082 5373 3145 5447 de
3162 5373 3667 5464 ’ἓίιὶοῖἱίιὶυὲἑρἷ

430 5444 769 5530 ξψξδειῃειί)
798 5463 918 5499 mss.
947 5456 993 5499 et
1016 5450 1127 5530 ‘ls‘d.
1161 5444 1413 5530 Gonni-ioc
1445 5444 1527 5510 est
1570 5459 1633 5511 de
1675 5459 1807 5526 ipso,
1861 5468 1951 5514 aut
1978 5444 2040 5515 d'c
2064 5444 2216 5527 Filio,
2268 5444 2460 5515 autvde
2497 5460 2705 5530 Spiritu
2739 5444 2939 5523 sancto
2964 5444 3051 5499 ’δέ
3088 5444 3438 5521 Νένξίιᾴιῖῆὲ
3458 5444 3667 5519 25.2}:

426 5510 596 5566 Edit.
643 5511 791 5567 Goth.
828 5532 925 5573 nec
948 5517 1083 5575 valet
1123 5534 1239 5573 esse
1284 5520 1369 5574 ille
1622 5510 1625 5511 ⁷
1659 5536 1667 5540 ’
