4226 6194
511 259 607 316 29!

999 254 1062 311 S.
1098 253 1391 310 ANSELMI
1431 250 1779 307 CA’NTUAR.
1809 249 2126 306 ARClllEP.
2171 249 2322 306 OPP.
2365 248 2541 306 PARS
2569 249 2609 305 1.
2640 280 2710 292 -
2752 245 3180 305 DOGMATICA.

3634 243 3746 300 993

514 365 682 422 titatis
714 365 826 430 Μ’,
851 364 953 420 ιιῑεὶ
980 363 1157 432 aliqua
1184 363 1250 416 de
1271 361 1594 430 supradictis
1613 362 1897 431 oppositio.
1922 361 2073 427 Quod
2104 373 2150 427 Α
2181 371 2262 417 ter
2303 373 2358 418 et
2405 362 2636 433 Spiritus
2677 373 2893 419 sanctus
2917 403 2931 428 ,
2962 370 3052 416 aut
3085 360 3224 415 alius
3261 365 3404 414 totus
3431 359 3534 415 erit
3559 357 3743 428 Pater,

509 471 640 514 vero
685 456 738 510 in
785 456 869 509 his
911 452 1270 523 cognoscitur,
1306 453 1358 505 in
1390 452 1638 505 omnibus
1661 493 1675 516 ,
1710 468 1828 521 qute
1863 453 1930 507 de
1960 453 2069 507 lteo

511 546 782 612 dicuntur,
814 542 1214 600 immutabiliter
1243 542 1459 597 evenire
1501 557 1720 597 necesse
1749 552 1850 597 est.

1043 651 1267 705 CAPUT
1305 650 1371 704 IV
1413 650 1522 705 Μ’.

507 745 640 800 Cum
661 741 834 797 Filius
861 759 962 798 non
988 745 1056 797 sit
1083 743 1146 812 de
1172 741 1369 811 Spiritu
1394 753 1593 807 sancto,
1624 742 1730 812 ipse
1755 742 1981 812 Spiritus
2006 759 2070 798 ex

669 819 676 831 '
1065 811 1208 865 Filio
1252 813 1497 876 procedit.

577 906 728 962 Nunc
756 904 1102 976 quaerendum
1146 911 1226 957 est
1269 916 1363 971 per
1407 902 1748 972 supradictas
1780 902 2069 973 irretraga~

506 997 640 1053 biles
669 998 904 1052 rationes
927 1035 941 1061 ,
976 1003 1155 1048 utrum
1195 981 1362 1047 Filius
1390 993 1461 1047 sit
1496 994 1561 1048 de
1591 994 1792 1063 Spiritu
1843 1004 2065 1060 sancto;

506 1098 598 1143 aut
629 1087 860 1158 Spiritus
895 1095 1111 1140 sanctus
1140 1086 1206 1139 de
1248 1070 1404 1139 Filio.
1438 1085 1566 1140 Dico
1613 1086 1734 1154 quia
1767 1086 1935 1151 sicut,
1975 1087 2070 1156 per

504 1178 865 1247 supradictam
898 1175 1159 1230 rationem
1187 1214 1201 1238 ,
1240 1182 1332 1228 aut
1364 1175 1520 1230 Pater
1549 1185 1630 1229 est
1667 1177 1730 1229 de
1771 1163 1905 1229 Filio
1933 1214 1947 1240 ,
1978 1185 2070 1229 aut

502 1267 673 1322 Filius
699 1267 770 1322 de
794 1274 945 1337 patre
980 1283 994 1319 :
1025 1275 1080 1321 et
1108 1265 1358 1319 similiter
1390 1275 1481 1319 aut
1506 1275 1590 1319 est
1618 1267 1684 1320 de
1713 1265 1915 1334 Spiritu
1947 1282 2069 1320 san-

501 1369 590 1413 cto
618 1359 778 1411 Pater
812 1356 901 1388 “°'
928 1366 1019 1410 aut
1051 1355 1283 1424 Spiritus
1317 1365 1533 1408 sanctus
1560 1353 1625 1407 de
1650 1354 1848 1420 Patre;
1883 1356 1952 1408 ita
1983 1367 2066 1411 est

503 1455 596 1500 aut
625 1447 789 1501 Filius
813 1446 878 1500 de
905 1444 1108 1513 Spiritu
1139 1450 1346 1507 sancto,
1375 1450 1467 1495 aut
1497 1439 1729 1508 Spiritus
1757 1453 1974 1498 sanctus
2001 1446 2065 1500 de

506 1537 657 1590 Filio.
691 1535 840 1601 Quod
867 1534 957 1604 qui
982 1543 1156 1604 negat,
1184 1542 1336 1603 neget
1362 1533 1522 1588 etiam
1548 1548 1768 1587 necesse
1791 1545 1874 1590 est
1900 1552 2068 1594 unum

500 1627 671 1682 solum
705 1629 865 1682 Deum
899 1640 1056 1690 esse;
1090 1634 1184 1680 aut
1219 1623 1413 1680 Filium
1445 1625 1610 1679 Deum
1638 1640 1784 1691 esse;
1823 1636 1915 1681 aut
1947 1628 2064 1697 Spi-

502 1719 665 1772 ritum
695 1726 936 1772 sanctum
964 1715 1130 1770 Deum
1164 1730 1318 1779 esse;
1351 1723 1442 1767 aut
1472 1711 1633 1768 Deum
1664 1730 1782 1770 esse
1822 1719 1886 1770 de
1913 1716 2019 1771 Deo
2047 1759 2061 1785 ,
2100 1700 2140 1754 Β

503 1809 627 1876 quia
666 1823 730 1860 ex
775 1807 856 1861 his
886 1805 1128 1874 sequitur
1156 1804 1296 1874 quod
1327 1803 1466 1857 dico.
1503 1804 1748 1872 Amplius
1779 1822 1792 1858 :
1827 1805 1940 1860 Non
1986 1817 2066 1862 cst

504 1899 596 1930 ¹⁸⁰⁰
625 1898 788 1952 Filius
818 1906 908 1950 aut
933 1894 1167 1970 Spiritus
1189 1904 1410 1949 sanctus
1437 1895 1502 1948 de’
1531 1894 1713 1958 Patre,
1746 1897 1844 1950 nisi
1876 1899 1940 1952 de
1970 1897 2068 1951 Pa-

501 1988 598 2041 tris
623 1985 853 2042 essentia
874 2023 890 2049 ,
935 1999 1052 2052 qua:
1080 1997 1184 2037 una
1215 1991 1297 2037 est
1337 1981 1411 2036 illi
1440 1996 1561 2035 cum
1603 1981 1738 2037 Filio
1765 1993 1819 2038 et
1863 1986 2066 2054 Spiritu

499 2090 705 2132 saneto.
737 2075 868 2131 Cum
895 2088 1022 2143 ergo
1052 2071 1393 2147 dieiturquia
1426 2071 1593 2127 Filius
1612 2081 1695 2128 est
1731 2074 1796 2128 de
1827 2061 1935 2128 Deo
1965 2073 2072 2136 Pas

499 2178 620 2234 tre;
670 2167 716 2221 si
757 2167 896 2221 idem
942 2164 1082 2218 Deus
1121 2172 1208 2219 est
1240 2162 1396 2218 Pater
1437 2171 1491 2222 et
1533 2163 1765 2232 Spiritus
1801 2174 2021 2218 sanctus
2047 2205 2061 2230 ,

500 2258 766 2327 sequitur,
812 2255 1106 2310 secundum
1135 2253 1391 2310 unitatem
1436 2253 1689 2320 Deitatis,
1719 2265 1775 2308 ut
1804 2257 1873 2309 sit
1901 2257 2062 2309 etiam

500 2349 566 2404 de
609 2346 812 2417 Spiritu
849 2353 1058 2400 sancto.
1097 2343 1296 2399 Eodem
1343 2343 1543 2396 modo:
1577 2342 1800 2409 Quando
1841 2360 1918 2398 co:
1949 2348 2062 2398 uite-

498 2453 618 2492 tnur
651 2435 908 2504 Spiritum
941 2443 1188 2488 sanctum
1230 2447 1348 2488 esse
1379 2433 1442 2486 de
1476 2432 1582 2488 Deo
1622 2433 1818 2499 Patre;
1849 2435 1892 2488 si
1927 2431 2064 2489 idem

497 2524 640 2580 Deus
665 2534 777 2589 est,
811 2523 972 2578 Pater
998 2532 1050 2576 ct
1076 2522 1247 2578 Filius
1269 2562 1283 2586 ,
1319 2523 1562 2591 sequitur
1590 2522 1886 2578 secundum
1914 2539 2061 2579 eam-

495 2618 614 2669 dem
659 2615 881 2668 Deitatis
927 2614 1186 2668 unitatem
1215 2652 1229 2677 ,
1261 2621 1318 2666 ut
1363 2613 1434 2667 sit
1479 2620 1532 2667 et
1576 2616 1642 2668 de
1671 2599 1824 2670 Filio.
1858 2615 1932 2668 Ex
1983 2615 2066 2670 his

498 2707 660 2776 igitur
687 2713 869 2774 aperte
899 2703 1238 2772 cognoscitur
1267 2691 1513 2770 quiaaut
1543 2700 1710 2758 Filius
1743 2713 1825 2759 est
1853 2705 1917 2758 de
1943 2705 2066 2774 Spi-

498 2799 602 2851 titu
649 2805 870 2860 saneto,
919 2803 1010 2848 aut
1056 2792 1290 2862 Spiritus
1333 2803 1556 2848 sanctus
1604 2795 1669 2848 de
1707 2794 1886 2860 Filio;
1933 2811 2067 2864 quo-

498 2889 643 2942 niam
674 2895 960 2954 utrumque
996 2885 1180 2952 nequit
1209 2899 1328 2938 esse
1354 2899 1537 2936 verum
1570 2893 1663 2939 aut
1700 2883 1912 2939 falsum.
1956 2883 2062 2937 Ne-
2095 2867 2102 2874 ’

496 2991 646 3029 cesse
685 2984 766 3028 est
800 2988 927 3042 ergo
961 2972 1217 3041 Spiritum
1248 2979 1490 3026 sanctum
1533 2984 1651 3026 esse
1698 2969 1765 3026 de
1798 2971 1970 3039 Filio;
2016 2973 2060 3026 si

2171 454 2307 509 alius
2355 463 2496 509 totus
2542 454 2773 524 Spiritus
2797 464 3036 520 sanctus,
3064 462 3124 507 ut
3151 453 3219 506 de
3242 460 3355 506 toto
3379 450 3540 506 Patre
3569 451 3659 516 sit,
3691 461 3746 504 et

2171 559 2275 598 non
2333 545 2398 600 de
2437 555 2549 599 toto
2589 545 2789 616 Spiritu
2824 556 3044 611 saneto;
3070 553 3161 598 aut
3189 544 3234 598 si
3268 543 3406 598 idem
3436 550 3582 596 totus
3605 541 3745 596 Deus

2169 646 2252 691 est
2293 637 2454 692 Pater
2503 628 2568 692 ει
2595 637 2828 709 Spiritus
2855 646 3117 694 sanctus:
3158 651 3225 692 ex
3252 635 3574 692 necessitate
3620 648 3742 689 cum

2171 734 2255 780 est
2282 716 2348 782 de
2392 727 2499 782 Deo
2524 736 2656 793 toto,
2677 730 2766 798 qui
2803 745 2941 784 unus
2970 739 3113 783 totus
3141 737 3222 784 est
3243 727 3402 782 Pater
3430 734 3484 781 et
3512 720 3745 794 Spiritus

2170 827 2410 883 sanctus;
2443 828 2524 873 est
2549 821 2748 888 pariter
2767 812 2858 853 ¹⁸⁰⁶
2873 821 2940 876 de
2966 820 3126 874 Patre
3150 829 3204 874 et
3230 819 3433 888 Spiritu
3453 827 3662 882 sancto,
3691 813 3737 871 si

2170 921 2274 961 non
2299 913 2556 978 repugnat
2577 910 2740 964 aliud.
2767 911 2965 966 Eodem
2985 911 3162 974 modo,
3190 925 3312 964 cum
3341 909 3534 963 dicitur
3561 901 3737 977 Spiri-

2172 1006 2254 1054 tus
2274 1008 2490 1054 sanctus
2529 1015 2647 1054 esse
2669 1000 2734 1055 de
2763 1008 2872 1055 toto
2895 1001 3023 1065 Deo,
3061 1000 3154 1070 qui
3183 1007 3265 1054 est
3286 999 3444 1061 Pater
3460 1007 3516 1052 et
3537 997 3730 1064 Filius;

2170 1098 2260 1143 aut
2288 1088 2422 1144 alius
2446 1099 2584 1145 totus
2608 1091 2703 1146 erit
2738 1090 2919 1159 Pater,
2950 1091 3084 1146 alius
3117 1097 3259 1148 totus
3279 1089 3464 1155 Filius,
3493 1096 3550 1142 ut
3574 1087 3643 1143 sit
3672 1089 3740 1143 de

2172 1186 2282 1232 toto
2309 1179 2488 1245 Patre,
2512 1190 2563 1236 et
2581 1196 2683 1236 non
2715 1181 2778 1236 de
2803 1189 2914 1236 toto
2939 1181 3074 1236 Filio
3113 1180 3346 1250 Spiritus
3367 1189 3612 1244 sanctus;
3639 1189 3734 1233 aut

2169 1283 2290 1322 cum
2316 1278 2398 1324 est
2447 1271 2513 1324 de
2560 1269 2722 1325 Patre
2749 1271 2981 1340 Spiritus
3020 1279 3257 1334 sanctus,
3284 1285 3388 1324 non
3432 1278 3602 1340 potest
3633 1285 3742 1324 non

2168 1371 2287 1438 esse
2333 1361 2398 1415 de
2436 1359 2602 1427 Filio;
2655 1363 2698 1417 si
2741 1378 2845 1418 non
2876 1371 2956 1417 est
2985 1347 3150 1416 Filius
3176 1361 3242 1417 de
3289 1361 3491 1432 Spiritu
3530 1371 3738 1416 sancto.

2166 1447 2320 1502 Nulla
2371 1452 2512 1506 enim
2575 1450 2680 1506 alia
2735 1453 2944 1510 ratione
3020 1461 3193 1523 potest
3267 1452 3452 1522 negari
3505 1450 3742 1522 Spiritus

2167 1547 2384 1592 sanctus
2415 1554 2533 1594 esse
2559 1541 2622 1593 de
2651 1539 2805 1595 Filio.
3302 1601 3315 1628 ,

2236 1627 2391 1683 Dicet
2432 1629 2671 1699 aliquis:
2703 1630 2757 1684 Si
2795 1631 3049 1700 quoniam
3077 1643 3216 1684 unus
3266 1627 3408 1684 Deus
3451 1640 3532 1686 est
3577 1629 3741 1686 Pater

2166 1729 2221 1774 et
2248 1720 2480 1790 Spiritus
2509 1732 2743 1784 sanctus,
2769 1738 2888 1782 eum
2921 1722 3088 1774 Filius
3117 1721 3208 1751 ²⁵⁰⁷
3237 1728 3321 1775 εει
3347 1720 3412 1774 de
3441 1720 3620 1783 Patre,
3646 1735 3738 1775 se-
3803 1743 3808 1747 ·

2167 1804 2349 1878 quitur
2372 1826 2493 1865 eum
2518 1826 2634 1866 esse
2656 1813 2722 1866 de
2746 1811 2950 1881 Spiritu
2982 1818 3198 1874 sancto;
3229 1819 3324 1863 aut
3351 1825 3471 1863 cum
3496 1810 3733 1881 Spiritus

2166 1911 2386 1966 sanctus
2414 1912 2497 1957 est
2523 1902 2587 1956 de
2614 1890 2793 1966 Patre,
2828 1901 2951 1971 quia
2983 1901 3122 1954 idem
3168 1900 3308 1955 Deus
3335 1910 3418 1954 est
3451 1899 3613 1956 Pater
3645 1888 3738 1934 ’⁸⁸⁸

2167 1987 2221 2045 et
2245 1980 2429 2057 Filius,
2463 2001 2546 2047 est
2564 1993 2725 2047 etiam
2757 1993 2822 2048 de
2842 1992 2979 2047 Filio
3010 2009 3024 2045 :
3054 1993 3177 2047 cum
3220 1991 3379 2046 Pater
3439 1992 3608 2062 gignit
3649 1990 3736 2048 Fi-

2167 2082 2319 2149 lium,
2372 2093 2593 2138 necesse
2639 2082 2723 2139 est
2759 2098 2882 2138 eum
2946 2083 3164 2154 gignere
3215 2098 3428 2153 quoque
3477 2081 3732 2153 Spiritum

2166 2184 2444 2252 sanctum;
2480 2174 2602 2243 quia
2657 2189 2795 2229 unus
2833 2159 3083 2244 Nemque
3139 2174 3280 2228 Deus
3332 2181 3412 2228 est
3462 2173 3630 2227 Filius
3680 2181 3737 2228 et

2167 2267 2402 2336 Spiritus
2430 2275 2668 2322 sanctus.
2703 2268 2911 2322 Etcum
2943 2267 3178 2336 Spiritus
3221 2275 3440 2321 sanctus
3495 2266 3740 2334 procedit

2167 2357 2234 2411 de
2272 2357 2450 2423 Patre,
2500 2359 2724 2428 propter
2760 2357 3002 2412 eamdem
3045 2357 3308 2433 unitatem
3355 2355 3581 2410 Deitatis
3612 2353 3736 2410 Filii

2166 2459 2222 2503 et
2245 2449 2477 2517 Spiritus
2530 2449 2726 2516 sancti,
2762 2449 3006 2518 procedit
3051 2458 3108 2503 et
3155 2447 3323 2503 Filius
3378 2449 3444 2503 de
3474 2448 3633 2503 Patre
3661 2448 3734 2503 ita

2163 2539 2302 2592 sicut
2329 2538 2559 2606 Spiritus
2580 2547 2816 2610 sanctus.
2857 2537 2915 2593 Si
2947 2552 3076 2593 vero
3100 2539 3276 2594 unitas
3324 2538 3415 2593 Dei
3449 2523 3540 2570 "”
3562 2539 3614 2593 iu
3646 2538 3738 2593 Fie-

2166 2629 2238 2683 lio
2279 2638 2334 2683 et
2366 2628 2570 2698 Spiritu
2619 2613 2809 2704 satiato
2853 2643 2959 2684 non
3012 2627 3157 2682 illam
3199 2628 3362 2697 habet
3393 2629 3499 2683 vim
3539 2643 3734 2684 conse-

2167 2721 2414 2789 quentiae,
2469 2728 2528 2772 ut
2581 2727 2804 2785 uterque
2850 2717 3099 2771 similiter
3127 2717 3198 2771 sit
3227 2716 3438 2786 genitus
3460 2731 3516 2771 et
3548 2733 3737 2786 procc-

2167 2808 2319 2870 dens,
2343 2805 2555 2860 videtur
2582 2807 2725 2874 quod
2753 2821 2858 2860 non
2907 2820 2973 2859 ex
2998 2821 3061 2859 eo
3088 2808 3230 2875 quod
3286 2807 3376 2837 ¹⁸ί⁰
3409 2823 3548 2861 unus
3594 2808 3736 2882 Deus

2166 2906 2248 2951 est
2277 2883 2437 2951 Pater
2468 2882 2557 2927 ηίι
2608 2904 2663 2950 ει
2693 2895 2925 2964 Spiritus
2982 2905 3202 2951 sanctus
3246 2897 3492 2966 sequitur
3539 2896 3732 2952 Filium

2165 3001 2284 3040 esse
2313 2986 2377 3040 de
2411 2984 2611 3054 Spiritu
2653 2993 2868 3045 saneto,
2907 2984 3276 3054 autSpiritum
3332 2996 3578 3040 sanctum
3614 2995 3733 3041 esSe

495 3073 671 3134 potest
695 3061 981 3123 monstrari
1022 3061 1214 3114 Filium
1262 3075 1367 3114 non
1420 3075 1559 3114 esse
1584 3062 1649 3114 de
1692 3061 1803 3116 illo.
1842 3061 1976 3118 Nam
2015 3063 2058 3116 si
2091 3054 2132 3113 C
2166 3078 2232 3131 de
2259 3078 2419 3141 Filio;
2463 3076 2715 3144 quoniam
2748 3077 2886 3129 idem
2916 3077 3053 3130 Deus
3081 3075 3344 3132 εειρεηει-
3364 3076 3628 3142 curm“.
3674 3084 3735 3131 ιιι

494 3155 618 3224 quis
637 3153 767 3207 dicit
789 3167 892 3205 non
915 3151 1061 3218 sequi
1088 3149 1278 3203 Filium
1297 3163 1416 3203 esse
1444 3149 1510 3202 de
1536 3149 1694 3202 Patre
1721 3157 1775 3202 et
1803 3149 1867 3204 de
1890 3149 2060 3216 Spiri-

498 3253 554 3296 tu
584 3252 772 3296 sancto
806 3241 915 3304 ‘°",
947 3239 1149 3292 idcirco
1177 3237 1427 3305 quoniam
1467 3252 1603 3290 unus
1651 3245 1735 3290 est
1765 3228 1855 3268 ¹⁸⁰²
1897 3237 2058 3305 Deus,

497 3332 657 3386 Pater
684 3342 737 3385 ει
760 3329 991 3399 Spiritus
1027 3341 1270 3396 sanctus;
1310 3329 1516 3382 etiamsi
1552 3329 1644 3360 ⁸⁵⁸³
1674 3346 1780 3384 non
1829 3331 2056 3401 opponi-

472 3423 585 3478 tur
614 3422 779 3486 aliud,
809 3430 896 3473 aut
927 3419 1183 3488 Spiritum
1229 3427 1470 3473 sanctum
1520 3432 1638 3473 esse
1681 3421 1746 3473 de
1799 3419 1954 3475 Patre
2003 3430 2057 3474 et

495 3511 652 3575 Filio,
685 3510 936 3579 quoniam
963 3523 1096 3561 unus
1120 3516 1201 3561 est
1228 3508 1364 3561 Deus
1379 3507 1537 3561 Pater
1559 3518 1612 3562 et
1637 3507 1834 3573 Filius;
1867 3524 2052 3578 quam.

495 3603 579 3657 vis
609 3617 711 3654 non
749 3600 819 3654 sit
858 3598 1026 3653 Filius
1077 3598 1144 3651 de
1191 3597 1390 3665 Spiritu
1440 3607 1626 3653 sancto
1660 3615 1672 3650 :
1730 3599 2054 3664 consideret,

495 3694 620 3763 quia
646 3708 766 3746 cum
799 3690 1040 3745 estDeus
1064 3689 1129 3742 de
1161 3689 1283 3752 Deo,
1315 3697 1406 3742 aut
1433 3697 1513 3742 est
1543 3695 1682 3744 totus
1712 3688 1777 3742 de
1811 3698 1940 3753 toto,
1968 3702 2058 3744 aut

494 3799 620 3852 pars
651 3785 713 3836 de
739 3791 908 3850 parte,
939 3789 1026 3832 aut
1057 3789 1195 3834 totus
1222 3779 1283 3832 de
1317 3788 1488 3848 parte,
1525 3787 1617 3832 aut
1669 3794 1796 3848 pars
1826 3781 1890 3834 de
1922 3790 2054 3836 toto.

496 3875 600 3939 Sed
632 3875 771 3926 Dens
793 3874 886 3910 ¹⁸⁰δ
918 3872 1113 3926 nullam
1141 3869 1299 3923 habet
1328 3879 1533 3939 partem
1562 3887 1573 3922 :
1603 3870 1929 3939 impossibile
1959 3869 2056 3940 igi-

499 3973 584 4015 tur
607 3972 688 4015 est
725 3971 783 4014 ut
823 3962 892 4014 sit
932 3960 1070 4013 Deus
1116 3960 1179 4011 de
1216 3959 1346 4022 Deo,
1394 3967 1484 4011 aut
1519 3967 1579 4010 ut
1627 3967 1768 4012 totus
1802 3960 1868 4013 de
1907 3971 2057 4028 parte

502 4053 616 4117 ηαδ,
651 4061 741 4104 aut
765 4061 819 4103 ut
842 4039 965 4120 pars
986 4051 1050 4102 de
1071 4058 1204 4125 toto,
1225 4057 1382 4101 autut
1406 4064 1527 4116 pars
1558 4049 1620 4102 de
1640 4057 1812 4118 parte.
1830 4047 2059 4106 Necesse

497 4155 580 4198 cst
612 4144 770 4212 igitur
822 4152 897 4204 ut,
949 4141 989 4193 si
1022 4150 1102 4193 est
1131 4140 1269 4193 Deus
1298 4139 1362 4194 de
1385 4140 1512 4205 Deo,
1544 4148 1683 4194 lotus
1709 4139 1779 4196 sit
1826 4141 1889 4196 de
1922 4151 2053 4197 toto.

2164 3166 2322 3221 dicis.
2347 3165 2424 3219 Ad
2450 3165 2591 3234 quod
2621 3181 2720 3234 ego
2750 3181 2763 3217 :

2235 3255 2441 3309 llabent
2471 3255 2654 3323 utique
2678 3270 2706 3307 a
2744 3251 2903 3308 Patre
2925 3267 3042 3308 esse
3071 3253 3232 3309 Filius
3259 3264 3313 3308 ει
3342 3254 3575 3323 Spiritus
3603 3271 3730 3311 sau-

2162 3355 2300 3410 ctus,
2321 3345 2412 3400 sed
2424 3344 2636 3403 diverso
2651 3346 2806 3398 modo
2824 3361 2838 3409 ;
2864 3346 2988 3414 quia
3004 3344 3137 3399 alter
3151 3346 3437 3412 nascendo,
3457 3346 3594 3400 alter
3609 3360 3732 3415 pro-

2161 3437 2418 3500 cedendo,
2445 3444 2502 3488 ut
2522 3436 2608 3487 alii
2626 3437 2837 3504 sintper
2860 3436 2960 3490 hoc
2979 3435 3046 3489 ab
3076 3435 3324 3500 invicem,
3354 3445 3408 3490 ut
3433 3437 3630 3491 dictum
3649 3446 3732 3492 est

2163 3527 2272 3579 ¹⁸¹¹.
2291 3525 2355 3580 Ει
2371 3525 2507 3590 ideo,
2535 3540 2654 3579 cum
2672 3527 2909 3579 nascitur
2932 3541 3084 3589 unus,
3112 3539 3213 3579 non
3228 3535 3400 3594 potest
3417 3541 3537 3579 cum
3552 3541 3616 3581 eo
3630 3542 3728 3578 na-

2163 3617 2237 3671 sci
2259 3616 3004 3686 ille,quiperhocestaliusab
3017 3632 3104 3681 eo,
3120 3616 3240 3686 quia
3258 3618 3729 3671 nousimiliterna-

2163 3708 2351 3770 scitur,
2375 3706 2466 3760 sed
2491 3699 2748 3775 procudit,
2775 3715 2964 3760 etcum
2988 3721 3123 3759 unus
3147 3707 3410 3774 procedit;
3446 3703 3728 3774 nequitille

2163 3797 2322 3852 simul
2350 3797 2662 3866 procedere,
2694 3796 2783 3864 qui
2813 3810 2907 3864 per
2937 3797 3038 3850 hoc
3071 3806 3153 3851 est
3178 3797 3312 3850 alius
3342 3799 3410 3850 ab
3462 3797 3572 3863 illo,
3602 3797 3728 3866 quia

2165 3901 2270 3940 non
2300 3885 2548 3939 similiter
2579 3885 2845 3954 procedit,
2895 3885 2986 3939 sed
3031 3886 3290 3939 nascitur.
3350 3886 3416 3938 Et
3469 3887 3588 3940 ideo
3619 3900 3723 3940 non

2163 3978 2323 4033 habet
2352 3978 2440 4032 hic
2465 3977 2643 4031 unitas
2670 3977 2812 4029 illam
2852 3977 2955 4030 vim
3008 3977 3098 4008 ⁸³⁸³
3125 3978 3547 4046 consequentia;
3599 3978 3726 4046 quia

2163 4067 2438 4135 pluralitas
2463 4067 2665 4132 obviat,
2693 4081 2808 4134 quae
2829 4081 2893 4120 ex
2923 4067 3202 4120 nativitate
3242 4067 3478 4120 nascitur
3508 4075 3562 4120 et
3588 4080 3719 4135 pro-

2165 4156 2424 4210 cessione.
2458 4154 2590 4208 Nam
2627 4164 2681 4208 et
2702 4157 2743 4208 si
2774 4170 2867 4223 per
2891 4155 3033 4218 aliud
3067 4170 3172 4209 non
3197 4165 3376 4210 essent
3425 4156 3602 4225 plures
3635 4155 3727 4209 Fi-

499 4237 628 4289 Cum
676 4248 801 4300 ergo
832 4230 998 4284 Filius
1032 4229 1228 4284 dicitur
1289 4244 1408 4284 esse
1444 4231 1506 4284 de
1563 4230 1674 4285 Deo
1700 4231 1900 4301 quiest
1950 4231 2055 4286 Pa-
2093 4283 2099 4336 1

2166 4246 2265 4300 lius
2291 4255 2345 4300 et
2376 4245 2606 4313 Spiritus
2633 4256 2869 4311 sanctus,
2900 4259 2994 4315 per
3017 4247 3118 4300 hoc
3146 4246 3316 4301 solum
3339 4255 3518 4302 essent
3541 4247 3721 4302 diver‘

1755 4389 1986 4449 VARle
2024 4394 2419 4452 LECTIONES.

573 4488 662 4520 "'9’
685 4486 852 4541 Unius
879 4483 1128 4556 identitas
1150 4500 1271 4535 mss.
1291 4479 1417 4556 Vict.
1436 4481 1586 4536 Corb.
1607 4495 1651 4538 et
1672 4483 1816 4556 Edit.
1844 4481 1998 4539 Galli.
2024 4489 2180 4540 unius
2200 4486 2493 4540 identitatis
2569 4485 2657 4518 ⁸⁸³⁸
2677 4485 2765 4540 Est
2785 4486 2839 4539 in
2858 4503 2954 4541 ms,
2972 4486 3101 4541 Vict.
3124 4487 3204 4541 l5.
3223 4486 3386 4556 Caput
3411 4489 3463 4542 5.

3541 4490 3630 4522 ιιῑδε
3651 4492 3724 4546 De

497 4560 676 4622 Patre,
708 4566 800 4608 aut
828 4556 892 4608 de
913 4553 1111 4622 Spiritu
1139 4562 1321 4606 saneto
1341 4553 1492 4606 Pater
1518 4568 1638 4606 mss.
1670 4555 1734 4623 de
1760 4553 1940 4620 Patre,
1973 4563 2025 4608 et
2051 4556 2317 4619 similiter,
2341 4565 2431 4608 aut
2460 4557 2626 4610 estde
2653 4557 2852 4623 Spiritu
2885 4567 3069 4610 sancto
3102 4559 3258 4611 Pater
3298 4553 3307 4556 ⁷
3334 4559 3422 4589 ¹⁸⁰⁰
3460 4559 3719 4623 Amplius.

500 4646 604 4683 non
643 4637 724 4680 est
762 4625 895 4678 alius
933 4639 1055 4676 mss.
1115 4623 1361 4690 amplius,
1409 4640 1508 4675 non
1560 4632 1641 4678 est
1691 4622 1860 4677 Filius

498 4699 658 4760 Miclt.
691 4711 811 4748 esse
838 4695 902 4748 de
927 4693 1084 4746 Patre
1101 4703 1152 4745 et
1179 4694 1241 4745 de
1264 4691 1461 4758 Spiritu
1490 4703 1672 4747 saneto
1771 4693 1860 4724 ¹⁸⁰²

1961 4626 2047 4657 ¹⁸⁰¹
2091 4627 2219 4680 Εεεε
2264 4627 2328 4680 de
2359 4625 2514 4679 Patre
2548 4633 2596 4677 et
2638 4626 2839 4694 Spiritu
2890 4636 3071 4680 sancto
3092 4642 3211 4680 mss.
3243 4626 3430 4682 Cister.
3456 4625 3607 4681 Corb.
3643 4632 3703 4683 δ.

1899 4694 2160 4761 Quoniam
2191 4711 2326 4750 unus
2359 4705 2440 4749 est
2478 4712 2600 4747 mss.
2622 4696 2820 4748 idcirco
2844 4697 3091 4763 quoniam
3121 4712 3255 4749 unus
3296 4708 3377 4751 est
3449 4699 3542 4730 ¹⁶⁰³
3581 4697 3723 4754 Deus

497 4767 655 4821 Pater
712 4774 765 4818 et
817 4765 1048 4832 Spiritus
1095 4771 1344 4823 sanctus,
1385 4763 1590 4814 etiamsi
1627 4778 1748 4816 mss.
1785 4761 1915 4815 Vict.
1952 4765 1984 4817 9
2016 4766 2170 4818 Corb.
2203 4765 2344 4818 Deus
2377 4774 2429 4817 et
2454 4763 2608 4818 Pater
2638 4778 2688 4818 et
2721 4761 2884 4818 Filius
2915 4776 2969 4818 et
3001 4765 3229 4833 Spiritus
3257 4775 3474 4820 sanctus
3511 4768 3721 4822 etiamsi

501 4838 591 4867 ’⁸⁸⁵
631 4835 760 4888 Pars
791 4835 854 4886 de
909 4843 1055 4904 parte
1075 4873 1089 4897 ,
1130 4841 1227 4904 aut
1256 4846 1379 4898 pars
1423 4834 1487 4884 de
1503 4841 1658 4904 Διοιο,
1702 4834 1794 4886 sed
1825 4833 1962 4904 Dens
2001 4850 2126 4887 mss.
2155 4849 2278 4904 pars
2304 4835 2370 4889 de
2398 4843 2550 4904 parte
2580 4844 2670 4886 aut
2699 4845 2840 4888 totus
2865 4835 2950 4904 ide
2981 4844 3153 4903 parte,
3214 4846 3303 4887 aut
3353 4852 3477 4903 pars
3500 4835 3578 4904 de
3607 4846 3719 4887 toto

498 4907 592 4961 sed
619 4904 756 4956 Deus
833 4899 922 4933 ¹⁵⁰³
957 4901 1020 4956 Ut
1056 4905 1098 4954 si
1127 4903 1264 4954 Deus
1294 4909 1374 4954 est
1409 4907 1472 4954 de
1502 4899 1633 4963 Deo,
1667 4910 1805 4955 totus
1832 4902 1901 4956 sit
1938 4905 2000 4957 de

495 4974 652 5028 Cotti.
682 4983 739 5025 ιιι
764 4973 806 5024 si
834 4973 970 5026 Dens
996 4982 1077 5024 est
1100 4974 1163 5025 de
1191 4971 1331 5023 Deo:
1371 4981 1428 5024 ut
1455 4981 1595 5024 totus
1625 4972 1694 5023 sit
1726 4973 1790 5025 de
1823 4979 1970 5039 parte

2032 4903 2180 4971 parte
2221 4919 2344 4955 mss.
2398 4912 2454 4956 ut
2500 4903 2542 4956 si
2586 4904 2726 4957 Deus
2745 4905 2812 4956 de
2862 4903 2969 4956 Deo
2997 4913 3052 4955 ut
3084 4912 3228 4956 totus
3255 4905 3319 4956 de

2076 4973 2166 5003 "°°
2192 4971 2326 5043 Toto
2351 4973 2474 5043 quia
2503 4981 2588 5025 est
2617 4988 2752 5024 unus
2783 4981 2945 5043 totus,
2978 4982 3087 5024 tam
3119 4972 3277 5024 Pater
3298 4987 3456 5043 quam
3483 4971 3721 5043 Spiritum

3351 4913 3502 4970 parte
3534 4903 3720 4958 Edith.

499 5053 716 5098 sanctus
751 5060 764 5094 :
801 5051 882 5093 est
913 5041 1111 5108 pariter
1133 5057 1256 5110 mss.
1292 5049 1402 5093 toto
1441 5039 1528 5106 qui
1564 5055 1698 5093 unus
1724 5049 1867 5093 ιοιιιε
1897 5050 1980 5094 εει
2013 5040 2170 5095 Pater
2209 5049 2262 5094 et
2296 5041 2525 5109 Spiritus
2550 5051 2788 5095 sanctus.
2822 5042 2914 5094 Est
2941 5043 3142 5110 pariter
3168 5057 3266 5094 ms.
3294 5039 3447 5094 (λοισι).
3484 5039 3592 5096 toto
3622 5043 3715 5110 qui

501 5128 640 5167 unus
669 5120 810 5163 tutus
834 5119 918 5164 est
940 5111 1096 5163 Pater
1119 5119 1171 5162 et
1201 5109 1365 5162 Filius
1397 5119 1449 5163 ct
1473 5110 1702 5176 Spiritus
1727 5120 1940 5164 sanctus
1969 5129 1981 5164 :
2008 5123 2060 5163 et
2083 5111 2282 5178 pariter

2385 5111 2760 5195 m:Qupniam
2793 5126 2930 5164 unus
2983 5112 3120 5164 Deus
3152 5110 3308 5195 [later
3351 5122 3404 5164 et
3459 5110 3715 5195 Spiritus,

498 5199 620 5238 cum
655 5181 819 5234 Filius
850 5197 970 5233 mss.
1003 5190 1046 5231 et
1082 5179 1220 5230 Edit.
1260 5178 1414 5232 Got/i.
1446 5181 1489 5232 si
1515 5181 1766 5246 quoniam
1792 5194 1929 5233 unus
1978 5179 2117 5233 Deus
2146 5181 2303 5232 Pater
2353 5189 2406 5233 ct
2455 5179 2685 5246 Spiritus
2715 5188 2933 5233 sanctus
2986 5195 3104 5232 cum
3161 5179 3325 5231 Filius
3351 5197 3444 5232 ms.
3468 5178 3622 5234 (fort.
3669 5184 3712 5233 si

499 5253 750 5320 quoniam
784 5266 919 5302 unus
952 5259 1034 5320 est
1057 5249 1194 5301 Deus
1222 5249 1379 5303 Pater
1433 5259 1485 5302 et
1525 5247 1752 5317 Spiritus
1788 5259 2044 5320 sanctus,
2073 5265 2192 5301 cum
2226 5249 2396 5320 Filius
2474 5250 2563 5280 ³⁵⁸⁸
2594 5249 2737 5320 idem
2769 5258 2850 5302 est
2878 5251 3014 5320 Deus
3048 5249 3204 5301 Pater
3231 5265 3350 5301 mss.
3397 5248 3526 5302 Vict.
3556 5247 3710 5320 garb.

531 5323 668 5374 idem
704 5322 842 5373 Deus
882 5330 963 5373 est
993 5319 1146 5370 Pater
1221 5320 1310 5349 ‘5"
1343 5320 1396 5374 Si
1431 5333 1555 5373 vero
1580 5320 1752 5372 unitas
1784 5319 2003 5387 Deitatis
2025 5335 2162 5387 imas.
2192 5319 2234 5370 si
2268 5334 2391 5372 vero
2417 5320 2591 5372 unitas
2625 5318 2714 5373 Dei
2792 5320 2880 5349 ¹⁵¹⁰
2913 5318 3026 5371 Νοιι
3051 5335 3114 5370 ex
3147 5333 3208 5370 eo
3238 5320 3374 5380 quod
3404 5336 3524 5372 nm.
3573 5318 3704 5371 Vict.

499 5407 604 5444 non
626 5407 688 5443 ex
722 5391 821 5444 hoc
845 5391 964 5458 quia
1046 5389 1130 5417 ¹⁸¹¹
1159 5387 1302 5441 Unus
1344 5399 1425 5442 est
1471 5391 1610 5443 Deus
1639 5388 1807 5458 Pater
1831 5386 1960 5458 mss.
2021 5386 2148 5458 Vict.
2201 5389 2353 5440 Corb.
2383 5405 2520 5444 unus
2552 5390 2686 5442 Deus
2715 5397 2796 5442 est
2824 5388 2985 5439 Pater
3061 5388 3150 5417 ¹⁵¹²
3192 5388 3308 5440 Sint
3353 5389 3419 5440 ab
3460 5389 3710 5450 invicem,

502 5476 594 5528 per
627 5462 722 5513 hoc
756 5456 896 5526 quod
938 5460 1136 5512 dictum
1168 5467 1249 5512 est
1273 5474 1396 5511 nm.
1431 5457 1573 5512 Gem.
1610 5459 1729 5510 lter.
1769 5456 1901 5511 Vict.
1933 5457 2284 5528 ’l'liu._Cis_ter.
2322 5459 2426 5509 sint
2453 5474 2543 5527 per
2580 5459 2678 5513 hoc
2725 5459 3088 5528 abriuvicem,
3120 5468 3176 5528 ut
3227 5459 3445 5528 ιιιειιιιιι⁸
3482 5465 3564 5528 εει
3611 5472 3708 5528 ms.

502 5523 650 5581 ζει-ὸ.
684 5523 786 5582 sint
815 5545 909 5596 per
940 5530 1037 5583 hoc
1064 5531 1129 5584 ab
1162 5529 1412 5595 invicem,
1442 5530 1565 5597 quia
1595 5537 1649 5582 ut
1671 5530 1869 5582 dictmn
1902 5536 1978 5582 est
2057 5525 2145 5557 ””
2179 5525 2364 5583 Unitas
2393 5523 2476 5581 illa
2507 5529 2611 5580 vim
2640 5543 2761 5581 mss.
2793 5526 2914 5580 Bec.
2941 5525 3086 5581 (ient.
3131 5527 3188 5580 S.
3222 5527 3379 5581 Micli.
3407 5523 3560 5578 Corb.
3593 5524 3712 5575 uni-

504 5607 583 5649 tas
606 5598 740 5651 illam
779 5601 874 5650 ιιιιι
