4226 6262
383 222 488 276 293

1480 221 1569 277 DE
1608 220 2082 280 PROCESSIONE
2119 220 2180 279 Β.
2219 220 2552 278 SPlRITUS.

3510 224 3621 285 298

383 336 447 390 si.
471 333 603 390 Cum
627 344 805 391 autem
830 335 950 390 dico
978 350 1041 391 ex
1074 350 1138 391 eo
1178 348 1303 404 quia
1330 333 1491 388 Pater
1519 349 1658 389 unus
1688 334 1830 389 Deus
1857 342 1945 389 est
1973 350 2017 400 Α
2048 334 2185 389 ritus
2212 343 2432 389 sanctus
2458 349 2566 387 non
2596 334 2756 390 habet
2786 334 3000 390 Filium.
3036 326 3148 390 Per'
3180 335 3283 391 hoc
3309 334 3455 390 enim
3484 346 3612 407 pro-

385 440 502 479 cum
529 424 663 481 Filio
692 437 782 480 aut
820 442 942 480 eum
967 426 1168 495 Spiritu
1197 433 1404 487 sancto,
1435 424 1585 493 sequi
1613 424 1810 479 Filium
1831 439 1953 479 esse

388 516 478 549 "“
505 518 572 571 de
599 517 799 587 Spiritu
832 525 1037 577 saucto,
1092 524 1185 568 aut
1234 513 1493 584 Spiritum
1534 522 1783 570 sanctum
1837 527 1955 571 esse

383 608 451 664 de
478 607 616 662 Filio
650 625 663 659 :
698 606 841 660 nulla
872 606 942 658 ibi
986 604 1265 675 pluralitas
1310 613 1615 675 generatur,
1672 619 1791 673 qua:
1838 605 1955 659 uni.

384 699 513 755 tatis
535 698 716 768 obviet
736 696 1167 767 consequeptiaz;
1194 695 1320 766 quia
1369 711 1471 751 non
1503 705 1791 764 utrumque
1836 696 1956 750 dico

381 806 520 853 esse,
544 787 634 843 sed
660 786 885 840 alterum
923 795 1149 841 tantum.
1174 787 1491 843 Ottmimoda
1522 789 1684 859 igitur
1708 795 1763 842 et
1795 787 1947 841 inex-

379 875 655 946 pugnabili
687 876 1008 930 necessitate
1041 875 1406 942 concluditur,
1439 876 1561 946 quia
1591 876 1635 931 si
1662 891 1788 930 vera
1829 884 1958 931 sunt

381 980 501 1034 quzc
524 980 685 1034 supra
712 964 820 1018 dixi
845 980 941 1019 nos
968 966 1171 1035 pariter
1199 980 1320 1019 cum
1349 964 1550 1019 Grtecis
1595 966 1835 1029 credere,
1867 974 1959 1018 aut

383 1050 554 1105 Filius
592 1060 672 1104 est
697 1052 764 1106 de
792 1051 994 1121 Spiritu
1017 1060 1225 1117 sancto,
1253 1061 1347 1106 aut
1374 1052 1608 1122 Spiritus
1635 1060 1852 1106 sanctus
1874 1060 1961 1107 est

386 1141 453 1195 de
475 1141 630 1195 Filio.
660 1142 814 1208 Quod
840 1149 1020 1197 autem
1051 1140 1222 1196 Filius
1252 1156 1359 1196 non
1398 1142 1469 1196 sit
1496 1141 1562 1196 de
1596 1140 1800 1211 Spiritu
1828 1156 1957 1195 san-

384 1238 499 1295 cto,
542 1229 719 1298 palam
740 1240 825 1285 est
853 1246 917 1285 ex
947 1229 1220 1286 catholica
1242 1230 1364 1305 lide.
1387 1228 1677 1286 Non‘enim
1708 1242 1796 1284 est
1815 1232 1956 1285 Deus

383 1322 453 1375 de
476 1321 618 1385 Deo,
649 1322 754 1376 nisi
778 1331 867 1376 aut
888 1319 1179 1387 nascendo,
1224 1329 1283 1375 ut
1307 1321 1505 1386 Filius;
1542 1329 1635 1376 aut
1662 1307 1960 1390 proceden;

385 1411 475 1476 do,
504 1421 567 1464 ut
596 1411 827 1479 Spiritus
865 1420 1108 1466 sanctus.
1154 1410 1325 1466 Filius
1375 1423 1555 1481 autem
1582 1424 1688 1464 non
1720 1408 1962 1464 nascitur

388 1493 463 1554 de
476 1499 678 1570 Spiritu
704 1510 926 1557 sancto:
952 1501 998 1557 si
1022 1502 1166 1557 enim
1190 1502 1435 1563 nascitur
1455 1501 1522 1558 de
1550 1501 1666 1568 illo,
1702 1510 1788 1556 est
1822 1500 1963 1555 illius

386 1587 618 1659 Spiritus
645 1590 840 1658 sancti,
867 1581 922 1644 et
966 1589 1204 1661 Spiritus
1250 1589 1469 1647 sanctus
1501 1598 1585 1646 est
1603 1598 1768 1661 pater
1810 1589 1957 1658 ejus;

2060 425 2178 480 bari
2214 432 2435 494 possunt
2476 418 2564 495 ἔδυ
2593 426 2719 493 quia
2745 425 2834 479 alii
2865 434 2992 481 sunt
3015 426 3084 480 ab
3112 426 3370 492 invicem;
3411 441 3516 480 non
3540 436 3620 481 ta-

2055 514 2311 569 meu'hzec
2336 522 2419 567 est
2453 527 2615 568 causa
2645 522 2702 568 ut
2724 514 2948 571 diversae
2977 516 3085 571 siut
3108 531 3372 586 personae.
3402 515 3613 586 Quippe

2055 604 2101 658 si
2124 603 2230 657 duo
2265 603 2371 657 sint
2400 601 2666 667 homines,
2721 618 2947 673 quorum
3005 604 3147 664 alter
3186 607 3385 661 habeat
3432 605 3623 671 tilium,

2056 695 2195 747 alter
2240 708 2370 757 non,
2421 693 2667 762 quamvis
2715 710 2811 763 per
2854 694 2957 749 hoc
3000 697 3206 750 ostendi
3252 697 3459 766 possint
3504 709 3628 751 esse

2058 784 2283 847 diversi;
2323 793 2639 839 nontamen
2691 785 2761 839 ob
2799 785 2901 839 hoc
2947 784 3038 839 alii
3081 797 3205 839 sunt
3253 787 3320 841 ab
3369 788 3625 853 invicem,

2058 875 2183 944 quia
2211 876 2591 945 quoquomodo
2646 888 2705 930 se
2751 874 2987 930 habeant
3021 876 3073 930 iu
3113 876 3360 932 habendo
3414 888 3467 933 et
3519 893 3628 933 non

2058 965 2303 1019 habendo
2349 963 2540 1029 ﬁlium,
2571 964 2940 1019 diversitatem
2972 972 3153 1019 tamen
3191 970 3296 1022 neu
3351 968 3626 1022 amittunt.

2064 1054 2143 1110 Ita
2162 1055 2231 1110 ‘in
2262 1055 2422 1109 Patre
2449 1064 2503 1110 et
2533 1053 2736 1125 Spiritu
2765 1064 2970 1119 sancto,
2996 1069 3100 1110 non
3127 1057 3249 1123 quia
3273 1055 3410 1110 alius
3434 1056 3631 1110 Filium

2054 1145 2238 1209 habet,
2269 1144 2406 1199 alius
2435 1159 2541 1199 non
2565 1143 2727 1198 habet
2756 1144 2870 1211 “",
2896 1143 3095 1198 idcirco
3122 1151 3250 1197 sunt
3272 1145 3471 1199 diversi
3502 1145 3630 1208 ‘5”;

2058 1235 2150 1288 sed
2173 1236 2424 1304 quoniam
2451 1233 2647 1288 diversi
2674 1243 2821 1296 sunt,
2855 1232 2976 1288 ideo
3005 1233 3137 1286 nihil
3183 1233 3433 1302 prohibet
3460 1248 3556 1289 eos
3579 1235 3631 1288 in

2060 1324 2419 1379 habendum“
2447 1332 2501 1377 et
2532 1338 2639 1377 non
2678 1323 2923 1377 habendo
2953 1322 3148 1378 Filium
3173 1337 3293 1378 esse
3322 1324 3634 1379 dissimiles.

2062 1411 2320 1467 Similiter
2346 1412 2658 1482 responderi
2711 1421 2910 1483 potest,
2962 1413 3009 1467 si
3052 1414 3172 1468 ideo
3220 1413 3422 1469 dicitur
3472 1414 3633 1480 alius,

2061 1503 2183 1572 quia
2207 1507 2399 1558 tton‘ab
2426 1503 2532 1558 alio
2553 1503 2795 1573 procedit
2819 1504 3051 1574 Spiritus
3075 1514 3315 1570 sanctus,
3340 1494 3479 1560 sicut
3504 1508 3624 1575 ipse

2056 1593 2305 1661 procedit
2329 1608 2356 1645 a
2382 1593 2561 1646 Patre.
2591 1592 2820 1661 Quippe,
2850 1602 2909 1645 ut
2937 1582 3233 1646 secundum
3284 1595 3403 1649 illos
3442 1586 3636 1663 loquar

387 1681 484 1742 sed
508 1681 644 1737 alter
672 1682 895 1738 alterius
918 1696 1019 1738 nee
1045 1691 1221 1753 pater,
1248 1698 1347 1739 nec
1372 1684 1516 1739 (ilius
1551 1684 1643 1716 ‘m
1676 1693 1793 1745 est.
1829 1683 1954 1757 Non
1992 1684 2032 1742 Β
2061 1682 2151 1750 qui
2195 1692 2392 1749 negant
2419 1680 2680 1750 Spiritum
2721 1690 2974 1735 sanctum
3022 1682 3087 1736 de
3132 1682 3268 1735 Filio
3323 1686 3635 1753 procedere,

386 1786 518 1843 ergo
546 1774 785 1828 nascitur
810 1774 878 1828 de
899 1772 1103 1845 Spiritu
1151 1784 1340 1848 sancto
1383 1774 1584 1841 Filius;
1640 1764 1742 1830 nec
1783 1774 1959 1829 minus

372 1861 635 1930 apertum
667 1864 893 1932 estquia
928 1862 1036 1918 non
1068 1865 1311 1933 procedit
1357 1864 1423 1921 de
1467 1866 1577 1920 illo.
1615 1865 1773 1921 Esset
1812 1866 1959 1928 enim

388 1949 612 2017 spiritus
650 1948 891 2021 ejusdem
921 1950 1155 2022 Spiritus
1180 1953 1373 2008 sancti.
1398 1953 1552 2021 Quod
1585 1963 1770 2023 aperte
1794 1968 1961 2023 nega-

385 2047 495 2101 tur,
519 2049 640 2093 cum
678 2040 912 2108 Spiritus
938 2049 1156 2097 sanctus
1182 2042 1381 2097 dicitur
1419 2052 1474 2099 et
1515 2046 1756 2099 creditur
1803 2045 1963 2113 spiri-

384 2138 475 2181 tus
503 2127 645 2182 Filii.
677 2123 790 2185 Non
811 2125 953 2186 euim
994 2130 1099 2200 52
1132 2141 1309 2201 potest
1334 2138 1455 2187 esse
1496 2134 1717 2209 spiritus
1745 2136 1824 2188 sui
1851 2135 1963 2204 spis-

383 2217 545 2271 ritus.
579 2217 755 2286 Quare
778 2235 882 2275 non
914 2222 1158 2292 procedit
1199 2221 1367 2295 lf‘ilius
1397 2223 1462 2277 de
1497 2222 1701 2292 Spiritu
1748 2234 1955 2278 sancto.

383 2307 544 2364 Nullo
564 2325 693 2380 ergo
719 2311 875 2365 modo
897 2319 978 2366 est
1009 2311 1074 2366 de
1104 2311 1309 2381 Spiritu
1339 2320 1528 2378 saneto
1550 2312 1738 2367 Filius.
1765 2311 1961 2382 Sequi-

370 2389 472 2453 tur
499 2400 682 2471 itaque
708 2399 1105 2473 inexpugnabili
1140 2403 1353 2459 ratione
1392 2403 1655 2473 Spiritum
1714 2413 1961 2459 sanctum

383 2506 510 2547 esse
530 2492 595 2547 de
620 2492 773 2553 Filio.
799 2494 941 2548 sicut
961 2493 1131 2548 estde
1156 2491 1340 2555 Patre.

883 2734 899 2745 ί
953 2649 1181 2707 CAPUT
1212 2651 1253 2708 v
1278 2651 1394 2708 ιεη.

392 2759 671 2829 Ειιῑηάιω·
700 2773 955 2842 Spiritum
988 2770 1225 2827 sanctum
1263 2775 1381 2839 hoc,
1401 2773 1540 2844 quod
1561 2782 1677 2844 με,
1723 2775 1909 2830 habere
1930 2793 1965 2830 α

457 2844 650 2909 Patre;
674 2840 855 2897 contra
886 2844 1161 2915 quemdam
1208 2840 1510 2915 episcopum
1545 2840 1741 2898 σηπίας
1779 2847 1959 2914 {aven-

446 2924 578 2967 'tem.
1680 2924 1685 2927 Δ

2064 1772 2204 1826 sicut
2235 1788 2337 1827 non
2370 1782 2452 1827 est
2499 1772 2613 1826 haec
2665 1787 2846 1839 causa,
2897 1772 3021 1842 quia
3081 1772 3338 1844 Spiritum
3388 1786 3636 1831 sanctum

2065 1861 2237 1915 Filius
2269 1861 2333 1915 de
2355 1875 2412 1914 se
2440 1860 2818 1930 procedentem
2850 1876 2952 1915 non
2983 1863 3165 1925 habet,
3198 1863 3340 1917 sicut
3360 1862 3547 1929 Pater;
3580 1874 3639 1919 ut

2034 1952 2199 2011 alius
2237 1951 2367 2005 sita
2408 1951 2569 2005 Patre
2629 1953 2978 2019 (sequeretur
3028 1953 3174 2007 enim
3215 1965 3268 2007 ut
3321 1954 3365 2008 si
3403 1953 3639 2031 Spiritus

2070 2054 2291 2097 sanctus
2312 2044 2629 2112 procederet
2663 2045 2728 2097 de
2754 2044 2908 2107 Filio,
2940 2044 3105 2097 Filius
3142 2060 3248 2098 non
3306 2054 3450 2099 esset
3499 2044 3638 2099 alius

2059 2149 2094 2188 a
2123 2134 2330 2203 Patre),
2365 2136 2435 2187 ita
2464 2150 2562 2204 per
2585 2135 2685 2189 hoc
2714 2149 2819 2188 non
2850 2144 2934 2188 est
2959 2134 3194 2201 Spiritus
3235 2143 3456 2188 sanctus
3479 2150 3507 2187 a
3530 2134 3638 2188 Pa-

2065 2229 2145 2276 tre
2180 2222 2336 2285 alius,
2363 2224 2488 2290 quia
2521 2238 2625 2275 non
2655 2224 2815 2277 habet
2843 2222 3058 2285 Filium,
3087 2230 3179 2275 aut
3200 2222 3464 2289 Spiritum
3504 2236 3641 2277 sau-

2065 2321 2209 2367 ctum
2232 2313 2401 2367 de‘m
2420 2327 2475 2367 se
2495 2313 2900 2380 procedentem,
2926 2314 3065 2367 sicut
3091 2314 3268 2368 Pater.
3290 2315 3352 2369 Et
3379 2316 3640 2383 quemad—

2068 2402 2283 2457 modum
2309 2400 2476 2454 Filius
2506 2415 2615 2454 non
2639 2400 2758 2456 ideo
2781 2410 2863 2456 est
2885 2402 3020 2455 alius
3043 2416 3073 2455 a
3127 2401 3320 2469 Patre;
3366 2405 3489 2473 quia
3542 2404 3642 2459 Pa-

2071 2501 2205 2547 trem
2237 2494 2417 2557 habet,
2444 2502 2498 2547 et
2542 2492 2704 2547 Pater
2753 2508 2857 2547 non
2912 2494 3072 2548 habet
3119 2504 3349 2563 patrem,
3383 2496 3449 2564 (si
3487 2498 3640 2551 enim

2070 2582 2229 2638 Pater
2252 2585 2474 2639 haberet
2504 2591 2731 2652 patrem,
2758 2584 2895 2638 alius
2920 2593 3096 2638 tamen
3128 2595 3270 2640 esset
3296 2602 3323 2639 a
3361 2586 3495 2640 Filio
3523 2588 3640 2657 ‘5“)

2066 2673 2141 2727 ita
2169 2672 2402 2743 Spiritus
2427 2682 2669 2739 sanctus,
2696 2674 2821 2743 quia
2848 2676 2913 2727 de
2944 2673 3123 2743 aliquo
3158 2676 3426 2743 procedit,
3451 2688 3505 2731 et
3537 2675 3644 2730 Pa-

2070 2772 2151 2817 ter
2181 2779 2209 2816 a
2244 2756 2408 2829 nullo,
2434 2779 2537 2817 non
2578 2772 2797 2833 propter
2829 2764 2931 2816 hoc
2952 2772 3033 2817 est
3064 2764 3202 2825 alius
3232 2780 3261 2817 a
3294 2765 3482 2831 Patre;
3514 2767 3645 2834 quia

2064 2858 2112 2911 si
2140 2856 2299 2911 Pater
2323 2856 2390 2911 de
2414 2857 2594 2925 aliquo
2626 2855 2945 2925 procederet
2974 2857 3064 2887 ""
3092 2873 3197 2911 non
3251 2857 3431 2912 minus
3459 2868 3643 2913 tamen

2069 2954 2212 2999 esset
2244 2945 2380 2999 alius
2411 2960 2439 2998 a
2464 2946 2642 3010 Patre,
2675 2946 2741 3000 de
2786 2961 2893 3015 quo
2934 2947 3194 3015 procedit.
3228 2946 3428 3000 ‘Palam
3476 2948 3641 3015 igitur

370 3026 373 3029 ’
451 3025 704 3081 Forma"
734 3022 1003 3097 "063110"!
1043 3025 1215 3081 (ἘπιεοῘ
1263 3025 1526 3095 Spiritum
1549 3038 1812 3083 δειηειιιῐιι
1843 3043 1963 3084 esse
1992 3012 2036 3072 C
2069 3048 2153 3093 est
2175 3038 2298 3107 quia
2336 3053 2440 3092 nou
2472 3038 2593 3091 ideo
2621 3047 2702 3091 est
2728 3012 2963 3107 Spiritus
2990 3048 3208 3093 sanctus
3244 3039 3379 3092 alius
3405 3055 3435 3092 a
3458 3012 3640 3104 Patre,

380 3116 557 3170 Deum
597 3116 663 3168 de
688 3114 821 3177 Deo,
844 3113 985 3168 sicut
1005 3123 1091 3168 est
1118 3114 1285 3167 Filius
1330 3113 1471 3168 Deus
1523 3114 1590 3168 de
1644 3115 1792 3181 Deo;
1828 3130 1964 3185 quo-

390 3207 537 3260 niam
564 3203 855 3284 probamus
882 3220 977 3275 per
1002 3205 1104 3261 hoc
1127 3204 1277 3258 illum
1310 3220 1427 3260 esse
1462 3214 1516 3260 et
1560 3208 1854 3274 procedere
1899 3208 1967 3263 de

389 3297 433 3352 F
438 3298 559 3362 ilio;
584 3312 685 3353 nec
716 3296 802 3352 εει.
840 3296 1073 3365 positum
1107 3297 1159 3349 iu
1197 3296 1285 3350 illo
1316 3288 1578 3364 Symbolo,
1618 3297 1669 3350 iu
1723 3313 1830 3366 quo
1880 3313 1966 3353 re-

378 3389 771 3464 ‘preheudimur
793 3389 861 3443 ab
886 3388 989 3443 illis
1024 3387 1295 3441 addidisse
1328 3371 1735 3456 proces'sionem
1762 3391 1877 3458 ejus
1900 3391 1965 3444 de

386 3479 547 3538 Filio.
570 3480 676 3537 Sed
708 3481 800 3550 qui
847 3481 953 3533 hoc
993 3488 1165 3549 putat,
1218 3489 1382 3548 negat
1429 3488 1521 3534 aut
1577 3478 1796 3534 Patrem
1844 3496 1967 3536 csse

385 3572 581 3639 Deum,
622 3572 688 3627 de
722 3587 829 3642 quo
879 3580 963 3625 est
1001 3569 1239 3640 Spiritus
1274 3579 1527 3635 sanctus;
1554 3579 1648 3623 aut
1704 3569 1965 3639 Spiritum

385 3672 633 3718 sanctum
667 3676 788 3717 esse
820 3658 1011 3725 Deum,
1044 3661 1135 3729 qui
1173 3668 1256 3714 est
1290 3661 1356 3714 de
1388 3659 1579 3723 Patre;
1605 3668 1697 3713 aut
1734 3660 1834 3715 hoc
1883 3661 1967 3730 ip-

385 3770 507 3810 sum
539 3754 677 3824 quod
709 3763 794 3808 est
832 3751 1067 3822 Spiritus
1114 3758 1333 3805 sanctus
1379 3764 1499 3805 esse
1551 3750 1617 3805 de
1667 3749 1847 3805 Patre.
1894 3751 1966 3805 At

382 3846 603 3901 Patrem
636 3860 739 3899 non
765 3860 889 3907 esse
913 3845 1100 3908 Deum,
1133 3851 1225 3896 aut
1252 3842 1512 3911 Spiritum
1536 3849 1808 3906 sanctum,
1843 3842 1965 3895 uul-

385 3936 475 3991 lus
505 3936 593 3966 ³⁸⁸⁷
621 3920 843 4005 Suscipit
868 3934 1229 3989 Christianus.
1263 3934 1554 3987 Videamus
1595 3933 1759 4002 igitur
1785 3943 1963 3988 utrum

382 4017 495 4083 hoc
522 4027 694 4096 ipsum
726 4026 867 4093 quod
903 4031 987 4078 'est
1036 4016 1397 4077 essentialiter
1446 4021 1677 4089 Spiritus
1724 4032 1961 4089 sanctus,

386 4118 462 4172 sit
492 4114 583 4147 ¹⁸¹⁸
609 4116 673 4170 de
703 4115 859 4169 Patre
889 4131 901 4166 :
930 4113 1072 4181 quod
1101 4111 1389 4181 quemdam
1446 4111 1779 4180 episcopum,
1814 4111 1967 4167 Gne-

385 4208 470 4263 cis
496 4206 719 4260 forsitan
752 4206 1045 4267 faventem,
1085 4203 1138 4256 in
1170 4202 1391 4256 Barcusi
1417 4203 1635 4256 civitate
1657 4201 1799 4256 sensi
1824 4202 1964 4257 nolle

386 4300 615 4354 sentire.
657 4295 791 4349 Nam
826 4296 868 4349 si
908 4308 1011 4348 non
1063 4295 1275 4349 esthoc
1308 4294 1482 4363 ipsum
1529 4292 1619 4324 ¹⁵¹⁹
1669 4292 1737 4347 de
1781 4291 1961 4359 Patre,

2069 3126 2198 3196 quia
2225 3142 2333 3181 non
2363 3125 2758 3191 habetfilium,
2788 3137 2877 3178 aut
2907 3126 3167 3195 Spiritum
3206 3138 3449 3180 sanctum
3496 3130 3560 3181 de
3586 3143 3646 3182 se

2070 3217 2471 3285 procedentem,
2496 3214 2635 3270 sicut
2662 3214 2860 3279 Pater;
2894 3230 2991 3268 nec
3017 3215 3140 3281 quia
3165 3214 3231 3268 de
3253 3214 3432 3283 aliquo
3456 3230 3647 3283 proce.

2071 3305 2174 3369 dit,
2199 3313 2253 3359 et
2284 3304 2443 3358 Pater
2469 3304 2535 3357 de
2570 3302 2738 3356 nullo.
2788 3301 2893 3355 Sed
2941 3314 3117 3369 neque
3161 3315 3258 3370 per
3282 3300 3383 3355 hoc
3418 3301 3647 3371 intelligi

2067 3404 2241 3462 potest
2267 3409 2386 3449 esse
2412 3408 2441 3446 a
2497 3392 2655 3447 Patre
2698 3390 2855 3456 alius,
2888 3391 3012 3459 quia
3058 3390 3289 3459 Spiritus
3321 3400 3403 3445 est
3432 3391 3641 3453 Patris;

2068 3485 2110 3539 si
2137 3487 2204 3540 de
2227 3486 2316 3539 illo
2344 3500 2448 3538 non
2480 3483 2643 3537 habet
2680 3497 2819 3537 esse.
2859 3482 3045 3537 Potest
3085 3483 3227 3536 enim
3272 3482 3493 3552 intelligi
3547 3484 3648 3537 ali-

2069 3578 2189 3645 quis
2219 3575 2354 3630 alius
2390 3575 2456 3629 ab
2490 3572 2689 3640 aliquo,
2722 3572 3036 3641 priusquam
3081 3572 3150 3627 sit
3189 3570 3330 3625 illius
3357 3588 3371 3637 ;
3398 3573 3645 3640 quamvis

2070 3666 2292 3735 alicujus
2324 3673 2556 3733 nequeat
2578 3677 2718 3726 esse,
2748 3662 2849 3715 nisi
2882 3662 2953 3715 sit
2987 3661 3124 3717 alius
3157 3680 3168 3716 :
3197 3671 3255 3716 ut
3293 3678 3413 3715 cum
3446 3663 3647 3717 dicitur

2071 3757 2230 3810 homo
2258 3754 2509 3808 dominus
2540 3752 2788 3819 alicujus,
2817 3760 2909 3805 aut
2935 3753 3095 3806 homo
3127 3751 3347 3806 alterius
3385 3752 3641 3818 hominis,

2069 3848 2218 3917 prius
2251 3845 2565 3912 intelligitur
2583 3843 2720 3898 alius
2751 3844 2818 3897 ab
2841 3842 2929 3897 illo
2963 3842 3073 3907 ιω,
3101 3840 3254 3910 cujus
3281 3857 3401 3897 esse
3424 3843 3641 3910 dicitur,

2070 3952 2230 4007 quam
2266 3935 2337 3989 sit
2403 3933 2517 4001 ejus
2564 3932 2817 3988 dominus
2864 3931 2944 3986 vel
2982 3932 3164 3986 homo.
3213 3931 3306 3985 Sic
3358 3932 3556 4001 itaque,
3596 3933 3643 3987 si

2070 4027 2305 4097 Spiritus
2334 4026 2423 4056 ¹¹⁵²⁹
2453 4034 2673 4078 sanctus
2703 4038 2805 4078 non
2829 4033 2906 4079 est
2936 4023 2999 4077 de
3018 4023 3198 4088 Patre,
3225 4023 3361 4076 nihil
3389 4023 3643 4093 prohibet

2067 4128 2189 4168 eum
2219 4111 2442 4181 intelligi
2480 4112 2630 4180 prius
2660 4111 2822 4164 alium
2866 4112 2934 4165 ab
2977 4100 3086 4175 illo,
3129 4126 3291 4180 quam
3354 4112 3424 4165 sit
3470 4110 3639 4166 illius.

2068 4205 2244 4271 Quare
2275 4217 2377 4256 non
2407 4201 2529 4255 facit
2573 4200 2720 4253 illum
2762 4200 2924 4253 alium
2955 4215 3075 4254 esse
3106 4217 3133 4254 a
3176 4200 3336 4253 Patre
3368 4201 3471 4255 hoc
3514 4201 3641 4270 quia

2070 4295 2301 4365 Spiritus
2320 4291 2435 4360 ejus
2464 4301 2573 4346 est:
2600 4290 2642 4344 si
2676 4306 2770 4359 per
2798 4288 2898 4344 hoc
2923 4306 3028 4344 non
3054 4290 3215 4344 habet
3242 4299 3299 4343 ut
3330 4290 3401 4344 sit
3423 4289 3560 4344 alius
3574 4291 3644 4345 ab

386 4394 535 4463 quod
574 4400 696 4445 est:
729 4406 851 4444 cum
888 4389 957 4443 sit
993 4402 1131 4442 unus
1161 4387 1412 4456 idemque
1449 4387 1611 4454 Deus,
1640 4385 1732 4455 qui
1766 4383 1962 4449 Pater;
1994 4379 2043 4439 Β
2070 4384 2183 4451 illo,
2201 4399 2297 4455 per
2332 4384 2433 4438 hoc
2458 4382 2599 4451 quod
2624 4390 2708 4435 est
2745 4380 2979 4451 Spiritus
3002 4379 3091 4413 ¹⁸⁸⁰
3117 4380 3284 4444 illius;
3308 4381 3445 4435 sicut
3475 4380 3515 4433 ιθ
3522 4380 3644 4435 ilius

384 4481 626 4537 inveniri
670 4479 862 4548 nequit
892 4478 1034 4532 unde
1068 4477 1139 4531 sit
1170 4476 1308 4532 alius
1344 4492 1373 4532 a
1426 4476 1605 4530 Patre.
1657 4474 1775 4530 Non
1821 4476 1964 4531 enim

387 4572 515 4626 inde
537 4571 673 4625 alius
707 4569 797 4601 ""°
825 4576 927 4634 est,
953 4568 1081 4637 quia
1108 4566 1269 4621 Pater
1304 4566 1470 4621 habet
1505 4565 1721 4631 Filium,
1751 4577 1806 4620 et
1835 4565 1962 4637 Spi-

2072 4491 2168 4547 per
2216 4476 2318 4530 hoc
2354 4481 2434 4529 est
2457 4473 2634 4528 aliusa
2661 4472 2839 4536 Patre,
2868 4486 2965 4541 per
3004 4470 3143 4542 quod
3164 4479 3248 4526 est
3287 4470 3456 4525 Filius
3493 4471 3641 4541 ejus:

2076 4566 2219 4636 quod
2256 4579 2359 4619 non
2388 4571 2471 4619 est
2504 4562 2646 4618 aliud
2681 4562 2784 4617 nisi
2818 4562 2941 4632 quia
2957 4562 3023 4617 de
3047 4561 3162 4632 ipso
3179 4561 3645 4616 existituascendo

1680 4692 1915 4751 VARi/E
1954 4692 2356 4749 LECTIONES.

468 4813 563 4846 ⁸⁸³⁸
594 4809 853 4879 Sequitur
916 4808 1080 4863 tilium
1114 4824 1261 4879 Aesse
1300 4806 1628 4879 mssucem.
1664 4807 1811 4879 ,Bec.
1871 4820 1917 4863 et
1961 4804 2105 4861 Edil.
2157 4807 2311 4879 Gotli.
2368 4806 2516 4876 sequi
2572 4806 2737 4879 lilium
2779 4821 2944 4879 esset
3008 4805 3644 4879 ""_Nec_Pater,inec

391 4881 563 4937 Filius
615 4868 739 4933 ius-5.
793 4888 839 4931 et
887 4878 1033 4932 ΕΔΗ.
1092 4876 1243 4932 Gotlt.
1309 4894 1407 4933 nec
1449 4868 1615 4933 Pater
1660 4878 1828 4932 Filius
1877 4888 1961 4933 est
2059 4879 2151 4910 ‘5“
2214 4877 2306 4931 Est
2341 4879 2393 4931 in
2444 4868 2542 4929 ἷκε.
2584 4878 2713 4929 Vict.
2755 4879 2841 4931 i3.
2905 4875 3133 4945 Comiti}
3250 4876 3338 4906 ¹⁶¹⁷
3384 4868 3643 4945 Spiritum

391 4962 637 5007 sanctum
666 4950 842 5003 nullus
868 4964 964 5002 ms.
990 4949 1176 5002 Cister.
1208 4949 1466 5017 Spiritum
1496 4958 1739 5002 sanctum
1766 4964 1870 5003 non
1904 4964 2022 5003 esse
2048 4950 2234 5011 Deum,
2260 4948 2435 5001 nullus
2511 4947 2599 5017 ‘7‘"
2626 4947 2994 5001 Essentialiter
3020 4946 3255 5017 Spiritus
3272 4947 3474 5000 sitmss.
3495 4946 3641 5003 Eilir.

395 5022 551 5075 Galli.
576 5020 959 5083 essentialiter,
992 5019 1058 5071 sit
1088 5016 1324 5086 Spiritus
1348 5028 1570 5072 sanctus
1646 5018 1735 5049 ’³³³
1770 5018 1824 5072 Si
1865 5034 1967 5073 non
1994 5028 2077 5073 est
2120 5019 2293 5087 ipsum
2330 5034 2454 5070 mss.
2492 5016 2536 5069 si
2573 5032 2678 5071 non
2701 5017 2803 5070 hoc
2834 5017 3005 5086 ipSum
3087 5017 3179 5047 ³⁵²⁰
3207 5016 3321 5070 Non
3348 5018 3490 5071 enim
3541 5019 3641 5073 nisi

395 5092 533 5145 alius
554 5106 679 5142 mss.
708 5105 812 5142 non
845 5090 985 5142 enim
1020 5089 1142 5141 inde
1168 5087 1304 5140 alius
1382 5089 1470 5119 ”“
1512 5088 1614 5142 Per
1652 5089 1751 5142 hoc
1781 5089 1925 5142 enim
1952 5090 2163 5157 probari
2197 5095 2370 5155 potest
2401 5103 2523 5140 mss.
2558 5102 2655 5156 per
2687 5088 2788 5141 hoc
2814 5089 2958 5141 enim
2996 5088 3218 5157 probari
3250 5096 3474 5156 possunt
3514 5106 3639 5157 mss.

377 5160 454 5216 'S.
479 5158 639 5214 Hic/1.
672 5173 768 5226 per
791 5160 904 5211 haec
936 5158 1078 5211 enim
1108 5157 1321 5226 probari
1352 5166 1575 5225 possunt
1649 5159 1740 5188 ¹⁵¹¹
1766 5158 1916 5213 Alius
1954 5155 2129 5212 lilium
2184 5158 2367 5221 habet,
2399 5155 2685 5211 aliusnon
2729 5157 2888 5211 habet
2949 5174 3042 5209 ms.
3086 5155 3409 5226 Corb.'alius
3455 5155 3639 5226 habet,

397 5230 534 5284 alius
563 5224 683 5281 non'
698 5228 857 5281 habet
886 5227 1053 5281 lilium
1112 5224 1221 5257 ⁷⁸⁵³³
1242 5224 1447 5280 Idcirco
1475 5236 1599 5280 sunt
1630 5228 1826 5280 diversi
1854 5246 1950 5282 ms.
1994 5228 2123 5281 Vict.
2154 5227 2423 5279 5.idcirco
2451 5242 2554 5278 non
2584 5236 2709 5280 sunt
2736 5227 2931 5280 diversi
3012 5226 3103 5257 ⁸⁵³⁵
3138 5224 3487 5279 ldcirconihil
3518 5240 3643 5293 pro-

394 5299 543 5356 hibet
585 5313 683 5358 ,eos
728 5298 783 5349 in
839 5296 1083 5350 habendo
1129 5313 1255 5349 mss.
1290 5293 1438 5349 Gem.
1492 5294 1615 5349 Bec.
1656 5294 1791 5351 Vict.
1838 5296 1891 5350 5.
1926 5298 2083 5351 Corb.
2117 5298 2233 5350 ideo
2270 5297 2399 5348 nihil
2425 5298 2676 5365 prohibet
2704 5312 2807 5350 non
2840 5312 2959 5351 esse
2990 5296 3041 5350 iu
3088 5295 3335 5349 habendo
3410 5294 3502 5325 ¹⁸¹⁸
3532 5298 3640 5350 Aut

395 5370 653 5440 Spiritum
670 5372 920 5440 segetum
951 5368 1014 5419 de
1038 5366 1283 5440 m_s.Ci_s_t.
1304 5366 1489 5418 rectius
1509 5376 1600 5440 aut
1632 5366 1895 5433 Spiritum
1928 5370 1997 5440 de
2046 5368 2161 5440 _’_"f
2184 5366 2335 5440 Alius
2366 5374 2545 5440 tamen
2573 5376 2715 5440 esset
2738 5383 2765 5420 a
2792 5367 2951 5420 Patre
2978 5382 3107 5440 mss.
3135 5365 3272 5440 alius
3292 5374 3466 5440 tamen
3497 5375 3641 5440 esset

394 5434 587 5494 a'Filio
665 5437 754 5468 ""
776 5436 843 5507 Si
871 5434 1125 5507 Paterde
1171 5437 1372 5507 aliquo,
1399 5436 1729 5507 procederet
1763 5452 1859 5488 ms.
1917 5438 1976 5491 S.
2034 5438 2195 5491 Mich.
2223 5437 2264 5507 si
2292 5434 2450 5489 Pater
2481 5437 2545 5490 de
2582 5437 2762 5504 aliquo
2794 5438 3109 5507 procederet
3184 5435 3459 5507 “’{APrius
3494 5434 3637 5507 enim

395 5508 714 5581 intelligitur
738 5506 971 5581 aliusab
1003 5504 1091 5581 i_l_lo
1116 5522 1237 5581 mss.
1271 5503 1437 5581 omitt.
1470 5506 1644 5581 εει-ἰηιὴ
1689 5506 1779 5581 ξδξθ
1812 5507 1868 5561 Si
1908 5509 2091 5581 itaque
2122 5506 2507 5581 Spll‘illlS‘ntss.
2545 5508 2624 5561 sic
2646 5503 2829 5581 itaque
2854 5507 2900 5566 si
2932 5506 3161 5577 Spiritus
3234 5504 3328 5537 ¹⁶³⁰
3354 5503 3469 5561 Hoc
3495 5505 3637 5575 quod

395 5572 629 5645 Spiritus
660 5592 787 5633 mss.
830 5574 958 5629 Vict.
1000 5574 1121 5633 Bcc.
1148 5572 1292 5629 Gem.
1323 5576 1426 5631 hoc
1456 5576 1579 5645 quia
1614 5574 1848 5644 Spiritus
1880 5594 1977 5632 ms.
2003 5572 2297 5635 'Corbfhoc
2336 5572 2573 5646 Spiritus

160 5962 439 6147 ei...
