4226 6214
547 261 649 314 seu
1071 255 1136 309 si
1172 253 1462 307 ANSliLill
1503 251 1852 305 castum.
1897 249 2214 303 AlttZtllEl'.
2257 233 2403 301 Ot'P.
2451 249 2627 302 PARS
2659 211 2698 303 ιζ
2850 227 3262 312 aecumst.
3689 264 3797 330 suo

547 385 601 430 οι
623 375 791 430 solum
819 385 1000 423 verum
1031 371 1214 424 licunt.
1243 365 2121 437 (Iuin'ergonorninamusPatrem
2154 372 2195 423 Α
2227 360 2410 413 missio
2457 361 2786 429 intelligatur
2844 363 3012 417 Filii?
3049 367 3200 431 Quod
3257 386 3378 422 vero
3421 372 3496 424 ait
3561 391 3577 426 :
3631 375 3797 440 Quen:
3825 397 3846 402 ο

547 468 720 519 solum
754 475 844 516 aut
887 463 1100 521 l’ilimn,
1122 475 1256 530 mnam
1309 459 1453 512 aliud
1484 457 1829 526 intelliginms
1853 497 1865 517 ,
1897 461 2119 519 excepta

546 557 808 620 relatione
835 572 938 622 qua
974 551 1285 605 referuntur
1316 551 1382 602 ad
1437 550 1690 610 invicem,
1747 562 1906 612 quam
1949 542 2121 595 solum

547 662 730 699 rerum
758 645 920 700 Demn
950 650 1002 694 et
1035 642 1285 699 eumdem
1334 655 1490 707 quem
1525 639 1574 689 in
1617 636 1894 700 utriusque
1948 630 2123 700 prola-

549 737 687 786 tione
713 717 1112 801 cognoscimus.
1145 726 1331 799 Itaque
1349 746 1468 782 cum
1496 727 1632 780 dixit
1661 725 1917 777 Dominus
1944 741 1956 776 :
1994 721 2122 775 llu'e

549 835 616 880 ist
648 835 819 877 autem
851 825 951 876 rita
978 834 1192 885 (eterna,
1231 830 1288 872 ut
1329 875 1337 884 ,
1374 826 1620 886 gnmmnt
1651 827 1699 869 te
1729 815 1900 870 solum
1944 831 2144 875 verunt_

548 915 734 978 Deum,
767 925 839 975 et,
862 931 1011 981 quem
1051 907 1252 973 misisti,
1282 908 1460 961 Iesum
1487 908 1748 961 Christum
1784 905 1963 975 (Joun.
1990 921 2120 967 xut,

543 1005 637 1070 3);
666 1006 711 1058 si
770 1005 1086 1064 addidisset,
1122 1001 1304 1054 dicens
1348 1015 1360 1050 :
1408 996 1471 1049 Et
1510 999 1572 1051 tle
1607 997 1701 1050 hoc
1731 995 1839 1049 solo
1869 1009 1986 1048 vero
2018 993 2122 1046 Deo

541 1094 779 1160 procedit
813 1091 1039 1160 Spiritus
1063 1101 1296 1152 sanctus,
1331 1088 1454 1157 quis
1479 1088 1700 1140 auderet
1751 1099 2006 1152 separare
2037 1082 2125 1134 Fi-

544 1188 674 1240 lium
715 1185 782 1236 ab
812 1183 897 1236 illa
926 1182 1295 1252 processione,
1323 1180 1550 1234 cumille
1583 1179 1732 1232 solus
1762 1191 1923 1230 verus
1981 1173 2124 1228 Deus

542 1251 648 1330 don
703 1275 875 1341 magis
921 1283 1014 1326 aut
1042 1274 1223 1327 minus
1269 1271 1338 1325 sit
1362 1271 1522 1323 Pater
1552 1285 1712 1338 quam
1741 1266 1954 1322 Filius?
1982 1265 2124 1333 Qua-

540 1373 766 1436 propter
790 1365 834 1418 si
859 1365 1001 1418 idem
1049 1365 1194 1418 solus
1236 1377 1395 1415 verus
1427 1361 1568 1414 Deus
1616 1359 1955 1430 intelligitur,
1997 1374 2122 1413 cum

541 1456 692 1511 solus
717 1455 883 1509 Pater
923 1455 1086 1509 dicito
1139 1461 1228 1504 aut
1274 1451 1445 1505 Filius
1526 1459 1733 1505 etcum
1759 1449 1920 1503 ambo
1963 1447 2120 1502 simul

540 1547 896 1601 nominantur
929 1562 942 1598 :
976 1544 1102 1613 quid
1125 1545 1364 1612 apertius
1390 1559 1550 1612 quam
1581 1542 1707 1612 quia
1743 1544 1809 1596 de
1845 1539 1960 1595 solo
1989 1555 2120 1594 vero

542 1637 675 1700 Deo,
705 1638 795 1706 qui
829 1637 990 1689 Pater
1009 1644 1093 1689 est
1123 1643 1177 1688 et
1203 1635 1394 1699 Filius,
1424 1635 1668 1704 procedit
1701 1632 1936 1703 Spiritus
1991 1647 2120 1685 san-

2229 469 2320 520 ego
2371 454 2575 505 mittam
2606 455 2743 508 vobis
2773 473 2803 510 a
2833 456 3011 524 Patre,
3075 461 3340 528 quomodo
3393 462 3796 536 intelligendum

2226 543 2341 595 est?
2371 539 2566 610 Utique
2587 560 2615 614 a
2641 560 2747 613 quo
2769 563 2890 600 eum
2914 551 3075 604 mittit
3114 550 3306 615 Filius,
3333 552 3400 605 ult
3427 569 3492 606 co
3520 596 3522 599 τ
3546 554 3794 610 tnittitnr.

2228 631 2386 685 Mittit
2413 627 2591 688 autem
2624 650 2743 688 eum
2772 651 2801 689 a
2825 637 2984 693 Patre
3020 659 3032 693 :
3065 657 3195 710 ergo
3243 658 3273 695 a
3325 642 3484 696 Patre
3541 624 3794 699 mittitur.

2227 725 2332 780 Sed
2367 725 2454 779 ille
2484 726 2644 780 mittit
2674 743 2701 778 a
2732 743 2840 796 quo
2869 730 3132 784 mittitur:
3162 732 3320 786 Pater
3342 735 3521 804 itaque
3585 737 3797 791 mittere

2227 815 2568 884 intelligitur,
2599 831 2719 870 cum
2756 817 2923 872 Filius
2961 822 3090 874 dicit
3122 838 3138 874 :
3171 819 3281 890 Ego
3317 826 3520 879 mittam
3550 844 3579 878 ti
3612 824 3794 880 Putre.

2227 902 2364 968 Quid
2391 913 2473 956 est
2505 919 2656 974 ergo,
2713 903 2824 973 Ego
2861 910 3059 961 mittam
3085 926 3117 962 a
3151 909 3327 972 Putre.
3360 913 3483 974 nisi,
3529 914 3637 982 Ego
3669 918 3796 968 mit-

2228 1002 2334 1047 tam
2365 1001 2619 1062 tanquam
2653 996 2695 1049 si
2737 997 2899 1051 Pater
2939 1000 3136 1062 mittat,
3175 1010 3230 1053 ut
3257 1016 3359 1054 una
3415 1011 3470 1055 et
3496 1005 3682 1056 eadem
3727 1006 3799 1058 sit

2228 1082 2414 1136 missio
2450 1100 2566 1137 mea
2601 1093 2654 1138 et
2685 1084 2895 1140 Patris?
2918 1088 3050 1141 Cum
3086 1090 3262 1159 itaque
3298 1091 3390 1155 "‘i’
3449 1090 3621 1145 Filius
3649 1087 3796 1147 nulla

2233 1175 2508 1246 diligentia
2543 1164 2792 1230 ostendat
2826 1194 2982 1231 nnam
3011 1196 3129 1234 esse
3161 1182 3466 1236 missionem
3523 1182 3698 1236 Patris
3744 1194 3799 1237 ct

2226 1281 2410 1330 suam;
2443 1276 2497 1320 ut
2529 1284 2627 1323 nec
2654 1268 2813 1322 Pater
2843 1271 3038 1335 mittat,
3069 1269 3168 1326 nisi
3198 1290 3319 1326 eum
3375 1273 3548 1329 Filius
3586 1274 3749 1328 mittit
3778 1294 3794 1340 ;

2228 1372 2327 1411 nec
2355 1358 2520 1413 Filius
2572 1360 2772 1427 mittat,
2797 1361 2899 1417 nisi
2956 1363 3044 1393 "“
3073 1379 3196 1418 eum
3227 1364 3389 1418 mittit
3415 1365 3574 1420 Pater
3609 1383 3621 1418 :
3665 1367 3796 1436 quid

2231 1447 2342 1502 vult
2369 1448 2673 1518 signiﬁcare
2700 1450 2812 1516 ‘m,
2840 1461 2932 1505 ant
2973 1453 3102 1521 quid
3141 1454 3383 1524 intelligi,
3421 1454 3513 1486 "“
3540 1455 3640 1511 nisi
3669 1457 3797 1524 quia

2227 1553 2333 1592 non
2360 1537 2518 1590 aliter
2542 1553 2600 1591 se
2631 1539 2824 1594 habent
2855 1556 2918 1596 ae
2950 1540 3162 1596 Patrem
3193 1541 3425 1610 Spiritus
3450 1530 3670 1598 sanetus
3696 1586 3710 1610 ,
3743 1559 3799 1600 et

2227 1627 2387 1680 aliter
2410 1628 2474 1681 ad
2509 1627 2730 1693 Filium;
2760 1645 2856 1683 nec
2884 1631 3146 1700 magisest
3172 1635 3506 1701 uniusquam
3536 1634 3798 1690 alterius?

547 1739 652 1791 tus,
685 1741 804 1781 cum
831 1726 1029 1779 dititur
1053 1740 1080 1776 a
1110 1734 1263 1792 patre
1294 1725 1630 1794 procedere?
1653 1722 1834 1790 Quare
1861 1723 2002 1780 sicut
2037 1723 2120 1776 in-
2150 1708 2194 1767 Β
2225 1717 2588 1784 Quamobrem
2643 1719 2804 1772 nimis
2845 1719 3089 1787 diﬁieile,
3154 1723 3262 1776 imo
3325 1721 3656 1792 impossibile
3690 1735 3794 1791 ες,

544 1817 876 1884 telligeretur
903 1815 968 1868 de
1000 1813 1135 1866 Filio
1161 1815 1480 1883 procedere,
1506 1813 1551 1867 si
1590 1812 1731 1868 idem
1761 1810 1932 1865 Filius
1957 1811 2124 1864 dixis-

543 1917 627 1964 set
656 1910 720 1962 de
750 1909 864 1962 solo
895 1923 1023 1961 vero
1054 1905 1162 1975 Deo
1198 1907 1344 1960 illum
1387 1906 1707 1975 procedere,
1730 1904 1946 1974 quando
1986 1903 2124 1956 dixit

540 2017 598 2054 se
625 2009 678 2053 et
701 1999 914 2052 Patrem
940 1999 1113 2052 solum
1143 2011 1331 2051 verum
1359 1997 1665 2052 Deumesse
1691 2012 1705 2060 ;
1742 1997 1814 2049 ita
1836 2009 1959 2047 cum
1990 1994 2128 2047 dicit

541 2103 664 2142 eam
690 2087 756 2141 de
785 2087 949 2141 Patre
975 2087 1269 2155 procedere
1296 2084 1409 2149 ‘m,
1435 2085 1640 2153 absque
1664 2083 1828 2138 dubio
1855 2081 2128 2152 signiﬁcat

541 2195 663 2232 eum
687 2181 751 2234 de
774 2193 832 2232 se
858 2178 1153 2248 procedere
1182 2177 1292 2230 ‘5".

1111 2288 1338 2343 CAPUT
1370 2289 1436 2342 IX
1476 2290 1569 2321 ⁸⁸⁷⁷

540 2378 727 2433 ﬁlisio
755 2379 987 2448 Spiritus
1012 2380 1066 2432 in
1090 2381 1298 2431 nomine
1331 2377 1460 2432 Filii
1487 2391 1532 2432 et
1561 2397 1613 2448 ar
1650 2377 1794 2434 Filio
1845 2379 2122 2445 conﬁrmat

966 2449 1310 2502 roeessiouem
1338 2449 1452 2517 ejus
1479 2450 1542 2501 de
1573 2447 1736 2502 Filio.

614 2541 755 2595 Dicit
776 2540 939 2594 etiam
959 2539 1222 2598 Dominus
1240 2555 1255 2590 :
1275 2537 1577 2594 Paraclitus
1591 2551 1765 2593 autem
1790 2539 2017 2608 Spiritus
2033 2535 2126 2571 ’⁵⁷⁸

543 2642 777 2694 sanctus,
815 2645 964 2700 quem
996 2628 1160 2696 mittet
1192 2626 1355 2681 Pater
1381 2629 1434 2682 in
1461 2629 1792 2683 nominech
1814 2629 1992 2699 (Joon.
2016 2644 2124 2694 XIV,

542 2720 658 2787 26).
685 2718 752 2772 Et
778 2731 993 2775 rursum
1023 2734 1038 2770 :
1077 2713 1209 2770 Cum
1236 2729 1411 2770 autem
1429 2718 1532 2794 f5"
1561 2721 1748 2772 venerit
1804 2717 2019 2772 Para’c/i
2044 2736 2124 2782 us,

541 2826 692 2878 quem
721 2824 814 2878 ego
843 2807 1047 2860 mittam
1079 2806 1219 2860 vobis
1247 2824 1277 2859 a
1316 2806 1472 2859 Patre
1495 2805 1678 2876 (Joan.
1715 2823 1802 2870 xv,
1834 2807 1947 2876 26).
1975 2807 2116 2873 Quid

546 2914 677 2968 ergo
703 2897 1107 2966 intelligendum
1139 2906 1241 2962 est,
1279 2913 1403 2953 cum
1432 2898 1560 2952 dicit
1592 2915 1605 2952 :
1635 2897 1980 2974 Quemiigittet
2014 2897 2124 2951 Pa-

545 2991 623 3042 ter
646 2989 697 3042 in
730 2987 1106 3042 uominemeo?
1135 3005 1200 3042 an
1238 2989 1362 3058 quia
1386 2988 1623 3057 Spiritus
1655 2999 1876 3044 sanctus
1906 2991 2124 3043 habebit

551 3095 748 3132 nomen
773 3079 914 3149 ejus,
939 3087 1018 3139 ut,
1048 3094 1170 3133 eum
1204 3080 1379 3134 mittet
1411 3079 1502 3109 “3°
1531 3078 1974 3148 PatenSpiritum
1995 3093 2123 3132 san-
2152 3047 2198 3108 Ο

545 3179 680 3228 tmn,
723 3169 862 3220 iit-nn
898 3169 966 3230 sit
995 3168 1137 3235 quod
1168 3169 1383 3244 mittere
1410 3167 1646 3222 Filium?
1672 3169 1778 3238 Sed
1801 3168 1944 3250 quod
1999 3169 2074 3220 ait
2111 3183 2125 3220 :

549 3258 715 3323 Quem
771 3274 864 3325 ego
909 3259 1110 3310 mittant
1165 3257 1302 3311 vobis
1337 3275 1369 3310 a
1412 3256 1573 3311 Patre
1621 3259 1706 3291 ¹⁵⁸¹
1786 3255 1896 3313 ηοιὶ
1941 3259 2131 3327 recipit

549 3349 692 3396 tzunc
714 3357 933 3396 sensum
967 3342 1134 3410 ;quia
1174 3343 1420 3395 eumdem
1479 3343 1650 3411 ipsum
1701 3342 1958 3412 Spiritum
2006 3358 2131 3395 san-

547 3444 715 3497 ctum,
745 3447 908 3502 quem
932 3433 1096 3485 mittit
1121 3431 1303 3494 Pater,
1335 3433 1501 3486 mittit
1532 3441 1586 3486 et
1612 3432 1814 3498 Filius;
1847 3448 2018 3501 neque
2039 3433 2128 3464 ⁸⁸⁸³

546 3524 712 3577 mittit
741 3523 910 3578 Filius
940 3522 1158 3576 Filium.
1195 3522 1435 3591 Deniqiie
1485 3537 1747 3592 nusquam
1773 3521 2017 3590 legimus,
2078 3533 2132 3575 et

548 3613 774 3666 ouiiiino
821 3626 1086 3679 negamus
1127 3610 1387 3679 Spiritum
1443 3620 1690 3662 sanctum
1743 3625 1864 3664 esse
1916 3609 2128 3664 Filium.

549 3703 686 3768 Quid
715 3701 897 3767 itaque
921 3710 1003 3752 est
1033 3714 1046 3750 :
1082 3697 1245 3762 Quem
1283 3699 1445 3749 mittet
1472 3697 1634 3749 l’ater
1665 3699 1717 3750 in
1737 3701 1943 3751 nomine
1981 3716 2093 3751 meo
2113 3739 2128 3764 ,

552 3792 672 3854 ιενέί,
709 3806 870 3858 quem
899 3788 1058 3841 Pater
1084 3786 1282 3852 nﬁttet,
1312 3787 1477 3840 Filius
1497 3803 1713 3855 quoque
1739 3790 1949 3842 mittet?
1981 3790 2133 3846 Sicut

549 3899 670 3935 tum
715 3881 848 3935 dicit
880 3897 892 3932 :
928 3879 1093 3943 Quem
1127 3896 1219 3948 ego
1246 3881 1447 3930 mittam
1481 3896 1510 3930 η
1540 3878 1723 3942 Patre,
1757 3894 1861 3933 non
1893 3879 2131 3935 estaliud

552 3988 712 4038 :;~:un
737 3985 836 4039 ego
864 3971 1074 4024 mittam
1108 3980 1162 4022 ct
1189 3971 1366 4023 Pater.
1396 3970 1812 4039 Fitiusnamque
1838 3980 2129 4026 estnomen

554 4067 694 4119 litius
731 4065 821 4132 qui
852 4063 1064 4117 diccbat
1099 4079 1110 4113 :
1144 4061 1314 4115 Mittet
1351 4059 1515 4114 Pater
1545 4062 1599 4115 in
1635 4063 1841 4116 nomine
1872 4079 1983 4116 meo
2011 4062 2130 4135 54

549 4156 665 4210 Non
698 4165 780 4208 est
809 4170 937 4220 ergo
965 4153 1152 4206 aliud:
1203 4151 1374 4205 Mutet
1435 4151 1593 4205 Pater
1634 4153 1687 4205 in
1736 4153 1942 4206 nomine
1996 4170 2107 4206 meo

551 4249 677 4311 nisi,
713 4251 876 4298 mittet
939 4243 1099 4296 Pater
1127 4244 1179 4295 in
1221 4243 1428 4295 nomine
1467 4240 1756 4308 Filii.Quid
1809 4243 1974 4312 igitur
2024 4253 2130 4309 est,

2226 1809 2512 1862 ostendere
2535 1810 2800 1878 quomodo
2839 1826 2943 1864 non
2972 1814 3223 1878 procedat
3251 1813 3318 1866 ab
3349 1823 3594 1880 utroque.
3645 1815 3800 1870 Unde

2226 1898 2369 1951 enim
2399 1909 2482 1952 est
2515 1899 2651 1953 Filio
2680 1899 2839 1953 simul
2869 1916 2991 1954 cum
3018 1902 3174 1956 Patre
3194 1903 3322 1957 dare
3347 1905 3422 1957 vel
3466 1904 3553 1935 ⁸⁸⁸⁷
3580 1906 3795 1960 mittere

2229 1986 2492 2058 Spiritum
2525 2000 2790 2050 sanetum.
2825 2001 2879 2045 et
2911 1991 3051 2046 hunc
3074 2007 3191 2047 esse
3221 1993 3530 2063 utriusque;
3559 1997 3602 2069 si
3635 1997 3793 2050 simul

2230 2096 2334 2133 non
2357 2090 2445 2134 est
2471 2083 2534 2134 de
2560 2083 2826 2150 utroque?
2857 2083 2964 2135 Cur
2993 2084 3135 2136 enim
3166 2084 3336 2153 magis
3363 2086 3458 2139 dat
3486 2084 3654 2139 Filius
3675 2085 3792 2154 Spi-

2231 2173 2389 2241 ritum
2418 2187 2682 2238 sancmm,
2711 2190 2870 2242 quam
2898 2175 3134 2242 Spiritus
3155 2187 3374 2231 sanctus
3404 2177 3640 2232 Filium?
3686 2180 3798 2232 Aut

2229 2276 2325 2314 cur
2350 2262 2520 2329 magis
2546 2262 2780 2332 Spiritus
2824 2273 3044 2334 sanctus
3084 2275 3167 2318 cst
3215 2265 3358 2330 Filii,
3418 2282 3580 2334 quam
3632 2267 3798 2322 Filius
3878 2285 3880 2287 '

2229 2351 2463 2420 Spiritus
2491 2354 2684 2417 sancti,
2710 2355 2810 2407 nisi
2834 2357 2957 2422 quia
2997 2354 3160 2410 Filius
3184 2371 3287 2410 non
3331 2369 3408 2410 est
3449 2359 3519 2410 ita
3545 2359 3609 2411 dc
3635 2358 3797 2413 Patre

2230 2442 2389 2495 simul
2409 2452 2462 2515 et
2489 2443 2556 2497 de
2579 2444 2779 2514 Spiritu
2808 2454 3016 2506 sancto,
3044 2447 3184 2499 sicut
3211 2445 3448 2515 Spiritus
3469 2459 3691 2503 Sanctiu-
3714 2461 3800 2503 est

2231 2530 2297 2584 de
2348 2530 2510 2583 Patre
2567 2532 2724 2585 sin-ul
2757 2543 2810 2586 et
2860 2537 2924 2586 de
2957 2534 3044 2565 ’³⁸⁸
3069 2534 3251 2588 Filio?
3285 2535 3342 2590 Si
3386 2543 3523 2607 ergo
3559 2538 3800 2607 Spiritus

2230 2631 2566 2676 sauctttsnon
2598 2632 2680 2676 est
2709 2623 2773 2676 d'e
2807 2610 2961 2688 Filio,
2989 2643 3090 2678 noa
3123 2626 3280 2680 detur
3311 2641 3339 2678 a
3368 2627 3526 2692 Filio,
3562 2643 3664 2683 nec
3708 2631 3795 2683 di-

2231 2723 2384 2767 catur
2411 2714 2500 2744 ¹⁸⁸⁹
2530 2729 2648 2768 esse
2663 2714 2784 2768 Filii
2825 2732 2839 2768 :
2874 2716 3200 2786 sicutFilius
3220 2730 3323 2770 non
3351 2718 3511 2771 datur
3539 2717 3794 2788 aSpiritu

2231 2813 2440 2868 sancto,
2465 2803 2908 2858 necdiciturcsse
2935 2805 3168 2873 Spiritus
3204 2806 3798 2875 sancti;quoniamnon

2231 2903 2314 2947 est
2339 2895 2402 2946 de
2425 2894 2623 2963 Spiritu
2658 2903 2862 2948 sancto.
2896 2894 2949 2948 Si
2985 2905 3162 2964 autem
3195 2896 3381 2950 dicunt
3403 2897 3525 2965 quia
3556 2894 3799 2965 Spiritus

2235 2993 2456 3037 sanctus
2488 2983 2650 3036 mittit
2689 2986 2853 3036 etiam
2890 2970 3124 3049 Filium,
3176 2986 3313 3040 sicut
3338 2987 3474 3040 idem
3508 2986 3620 3055 ipse
3665 2985 3800 3040 dicit

2230 3089 2326 3141 per
2355 3073 2667 3141 prophetam
2695 3087 2711 3126 :
2742 3073 2807 3125 Et
2837 3061 2972 3128 nunc
3030 3075 3284 3130 Dominus
3331 3076 3472 3130 Deus
3509 3078 3650 3130 misit
3695 3093 3797 3140 me,

2231 3170 2276 3212 et
2305 3160 2534 3228 Spiritus
2557 3160 2668 3230 ejus
2700 3161 2858 3231 (Isui.
2889 3177 3077 3224 XLVIII.
3102 3164 3219 3231 16),
3255 3165 3356 3218 hoc
3375 3165 3667 3218 secundum
3695 3164 3798 3218 ho~

2233 3252 2462 3329 minem,
2488 3265 2648 3318 quem
2671 3254 2910 3321 gerebat,
2934 3253 3336 3322 intelligendum
3367 3264 3470 3320 est,
3500 3254 3589 3322 qui
3618 3253 3796 3309 Patris

2230 3348 2285 3393 et
2314 3337 2545 3410 Spiritus
2571 3340 2744 3394 sancti
2773 3357 2877 3393 una
2903 3341 3175 3395 voluntate
3201 3342 3610 3410 etdispositione
3637 3359 3798 3395 inun-

2231 3431 2356 3502 dum
2383 3432 2762 3499 redempturus
2789 3433 2840 3485 in
2863 3433 3068 3486 mundo
3100 3435 3366 3502 apparuit.

2305 3521 2498 3588 Qumro
2541 3531 2718 3574 tamen
2769 3521 2949 3576 abhis
2977 3523 3066 3590 qui
3117 3533 3312 3591 negant
3364 3523 3621 3592 Spiritum
3673 3538 3800 3576 san-

2233 3620 2376 3665 ctum
2408 3623 2527 3665 esse
2562 3621 2616 3663 et
2643 3611 2938 3680 procedere
2991 3611 3055 3664 de
3087 3611 3243 3675 Filio.
3284 3613 3552 3681 quomodo
3607 3610 3800 3665 intelli-

2231 3707 2361 3768 gant
2394 3699 2482 3732 ‘m
2542 3713 2664 3752 eum
2709 3699 2789 3753 sic
2837 3714 2958 3755 esse
3007 3699 3265 3770 Spiritum
3325 3701 3463 3762 Filii,
3523 3711 3581 3754 ut
3631 3699 3799 3754 Filius

2235 3798 2488 3859 tanquam
2533 3782 2688 3844 suum
2751 3790 3011 3859 Spiritum
3045 3791 3190 3846 illma
3245 3794 3453 3846 mittat?
3498 3794 3578 3845 An
3608 3801 3801 3861 putant

2233 3880 2357 3948 quia
2396 3879 2558 3931 Pater
2588 3878 2900 3950 dedit’Filio
2929 3879 3187 3952 Spiritum
3222 3893 3467 3936 sanctum
3501 3882 3589 3912 m‘
3639 3896 3800 3935 suum

2237 3981 2488 4039 tanquam
2526 3985 2555 4024 a
2582 3985 2640 4025 se
2669 3985 2773 4024 non
2793 3970 3040 4024 habenti?
3068 3972 3172 4025 Aut
3204 3973 3348 4026 enim
3376 3973 3533 4026 habet
3561 3987 3589 4024 a
3623 3987 3682 4025 se
3706 3983 3804 4026 aut

2233 4063 2302 4116 ab
2329 4060 2586 4116 alio.-Sed
2611 4062 2678 4115 ab
2707 4061 2813 4116 alio
2843 4077 2948 4116 non
2973 4068 3150 4132 potest
3177 4063 3396 4127 habere,
3429 4062 3530 4115 nisi
3555 4077 3583 4114 a
3616 4061 3798 4116 Patre.

2232 4155 2449 4223 Accepit
2483 4155 2642 4222 igitur
2671 4170 2701 4207 a
2727 4155 2902 4222 Patre,
2933 4170 2962 4208 a
2987 4171 3094 4223 quo
3119 4156 3305 4218 habet;
3341 4165 3394 4211 et
3419 4155 3624 4211 deditei
3641 4154 3804 4209 Pater

2235 4244 2495 4313 Spiritum
2536 4254 2802 4310 sanctum,
2850 4255 2906 4298 ut
2934 4261 2961 4298 a
2995 4259 3053 4300 se
3080 4261 3183 4299 non
3221 4246 3459 4298 habenti.
3491 4244 3584 4298 llic
3611 4254 3799 4297 osten-

547 4364 578 4392 τις
611 4348 710 4391 "tet
763 4335 924 4390 I’atcr
974 4338 1027 4389 in
1082 4335 1288 4387 nomine
1331 4333 1484 4400 Filii,
1546 4335 1670 4397 nisi,
1720 4337 1885 4388 mittet
1941 4333 2124 4399 Pater,
2161 4381 2208 4436 υ
2235 4338 2383 4401 dant,
2417 4352 2539 4390 cum
2591 4336 2824 4404 teqnales
2849 4339 2958 4390 sint
3011 4337 3174 4390 Pater
3202 4346 3257 4389 ct
3285 4336 3452 4390 Filius
3482 4345 3532 4389 et
3566 4334 3804 4419 Spiritus

574 4445 808 4498 umquam
842 4428 888 4481 si
941 4426 1120 4480 mittat
1165 4425 1330 4479 Filius
1359 4465 1373 4489 ,
1404 4433 1460 4477 ut
1531 4425 1584 4478 in
1615 4425 1875 4480 missione
1926 4423 2126 4492 Patris,
2161 4423 2201 4436 ”
2239 4437 2479 4492 sanctus,
2511 4435 2564 4481 et
2593 4425 2956 4496 unusquisque
2987 4426 3087 4480 sibi
3117 4427 3188 4481 sit
3223 4425 3496 4481 sullicicns
3531 4425 3656 4492 ⁸⁵⁵³³,
3681 4437 3804 4492 quae

1844 4563 2062 4620 iARl/E
2101 4565 2499 4622 LECTIONES.

625 4696 712 4726 -δτδ
749 4694 824 4748 ita
876 4708 999 4765 cum
1062 4692 1190 4765 dicit
1245 4708 1366 4765 eum
1419 4693 1485 4746 de
1537 4693 1696 4747 Patre
1756 4700 2047 4762 procedere
2122 4715 2220 4754 ms.
2276 4707 2430 4752 Loro.
2492 4707 2561 4750 tta
2618 4713 2737 4750 eum
2792 4697 2998 4751 diceret
3049 4699 3291 4752 eumdem
3345 4696 3632 4765 procedere
3707 4700 3802 4734 ‘m

555 4766 736 4819 i7'Jlli0
767 4781 887 4818 cum
927 4764 992 4816 tle
1027 4778 1091 4836 se
1147 4762 1421 4836 signiﬁcat
1473 4765 1764 4830 pret-edere
1816 4783 1938 4819 mss.
2000 4767 2355 4831 Vicistinbio
2412 4785 2531 4821 cmn
2587 4769 2853 4836 signiﬁcat
2911 4769 2974 4820 de
3033 4782 3091 4821 sc
3138 4762 3423 4836 procedere.
3480 4784 3577 4819 ms.
3642 4768 3799 4826 (ἐστι.

559 4837 715 4886 ..αινίυ
778 4844 951 4885 tamen
986 4832 1072 4902 de
1119 4849 1178 4884 se
1229 4831 1543 4902 procedere
1574 4835 1838 4902 signiﬁcat
1915 4838 2003 4867 ’³⁷⁷
2035 4837 2163 4892 CAP.
2206 4839 2256 4891 9.
2319 4837 2410 4890 Est
2462 4839 2516 4889 iu
2566 4831 2661 4889 ms'.
2718 4834 2972 4889 Vict.~15.
3017 4831 3167 4902 caput
3229 4837 3294 4890 10
3371 4836 3802 4894 ""Paracletus

562 4904 791 4969 ‘_piritns
815 4919 939 4954 mss.
982 4901 1293 4955 l‘aracletus
1323 4911 1501 4953 autem
1529 4901 1760 4972 Spiritus
1840 4907 1930 4938 "7’
1959 4907 2040 4971 Et,
2069 4923 2188 4960 cum
2222 4917 2397 4960 autem
2433 4924 2553 4959 mss.
2604 4905 2731 4959 Virt.
2766 4906 2829 4958 Et
2867 4901 3087 4960 rursum
3114 4924 3125 4958 :
3155 4922 3273 4959 cum
3303 4916 3478 4957 autem
3507 4923 3605 4958 ms.
3640 4905 3786 4963 Corb.

566 4986 624 5045 ςιΔ
649 4974 838 5023 iterum
867 4987 879 5045 ξ
906 4979 1250 5045 ⁸«ῖῐιιιι-ςηιιειιι
1329 4971 1426 5045 ¹⁵⁵ξίξ
1461 4972 1521 5023 lit
1560 4971 1686 5045 imm
1723 4975 1898 5028 mittet
1930 4995 2049 5028 mss.
2090 4977 2157 5031 Ut
2185 4993 2304 5028 eum
2358 4977 2534 5028 mittet
2579 4992 2676 5028 ms.
2708 4975 2861 5028 Corb.
2895 4987 2949 5028 nt
2973 4983 3098 5030 cuni
3125 4977 3289 5029 mittit
3347 4975 3452 5045 Α¹ί⁸⁸¹
3485 4974 3650 5039 Quem
3696 4992 3789 5045 οε(

584 5042 766 5092 ..ittam
799 5041 947 5092 vobis
980 5056 1007 5092 a
1037 5041 1194 5093 Patre
1228 5058 1350 5093 mss.
1390 5039 1520 5093 Vter.
1547 5042 1700 5094 Cori).
1733 5045 1902 5097 omitt.
1940 5048 2090 5098 vobis
2173 5047 2265 5083 ⁸⁵⁸³
2303 5046 2462 5097 Mittit
2488 5045 2646 5108 ﬁlius,
2684 5061 2856 5107 neque
2883 5062 3006 5098 mss.
3037 5047 3198 5098 mittit
3245 5055 3297 5097 et
3335 5043 3471 5096 ﬁlius
3523 5061 3620 5098 nec
3702 5039 3791 5077 ⁸⁵⁸³

573 5160 600 5166 _
641 5128 686 5197 in
716 5111 897 5197 ultique
930 5127 1064 5190 mssa
1084 5122 1129 5162 et
1158 5110 1300 5190 litin.
1342 5109 1502 5197 (latr/tsn
1532 5112 1856 5197 c‘utnDitaqpe
1891 5132 1986 5167 ms.
2019 5115 2174 5167 Corb.
2211 5133 2330 5168 cum
2366 5116 2442 5197 sic
2474 5117 2653 5197 itaque
2729 5115 2818 5145 "3"
2850 5116 2958 5167 Nec
2993 5116 3132 5168 lilins
3165 5115 3335 5196 mittat
3363 5115 3608 5197 nisiomss.
3655 5110 3791 5168 Vict.

561 5225 582 5231 _
637 5178 927 5254 ritiljistert
964 5181 1334 5254 oniitt.__mitta__t
1400 5181 1503 5254 _”"35
1531 5182 1667 5247 Quid
1721 5178 1833 5234 vult
1864 5185 2154 5251 significari
2203 5202 2324 5236 mss.
2374 5183 2501 5235 Vict.
2537 5178 2694 5236 Corb.
2722 5186 2848 5251 quid
2895 5186 3008 5237 vult
3034 5183 3336 5250 signilieare
3388 5184 3506 5254 7”“
3538 5184 3794 5254 Autqnid

608 5300 609 5303 η
635 5253 666 5299 ‘t
708 5249 928 5315 intelligi
967 5265 1088 5320 mss.
1126 5248 1440 5320 Vict.iCorb.
1477 5254 1642 5303 omitt.
1676 5253 1800 5320 quid
1835 5248 1945 5307 Vult
2024 5254 2112 5284 ¹⁸⁸⁷
2161 5254 2304 5307 Unde
2348 5255 2488 5306 enim
2515 5256 2622 5306 lilio
2655 5248 2772 5306 cum
2803 5248 3108 5308 l’atcrdare
3136 5254 3291 5305 simul
3319 5253 3401 5305 uel
3428 5267 3549 5304 mss.
3598 5261 3644 5303 et
3685 5248 3791 5305 Eii.

556 5355 574 5366 κ
608 5354 609 5358 η
668 5323 711 5368 ἰ.
747 5322 887 5370 unde
919 5319 1060 5391 enim
1098 5328 1203 5391 _est
1253 5319 1556 5391 liliogsimul
1588 5319 1708 5374 cum
1761 5323 1919 5375 Patre
1972 5324 2100 5376 dare
2128 5323 2205 5377 vel
2285 5323 2374 5353 “‘33
2415 5325 2482 5376 Ue
2515 5333 2689 5391 patre
2729 5325 2882 5376 simul
2910 5326 2973 5376 dc
2998 5340 3118 5374 mss.
3159 5320 3289 5375 Vict.
3320 5323 3473 5374 (.‘orb.
3519 5320 3700 5373 Cister.
3730 5322 3798 5375 de

688 5405 715 5440 c
740 5398 786 5440 et
820 5391 885 5439 de
965 5387 1054 5416 ¹δ⁸⁹
1093 5386 1204 5438 Non
1238 5388 1298 5440 de
1345 5389 1496 5454 Filio,
1535 5407 1638 5443 non
1669 5392 1845 5454 datur,
1896 5408 1994 5445 nec
2047 5394 2244 5444 dicitur
2276 5409 2396 5444 mss.
2429 5403 2473 5444 et
2515 5386 2670 5444 'Etlit.
2714 5392 2870 5446 Cotti.
2902 5409 3004 5445 non
3035 5403 3115 5445 est
3161 5394 3224 5445 de
3256 5391 3413 5453 Filio,
3447 5407 3549 5444 non
3581 5392 3736 5441 detur
3763 5406 3797 5443 ει

570 5463 573 5468 '
618 5477 631 5530 _:.
662 5480 718 5530 ιο),
745 5457 1076 5530 ncctlicatnr
1156 5457 1244 5485 “9°
1280 5462 1580 5530 Quomodo
1605 5462 1915 5530 intelligunt.
1951 5479 2073 5513 mss.
2114 5459 2250 5513 Vict.
2291 5462 2424 5514 'l'ttu.
2465 5461 2610 5515 Gem.
2659 5462 2777 5514 Hoc.
2836 5461 2976 5515 Edit.
3009 5461 3160 5513 Gotlt.
3194 5464 3456 5530 quomodo
3495 5458 3798 5530 intelligant

684 5527 1110 5648 Flgtt/Spit'lilllltl
1158 5542 1312 5646 snttlnn
1359 5545 1480 5582 mss.
1547 5529 1678 5584 Vict.
1715 5524 1823 5585 ﬁli-0
1880 5530 2140 5601 Spiritum
2167 5540 2410 5585 sanctum
2444 5547 2626 5599 suum,
2677 5534 2765 5563 ‘5"
2799 5533 2909 5586 Sibi
2935 5524 3354 5587 suﬁiciens‘mss.
3415 5527 3538 5584 Vict.
3566 5524 3795 5581 (ἐρώει

577 5619 622 5648 ,ιτ
651 5607 702 5646 ii.
784 5608 828 5647 Ol
854 5615 888 5647 t.
922 5614 960 5648 ξι
984 5616 1017 5648 )l
1051 5608 1109 5648 SI!
1149 5613 1203 5648 5'!
1253 5611 1416 5648 iciCIli

575 5607 702 5649 μέλη.
735 5607 888 5647 belli.
922 5607 1017 5649 :‘lltl
1051 5608 1109 5649 st!
1149 5607 1416 5649 s-stlzeten;
