4226 6202
451 346 555 401 509

1482 343 1571 396 DE
1614 342 2081 397 PROCESSIUNE
2124 344 2181 397 Β.
2232 342 2562 402 Sl‘llilTUS.

3590 353 3706 407 διε)

459 476 574 516 :nen
626 467 708 513 est
731 457 804 511 de
851 456 1044 525 seipse,
1075 457 1169 519 aed
1225 456 1596 511 tantummodo
1645 456 1711 515 de
1764 455 1925 509 Patre
1968 465 2022 510 et
2054 464 2096 519 Α
2124 468 2243 515 ctus
2275 470 2352 514 est
2398 462 2588 515 Adam.
2622 462 2689 515 At
2726 461 2958 518 iul'ereut
2988 464 3077 495 ¹⁶⁸⁰
3112 478 3124 516 :
3158 462 3540 517 Beuedicimus
3571 461 3693 532 Spi-

455 550 605 603 Nlo.
728 670 731 673 -
906 610 1131 695 CAPUT
1159 632 1565 709 XVI[al.XV].

453 730 625 802 [luget
661 728 889 797 Spiritus
929 738 1140 802 sanctus
1194 728 1308 802 non
1337 733 1581 797 procedat
1634 752 1667 802 gi
1720 732 1879 786 Patre
1935 750 2027 802 per

519 797 759 861 Filium;
819 807 951 851 sicut
986 799 1160 852 omnia
1199 815 1233 850 α
1273 799 1432 853 Putre
1478 818 1569 869 per
1631 800 1849 857 Verbum
1902 797 2025 856 sunt

516 888 675 953 facta.

525 998 749 1053 Dicent:
774 997 886 1052 Cur
905 1014 1013 1053 non
1060 996 1312 1065 similiter
1370 998 1459 1031 ⁸⁸η
1510 994 2032 1077 dicere'possumns

449 1087 713 1156 Spiritum
767 1098 1014 1143 sanctum
1063 1087 1128 1153 de
1170 1088 1334 1160 Patre.
1356 1105 1453 1161 per
1479 1089 1675 1146 Filium
1710 1094 2021 1161 procedere,

446 1178 586 1232 sicut
615 1178 848 1232 dicimus
886 1192 917 1231 a
945 1177 1103 1233 Patre
1132 1180 1310 1234 omnia
1342 1180 1481 1236 facta
1506 1176 1600 1251 per
1622 1179 1851 1237 Verbum
1882 1182 2025 1251 quod

452 1278 538 1321 est
571 1268 662 1300 ’m
691 1268 902 1323 Filius?
933 1269 1084 1325 Sicut
1109 1271 1253 1324 enim
1283 1286 1405 1325 cum
1441 1272 1603 1327 Pater
1635 1272 1762 1327 facit
1788 1289 1883 1343 per
1903 1274 2027 1328 Ver-

450 1357 577 1410 bum
615 1372 795 1424 suum,
846 1346 1117 1413 noutl'acit
1143 1374 1241 1428 per
1264 1359 1409 1413 aliud
1431 1374 1589 1429 quam
1626 1374 1722 1429 per
1744 1361 1848 1415 hoc
1882 1362 2024 1432 quod

448 1445 567 1513 ipse
594 1455 699 1511 est,
747 1447 849 1521 hoc
875 1456 958 1501 est
987 1462 1082 1516 per
1128 1448 1473 1502 essentialem
1523 1459 1860 1518 potestatem,
1907 1466 2026 1521 quae

445 1546 533 1590 est
557 1532 745 1589 eadem
769 1518 969 1603 Verbi;
998 1532 1054 1592 et
1082 1547 1260 1593 tamen
1300 1538 1495 1594 dicitur
1549 1539 1730 1596 facere
1776 1557 1872 1612 per
1897 1518 2027 1598 ver”—

450 1627 577 1679 lmm
609 1626 700 1661 ¹⁴⁷δ
731 1644 745 1680 :
775 1642 872 1681 cur
920 1643 1024 1682 non
1050 1627 1300 1683 similiter
1337 1630 1565 1686 dicimus
1597 1630 1855 1701 Spiritum
1901 1647 2027 1686 san—

450 1724 594 1769 ctum
622 1734 652 1769 a
685 1715 844 1771 Patre
864 1718 1154 1787 procedere
1188 1734 1283 1788 per
1308 1717 1537 1773 Verbum
1579 1734 1700 1774 cum
1750 1735 1854 1775 non
1887 1736 2026 1791 pro-

2128 552 2287 606 ritum
2318 563 2566 608 sanctum
2599 568 2703 606 non
2737 556 3033 622 procedere
3062 556 3129 609 de
3154 554 3304 615 Filio,
3334 554 3425 607 sed
3450 554 3515 605 de
3538 552 3697 607 Patre

2126 659 2223 713 per
2264 644 2478 713 Filium,
2508 645 2754 716 quamvis
2798 646 2867 699 sit
2894 647 2959 701 dc
2992 646 3150 701 Patre
3178 655 3233 701 et
3276 646 3340 700 de
3371 642 3528 707 Filio,
3559 645 3699 704 situt

2128 734 2263 790 dicis
2286 734 2463 791 laeum
2494 753 2613 793 esse
2639 738 2704 791 de
2729 736 2877 791 fonte
2904 746 2959 790 et
2983 737 3205 791 derivo.
3241 737 3313 790 De
3338 736 3700 805 processionis

2130 842 2359 896 namque
2388 830 2550 884 verbo
2573 833 2800 898 qnzcstio
2830 840 2913 885 est
2946 830 3085 882 inter
3110 844 3403 895 nos,qnam
3431 841 3523 879 vos
3550 840 3699 878 assc-

2130 916 2248 970 ritis
2275 932 2395 971 esse
2434 919 2500 971 de
2534 917 2690 985 Filio,
2731 929 2785 974 et
2822 936 2920 974 nos
2946 932 3202 988 negamus
3228 916 3315 949 ¹⁶³¹
3352 934 3363 969 :
3395 930 3523 970 ecce
3554 916 3699 969 enim

2128 1005 2319 1061 videtis
2354 1007 2526 1064 rivum
2559 1008 2626 1063 de
2654 1008 2800 1064 fonte
2832 1008 3140 1079 procedere.
3175 1007 3328 1074 quasi
3363 1008 3427 1061 de
3449 1006 3699 1075 originali

2127 1097 2425 1167 principio;
2463 1098 2609 1153 lacus
2649 1108 2827 1154 autem
2873 1114 2978 1152 non
3010 1097 3271 1167 procedit,
3303 1094 3395 1149 sed
3431 1096 3700 1165 colligitur

2128 1185 2193 1239 de
2246 1186 2383 1252 rivo,
2428 1187 2682 1265 quamvis
2700 1189 2895 1241 habeat
2917 1202 3034 1242 esse
3057 1188 3123 1241 de
3153 1185 3265 1241 illo.
3302 1181 3386 1239 lta‘
3410 1185 3572 1255 igitur
3598 1184 3700 1237 etsi

2130 1274 2363 1344 Spiritus
2399 1288 2619 1333 sanctus
2662 1278 2859 1333 habeat
2888 1291 3010 1332 esse
3055 1277 3123 1329 de
3172 1275 3340 1339 Filio,
3377 1291 3482 1330 non
3520 1283 3698 1327 tamen

2127 1366 2417 1434 procedere
2453 1368 2670 1437 proprie
2702 1368 2903 1423 dicitur
2951 1367 3017 1421 de
3067 1365 3229 1429 Filio,
3288 1366 3381 1419 sed
3426 1367 3491 1420 de
3538 1365 3701 1419 Patre

2127 1454 2280 1523 quasi
2311 1456 2378 1510 de
2416 1458 2700 1526 principio.
2743 1458 2854 1513 lloc
2884 1457 3111 1512 forsitan
3144 1457 3419 1511 diceretur
3447 1466 3610 1521 recte,
3653 1458 3697 1510 si

2127 1546 2166 1601 F
2174 1548 2296 1603 ilius
2322 1563 2549 1604 nascens
2579 1532 2829 1606 dePatre
2856 1550 3171 1619 procederet
3195 1558 3348 1603 extra
3384 1546 3620 1611 Patrem,
3645 1559 3703 1602 et

2126 1636 2303 1691 medio
2332 1638 2564 1706 quodam
2595 1640 2770 1709 Spatio
2810 1639 3218 1703 interveniente,
3261 1639 3410 1706 prius
3440 1639 3701 1708 intellige-

2126 1730 2420 1781 retur'esse
2444 1726 2680 1798 Spiritus
2711 1738 2927 1782 sanctus
2955 1727 3023 1781 de
3050 1727 3210 1781 Patre
3239 1742 3405 1803 quam
3434 1727 3500 1780 de
3528 1726 3696 1791 Filio;

451 1804 609 1858 cedat
631 1819 660 1858 a
688 1804 868 1868 Patre,
901 1806 1082 1885 niside
1113 1807 1214 1862 hoc
1239 1817 1292 1862 et
1315 1822 1409 1880 per
1435 1808 1536 1864 hoc
1565 1810 1707 1878 quod
1762 1810 1902 1864 idem
1942 1820 2026 1865 est
2057 1808 2101 1862 Β
2127 1816 2264 1872 sicut
2296 1818 2442 1873 rivus
2470 1819 2537 1874 de
2571 1819 2719 1874 fonte
2745 1820 2915 1874 lluens
2947 1828 3097 1873 extra
3130 1816 3331 1873 fontem
3360 1818 3619 1888 procedit,
3646 1831 3701 1872 et

454 1894 548 1926 'm
571 1893 645 1949 illi
670 1910 794 1949 eum
824 1895 962 1971 Filio
986 1899 1232 1967 quamvis
1274 1914 1380 1952 non
1427 1909 1486 1953 ut
1537 1909 1807 1965 creatura,
1851 1901 1943 1956 sed
1970 1909 2029 1955 ut

454 1980 991 2051 idipsunrdeeodem
1048 1985 1201 2054 ipso?
1252 1987 1542 2044 Videamus
1577 1990 1704 2058 quid
1747 2000 2024 2060 sequatur,

452 2072 504 2127 si
543 2072 643 2128 hoc
672 2073 929 2140 dicimus;
959 2084 1010 2129 et
1048 2066 1159 2145 pax‘
1206 2078 1275 2132 sit
1325 2078 1466 2133 inter
1492 2094 1607 2136 nos.
1655 2080 1858 2151 Nempe
1908 2096 2029 2151 qua

452 2160 596 2213 facta
622 2170 747 2215 sunt
772 2176 801 2214 a
826 2160 985 2216 Patre
1029 2177 1126 2231 per
1157 2164 1410 2230 Verbum,
1451 2165 1593 2229 facta
1636 2177 1764 2222 sunt
1806 2167 1873 2222 ab
1912 2169 2028 2240 ipso

454 2247 671 2304 Verbo:
700 2250 872 2318 ipsum
922 2250 1155 2325 namque
1204 2254 1435 2310 Verbum
1486 2257 1661 2312 dicit:
1697 2256 2027 2329 Quwcunque

451 2340 592 2393 enim
622 2338 785 2393 Pater
821 2341 913 2373 ¹⁶τ⁶
939 2342 1148 2411 fecerit,
1188 2345 1300 2398 lucc
1337 2355 1384 2399 et
1425 2344 1597 2399 Filius
1634 2345 1873 2401 similiter
1896 2344 2024 2415 facit

455 2426 637 2494 (Jouu.
676 2444 727 2492 v,
761 2429 870 2507 l9).
905 2415 1156 2487 Dicamus
1177 2433 1342 2502 igitur
1370 2435 1494 2502 quia
1518 2433 1754 2504 Spiritus
1781 2449 2024 2505 sanctus,

453 2533 576 2570 eunt
603 2520 897 2586 procedit’a
928 2521 1085 2576 Patre
1115 2522 1415 2591 pchilinm
1439 2565 1454 2587 ,
1485 2527 1731 2596 procedit
1756 2539 1807 2583 et
1838 2545 1868 2583 a
1890 2529 2027 2595 Filio

454 2607 743 2674 similiter;
777 2611 916 2665 sicut
940 2626 1063 2679 qua:
1090 2613 1227 2668 facta
1253 2622 1379 2669 sunt
1407 2630 1436 2668 a
1455 2614 1615 2669 Patre
1645 2631 1741 2685 per
1771 2616 2024 2688 Verbum,

457 2698 597 2752 facta
626 2709 752 2755 sunt
775 2700 1021 2757 similiter
1047 2703 1116 2758 ab
1160 2705 1275 2774 ipso
1318 2703 1513 2770 Verbo,
1544 2708 1645 2764 nisi
1670 2705 1807 2764 forte
1831 2711 2026 2769 intelli-

455 2788 862 2859 guutSp’ritum
910 2804 1156 2850 sanctum
1175 2797 1475 2865 procedere
1524 2799 1589 2855 de
1640 2800 1799 2856 Patre
1822 2818 1916 2873 per
1934 2801 2027 2858 Fio

456 2876 1058 2949 liumqnemadmodum
1112 2900 1234 2939 cum
1298 2885 1419 2942 fons
1477 2887 1592 2944 ﬂuit
1620 2891 1674 2945 in
1722 2891 1918 2959 rivum,
1974 2900 2029 2947 et

456 2967 610 3021 rivus
634 2968 905 3039 colligitur
931 2971 981 3025 in
1009 2971 1203 3037 lacum,
1229 2974 1426 3030 dicitur
1456 2977 1603 3033 lacus
1633 2995 1756 3035 esse
1782 2980 1849 3035 de
1880 2980 2028 3038 fonte

456 3068 555 3122 per
581 3056 771 3111 rivum.
799 3058 904 3114 Sed
929 3061 997 3115 ibi
1022 3077 1126 3116 non
1154 3074 1234 3117 est
1263 3065 1412 3120 rivus
1442 3067 1493 3120 in
1545 3067 1717 3131 fonte,
1749 3071 1841 3124 sed
1871 3084 2024 3127 extra

2130 1908 2362 1975 quodam
2412 1908 2695 1965 intervallo
2736 1910 2789 1964 in
2836 1910 3009 1965 lacum
3044 1910 3335 1979 colligitur,
3368 1918 3421 1963 et
3450 1910 3598 1979 prius
3619 1921 3704 1963 est

2130 1994 2278 2050 lacus
2313 1997 2379 2051 de
2424 1996 2569 2052 fonte
2625 2015 2784 2068 quam
2815 2000 2879 2053 de
2921 2000 3071 2054 rivo:
3104 2008 3158 2053 et
3204 1999 3322 2052 ideo
3348 2008 3430 2051 est
3457 1999 3522 2051 de
3556 1998 3701 2053 fonte

2129 2098 2223 2154 per
2267 2087 2466 2151 rivum,
2514 2102 2616 2143 uoo
2671 2088 2738 2143 de
2787 2089 2900 2143 rivo
2945 2106 3044 2159 per
3086 2088 3305 2144 fontem.
3340 2087 3537 2141 Verum
3578 2108 3701 2147 cum

2128 2174 2297 2231 Filius
2336 2192 2564 2233 nascens
2593 2179 2659 2232 de
2701 2179 2860 2234 Patre
2907 2198 3009 2235 non
3058 2192 3214 2237 exeat
3260 2196 3411 2240 extra
3453 2185 3697 2244 Patrem;

2129 2266 2223 2319 sed
2258 2265 2309 2319 in
2344 2266 2460 2335 ipso
2487 2281 2732 2330 manens,
2772 2284 2868 2321 nec
2900 2269 3036 2333 loco,
3070 2285 3168 2322 nec
3196 2281 3459 2341 tempore,
3492 2288 3589 2333 nec
3610 2287 3697 2324 cs-

2129 2358 2298 2412 sentia
2323 2359 2529 2419 divisus
2556 2361 2626 2413 sit
2649 2361 2740 2391 ¹⁴⁸¹
2761 2378 2789 2415 a
2815 2361 3004 2425 Patre;
3031 2372 3083 2415 et
3111 2380 3231 2416 eum
3256 2380 3418 2418 unum
3450 2365 3519 2418 sit
3539 2365 3703 2417 ideo:-

2129 2461 2234 2515 quc
2264 2445 2406 2501 Patri
2432 2458 2483 2501 et
2518 2446 2651 2503 Filio
2673 2449 2723 2502 id
2755 2450 2895 2503 unde
2920 2452 3167 2518 procedit
3198 2450 3433 2520 Spiritus
3456 2446 3699 2517 sanctus,

2130 2551 2231 2593 nec
2286 2537 2507 2608 intelligi
2543 2548 2738 2609 potest,
2787 2554 2888 2594 nec
2932 2540 3037 2594 dici
3079 2541 3237 2595 debet
3274 2541 3532 2610 Spiritum
3576 2557 3696 2594 sau-

2130 2635 2274 2717 ctum
2303 2628 2596 2697 procedere
2617 2629 2683 2683 de
2707 2627 2888 2695 Patre,
2924 2640 2980 2683 et
3006 2645 3110 2683 non
3139 2632 3203 2684 de
3227 2629 3385 2685 Filio.
3420 2629 3533 2683 Non
3570 2646 3701 2700 ergo

2130 2719 2343 2773 videtur
2386 2733 2489 2787 qua
2540 2718 2748 2774 ratione
2796 2719 3009 2777 dicatur
3057 2720 3290 2790 Spiritus
3335 2730 3553 2774 sanctus
3596 2733 3706 2774 nor.

2133 2807 2423 2878 procedere
2469 2809 2536 2863 de
2567 2808 2723 2874 Filio,
2764 2810 2857 2864 sed
2909 2810 2976 2863 de
3024 2808 3182 2863 Patre
3212 2824 3308 2878 per
3334 2808 3545 2871 Filium,
3581 2814 3694 2862 cun-

2131 2898 2340 2953 etiamsi
2368 2914 2464 2968 per
2484 2898 2675 2954 Filium
2699 2909 2954 2966 nequeat,
2982 2915 3085 2953 nou
3119 2899 3184 2952 de
3208 2898 3362 2953 Filio.
3388 2898 3444 2952 Si
3477 2900 3596 2967 quis
3627 2908 3678 2951 ta

2133 3004 2256 3043 tuen
2310 2988 2421 3042 vuit
2459 2990 2641 3044 dicere
2670 2990 2863 3043 Filium
2910 2991 2973 3044 de
3016 2990 3179 3045 Patre
3212 2990 3501 3061 procedere
3533 2992 3706 3060 magis

2134 3082 2349 3151 proprie
2390 3097 2552 3159 quam
2602 3081 2858 3151 Spiritum
2890 3091 3137 3136 sanctum
3170 3082 3236 3139 de
3264 3081 3424 3147 Filio,
3457 3082 3704 3151 quamvis

453 3143 659 3199 fontem
684 3149 819 3207 sicut
862 3160 946 3204 est
971 3150 1136 3207 Filius
1168 3152 1217 3205 in
1250 3152 1429 3219 Patre,
1477 3166 1666 3211 etnon
1716 3150 1864 3212 extra
1922 3160 2026 3214 Pa-

2134 3143 2365 3241 Spiritus
2398 3152 2617 3227 sanctus
2643 3143 2713 3225 de
2742 3173 2859 3237 illo;
2902 3174 3042 3227 sicut
3073 3173 3220 3227 rivus
3252 3173 3421 3242 magis
3452 3172 3525 3227 illi
3560 3173 3707 3225 vidc-
3788 3166 3793 3179 ³

458 3236 823 3304 trem._Qu’are
845 3256 949 3295 non
999 3242 1079 3297 sic
1117 3254 1199 3299 est
1254 3246 1344 3278 “7'
1404 3247 1637 3318 Spiritus
1689 3263 1905 3310 sanctus
1961 3255 2028 3309 de

458 3325 620 3381 Patre
649 3329 972 3398 perFilinm,
998 3334 1136 3388 sicut
1158 3347 1237 3391 est
1268 3337 1414 3393 lacus
1440 3341 1505 3395 de
1537 3341 1685 3398 fonte
1702 3349 1796 3412 per
1830 3347 2024 3401 rivum.

455 3416 521 3469 Si
559 3425 731 3472 tamen
763 3421 839 3475 sic
866 3432 966 3485 est,
999 3427 1180 3494 negari
1215 3429 1399 3498 nequit
1422 3443 1539 3485 esse
1569 3432 1634 3487 de
1672 3434 1811 3490 Filio
1838 3452 2030 3506 quam-

457 3506 542 3560 vis
569 3507 635 3560 sit
667 3510 731 3561 de
754 3509 910 3592 Patre
936 3528 1032 3581 per
1066 3514 1294 3581 Filium;
1327 3519 1467 3572 sicut
1490 3519 1765 3577 fatendum
1814 3535 1897 3580 est
1950 3526 2028 3581 la-

454 3612 581 3652 cum
626 3613 742 3654 esse
800 3602 865 3656 de
918 3604 1029 3659 rivo
1065 3607 1313 3675 quamvis
1348 3609 1420 3663 sit
1437 3610 1503 3665 de
1534 3610 1679 3666 fonte
1708 3628 1803 3683 per
1831 3615 2026 3674 rivum.

454 3689 561 3753 Qui
604 3692 744 3745 enim
776 3704 930 3765 negat
963 3686 1163 3752 locum
1194 3714 1315 3755 esse
1337 3698 1433 3772 'de
1479 3702 1593 3757 rivo
1649 3704 1741 3736 ¹⁶⁷⁸
1772 3709 2027 3775 quoniam

455 3781 608 3849 prius
636 3792 717 3837 est
746 3785 809 3838 de
836 3785 978 3840 fonte
1037 3789 1184 3845 rivus
1203 3782 1395 3847 :‘Bicat
1416 3809 1476 3848 se
1498 3810 1601 3850 non
1632 3809 1749 3851 esse
1778 3797 1843 3851 de
1868 3798 2028 3855 Patre

452 3888 578 3935 pauo.
601 3877 691 3927 Sed
732 3878 795 3930 de
819 3878 1009 3945 Adam,
1034 3883 1285 3951 quoniam
1313 3901 1412 3955 per
1438 3887 1652 3945 Patrem
1678 3906 1833 3945 suum
1856 3900 1942 3947 est
1961 3895 2027 3949 de

455 3962 649 4016 Adam.
705 3965 1038 4022 Dieatctiam
1090 3969 1283 4026 Filium
1339 3974 1565 4046 virginis
1617 3993 1721 4033 non
1778 3996 1901 4035 esse
1963 3982 2028 4037 de

457 4048 646 4112 Maria,
675 4068 772 4105 nec
793 4054 857 4108 ile
883 4056 1068 4120 David,
1111 4074 1209 4113 nec
1237 4060 1303 4115 de
1316 4060 1587 4119 Abraham
1610 4083 1624 4131 ;
1650 4068 1904 4136 quoniam
1937 4070 2025 4125 isti

456 4140 609 4206 prius
659 4142 870 4198 fue'nnt
897 4145 961 4201 de
989 4146 1155 4201 Adam
1187 4164 1203 4205 :
1241 4160 1294 4205 et
1316 4152 1459 4207 dicat
1506 4154 1699 4211 falsum
1727 4170 1848 4213 esse
1885 4162 2026 4229 quod

452 4232 655 4285 d'e:mu
669 4246 745 4287 est
774 4237 1001 4291 Abt-alue
1030 4257 1041 4291 :
1066 4237 1130 4292 1η
1149 4243 1340 4296 semine
1360 4253 1448 4297 tuo
1466 4245 1830 4319 benedicentur
1850 4268 2025 4307 omnes

452 4331 632 4390 gentes
656 4321 804 4392 (Gen.
835 4342 965 4391 χχιι,
1006 4327 1114 4397 18).
1141 4329 1205 4383 Et
1227 4332 1290 4384 ad
1310 4331 1475 4387 David
1504 4350 1517 4387 :
1547 4334 1622 4390 De
1647 4336 2024 4405 fructuventris

451 4414 741 4478 taiponam
765 4430 918 4483 super
952 4419 1121 4472 sedem
1147 4429 1288 4473 tuam
1318 4421 1490 4493 (Psal.
1509 4439 1692 4490 cum,
1728 4428 1837 4497 ll).
1864 4429 1925 4484 Et
1958 4432 2023 4485 ad

458 4503 681 4557 Mariam
709 4524 722 4559 :
754 4505 1058 4562 Benedictus
1110 4510 1309 4577 [ructus
1355 4516 1543 4569 ventris
1566 4519 1641 4569 tui
1664 4517 1811 4589 (Luc.
1836 4535 1876 4586 ι,
1905 4520 2043 4597 £2).‘

457 4594 717 4663 Dieatque
742 4596 1012 4651 Christum
1041 4594 1143 4653 non
1165 4614 1284 4656 esse
1311 4618 1493 4658 semen
1542 4607 1728 4661 horum
1748 4647 1764 4672 ,
1796 4609 1875 4663 vel
1912 4609 2023 4664 l'ru-

460 4672 615 4735 ctum
643 4682 744 4754 57
780 4687 874 4741 sed
910 4673 1066 4752 Adae;
1114 4690 1364 4758 quoniam
1399 4693 1485 4747 isti
1514 4696 1589 4748 ab
1613 4696 1702 4749 illo
1732 4698 2021 4753 descende-

456 4781 586 4827 runt
612 4775 720 4831 ¹⁶⁷⁹.
771 4778 873 4831 Sed
911 4794 1081 4848 neque
1115 4780 1179 4835 de
1226 4781 1398 4836 Adam
1426 4794 1506 4838 est
1557 4786 1722 4842 Filius
1766 4787 2019 4861 Virginis,

451 4869 751 4923 secundum
792 4871 933 4925 hunc
979 4889 1191 4928 sensum
1220 4893 1234 4941 ;
1268 4876 1361 4930 sed
1391 4878 1455 4933 de
1489 4878 1641 4946 limo,
1678 4879 1744 4934 de
1794 4897 1899 4949 quo
1944 4883 2022 4934 fa-

2132 3272 2221 3316 tur
2248 3264 2539 3331 proecdere
2570 3263 2635 3316 de
2663 3263 2807 3316 fonte
2830 3278 2990 3333 quam
3017 3263 3169 3318 lacus
3189 3263 3255 3317 de
3279 3264 3393 3317 rivo
3421 3282 3434 3316 :
3478 3279 3542 3318 ne
3570 3279 3669 3317 con
3687 3294 3702 3306 -

2130 3353 2286 3406 cedat
2325 3352 2584 3422 Spiritum
2613 3352 2973 3407 sanctum‘m
3000 3354 3294 3422 procedere
3330 3354 3398 3407 de
3442 3353 3595 3415 Filio,
3639 3357 3705 3407 de

2130 3457 2238 3511 quo
2287 3442 2447 3497 habet
2480 3458 2619 3507 esse,
2649 3445 2789 3497 sicut
2827 3438 2976 3499 lacus
3002 3444 3068 3498 de
3102 3444 3235 3511 rivo,
3283 3460 3381 3500 nos
3408 3460 3511 3499 non
3542 3460 3703 3516 nega-

2130 3549 2250 3587 mus
2296 3543 2606 3588 nascentem
2642 3534 2823 3603 aliquo
2860 3535 3018 3588 modo
3046 3536 3340 3605 procedere
3378 3537 3444 3590 de
3487 3536 3597 3601 illo,
3632 3537 3702 3590 do
3756 3522 3760 3525 ’

2131 3638 2239 3692 quo
2290 3622 2563 3687 nascitur;
2616 3631 2672 3677 et
2705 3622 2967 3693 Spiritum
3006 3635 3249 3679 sanctqu
3280 3625 3573 3679 asserimus
3603 3642 3697 3679 sua

2130 3714 2310 3777 modo,
2336 3730 2443 3768 non
2466 3714 2619 3783 quasi
2645 3715 2711 3769 de
2738 3714 2951 3769 duobus
2974 3714 3228 3782 fontibus,
3261 3716 3354 3771 sed
3380 3730 3504 3770 vere
3518 3717 3582 3771 de
3595 3732 3692 3769 una

2130 3806 2276 3875 fonte
2301 3804 2622 3873 procedere;
2655 3804 2725 3857 ita
2761 3813 2937 3859 tamen
2969 3814 3027 3859 ut
3058 3818 3253 3858 nomen
3284 3806 3577 3867 nativitatis
3600 3822 3698 3861 uec

2130 3893 2400 3963 processio
2422 3877 2541 3947 Filii
2570 3892 2806 3959 amittat,
2850 3908 2948 3949 nec
2972 3894 3205 3962 Spiritus
3226 3896 3397 3973 sancti
3426 3897 3698 3969 processio

2128 3983 2373 4053 recipiat.
2420 3982 2535 4037 Non
2567 3983 2828 4054 estigitur
2854 3999 2951 4038 cur
2976 3985 3147 4055 magis
3184 3986 3285 4039 dici
3311 3986 3503 4041 debeat
3530 3985 3569 4039 F
3577 3988 3697 4040 ilius

2129 4074 2417 4143 pzocedere
2444 4074 2509 4127 de
2533 4074 2692 4128 Patre
2738 4089 2899 4144 quam
2928 4072 3159 4144 Spiritus
3190 4086 3407 4131 sanctus
3446 4077 3512 4130 de
3541 4076 3697 4131 Filio.

2487 4164 2715 4221 CAPUT
2757 4162 2893 4221 xvtt
2935 4167 3032 4238 [αΙ.
3072 4166 3233 4238 xvm
3267 4168 3377 4220 εισι.

2126 4256 2282 4322 Quod
2306 4258 2438 4310 sicut
2461 4258 2605 4310 lacus
2631 4267 2704 4309 est
2734 4258 2797 4310 de
2829 4260 2935 4311 rivo
2955 4270 3002 4327 et
3032 4259 3197 4327 fonte,
3221 4262 3293 4313 ita
3322 4260 3544 4327 Spin'tus
3572 4277 3669 4313 san

2444 4336 2555 4380 ctus
2585 4328 2830 4397 procedat
2857 4327 2919 4381 de
2946 4326 3105 4380 I’atre
3137 4340 3181 4381 et
3216 4326 3377 4382 Filio.

2202 4418 2518 4489 Diligentius
2569 4418 2973 4474 consideremus
3016 4421 3282 4489 quomodo
3325 4420 3474 4475 lacus
3521 4425 3593 4475 sit
3630 4423 3696 4475 de

2126 4512 2289 4573 l'utite,
2332 4511 2533 4580 pariter
2554 4518 2608 4563 et
2643 4511 2708 4565 de
2736 4511 2851 4563 rivo
2886 4529 2899 4563 :
2926 4521 2982 4563 ut
3007 4526 3102 4580 per
3129 4513 3249 4572 hoc,
3274 4512 3407 4565 sicut
3440 4527 3533 4581 per
3566 4522 3700 4566 tetu--

2126 4606 2307 4676 porale
2336 4614 2389 4659 et
2441 4604 2609 4660 locale
2641 4604 2844 4673 aliquid
2888 4614 3062 4672 potest
3100 4596 3494 4673 iutelligi'quod
3533 4615 3693 4659 (cter-

2126 4713 2251 4751 num
2304 4705 2407 4759 est,
2442 4711 2830 4766 cognoscamus
2886 4693 3145 4764 Spiritum
3194 4704 3439 4749 sanctum
3480 4710 3599 4748 esse
3629 4694 3693 4746 de

2124 4790 2283 4844 Patre
2319 4799 2377 4844 et
2400 4789 2553 4843 Filio.
2583 4787 2741 4841 Multa
2770 4787 2988 4840 enitnrin
3022 4789 3210 4841 lterum
3241 4787 3693 4848 etmsideratioue,

2125 4868 2263 4935 sient
2297 4881 2348 4934 in
2392 4876 2717 4951 epistolaad
2746 4877 3071 4933 venerabilis
3100 4876 3369 4932 memoria:
3419 4876 3691 4932 Urbanum

1761 4971 1989 5026 VARI/[3
2030 4970 2434 5027 LEC'l‘lONES.

532 5055 624 5085 ‘6'”
659 5056 997 5131 Dicent,_Cur
1040 5060 1416 5131 uerisimiliter
1474 5073 1571 5115 etc.
1630 5062 1694 5117 In
1749 5082 1844 5117 ms.
1902 5064 2057 5118 Com.
2119 5065 2201 5117 hic
2260 5064 2413 5117 modo
2475 5064 2655 5131 incipit
2722 5062 2890 5129 Caput
2935 5062 3018 5116 1'5.
3077 5063 3215 5116 Olim
3284 5066 3691 5117 rautinunbatur

454 5125 628 5201 Caput
680 5128 973 5203 p‘rtrcettens
1010 5127 1136 5203 _“"'
1164 5128 1265 5181 Per
1311 5132 1528 5203 verbum
1593 5132 1725 5186 facta
1777 5134 1915 5203 quod
1971 5143 2053 5188 est
2084 5151 2207 5186 mss.
2250 5135 2387 5199 facta
2425 5150 2520 5202 per
2546 5125 2807 5185 verlmnr
2838 5134 2978 5203 quod
3004 5133 3146 5203 7““
3200 5134 3263 5187 Et
3320 5151 3423 5187 non
3495 5135 3693 5187 dicitur

461 5198 639 5273 tamen
692 5193 871 5273 facere
924 5198 1041 5273 nisi
1074 5204 1173 5267 per
1221 5202 1441 5252 verbum
1494 5218 1615 5273 mss.
1666 5212 1721 5273 e_t_
1769 5193 1943 5256 tamen
1981 5204 2178 5257 dicitur
2222 5196 2399 5273 facere
2426 5193 2524 5271 per
2566 5203 2819 5273 verliunr
2858 5193 2967 5232 ἠπ
3002 5201 3115 5253 Non
3145 5203 3392 5273 procedat
3420 5204 3485 5255 de
3513 5204 3686 5267 Patre,

459 5266 566 5340 nisi
588 5264 668 5340 Ade
692 5264 790 5317 hoc
820 5269 966 5340 quod
994 5264 1130 5320 idem
1159 5276 1239 5321 est
1274 5285 1397 5340 mts.
1426 5282 1470 5322 et
1504 5268 1647 5322 Edit.
1682 5270 1833 5325 Gotlt.
1866 5288 1969 5324 non
2016 5274 2269 5339 procedat
2301 5287 2328 5324 a
2361 5264 2542 5333 Patre,
2576 5273 2677 5324 nisi
2710 5273 2774 5323 de
2811 5272 2909 5325 hoc
2939 5281 2991 5340 et
3021 5287 3117 5339 per
3142 5264 3240 5325 ltoc
3265 5273 3405 5340 quod
3440 5274 3577 5326 idem
3604 5264 3685 5326 est

460 5336 557 5366 ³⁸⁷⁸
581 5333 915 5409 Quaecunque
947 5337 1101 5390 Pater
1151 5352 1273 5409 mss.
1322 5338 1665 5409 Q-tmennque
1724 5342 1865 5395 enim
1901 5333 2055 5394 Pater
2088 5342 2177 5372 "'7’
2212 5342 2388 5407 Quare
2413 5343 2491 5394 sic
2526 5356 2629 5393 non
2660 5351 2743 5394 est
2777 5333 3071 5394 mssaVic't.
3100 5344 3150 5394 9.
3184 5333 3336 5394 Cori).
3376 5340 3550 5409 Quare
3582 5359 3684 5395 non

458 5407 652 5459 sicest
677 5403 767 5434 ¹⁶⁷⁸
801 5403 993 5457 Larum
1020 5421 1137 5458 esse
1166 5406 1277 5459 rivo
1305 5425 1423 5460 mss.
1473 5403 1600 5461 Vict.
1626 5407 1778 5464 Corh.
1812 5412 1869 5464 S.
1904 5410 2063 5464 Mirlt.
2095 5403 2265 5465 lacum
2294 5427 2409 5465 esse
2440 5413 2505 5464 de
2539 5415 2651 5463 rivo
2730 5410 2821 5441 "7’
2851 5411 3244 5463 Deseeudcrnut
3272 5403 3486 5465 iussis.
3519 5411 3681 5463 Hii-It.

458 5474 649 5526 (ᾄξειεν.
682 5472 770 5523 illo
804 5476 1131 5547 descendunt
1166 5544 1177 5547 _
1209 5476 1304 5547 mf
1326 5477 1391 5547 At
1421 5479 1651 5531 infereut
1676 5491 1772 5532 etc.
1818 5480 1879 5531 In
1913 5497 2008 5533 ms.
2043 5481 2202 5534 Corb.
2249 5482 2331 5533 Itis
2374 5482 2525 5533 modo
2563 5480 2739 5545 incipit
2769 5480 2935 5547 Caput
2976 5480 3054 5531 l6.
3102 5480 3238 5532 (Nini
3282 5482 3687 5533 continuabatur

462 5543 631 5617 Caput
667 5544 957 5617 prter-edens
1034 5545 1119 5574 '5‘“
1165 5544 1234 5596 lle
1268 5545 1420 5610 Filio,
1463 5564 1559 5599 nos
1618 5564 1872 5615 negamus
1900 5567 2020 5601 mss.
2055 5552 2119 5601 de
2158 5550 2307 5610 Filio,
2342 5560 2394 5601 et
2428 5566 2521 5601 nos
2564 5543 2855 5617 ιιιξςειιιιιις⁷
2899 5550 2990 5579 ¹⁶⁸²
3022 5550 3269 5601 Diversus
3303 5556 3369 5602 sit
3410 5566 3436 5600 a
3468 5566 3586 5601 mss.
3622 5549 3681 5601 S.

463 5610 628 5685 ﬂiirlt.
660 5607 1041 5685 Cortyndigvisus
1083 5624 1205 5685 csth
1242 5615 1331 5646 ’ποθ
1363 5607 1474 5667 Non
1507 5607 1765 5670 concedat
1797 5620 2054 5684 Spiritum
2096 5637 2216 5671 mss.
2254 5607 2317 5671 ne
2358 5607 2915 5685 concedat"Spiritum
2969 5637 3063 5670 ms.
3116 5618 3267 5671 Catil.
3302 5635 3395 5672 nec
3426 5620 3686 5672 concedat

461 5678 722 5747 Spiritum
758 5677 845 5708 “‘“
880 5680 1002 5734 ιῖ-ιιε.
1046 5686 1122 5737 lli.
1166 5683 1255 5736 Est
1299 5686 1348 5736 in
1394 5702 1467 5738 ms
1522 5686 1653 5739 (.‘orlr
1708 5677 1871 5755 (Sarni
1914 5687 1994 5739 l7.
2034 5690 2153 5741 olim
2200 5690 2249 5741 in
2294 5690 2470 5740 rodrm
2511 5706 2604 5741 m5.
2653 5677 2759 5741 ενι-ἰιι
2798 5689 2961 5757 Caput
3003 5689 3061 5739 14
