4226 6188
447 299 550 354 515

1468 292 1553 346 DE
1594 287 2061 348 PliOCESSIONE
2090 288 2148 346 S.
2183 289 2514 345 ειιιιιιιυε.

3552 289 3659 350 διι

451 411 631 466 Simon
679 407 903 477 Ba:jona
926 448 940 472 ,
979 408 1105 477 quia
1145 422 1267 458 caro
1303 413 1351 458 et
1371 407 1580 474 sanguis
1625 423 1726 459 non
1765 402 2002 459 revelari!
2029 407 2075 468 Α
2108 402 2384 485 hoc'enim
2429 412 2510 456 est
2553 400 2784 472 Spiritus
2817 412 3063 468 sanctus,
3096 401 3236 471 quod
3281 410 3361 455 εει
3400 400 3591 460 Filiua'
3615 410 3671 456 et

450 500 559 560 tibi,
586 500 674 553 sed
713 496 872 552 Pater
893 515 1033 551 mens
1061 499 1148 566 qni
1173 499 1225 550 in
1248 497 1384 550 caelis
1408 508 1477 550 est
1495 496 1706 565 (Matth.
1747 511 1855 557 XVI,
1895 495 2000 567 l7).

449 587 635 643 NOnne
691 590 802 658 ipse
843 587 1006 640 Filius
1049 597 1103 640 et
1123 587 1358 654 Spit-ilus
1383 598 1598 641 sanctus
1634 585 2006 658 intelligendus

449 687 530 733 est
576 678 838 732 revelasse
874 691 992 728 curn
1026 674 1226 729 Patre?
1248 675 1504 742 Quoaiam
1534 676 1675 730 enim
1705 675 1866 731 Pater
1898 690 2004 729 non

450 767 649 822 revelat
693 780 789 833 per
817 766 940 830 hoc,
989 766 1112 834 quia
1148 767 1303 820 Pater
1340 775 1422 819 est
1452 765 1574 830 ‘7“;
1620 765 1714 820 sed
1752 779 1846 833 per
1882 765 2003 828 hoc,

448 856 588 924 quod
619 855 756 907 Deus
781 861 882 920 εει,
907 863 958 908 ει
982 854 1117 908 idem
1153 854 1293 908 Deus
1326 865 1407 907 est
1435 853 1600 908 Filius
1623 851 1712 886 "°"
1748 861 1803 906 et
1840 852 2006 921 Spiri-

453 952 534 994 tus
564 949 812 1006 sanctus;
844 943 1084 1010 sequitur
1108 951 1185 1007 ut,
1213 941 1354 1009 quod
1386 940 1585 996 revelat
1608 940 1784 1007 Pater,
1805 941 2006 996 revelet

449 1031 631 1096 Filius,
664 1042 716 1086 et
759 1032 988 1100 Spiritus
1018 1039 1256 1084 sanctus.
1294 1029 1423 1085 Item
1458 1047 1578 1085 cum
1627 1031 1795 1086 dicit:
1837 1030 2004 1085 Nemo

449 1125 583 1177 novit
617 1121 833 1186 Filium,
870 1123 967 1176 nisi
1019 1122 1210 1186 Pater;
1247 1139 1407 1193 neque
1441 1122 1650 1178 Patrem
1691 1126 1807 1195 quis
1847 1125 2002 1188 novit,

448 1211 547 1263 nisi
588 1207 777 1274 Filius,
821 1218 868 1262 et
913 1210 995 1263 cui
1051 1210 1264 1264 voluerit
1306 1208 1477 1264 Filius
1527 1211 1751 1267 revelare
1791 1212 2000 1280 (Matth.

447 1313 518 1364 ιι,
559 1296 670 1366 27),
701 1297 852 1367 quasi
901 1297 1045 1353 solus
1091 1299 1258 1355 Filius
1288 1311 1573 1370 cognoscat
1591 1301 1683 1337 ιὀί
1723 1310 1780 1356 ει
1809 1302 2008 1357 revelet

444 1382 680 1453 Patrem;
712 1396 762 1443 et
790 1401 876 1453 se;
909 1398 963 1442 et
988 1389 1133 1444 solus
1155 1388 1318 1445 Pater
1350 1389 1440 1424 ‘7”
1467 1400 1755 1459 cognoscat
1778 1391 2002 1445 Filium:

445 1477 844 1549 intelligendum
867 1487 947 1533 est
973 1479 1042 1532 ibi
1074 1478 1312 1534 revelare
1341 1491 1392 1535 et
1418 1494 1596 1547 nosse,
1627 1481 1796 1536 tribus
1822 1495 2008 1551 perso-

443 1568 532 1620 nis
565 1580 684 1620 esse
708 1580 1021 1633 commune;
1051 1568 1304 1636 quoniam
1335 1583 1441 1625 non
1468 1583 1564 1637 per
1592 1570 1712 1636 hoc,
1743 1569 1884 1638 quod
1917 1569 2005 1623 alii

445 1661 568 1707 aunt
598 1653 666 1705 ait
688 1652 942 1718 invicem;
979 1662 1067 1709 sed
1101 1668 1194 1723 per
1229 1656 1356 1722 hoc,
1385 1656 1525 1726 quod
1565 1673 1728 1712 unum
1754 1667 1878 1712 sunt
1905 1658 2008 1711 Pa-

2106 493 2246 564 quod
2269 502 2351 548 est
2372 492 2531 545 Pater

2475 580 2701 636 CAPUT
2742 582 2836 636 xx
2880 582 2974 653 [αι.
3005 580 3145 653 xnt]
3173 582 3282 633 ιτη.

2273 669 2525 740 Ejusdem
2555 670 2846 738 argumenti
2874 671 3198 738 conﬁrmatio
3232 670 3508 738 refutatur.

2175 761 2280 816 Sed
2303 762 2442 816 dicet
2467 762 2662 831 aliquis
2694 779 2706 814 :
2752 760 2874 814 Ideo
2904 760 3246 829 intelligimus
3273 759 3468 813 Filium
3492 768 3545 813 et
3560 757 3674 826 Spi-

2105 852 2264 905 ritum
2310 862 2550 906 sanctum
2579 851 2836 918 revelare,
2873 851 3014 921 quod
3052 851 3197 903 solus
3234 851 3395 905 Pater
3433 851 3674 904 revelare

2107 943 2329 1010 dicitur;
2364 952 2419 998 et
2463 943 2672 996 Patrem
2703 952 2756 996 et
2790 942 3048 1012 Spiritum
3077 949 3318 1006 sanctum
3348 940 3589 996 revelare
3617 948 3676 993 et

2105 1049 2285 1100 nosse,
2325 1034 2464 1103 quod
2507 1032 2654 1088 solus
2683 1033 2850 1088 Filius
2890 1031 3068 1087 facere
3099 1031 3324 1097 dicitur;
3363 1041 3414 1087 et
3456 1029 3677 1084 Patrem

2105 1133 2158 1178 et
2179 1124 2369 1177 Filium
2397 1125 2609 1188 docere,
2634 1123 2773 1191 quod
2807 1123 2950 1176 solus
2977 1120 3196 1190 spiritus
3221 1128 3441 1174 sanctus
3461 1119 3681 1173 doctum

2106 1215 2185 1268 ire
2221 1215 2569 1284 promittitur,
2607 1213 2729 1282 quia
2779 1212 2922 1281 quod
2967 1213 3030 1264 de
3069 1226 3173 1263 uno
3201 1209 3314 1264 solo
3347 1209 3398 1262 in
3428 1223 3534 1262 uno
3563 1206 3677 1262 loco

2110 1303 2324 1375 legitur,
2369 1304 2433 1358 de
2465 1303 2583 1372 aliis
2618 1301 2742 1356 alibi
2784 1311 2971 1371 aperte
3020 1299 3354 1366 signiﬁcatur
3380 1297 3506 1350 ""'°.
3541 1295 3681 1350 Cum:

2105 1407 2234 1446 vero
2284 1392 2411 1445 dicit
2446 1391 2703 1460 Spiritum
2745 1400 2988 1444 sanctum
3043 1388 3109 1442 de
3151 1387 3309 1440 Patre
3362 1386 3676 1455 procedere,

2109 1496 2211 1536 non
2245 1481 2469 1554 legimus
2517 1481 2708 1536 alicubi
2751 1494 2872 1533 eum
2925 1479 2992 1532 de
3039 1477 3173 1531 Filio
3211 1477 3521 1546 procedere.
3577 1474 3687 1530 Per

2107 1573 2248 1642 quod
2272 1587 2549 1626 monemur
2571 1571 2659 1602 ¹⁷²¹
2693 1585 2796 1624 non
2824 1577 3008 1624 nostro
3033 1582 3215 1629 sensu,
3239 1567 3379 1634 quod
3411 1579 3683 1634 nusquanr

2109 1663 2308 1716 dictum
2347 1671 2446 1724 est,
2504 1676 2767 1717 asserere.
2820 1660 2898 1716 Ad
2935 1658 3077 1725 quod
3123 1657 3520 1727 respondemus-
3549 1655 3675 1725 quia

447 1747 531 1799 ια’
558 1753 614 1800 ει
639 1745 807 1799 Ῡί¹ί¹¹³
855 1754 908 1799 ει
946 1745 1181 1814 simul“
1221 1755 1437 1800 Sam-“"3
1460 1741 1576 1812 ""o
1603 1755 2012 1818 οοιιηοεθιιιιιιοι
2042 1757 2083 1811 Β
2111 1754 2286 1821 potius
2311 1753 2565 1806 docemur
2589 1767 2683 1821 per
2704 1751 2818 1806 haec
2843 1763 2962 1820 quae
2997 1749 3076 1802 sic
3103 1748 3244 1800 dicta
3275 1757 3420 1808 sunt,
3450 1761 3533 1811 ea,
3561 1760 3682 1814 qu:-

447 1833 706 1888 revelant.
736 1833 867 1888 Cum
896 1832 1058 1888 etiam
1089 1833 1218 1888 dicit
1241 1833 1328 1866 "“
1360 1833 1572 1890 Patrem
1600 1849 1758 1890 nosse
1791 1833 2005 1900 Filium,

442 1935 499 1980 et
515 1921 708 1978 Filium
751 1938 908 1979 nosse
937 1922 1172 1989 Patrem,
1214 1933 1268 1979 et
1313 1923 1555 1980 revelare
1591 1939 1649 1981 se
1689 1933 1743 1980 et
1770 1924 2005 1989 Patrem,

443 2026 626 2086 aperte
660 2016 770 2071 vult
817 2016 1037 2085 intelligi
1078 2017 1202 2085 quia
1249 2015 1408 2070 Pater
1438 2017 1712 2088 cognoscit
1746 2016 2006 2085 Spiritum

444 2114 709 2171 sanctum,
742 2114 795 2160 et
824 2103 989 2160 Filius
1037 2105 1210 2160 noscit
1242 2114 1294 2160 et
1341 2106 1543 2161 revelat
1588 2105 1844 2176 Spiritum
1888 2120 2010 2160 sart-

444 2210 475 2249 c
500 2211 617 2260 unt;
652 2198 901 2266 quoniam
943 2195 1173 2264 idipsum
1209 2195 1350 2265 quod
1399 2206 1483 2251 est
1521 2194 1681 2251 Pater
1716 2203 1771 2252 et
1818 2195 2006 2261 Filius,

443 2300 474 2336 σε
513 2298 530 2338 ι
556 2287 718 2339 etiam
757 2286 988 2354 Spiritus
1016 2285 1106 2316 ‘7"
1142 2297 1381 2341 sanctus.
1410 2286 1671 2341 Similiter
1698 2301 1820 2341 cum
1847 2285 2005 2340 dicit:

449 2375 551 2441 Qui
577 2391 656 2430 me
679 2376 832 2440 videt,
863 2376 993 2429 uidet
1032 2385 1079 2429 et
1113 2375 1323 2430 Patrem
1347 2375 1529 2448 (loan.
1557 2392 1666 2441 xw,
1693 2376 1725 2430 9
1730 2393 1770 2447 ),
1796 2391 1900 2430 non
1926 2383 2009 2430 est

445 2467 773 2536 separandus
799 2465 1031 2536 Spiritus
1063 2475 1309 2532 sanctus;
1338 2467 1592 2537 quoniam
1620 2466 1708 2536 qui
1743 2467 1888 2520 videt
1911 2467 2010 2522 hoc

444 2542 499 2609 ι..
529 2569 634 2625 quo
670 2569 836 2610 unum
877 2555 1118 2610 sunt'm
1167 2553 1326 2609 Pater
1371 2563 1422 2610 et
1469 2553 1639 2628 filius
1676 2561 1730 2608 et
1779 2553 2011 2622 Spiritus

446 2654 682 2711 sanctus,
711 2660 813 2700 non
846 2654 1020 2715 potest
1061 2645 1243 2708 videre
1282 2649 1449 2697 unum
1477 2643 1542 2698 de
1575 2643 1658 2698 his
1692 2639 1863 2698 tribus
1894 2643 2010 2698 sine

447 2738 564 2788 aliis
591 2735 813 2790 duobus.
849 2737 921 2791 De
951 2735 1152 2805 Spiritu
1180 2746 1367 2791 sancto
1396 2748 1610 2804 quoque
1637 2733 1768 2788 dicit
1791 2733 1856 2787 ad
1885 2748 2009 2803 apo-

444 2826 611 2882 statos
638 2842 654 2878 °.
681 2822 812 2879 Cum
849 2835 1020 2879 autem
1046 2829 1234 2880 venerit
1265 2823 1350 2877 ille
1374 2823 1600 2891 Spiritus
1624 2824 1879 2888 veritatis,
1907 2823 2010 2876 do-

446 2916 689 2970 cebitrat
716 2930 914 2968 omnem
949 2916 1209 2969 raritatem
1236 2912 1415 2984 (Joan.
1447 2929 1556 2978 xvt,
1588 2914 1699 2981 lli),
1739 2917 1891 2982 quasi
1925 2927 2012 2969 so-

446 3007 531 3061 las
556 3005 790 3077 Spiritus
823 3001 1039 3060 sanctus
1078 3005 1266 3058 doceat
1295 2994 1508 3057 omnem
1537 3003 1819 3059 veritatem
1843 3020 1857 3068 ;
1887 3019 2007 3058 cum

2106 1844 2166 1899 in
2192 1845 2457 1902 similibus
2507 1845 2663 1898 dictis
2714 1849 2996 1907 tacentur,
3047 1840 3297 1893 similiter
3343 1836 3687 1908 intelligere;

2109 1924 2406 2009 praesertim
2439 1949 2561 1990 cum
2608 1949 2672 1989 ex
2704 1932 2790 1988 his
2819 1946 2937 2004 qum
2962 1930 3236 1996 dicuntur,
3286 1926 3427 1982 nulla
3474 1927 3692 1981 ratione

2109 2027 2530 2091 contradicente,
2556 2040 2641 2087 ea,
2667 2039 2785 2094 qua:
2805 2037 2910 2077 non
2941 2021 3216 2082 dicuntur,
3250 2015 3557 2072 rationabili
3586 2031 3687 2070 na»

2112 2126 2361 2174 cessitate
2401 2130 2653 2183 consequi
2692 2112 3031 2183 apertissimo
3071 2110 3364 2165 viderimus
3389 2108 3500 2160 "".
3545 2105 3689 2162 Giint-

2110 2207 2254 2263 cni-u
2281 2205 2408 2260 dicit
2430 2205 2688 2259 Dominus
2720 2203 2785 2256 ad
2808 2202 3022 2257 Patrem
3049 2218 3062 2253 :
3107 2199 3236 2255 Hac
3272 2209 3345 2254 est
3375 2207 3548 2251 autent
3573 2196 3686 2249 vita

2110 2305 2324 2356 a'terna,
2355 2302 2410 2345 ut
2445 2301 2750 2360 cognoscant
2781 2301 2828 2343 te
2855 2288 3025 2342 solum
3055 2285 3430 2349 verumDeum,
3460 2294 3508 2338 et
3528 2298 3685 2354 quem

2112 2370 2489 2454 ntisiatilesuni
2521 2379 2780 2432 Christum
2799 2378 2982 2448 (Joan.
3011 2391 3143 2440 avri,
3173 2374 3250 2443 '5);
3304 2390 3371 2428 an
3429 2373 3546 2427 ideo
3576 2371 3681 2425 de-

2113 2473 2299 2527 bemus
2333 2486 2584 2540 separare
2634 2468 2699 2522 ab
2747 2469 2844 2522 hac
2873 2465 3072 2521 salubri
3105 2475 3156 2518 et
3186 2462 3332 2517 vitali
3374 2461 3686 2529 cognitione

2114 2564 2370 2632 Spiritum
2416 2570 2685 2624 sanctum,
2716 2559 2838 2628 quia
2883 2571 3142 2626 nusquam
3183 2554 3420 2624 legitur:
3456 2550 3582 2606 Hec
3607 2557 3684 2604 est
3737 2594 3740 2598 .

2111 2663 2281 2706 autem
2311 2653 2416 2705 vita
2436 2661 2649 2712 a'terna,
2666 2659 2720 2701 ut
2744 2656 3052 2717 cognoscant
3078 2643 3293 2698 Patrem
3317 2641 3485 2696 solum
3508 2655 3684 2695 rerum

2113 2742 2299 2804 Deum,
2332 2749 2377 2794 et
2404 2738 2653 2806 Spiritum
2670 2748 2925 2791 sanctum.
2961 2737 3107 2790 Aut:
3146 2732 3273 2787 Hart:
3303 2727 3377 2786 est
3406 2733 3507 2786 vita
3532 2743 3685 2786 teter-

2113 2849 2203 2898 na,
2230 2841 2285 2884 ut
2306 2838 2615 2900 cognoscant
2661 2827 2855 2879 Filium
2887 2825 3053 2879 solum
3079 2839 3250 2878 rerum
3289 2821 3452 2874 Deum
3483 2830 3530 2873 et
3561 2816 3688 2888 Spi-

2114 2925 2268 2975 ritum
2293 2929 2528 2973 aanctum
2559 2919 2582 2971 ἲ
2609 2917 2714 2971 Aut
2737 2931 2857 2970 cum
2888 2915 3112 2984 legimus
3153 2927 3167 2964 :
3194 2912 3328 2978 Quia
3354 2911 3490 2964 sicut
3525 2907 3683 2961 Pater

2114 3011 2261 3064 liabet
2303 3009 2457 3062 vitam
2493 3009 2546 3061 in
2583 3007 2890 3073 semetipso;
2940 3005 3014 3057 sic
3061 3002 3201 3056 dedit
3247 3009 3296 3053 et
3343 2997 3482 3052 Filio
3525 2999 3688 3051 vitam

447 3111 547 3152 nec
575 3076 690 3152 sine
711 3095 888 3159 Patre,
917 3109 1015 3149 nec
1046 3096 1161 3148 sine
1193 3092 1328 3147 Filio
1355 3092 1546 3147 doceat
1574 3107 1784 3147 omnem
1818 3093 2010 3146 vorita-
2039 3076 2082 3136 C
2115 3093 2300 3151 habere
2321 3099 2373 3150 in
2403 3096 2671 3162 seniettpao
2695 3095 2871 3165 (Joan.
2911 3090 3105 3162 v,‘26),
3141 3091 3379 3144 dicemus
3420 3087 3681 3156 Spiritum

448 3195 576 3240 tem.
609 3183 725 3238 Non
757 3183 900 3238 enim
947 3197 1040 3252 per
1067 3183 1188 3247 hoc,
1230 3180 1354 3249 quia
1385 3190 1467 3234 est
1498 3178 1729 3249 Spiritus
1761 3178 2006 3249 alicujus,

449 3277 649 3332 scilicet
666 3264 841 3330 Patris
871 3285 923 3328 et
948 3272 1065 3327 Filii
1091 3282 1144 3326 et
1171 3271 1445 3342 Spiritus;
1476 3271 1566 3324 sed
1599 3284 1693 3339 per
1724 3269 1843 3334 hoc,
1871 3270 2010 3339 quod

449 3382 612 3420 unum
656 3373 737 3419 est
779 3375 899 3419 cum
931 3362 1090 3416 Patre
1121 3370 1173 3415 et
1215 3361 1370 3423 Filio,
1407 3361 1457 3416 id
1483 3369 1564 3416 est
1602 3373 1696 3429 per
1728 3359 1829 3412 hoc
1868 3358 2011 3428 quod

448 3457 589 3512 Deus
613 3465 715 3519 est,
739 3453 894 3508 docet
919 3443 1130 3507 οιιιιιειιι
1155 3453 1452 3506 veritatem.
1481 3449 1858 3520 Videtisigitur
1881 3465 2012 3519 quo-

450 3548 606 3602 modo
645 3547 695 3599 in
726 3546 808 3600 his
846 3559 962 3612 qure
1012 3544 1260 3613 proposui
1291 3544 1404 3609 im,
1434 3540 1574 3611 quod
1607 3541 1695 3596 uni
1724 3542 1875 3611 quasi
1913 3540 2010 3594 soli

453 3633 691 3688 attribuit
720 3635 832 3693 ‘7".
889 3633 955 3687 ab
999 3632 1117 3686 aliis
1162 3633 1371 3686 duabus
1425 3628 1670 3700 personis
1732 3643 1840 3684 non
1883 3641 2008 3697 pos-

450 3729 520 3780 s't
549 3722 638 3755 "“
665 3723 920 3792 separari.
952 3722 1111 3775 Multa
1151 3719 1450 3787 lmjusmodi
1479 3719 1530 3773 in
1553 3731 1705 3774 sacra
1731 3715 2008 3790 Scriptura

455 3812 717 3882 legimus:
753 3821 810 3864 ut
851 3813 991 3880 qqu
1021 3813 1086 3864 de
1131 3825 1230 3864 una
1258 3823 1483 3878 persona
1515 3807 1861 3877 singulariter
1885 3806 2012 3862 dici-

455 3909 562 3964 tur,
600 3898 967 3953 indill'erenter
1012 3898 1077 3952 de
1134 3897 1302 3951 tribus
1352 3894 1691 3966 intelligatur.
1742 3891 2010 3962 Quidquid

453 3991 592 4046 enim
617 3991 682 4046 de
719 4006 820 4044 una
867 4005 1090 4062 persona
1137 3987 1538 4057 pronuntiatur,
1571 3986 1635 4041 de
1669 3985 1788 4040 aliis
1813 3985 2013 4054 pariter

454 4089 658 4149 oportet
692 4079 940 4148 intelligi;
999 4078 1098 4131 nisi
1129 4092 1248 4131 cum
1286 4078 1384 4132 hoc
1403 4075 1516 4139 "",
1554 4074 1694 4128 unde
1720 4073 1837 4128 alite
1864 4082 2010 4137 sunt,

455 4185 508 4224 ut
537 4169 667 4234 dixi,
694 4169 760 4222 ab
782 4170 1006 4223 invicem
1032 4170 1249 4223 obviare
1279 4167 1636 4238 cognoscitur.
1673 4166 2012 4237 Quapropter

455 4275 573 4316 cum
625 4261 892 4315 credimus
924 4260 1177 4328 Spiritum
1233 4268 1475 4313 sanctum
1514 4261 1578 4314 de
1625 4258 2011 4328 Palre,procc-

455 4354 606 4416 dere;
635 4351 884 4421 quoniam
917 4350 1054 4403 lleus
1084 4351 1148 4402 dc
1181 4349 1307 4412 Deo,
1333 4349 1384 4403 id
1412 4359 1489 4403 est
1521 4349 1751 4403 essentia
1782 4348 2011 4417 Spiritus

2115 3195 2356 3241 sanctum
2388 3200 2492 3238 non
2535 3184 2732 3238 habere
2763 3199 2791 3235 a
2835 3181 3016 3243 Patre,
3048 3196 3074 3232 a
3118 3194 3225 3250 quo
3260 3186 3366 3238 est,
3399 3185 3456 3229 ut
3492 3175 3687 3229 habeat

2114 3275 2168 3331 in
2198 3275 2481 3343 semetipso
2503 3273 2688 3335 vitam,
2716 3270 2853 3325 sicut
2877 3270 3036 3324 habet
3062 3269 3219 3322 Pater
3243 3277 3294 3322 et
3319 3265 3517 3329 Filius;
3545 3274 3686 3332 quo-

2114 3363 2258 3418 niam
2295 3364 2396 3417 ltoc
2450 3376 2708 3430 nusquam
2745 3359 2873 3414 dicit
2907 3357 3071 3411 Filius
3108 3355 3172 3410 de
3221 3354 3422 3424 Spiritu
3465 3359 3678 3413 sancto.

2112 3451 2337 3507 sicut'de
2361 3451 2558 3519 seipso.
2588 3449 2716 3502 Item
2761 3464 2880 3502 cum
2923 3446 3052 3500 dicit
3085 3463 3099 3499 :
3133 3444 3290 3497 Pater
3312 3444 3365 3494 in
3407 3458 3485 3495 ine
3505 3449 3600 3503 est,
3637 3446 3686 3492 et

2111 3560 2203 3612 ego
2249 3544 2306 3596 in
2350 3539 2522 3595 Patre.
2561 3540 2624 3596 Et
2678 3557 2691 3593 :
2738 3537 2839 3604 Qui
2875 3539 3006 3592 videt
3057 3553 3158 3600 me,
3199 3536 3334 3589 uidet
3381 3543 3428 3587 et
3469 3533 3686 3586 Patrem

2114 3633 2294 3704 (Joan.
2346 3647 2454 3695 xw,
2505 3631 2615 3700 10),
2660 3645 2725 3684 an
2777 3629 3087 3699 ncgabimus
3127 3626 3384 3696 Spiritum
3436 3633 3682 3686 sanctum

2112 3738 2232 3778 esse
2279 3723 2329 3776 in
2372 3721 2528 3776 Patro
2578 3731 2629 3777 et
2655 3717 2824 3783 Filio,
2853 3728 2906 3774 et
2930 3717 3141 3772 Patrem
3165 3726 3217 3770 et
3242 3715 3436 3770 Filium
3480 3727 3597 3769 esse
3626 3709 3680 3766 ln

2116 3813 2316 3882 Spiritu
2357 3821 2575 3876 sancto;
2623 3819 2714 3863 aut
2745 3824 2886 3872 eum,
2927 3807 3022 3877 qui
3067 3807 3211 3860 videt
3239 3805 3455 3868 Filium,
3492 3801 3679 3857 videro

2116 3903 2368 3971 Spiritum
2397 3911 2660 3963 sanctum,
2693 3898 2832 3953 sicut
2863 3897 3005 3950 videt
3042 3894 3293 3957 Patrem;
3333 3893 3376 3946 si
3425 3893 3540 3946 haec
3567 3897 3686 3948 nm

2113 3993 2298 4047 eadem
2326 3990 2754 4061 pronuntiatione
2794 3987 3060 4058 leguntur,
3105 4000 3208 4054 qua
3231 3983 3324 4015 ¹⁷¹³
3353 3983 3417 4036 de
3442 3981 3598 4036 Patre
3622 3988 3676 4034 et

2114 4084 2248 4156 Filio
2279 4080 2660 4153 proferuntur?
2686 4081 2794 4132 lmo
2817 4077 3066 4151 quoniam
3101 4091 3235 4129 unus
3261 4075 3510 4141 idemque
3542 4071 3681 4125 Deus

2113 4184 2214 4238 est,
2245 4173 2426 4236 Pater,
2457 4182 2511 4224 et
2537 4171 2722 4231 Filius,
2754 4179 2808 4224 et
2839 4167 3069 4237 Spiritus
3099 4175 3320 4220 sanctus
3347 4183 3359 4217 :
3391 4180 3511 4216 cum
3544 4161 3681 4215 dicio

2115 4273 2201 4316 tur
2237 4275 2560 4332 cognoscere
2596 4261 2764 4313 solum
2813 4273 2996 4312 verum
3050 4257 3213 4315 Deum
3254 4254 3466 4307 Patrem
3507 4261 3560 4306 et
3591 4251 3680 4305 Fi-

2115 4352 2241 4404 lium
2267 4365 2386 4404 esse
2411 4349 2573 4401 vitam
2604 4357 2881 4411 ceternam,
2908 4343 3334 4413 inseparabiliter
3367 4341 3679 4410 intelligen-

455 4438 622 4493 smcti
649 4439 713 4492 de
735 4439 966 4492 essentia
1004 4437 1195 4502 Patris.
1229 4453 1346 4506 qua:
1376 4453 1476 4490 una
1509 4447 1590 4491 cst
1614 4436 1664 4490 in
1696 4438 1867 4491 tribus
1890 4437 2004 4502 ¹”³,
2042 4411 2088 4469 θ
2114 4444 2210 4497 dus
2249 4451 2335 4496 est
2382 4441 2433 4494 in
2481 4440 2566 4494 illa
2608 4441 2908 4509 cognitione
2939 4437 3170 4507 spiritus
3198 4449 3430 4490 sanctus.
3465 4435 3528 4488 Et
3554 4449 3677 4488 cum

453 4545 570 4586 ε-εε
592 4531 940 4600 intelligitur:
975 4545 1190 4586 necesse
1229 4543 1309 4584 est
1355 4541 1412 4584 ut
1443 4532 1506 4584 de
1537 4531 1671 4585 Filio
1700 4547 1822 4585 eum
1851 4533 2003 4586 sinti-

2113 4531 2374 4600 legimus:
2407 4531 2541 4598 Quia
2564 4533 2694 4585 sicut
2728 4528 2884 4582 Pater
2909 4530 3058 4582 habet
3091 4529 3243 4580 vitam
3281 4528 3334 4580 in
3369 4526 3678 4590 semetipso;

454 4621 575 4677 liter
604 4637 724 4677 esse
751 4622 1120 4687 conﬁteantur,
1157 4622 1200 4676 si
1243 4621 1411 4676 Filius
1447 4631 1662 4675 nonest
1691 4621 1755 4676 de
1783 4622 1903 4687 illo;
1939 4623 2005 4676 de
2065 4645 2086 4678 ι
2110 4625 2184 4676 sic
2203 4623 2341 4676 dedit
2369 4619 2510 4675 Filio
2552 4621 2736 4675 habere
2774 4621 2930 4674 vitam
2971 4620 3025 4672 in
3061 4617 3353 4686 semetipso,
3382 4632 3486 4670 non
3517 4614 3684 4670 ιιυιω.

1749 4731 1978 4786 νΑιιιίΕ
2020 4732 2417 4789 LECTIONES.

525 4845 617 4879 "”
645 4844 718 4898 Ab
749 4845 826 4914 Itia
844 4846 1031 4914 verbis,
1071 4859 1180 4898 bon
1206 4851 1404 4898 reve.at
1433 4859 1528 4913 per
1551 4843 1652 4897 hoc
1679 4844 1800 4910 quia
1819 4844 1979 4899 Pater
2000 4855 2279 4914 cauasque
2304 4845 2372 4898 ad
2395 4846 2513 4908 ista,
2531 4845 2787 4912 Quamvis
2816 4857 2936 4914 qua;
2953 4856 3110 4914 supra
3130 4840 3239 4914 j_am
3258 4849 3353 4892 etc.
3373 4855 3468 4891 ma.
3513 4837 3675 4914 egra.

454 4914 638 4969 emittit
701 4913 803 4984 :"f'
839 4913 937 4966 Per
990 4915 1087 4966 hoc
1122 4915 1244 4984 quia
1275 4907 1546 4984 Deus-est,
1582 4924 1635 4966 et
1665 4907 1798 4966 idem
1835 4916 1970 4968 Dens
1999 4907 2286 4973 est'Pat'cr.
2310 4925 2363 4968 et
2392 4907 2699 4968 Filins'mu.
2722 4930 2818 4984 per
2836 4907 3106 4984 hoeqtigd
3139 4910 3278 4963 Deus
3313 4907 3682 4984 cst,_otident

458 4985 592 5037 Deus
606 4981 865 5036 estFilius
938 4984 1026 5013 ¹⁷⁰⁸
1041 4975 1196 5036 Solus
1212 4983 1374 5036 Filius
1398 4982 1560 5035 Filius
1579 4993 1859 5045 cognoscat
1889 5001 2012 5036 mas.
2044 4984 2171 5037 Vict.
2198 4984 2342 5036 solus
2369 4984 2530 5037 Filius
2555 4975 2843 5049 cognoscat
2916 4975 3007 5012 ¹⁷⁶⁹
3034 4980 3249 5033 Patrem
3281 4988 3334 5030 et
3355 4978 3498 5049 solus
3520 4975 3678 5049 Pater

456 5069 576 5105 mu.
597 5051 806 5104 Patrem
831 5063 883 5104 et
910 5068 984 5107 se.
1012 5063 1066 5104 ει
1099 5054 1241 5105 solus
1275 5053 1431 5105 Pater
1507 5052 1594 5082 ”‘°
1629 5044 1777 5117 Quod
1821 5069 1980 5105 unum
2009 5064 2130 5107 sunt
2159 5053 2316 5106 Pater
2337 5065 2389 5105 et
2422 5053 2585 5106 Filius
2607 5044 2659 5105 et
2689 5053 2920 5119 Spiritus
2950 5059 3168 5103 sanctus
3201 5064 3323 5119 nias.
3366 5044 3530 5119 Genu
3551 5045 3681 5119 Dec.

456 5121 593 5190 quod
623 5135 783 5190 ιιιιιιιιι
817 5133 938 5173 ειιιιι
966 5121 1120 5174 Pater
1157 5131 1210 5174 et
1243 5121 1474 5188 Spiritus
1501 5115 1719 5174 sanctus
1795 5122 1882 5152 ¹τ¹¹
1913 5123 2044 5175 Cum
2077 5124 2217 5177 enim
2251 5120 2378 5174 dicit
2407 5139 2529 5174 mu.
2557 5136 2677 5176 cum
2708 5115 2867 5173 etiam
2905 5121 3042 5190 dicit
3097 5120 3208 5190 _”"
3240 5117 3329 5170 Est
3358 5125 3409 5190 et
3443 5115 3680 5184 Spiritus

457 5188 576 5244 nisa.
626 5188 752 5241 Vict.
783 5189 965 5242 Ciater.
993 5191 1077 5244 Est
1110 5190 1267 5242 etiam
1295 5191 1521 5257 Spiritus
1589 5191 1678 5220 ¹⁷¹³
1713 5190 1858 5244 Unde
1889 5207 2048 5243 unum
2079 5201 2195 5245 sunt
2229 5207 2349 5242 mea.
2385 5193 2433 5244 in
2459 5207 2564 5258 quo
2589 5206 2750 5243 unum
2770 5195 2894 5242 sunt
2961 5188 3054 5220 "“

3084 5187 3210 5254 Qum
3234 5187 3384 5255 posui
3409 5202 3532 5237 nisi.
3558 5199 3678 5255 quae

459 5259 705 5329 proposui
733 5275 855 5329 mss.
891 5258 1019 5311 Vict.
1056 5261 1107 5313 9.
1136 5270 1182 5329 et
1217 5260 1299 5312 l5.
1335 5254 1451 5329 quae
1481 5263 1754 5327 proposuit
1828 5261 1916 5291 ¹⁷¹⁸
1953 5261 2049 5314 L‘ui
2075 5261 2225 5328 quasi
2262 5260 2357 5311 soli
2391 5254 2606 5314 attribui
2634 5275 2758 5312 mea.
2784 5270 2830 5311 et
2859 5257 3001 5310 Edit.
3040 5254 3369 5329 rCoth_.__t]upd
3411 5257 3497 5329 uni
3525 5254 3682 5329 quasi

458 5329 550 5381 soli
575 5327 817 5398 attribuit
894 5329 984 5358 ¹⁷¹⁸
1011 5332 1088 5380 Ah
1117 5328 1234 5380 aliis
1271 5327 1372 5380 non
1407 5331 1573 5396 possit
1601 5331 1842 5398 personis
1870 5347 1992 5382 nm.
2024 5327 2101 5382 ab,
2118 5330 2235 5381 aliis
2263 5331 2466 5383 duahus
2495 5330 2738 5398 personis
2771 5345 2872 5398 non

2909 5328 3078 5395 possit
3153 5325 3239 5356 ‘7"
3285 5325 3418 5395 Cum
3468 5325 3533 5376 de
3579 5325 3679 5377 hoc

461 5413 578 5449 mss.
612 5412 729 5448 cum
761 5397 857 5449 hoc
935 5399 1023 5430 ¹⁷⁶⁸
1055 5398 1163 5452 Una
1189 5408 1268 5450 est
1297 5394 1465 5449 tribus
1496 5394 1615 5450 mss.
1644 5414 1743 5449 una
1777 5413 1857 5452 est
1889 5401 1940 5450 in
1985 5401 2155 5452 tribus
2230 5397 2319 5427 ‘7"
2345 5398 2470 5450 Car.
2495 5394 2588 5452 '19.
2626 5397 2690 5449 In
2715 5415 2811 5450 ms.
2839 5394 2993 5448 (ἔστι).
3029 5395 3156 5463 Cap.
3185 5395 3275 5447 9.0.
3354 5394 3445 5423 ⁸⁷³⁸
3474 5395 3672 5463 Aperte

461 5464 786 5537 signiﬁcatur
814 5482 908 5516 ms.
939 5466 1083 5519 Gem:
1115 5476 1293 5532 aperte
1322 5468 1574 5535 ﬁguratur
1605 5485 1698 5518 ms.
1743 5469 1868 5518 l‘irt.
1909 5469 1990 5520 15.
2025 5477 2208 5537 aperte
2237 5478 2563 5535 monstratur
2611 5467 2725 5537 7’7"
2762 5467 2859 5520 Per
2891 5466 3032 5537 quod
3065 5460 3346 5518 monemur
3371 5479 3489 5513 nus.
3527 5460 3671 5537 Geni.

463 5548 555 5598 per
581 5535 718 5599 quod
771 5550 1045 5603 mouemus
1123 5537 1209 5566 ¹ῖ²²
1259 5532 1605 5604 Apertissiute
1649 5539 1884 5594 \idcmus
1917 5532 2423 5605 mssfapcrtissinte
2454 5536 2744 5592 Viderintus
2825 5537 2912 5565 ⁸⁷⁷³
2967 5536 3258 5604 Legutttur,
3299 5547 3416 5599 tunc
3445 5546 3564 5581 mss.
3603 5532 3678 5582 ter

463 5612 673 5670 gutttttr,
710 5617 812 5669 qua
