  <div class='ocr_page' id='page_1' title='image "/cluster/home/n/w/nwhite01/storage/ocr_20150623/158/uva.x000829800/162.png"; bbox 0 0 4226 6214; ppageno 0'>
   <div class='ocr_carea' id='block_1_1' title="bbox 357 321 535 376">
    <p class='ocr_par' dir='ltr' id='par_1_1' title="bbox 357 321 535 376">
     <span class='ocr_line' id='line_1_1' title="bbox 357 321 535 376; baseline -0.017 0"><span class='ocrx_word' id='word_1_1' title='bbox 357 321 456 376; x_wconf 68' lang='grc'><strong>517</strong></span> <span class='ocrx_word' id='word_1_2' title='bbox 506 346 535 359; x_wconf 40' lang='grc' dir='ltr'>ιθ</span> 
     </span>
    </p>
   </div>
   <div class='ocr_carea' id='block_1_2' title="bbox 1408 308 2469 371">
    <p class='ocr_par' dir='ltr' id='par_1_2' title="bbox 1408 308 2469 371">
     <span class='ocr_line' id='line_1_2' title="bbox 1408 308 2469 371; baseline -0.005 -2"><span class='ocrx_word' id='word_1_3' title='bbox 1408 316 1494 369; x_wconf 78' lang='grc' dir='ltr'><strong>ως</strong></span> <span class='ocrx_word' id='word_1_4' title='bbox 1534 309 2002 371; x_wconf 77' lang='lat' dir='ltr'><strong>PROCESSIONE</strong></span> <span class='ocrx_word' id='word_1_5' title='bbox 2039 308 2098 366; x_wconf 78' lang='lat' dir='ltr'><strong>S.</strong></span> <span class='ocrx_word' id='word_1_6' title='bbox 2135 309 2469 368; x_wconf 76' lang='lat' dir='ltr'><strong>SPlRlTUS.</strong></span> 
     </span>
    </p>
   </div>
   <div class='ocr_carea' id='block_1_3' title="bbox 3476 313 3583 373">
    <p class='ocr_par' dir='ltr' id='par_1_3' title="bbox 3476 313 3583 373">
     <span class='ocr_line' id='line_1_3' title="bbox 3476 313 3583 373; baseline 0.037 -5"><span class='ocrx_word' id='word_1_7' title='bbox 3476 313 3583 373; x_wconf 65' lang='grc' dir='ltr'><strong>διδ</strong></span> 
     </span>
    </p>
   </div>
   <div class='ocr_carea' id='block_1_4' title="bbox 360 424 3585 499">
    <p class='ocr_par' dir='ltr' id='par_1_4' title="bbox 360 424 3585 499">
     <span class='ocr_line' id='line_1_4' title="bbox 360 424 3585 499; baseline -0.001 -16"><span class='ocrx_word' id='word_1_8' title='bbox 360 426 1914 499; x_wconf 74' lang='lat' dir='ltr'><strong>assertione,credantpariternobiscumSpiritumsanctum</strong></span> <span class='ocrx_word' id='word_1_9' title='bbox 1943 430 1994 491; x_wconf 76' lang='grc' dir='ltr'>Α</span> <span class='ocrx_word' id='word_1_10' title='bbox 2024 440 2130 481; x_wconf 89' lang='lat' dir='ltr'><strong>non</strong></span> <span class='ocrx_word' id='word_1_11' title='bbox 2173 435 2276 481; x_wconf 92' lang='lat' dir='ltr'><strong>est.</strong></span> <span class='ocrx_word' id='word_1_12' title='bbox 2311 426 2714 495; x_wconf 79' lang='lat' dir='ltr'><strong>Respondemus</strong></span> <span class='ocrx_word' id='word_1_13' title='bbox 2746 425 2869 493; x_wconf 83' lang='lat' dir='ltr'><strong>quia</strong></span> <span class='ocrx_word' id='word_1_14' title='bbox 2912 434 2968 479; x_wconf 79' lang='lat' dir='ltr'><strong>et</strong></span> <span class='ocrx_word' id='word_1_15' title='bbox 3014 424 3175 479; x_wconf 88' lang='lat' dir='ltr'><strong>nimis</strong></span> <span class='ocrx_word' id='word_1_16' title='bbox 3215 435 3331 480; x_wconf 85' lang='lat' dir='ltr'><strong>erat</strong></span> <span class='ocrx_word' id='word_1_17' title='bbox 3374 425 3585 481; x_wconf 72' lang='lat' dir='ltr'><strong>diflieile</strong></span> 
     </span>
    </p>
   </div>
   <div class='ocr_carea' id='block_1_5' title="bbox 360 514 1921 585">
    <p class='ocr_par' dir='ltr' id='par_1_5' title="bbox 360 514 1921 585">
     <span class='ocr_line' id='line_1_5' title="bbox 360 514 1921 585; baseline -0.003 -11"><span class='ocrx_word' id='word_1_18' title='bbox 360 519 603 575; x_wconf 82' lang='lat' dir='ltr'><strong>similiter</strong></span> <span class='ocrx_word' id='word_1_19' title='bbox 644 533 764 574; x_wconf 87' lang='lat' dir='ltr'><strong>esse</strong></span> <span class='ocrx_word' id='word_1_20' title='bbox 792 516 967 572; x_wconf 86' lang='lat' dir='ltr'><strong>Patris</strong></span> <span class='ocrx_word' id='word_1_21' title='bbox 995 525 1049 571; x_wconf 91' lang='lat' dir='ltr'><strong>et</strong></span> <span class='ocrx_word' id='word_1_22' title='bbox 1094 514 1212 573; x_wconf 80' lang='lat' dir='ltr'><strong>Filii</strong></span> <span class='ocrx_word' id='word_1_23' title='bbox 1237 514 1482 584; x_wconf 92' lang='lat' dir='ltr'><strong>spiritum</strong></span> <span class='ocrx_word' id='word_1_24' title='bbox 1506 554 1521 578; x_wconf 87' lang='lat'><strong>,</strong></span> <span class='ocrx_word' id='word_1_25' title='bbox 1545 523 1606 569; x_wconf 92' lang='lat' dir='ltr'><strong>et.</strong></span> <span class='ocrx_word' id='word_1_26' title='bbox 1624 514 1921 585; x_wconf 80' lang='lat' dir='ltr'><strong>intelligant</strong></span> 
     </span>
    </p>
   </div>
   <div class='ocr_carea' id='block_1_6' title="bbox 360 605 1922 675">
    <p class='ocr_par' dir='ltr' id='par_1_6' title="bbox 360 605 1922 675">
     <span class='ocr_line' id='line_1_6' title="bbox 360 605 1922 675; baseline -0.004 -10"><span class='ocrx_word' id='word_1_27' title='bbox 360 609 587 665; x_wconf 69' lang='lat' dir='ltr'><strong>cumm&#39;</strong></span> <span class='ocrx_word' id='word_1_28' title='bbox 616 625 646 662; x_wconf 86' lang='lat' dir='ltr'><strong>a</strong></span> <span class='ocrx_word' id='word_1_29' title='bbox 672 608 855 672; x_wconf 62' lang='lat' dir='ltr'><strong>Filio,</strong></span> <span class='ocrx_word' id='word_1_30' title='bbox 884 606 1024 662; x_wconf 88' lang='lat' dir='ltr'><strong>sicut</strong></span> <span class='ocrx_word' id='word_1_31' title='bbox 1051 621 1080 660; x_wconf 91' lang='lat' dir='ltr'><strong>a</strong></span> <span class='ocrx_word' id='word_1_32' title='bbox 1112 605 1273 660; x_wconf 87' lang='lat' dir='ltr'><strong>Patre</strong></span> <span class='ocrx_word' id='word_1_33' title='bbox 1312 606 1619 675; x_wconf 81' lang='lat' dir='ltr'><strong>procedere.</strong></span> <span class='ocrx_word' id='word_1_34' title='bbox 1657 605 1723 661; x_wconf 88' lang='lat' dir='ltr'><strong>Et</strong></span> <span class='ocrx_word' id='word_1_35' title='bbox 1752 605 1795 660; x_wconf 92' lang='lat' dir='ltr'><strong>si</strong></span> <span class='ocrx_word' id='word_1_36' title='bbox 1828 618 1922 659; x_wconf 90' lang='lat' dir='ltr'><strong>nos</strong></span> 
     </span>
    </p>
   </div>
   <div class='ocr_carea' id='block_1_7' title="bbox 360 694 1920 770">
    <p class='ocr_par' dir='ltr' id='par_1_7' title="bbox 360 694 1920 770">
     <span class='ocr_line' id='line_1_7' title="bbox 360 694 1920 770; baseline -0.004 -17"><span class='ocrx_word' id='word_1_37' title='bbox 360 700 750 770; x_wconf 80' lang='lat' dir='ltr'><strong>reprehendere</strong></span> <span class='ocrx_word' id='word_1_38' title='bbox 796 695 1084 763; x_wconf 87' lang='lat' dir='ltr'><strong>desinunt,</strong></span> <span class='ocrx_word' id='word_1_39' title='bbox 1139 695 1411 753; x_wconf 82' lang='lat' dir='ltr'><strong>fateantur</strong></span> <span class='ocrx_word' id='word_1_40' title='bbox 1457 696 1735 751; x_wconf 74' lang='lat' dir='ltr'><strong>nobiscum</strong></span> <span class='ocrx_word' id='word_1_41' title='bbox 1783 694 1920 757; x_wconf 89' lang='lat' dir='ltr'><strong>hoc,</strong></span> 
     </span>
    </p>
   </div>
   <div class='ocr_carea' id='block_1_8' title="bbox 357 778 1771 860">
    <p class='ocr_par' dir='ltr' id='par_1_8' title="bbox 357 778 1771 860">
     <span class='ocr_line' id='line_1_8' title="bbox 357 778 1771 860; baseline -0.005 -17"><span class='ocrx_word' id='word_1_42' title='bbox 357 792 500 845; x_wconf 89' lang='lat' dir='ltr'><strong>unde</strong></span> <span class='ocrx_word' id='word_1_43' title='bbox 524 796 854 860; x_wconf 77' lang='lat' dir='ltr'><strong>cognoscunt</strong></span> <span class='ocrx_word' id='word_1_44' title='bbox 879 787 1321 857; x_wconf 87' lang='lat' dir='ltr'><strong>nosreprebendi</strong></span> <span class='ocrx_word' id='word_1_45' title='bbox 1357 802 1461 841; x_wconf 93' lang='lat' dir='ltr'><strong>non</strong></span> <span class='ocrx_word' id='word_1_46' title='bbox 1495 787 1709 840; x_wconf 85' lang='lat' dir='ltr'><strong>debere.</strong></span> <span class='ocrx_word' id='word_1_47' title='bbox 1770 778 1771 783; x_wconf 57' lang='grc'><em>“</em></span> 
     </span>
    </p>
   </div>
   <div class='ocr_carea' id='block_1_9' title="bbox 699 896 1552 987">
    <p class='ocr_par' dir='ltr' id='par_1_9' title="bbox 699 896 1552 987">
     <span class='ocr_line' id='line_1_9' title="bbox 699 896 1552 987; baseline -0.009 -30"><span class='ocrx_word' id='word_1_48' title='bbox 699 900 923 957; x_wconf 80' lang='lat' dir='ltr'><strong>CAPUT</strong></span> <span class='ocrx_word' id='word_1_49' title='bbox 962 898 1103 953; x_wconf 85' lang='lat' dir='ltr'><strong>xxu</strong></span> <span class='ocrx_word' id='word_1_50' title='bbox 1147 897 1243 970; x_wconf 80' lang='grc' dir='ltr'><strong>[αι.</strong></span> <span class='ocrx_word' id='word_1_51' title='bbox 1275 896 1417 987; x_wconf 73' lang='lat' dir='ltr'><strong>xxi]</strong></span> <span class='ocrx_word' id='word_1_52' title='bbox 1442 898 1552 949; x_wconf 68' lang='grc' dir='ltr'><strong>ιω.</strong></span> 
     </span>
    </p>
   </div>
   <div class='ocr_carea' id='block_1_10' title="bbox 356 1007 1921 1090">
    <p class='ocr_par' dir='ltr' id='par_1_10' title="bbox 356 1007 1921 1090">
     <span class='ocr_line' id='line_1_10' title="bbox 356 1007 1921 1090; baseline -0.004 -22"><span class='ocrx_word' id='word_1_53' title='bbox 356 1012 467 1068; x_wconf 82' lang='lat' dir='ltr'><strong>Cur</strong></span> <span class='ocrx_word' id='word_1_54' title='bbox 501 1016 556 1068; x_wconf 79' lang='lat' dir='ltr'><strong>in</strong></span> <span class='ocrx_word' id='word_1_55' title='bbox 583 1008 836 1090; x_wconf 79' lang='lat' dir='ltr'><strong>_Sym_b_o_l_o</strong></span> <span class='ocrx_word' id='word_1_56' title='bbox 878 1012 981 1064; x_wconf 83' lang='lat' dir='ltr'><strong>non</strong></span> <span class='ocrx_word' id='word_1_57' title='bbox 1017 1011 1084 1063; x_wconf 81' lang='lat' dir='ltr'><strong>sit</strong></span> <span class='ocrx_word' id='word_1_58' title='bbox 1122 1025 1361 1090; x_wconf 57' lang='lat' dir='ltr'><strong>expresse</strong></span> <span class='ocrx_word' id='word_1_59' title='bbox 1397 1009 1656 1090; x_wconf 63' lang='lat' dir='ltr'><strong>processio</strong></span> <span class='ocrx_word' id='word_1_60' title='bbox 1692 1007 1921 1090; x_wconf 69' lang='lat' dir='ltr'><strong>Spiritus</strong></span> 
     </span>
    </p>
   </div>
   <div class='ocr_carea' id='block_1_11' title="bbox 427 1077 1916 1147">
    <p class='ocr_par' dir='ltr' id='par_1_11' title="bbox 427 1077 1916 1147">
     <span class='ocr_line' id='line_1_11' title="bbox 427 1077 1916 1147; baseline -0.006 -10"><span class='ocrx_word' id='word_1_61' title='bbox 427 1085 596 1137; x_wconf 67' lang='lat' dir='ltr'><strong>sancti</strong></span> <span class='ocrx_word' id='word_1_62' title='bbox 631 1077 663 1135; x_wconf 76' lang='grc' dir='ltr'>ἷι</span> <span class='ocrx_word' id='word_1_63' title='bbox 709 1081 849 1133; x_wconf 70' lang='lat' dir='ltr'><strong>Filio</strong></span> <span class='ocrx_word' id='word_1_64' title='bbox 889 1094 909 1131; x_wconf 89' lang='lat'><strong><em>:</em></strong></span> <span class='ocrx_word' id='word_1_65' title='bbox 947 1090 993 1132; x_wconf 83' lang='lat' dir='ltr'><strong>et</strong></span> <span class='ocrx_word' id='word_1_66' title='bbox 1029 1096 1122 1133; x_wconf 86' lang='lat' dir='ltr'><strong>cur</strong></span> <span class='ocrx_word' id='word_1_67' title='bbox 1159 1077 1194 1134; x_wconf 70' lang='grc' dir='ltr'><strong>ιι</strong></span> <span class='ocrx_word' id='word_1_68' title='bbox 1233 1077 1435 1133; x_wconf 79' lang='lat' dir='ltr'><strong>Latinis</strong></span> <span class='ocrx_word' id='word_1_69' title='bbox 1486 1079 1641 1147; x_wconf 74' lang='lat' dir='ltr'><strong>fuerit</strong></span> <span class='ocrx_word' id='word_1_70' title='bbox 1680 1078 1916 1137; x_wconf 83' lang='lat' dir='ltr'><strong>adiecta.</strong></span> 
     </span>
    </p>
   </div>
   <div class='ocr_carea' id='block_1_12' title="bbox 434 1151 1874 1211">
    <p class='ocr_par' dir='ltr' id='par_1_12' title="bbox 434 1151 1874 1211">
     <span class='ocr_line' id='line_1_12' title="bbox 434 1151 1874 1211; baseline -0.004 -7"><span class='ocrx_word' id='word_1_71' title='bbox 434 1167 471 1211; x_wconf 55' lang='grc' dir='ltr'><strong>ει</strong></span> <span class='ocrx_word' id='word_1_72' title='bbox 485 1175 493 1193; x_wconf 80' lang='grc' dir='ltr'><strong>ι</strong></span> <span class='ocrx_word' id='word_1_73' title='bbox 506 1152 628 1204; x_wconf 72' lang='lat' dir='ltr'><strong>(rcis</strong></span> <span class='ocrx_word' id='word_1_74' title='bbox 663 1151 988 1203; x_wconf 73' lang='lat' dir='ltr'><strong>inconsultis.</strong></span> <span class='ocrx_word' id='word_1_75' title='bbox 1863 1152 1874 1193; x_wconf 85' lang='lat' dir='ltr'><strong>l</strong></span> 
     </span>
    </p>
   </div>
   <div class='ocr_carea' id='block_1_13' title="bbox 430 1237 1919 1310">
    <p class='ocr_par' dir='ltr' id='par_1_13' title="bbox 430 1237 1919 1310">
     <span class='ocr_line' id='line_1_13' title="bbox 430 1237 1919 1310; baseline -0.001 -17"><span class='ocrx_word' id='word_1_76' title='bbox 430 1244 509 1293; x_wconf 78' lang='lat' dir='ltr'><strong>Ad</strong></span> <span class='ocrx_word' id='word_1_77' title='bbox 540 1241 642 1294; x_wconf 81' lang='lat' dir='ltr'><strong>huc</strong></span> <span class='ocrx_word' id='word_1_78' title='bbox 668 1247 881 1303; x_wconf 86' lang='lat' dir='ltr'><strong>autem,</strong></span> <span class='ocrx_word' id='word_1_79' title='bbox 929 1240 1072 1310; x_wconf 88' lang='lat' dir='ltr'><strong>quod</strong></span> <span class='ocrx_word' id='word_1_80' title='bbox 1114 1254 1212 1294; x_wconf 91' lang='lat' dir='ltr'><strong>nos</strong></span> <span class='ocrx_word' id='word_1_81' title='bbox 1248 1239 1647 1309; x_wconf 87' lang='lat' dir='ltr'><strong>reprehendunt</strong></span> <span class='ocrx_word' id='word_1_82' title='bbox 1678 1239 1730 1292; x_wconf 93' lang='lat' dir='ltr'><strong>in</strong></span> <span class='ocrx_word' id='word_1_83' title='bbox 1759 1237 1919 1307; x_wconf 84' lang='lat' dir='ltr'><strong>Sym-</strong></span> 
     </span>
    </p>
   </div>
   <div class='ocr_carea' id='block_1_14' title="bbox 360 1324 1925 1399">
    <p class='ocr_par' dir='ltr' id='par_1_14' title="bbox 360 1324 1925 1399">
     <span class='ocr_line' id='line_1_14' title="bbox 360 1324 1925 1399; baseline -0.003 -13"><span class='ocrx_word' id='word_1_84' title='bbox 360 1331 481 1386; x_wconf 90' lang='lat' dir='ltr'><strong>bolo</strong></span> <span class='ocrx_word' id='word_1_85' title='bbox 515 1328 633 1393; x_wconf 87' lang='lat' dir='ltr'><strong>illo,</strong></span> <span class='ocrx_word' id='word_1_86' title='bbox 663 1330 803 1399; x_wconf 88' lang='lat' dir='ltr'><strong>quod</strong></span> <span class='ocrx_word' id='word_1_87' title='bbox 834 1331 1037 1399; x_wconf 85' lang='lat' dir='ltr'><strong>pariter</strong></span> <span class='ocrx_word' id='word_1_88' title='bbox 1062 1344 1163 1388; x_wconf 84' lang='lat' dir='ltr'><strong>nos</strong></span> <span class='ocrx_word' id='word_1_89' title='bbox 1187 1338 1242 1385; x_wconf 89' lang='lat' dir='ltr'><strong>et</strong></span> <span class='ocrx_word' id='word_1_90' title='bbox 1268 1329 1343 1383; x_wconf 85' lang='lat' dir='ltr'><strong>illi</strong></span> <span class='ocrx_word' id='word_1_91' title='bbox 1394 1324 1716 1399; x_wconf 68' lang='lat' dir='ltr'><strong>suscipimus</strong></span> <span class='ocrx_word' id='word_1_92' title='bbox 1749 1337 1802 1382; x_wconf 89' lang='lat' dir='ltr'><strong>et</strong></span> <span class='ocrx_word' id='word_1_93' title='bbox 1846 1339 1925 1381; x_wconf 87' lang='lat' dir='ltr'><strong>te-</strong></span> 
     </span>
    </p>
   </div>
   <div class='ocr_carea' id='block_1_15' title="bbox 360 1418 1924 1489">
    <p class='ocr_par' dir='ltr' id='par_1_15' title="bbox 360 1418 1924 1489">
     <span class='ocr_line' id='line_1_15' title="bbox 360 1418 1924 1489; baseline -0.004 -12"><span class='ocrx_word' id='word_1_94' title='bbox 360 1437 550 1477; x_wconf 81' lang='lat' dir='ltr'><strong>nemus</strong></span> <span class='ocrx_word' id='word_1_95' title='bbox 578 1421 848 1476; x_wconf 80' lang='lat' dir='ltr'><strong>addidisse</strong></span> <span class='ocrx_word' id='word_1_96' title='bbox 895 1418 1155 1489; x_wconf 88' lang='lat' dir='ltr'><strong>Spiritum</strong></span> <span class='ocrx_word' id='word_1_97' title='bbox 1201 1430 1447 1476; x_wconf 78' lang='lat' dir='ltr'><strong>sanctuzu</strong></span> <span class='ocrx_word' id='word_1_98' title='bbox 1491 1434 1520 1473; x_wconf 91' lang='lat' dir='ltr'><strong>a</strong></span> <span class='ocrx_word' id='word_1_99' title='bbox 1569 1418 1707 1474; x_wconf 85' lang='lat' dir='ltr'><strong>Filio</strong></span> <span class='ocrx_word' id='word_1_100' title='bbox 1735 1431 1924 1487; x_wconf 84' lang='lat' dir='ltr'><strong>proce-</strong></span> 
     </span>
    </p>
   </div>
   <div class='ocr_carea' id='block_1_16' title="bbox 360 1505 1925 1581">
    <p class='ocr_par' dir='ltr' id='par_1_16' title="bbox 360 1505 1925 1581">
     <span class='ocr_line' id='line_1_16' title="bbox 360 1505 1925 1581; baseline -0.003 -15"><span class='ocrx_word' id='word_1_101' title='bbox 360 1512 523 1577; x_wconf 85' lang='lat' dir='ltr'><strong>dere;</strong></span> <span class='ocrx_word' id='word_1_102' title='bbox 556 1520 613 1567; x_wconf 83' lang='lat' dir='ltr'><strong>et</strong></span> <span class='ocrx_word' id='word_1_103' title='bbox 641 1523 885 1581; x_wconf 69' lang='lat' dir='ltr'><strong>quaerunt</strong></span> <span class='ocrx_word' id='word_1_104' title='bbox 915 1526 1013 1567; x_wconf 86' lang='lat' dir='ltr'><strong>cur</strong></span> <span class='ocrx_word' id='word_1_105' title='bbox 1049 1511 1149 1566; x_wconf 91' lang='lat' dir='ltr'><strong>hoc</strong></span> <span class='ocrx_word' id='word_1_106' title='bbox 1193 1508 1391 1575; x_wconf 65' lang='lat' dir='ltr'><strong>factum</strong></span> <span class='ocrx_word' id='word_1_107' title='bbox 1419 1509 1521 1575; x_wconf 87' lang='lat' dir='ltr'><strong>sit,</strong></span> <span class='ocrx_word' id='word_1_108' title='bbox 1550 1517 1604 1562; x_wconf 90' lang='lat' dir='ltr'><strong>et</strong></span> <span class='ocrx_word' id='word_1_109' title='bbox 1629 1522 1795 1577; x_wconf 90' lang='lat' dir='ltr'><strong>quare</strong></span> <span class='ocrx_word' id='word_1_110' title='bbox 1821 1505 1925 1561; x_wconf 87' lang='lat' dir='ltr'><strong>hoc</strong></span> 
     </span>
    </p>
   </div>
   <div class='ocr_carea' id='block_1_17' title="bbox 359 1588 1926 1670">
    <p class='ocr_par' dir='ltr' id='par_1_17' title="bbox 359 1588 1926 1670">
     <span class='ocr_line' id='line_1_17' title="bbox 359 1588 1926 1670; baseline -0.005 -15"><span class='ocrx_word' id='word_1_111' title='bbox 359 1599 508 1670; x_wconf 80' lang='lat' dir='ltr'><strong>prius</strong></span> <span class='ocrx_word' id='word_1_112' title='bbox 533 1616 722 1656; x_wconf 90' lang='lat' dir='ltr'><strong>eorum</strong></span> <span class='ocrx_word' id='word_1_113' title='bbox 751 1588 1004 1656; x_wconf 72' lang='lat' dir='ltr'><strong>Ecclcsuc</strong></span> <span class='ocrx_word' id='word_1_114' title='bbox 1034 1597 1390 1654; x_wconf 81' lang='lat' dir='ltr'><strong>monstratum</strong></span> <span class='ocrx_word' id='word_1_115' title='bbox 1417 1612 1522 1651; x_wconf 90' lang='lat' dir='ltr'><strong>non</strong></span> <span class='ocrx_word' id='word_1_116' title='bbox 1548 1604 1657 1663; x_wconf 91' lang='lat' dir='ltr'><strong>est,</strong></span> <span class='ocrx_word' id='word_1_117' title='bbox 1690 1604 1749 1648; x_wconf 89' lang='lat' dir='ltr'><strong>ut</strong></span> <span class='ocrx_word' id='word_1_118' title='bbox 1776 1608 1926 1649; x_wconf 86' lang='lat' dir='ltr'><strong>com-</strong></span> 
     </span>
    </p>
   </div>
   <div class='ocr_carea' id='block_1_18' title="bbox 362 1684 1923 1756">
    <p class='ocr_par' dir='ltr' id='par_1_18' title="bbox 362 1684 1923 1756">
     <span class='ocr_line' id='line_1_18' title="bbox 362 1684 1923 1756; baseline -0.003 -12"><span class='ocrx_word' id='word_1_119' title='bbox 362 1690 598 1744; x_wconf 80' lang='lat' dir='ltr'><strong>munitet-</strong></span> <span class='ocrx_word' id='word_1_120' title='bbox 624 1689 1094 1756; x_wconf 86' lang='lat' dir='ltr'><strong>consideraretur,</strong></span> <span class='ocrx_word' id='word_1_121' title='bbox 1125 1696 1179 1743; x_wconf 89' lang='lat' dir='ltr'><strong>et</strong></span> <span class='ocrx_word' id='word_1_122' title='bbox 1219 1685 1491 1743; x_wconf 90' lang='lat' dir='ltr'><strong>communi</strong></span> <span class='ocrx_word' id='word_1_123' title='bbox 1524 1699 1790 1740; x_wconf 88' lang='lat' dir='ltr'><strong>consensu</strong></span> <span class='ocrx_word' id='word_1_124' title='bbox 1825 1684 1923 1739; x_wconf 89' lang='lat' dir='ltr'><strong>ad-</strong></span> 
     </span>
    </p>
   </div>
   <div class='ocr_carea' id='block_1_19' title="bbox 2024 512 3582 583">
    <p class='ocr_par' dir='ltr' id='par_1_19' title="bbox 2024 512 3582 583">
     <span class='ocr_line' id='line_1_19' title="bbox 2024 512 3582 583; baseline 0.001 -14"><span class='ocrx_word' id='word_1_125' title='bbox 2024 514 2263 580; x_wconf 83' lang='lat' dir='ltr'><strong>Latinis,</strong></span> <span class='ocrx_word' id='word_1_126' title='bbox 2292 528 2479 570; x_wconf 86' lang='lat' dir='ltr'><strong>eorum</strong></span> <span class='ocrx_word' id='word_1_127' title='bbox 2520 514 2805 583; x_wconf 82' lang='lat' dir='ltr'><strong>episcopos</strong></span> <span class='ocrx_word' id='word_1_128' title='bbox 2850 512 2915 566; x_wconf 87' lang='lat' dir='ltr'><strong>ad</strong></span> <span class='ocrx_word' id='word_1_129' title='bbox 2964 512 3350 568; x_wconf 86' lang='lat' dir='ltr'><strong>consulendum</strong></span> <span class='ocrx_word' id='word_1_130' title='bbox 3380 514 3446 568; x_wconf 86' lang='lat' dir='ltr'><strong>de</strong></span> <span class='ocrx_word' id='word_1_131' title='bbox 3480 515 3582 571; x_wconf 75' lang='lat' dir='ltr'><strong>bac</strong></span> 
     </span>
    </p>
   </div>
   <div class='ocr_carea' id='block_1_20' title="bbox 2024 604 3588 675">
    <p class='ocr_par' dir='ltr' id='par_1_20' title="bbox 2024 604 3588 675">
     <span class='ocr_line' id='line_1_20' title="bbox 2024 604 3588 675; baseline 0.001 -17"><span class='ocrx_word' id='word_1_132' title='bbox 2024 620 2084 660; x_wconf 90' lang='lat' dir='ltr'><strong>re</strong></span> <span class='ocrx_word' id='word_1_133' title='bbox 2107 604 2388 675; x_wconf 77' lang='lat' dir='ltr'><strong>colligere;</strong></span> <span class='ocrx_word' id='word_1_134' title='bbox 2420 618 2516 658; x_wconf 90' lang='lat' dir='ltr'><strong>nec</strong></span> <span class='ocrx_word' id='word_1_135' title='bbox 2541 615 2659 658; x_wconf 85' lang='lat' dir='ltr'><strong>erat</strong></span> <span class='ocrx_word' id='word_1_136' title='bbox 2683 618 2903 659; x_wconf 87' lang='lat' dir='ltr'><strong>necesse</strong></span> <span class='ocrx_word' id='word_1_137' title='bbox 2924 606 3061 658; x_wconf 90' lang='lat' dir='ltr'><strong>unde</strong></span> <span class='ocrx_word' id='word_1_138' title='bbox 3084 620 3190 659; x_wconf 87' lang='lat' dir='ltr'><strong>non</strong></span> <span class='ocrx_word' id='word_1_139' title='bbox 3213 605 3461 660; x_wconf 82' lang='lat' dir='ltr'><strong>dubitant</strong></span> <span class='ocrx_word' id='word_1_140' title='bbox 3484 604 3588 659; x_wconf 83' lang='lat' dir='ltr'><strong>hoc</strong></span> 
     </span>
    </p>
   </div>
   <div class='ocr_carea' id='block_1_21' title="bbox 2025 694 3588 767">
    <p class='ocr_par' dir='ltr' id='par_1_21' title="bbox 2025 694 3588 767">
     <span class='ocr_line' id='line_1_21' title="bbox 2025 694 3588 767; baseline 0.001 -17"><span class='ocrx_word' id='word_1_141' title='bbox 2025 696 2077 750; x_wconf 90' lang='lat' dir='ltr'><strong>in</strong></span> <span class='ocrx_word' id='word_1_142' title='bbox 2108 695 2572 767; x_wconf 41' lang='lat' dir='ltr'><strong>qumstionemim</strong></span> <span class='ocrx_word' id='word_1_143' title='bbox 2598 696 2886 748; x_wconf 85' lang='lat' dir='ltr'><strong>adducere.</strong></span> <span class='ocrx_word' id='word_1_144' title='bbox 2913 694 3039 760; x_wconf 58' lang='lat' dir='ltr'><strong>Quae</strong></span> <span class='ocrx_word' id='word_1_145' title='bbox 3062 705 3141 751; x_wconf 87' lang='lat' dir='ltr'><strong>est</strong></span> <span class='ocrx_word' id='word_1_146' title='bbox 3171 696 3315 751; x_wconf 84' lang='lat' dir='ltr'><strong>enim</strong></span> <span class='ocrx_word' id='word_1_147' title='bbox 3348 695 3588 751; x_wconf 84' lang='lat' dir='ltr'><strong>Ecclesia</strong></span> 
     </span>
    </p>
   </div>
   <div class='ocr_carea' id='block_1_22' title="bbox 2026 782 3587 858">
    <p class='ocr_par' dir='ltr' id='par_1_22' title="bbox 2026 782 3587 858">
     <span class='ocr_line' id='line_1_22' title="bbox 2026 782 3587 858; baseline 0.002 -21"><span class='ocrx_word' id='word_1_148' title='bbox 2026 799 2144 852; x_wconf 74' lang='lat' dir='ltr'><strong>qua:</strong></span> <span class='ocrx_word' id='word_1_149' title='bbox 2173 787 2254 839; x_wconf 91' lang='lat' dir='ltr'><strong>vel</strong></span> <span class='ocrx_word' id='word_1_150' title='bbox 2281 802 2376 858; x_wconf 72' lang='lat' dir='ltr'><strong>per</strong></span> <span class='ocrx_word' id='word_1_151' title='bbox 2404 782 2805 854; x_wconf 80' lang='lat' dir='ltr'><strong>amplitudinem</strong></span> <span class='ocrx_word' id='word_1_152' title='bbox 2839 784 2997 837; x_wconf 86' lang='lat' dir='ltr'><strong>tutius</strong></span> <span class='ocrx_word' id='word_1_153' title='bbox 3025 786 3170 855; x_wconf 76' lang='lat' dir='ltr'><strong>regni</strong></span> <span class='ocrx_word' id='word_1_154' title='bbox 3198 784 3587 851; x_wconf 70' lang='lat' dir='ltr'><strong>dibutatur&quot;”,</strong></span> 
     </span>
    </p>
   </div>
   <div class='ocr_carea' id='block_1_23' title="bbox 2025 870 3589 947">
    <p class='ocr_par' dir='ltr' id='par_1_23' title="bbox 2025 870 3589 947">
     <span class='ocr_line' id='line_1_23' title="bbox 2025 870 3589 947; baseline -0.001 -18"><span class='ocrx_word' id='word_1_155' title='bbox 2025 877 2241 929; x_wconf 85' lang='lat' dir='ltr'><strong>cuinon</strong></span> <span class='ocrx_word' id='word_1_156' title='bbox 2274 876 2430 931; x_wconf 83' lang='lat' dir='ltr'><strong>liceat</strong></span> <span class='ocrx_word' id='word_1_157' title='bbox 2472 876 2674 947; x_wconf 88' lang='lat' dir='ltr'><strong>aliquid</strong></span> <span class='ocrx_word' id='word_1_158' title='bbox 2706 876 2998 929; x_wconf 89' lang='lat' dir='ltr'><strong>secundum</strong></span> <span class='ocrx_word' id='word_1_159' title='bbox 3028 885 3224 930; x_wconf 84' lang='lat' dir='ltr'><strong>rectam</strong></span> <span class='ocrx_word' id='word_1_160' title='bbox 3255 870 3417 930; x_wconf 75' lang='lat' dir='ltr'><strong>fidem</strong></span> <span class='ocrx_word' id='word_1_161' title='bbox 3453 890 3589 929; x_wconf 76' lang='lat' dir='ltr'><strong>con-</strong></span> 
     </span>
    </p>
   </div>
   <div class='ocr_carea' id='block_1_24' title="bbox 2024 966 3591 1038">
    <p class='ocr_par' dir='ltr' id='par_1_24' title="bbox 2024 966 3591 1038">
     <span class='ocr_line' id='line_1_24' title="bbox 2024 966 3591 1038; baseline -0.001 -18"><span class='ocrx_word' id='word_1_162' title='bbox 2024 966 2278 1031; x_wconf 86' lang='lat' dir='ltr'><strong>stituere,</strong></span> <span class='ocrx_word' id='word_1_163' title='bbox 2325 968 2467 1037; x_wconf 89' lang='lat' dir='ltr'><strong>quod</strong></span> <span class='ocrx_word' id='word_1_164' title='bbox 2501 968 2553 1022; x_wconf 94' lang='lat' dir='ltr'><strong>in</strong></span> <span class='ocrx_word' id='word_1_165' title='bbox 2603 977 2870 1022; x_wconf 85' lang='lat' dir='ltr'><strong>conventu</strong></span> <span class='ocrx_word' id='word_1_166' title='bbox 2920 966 3102 1036; x_wconf 83' lang='lat' dir='ltr'><strong>populi</strong></span> <span class='ocrx_word' id='word_1_167' title='bbox 3149 968 3351 1022; x_wconf 89' lang='lat' dir='ltr'><strong>utiliter</strong></span> <span class='ocrx_word' id='word_1_168' title='bbox 3377 967 3591 1038; x_wconf 72' lang='lat' dir='ltr'><strong>legatur</strong></span> 
     </span>
    </p>
   </div>
   <div class='ocr_carea' id='block_1_25' title="bbox 2025 1054 3590 1126">
    <p class='ocr_par' dir='ltr' id='par_1_25' title="bbox 2025 1054 3590 1126">
     <span class='ocr_line' id='line_1_25' title="bbox 2025 1054 3590 1126; baseline 0 -17"><span class='ocrx_word' id='word_1_169' title='bbox 2025 1063 2118 1109; x_wconf 90' lang='lat' dir='ltr'><strong>aut</strong></span> <span class='ocrx_word' id='word_1_170' title='bbox 2154 1059 2443 1110; x_wconf 83' lang='lat' dir='ltr'><strong>cantetur?</strong></span> <span class='ocrx_word' id='word_1_171' title='bbox 2468 1056 2682 1122; x_wconf 88' lang='lat' dir='ltr'><strong>Quanto</strong></span> <span class='ocrx_word' id='word_1_172' title='bbox 2712 1072 2844 1126; x_wconf 81' lang='lat' dir='ltr'><strong>ergo</strong></span> <span class='ocrx_word' id='word_1_173' title='bbox 2869 1055 3038 1124; x_wconf 79' lang='lat' dir='ltr'><strong>magis</strong></span> <span class='ocrx_word' id='word_1_174' title='bbox 3065 1055 3214 1109; x_wconf 89' lang='lat' dir='ltr'><strong>licuit</strong></span> <span class='ocrx_word' id='word_1_175' title='bbox 3251 1054 3457 1111; x_wconf 80' lang='lat' dir='ltr'><strong>Latinis</strong></span> <span class='ocrx_word' id='word_1_176' title='bbox 3486 1056 3590 1109; x_wconf 86' lang='lat' dir='ltr'><strong>hoc</strong></span> 
     </span>
    </p>
   </div>
   <div class='ocr_carea' id='block_1_26' title="bbox 2024 1133 3588 1217">
    <p class='ocr_par' dir='ltr' id='par_1_26' title="bbox 2024 1133 3588 1217">
     <span class='ocr_line' id='line_1_26' title="bbox 2024 1133 3588 1217; baseline -0.001 -17"><span class='ocrx_word' id='word_1_177' title='bbox 2024 1146 2332 1201; x_wconf 89' lang='lat' dir='ltr'><strong>constanter</strong></span> <span class='ocrx_word' id='word_1_178' title='bbox 2365 1148 2608 1215; x_wconf 83' lang='lat' dir='ltr'><strong>proferre</strong></span> <span class='ocrx_word' id='word_1_179' title='bbox 2628 1188 2643 1211; x_wconf 85' lang='lat'><strong>,</strong></span> <span class='ocrx_word' id='word_1_180' title='bbox 2675 1147 2727 1199; x_wconf 91' lang='lat' dir='ltr'><strong>in</strong></span> <span class='ocrx_word' id='word_1_181' title='bbox 2765 1162 2871 1215; x_wconf 87' lang='lat' dir='ltr'><strong>quo</strong></span> <span class='ocrx_word' id='word_1_182' title='bbox 2899 1162 3085 1201; x_wconf 89' lang='lat' dir='ltr'><strong>omnes</strong></span> <span class='ocrx_word' id='word_1_183' title='bbox 3113 1133 3301 1217; x_wconf 58' lang='lat' dir='ltr'><strong>gemes</strong></span> <span class='ocrx_word' id='word_1_184' title='bbox 3324 1154 3380 1200; x_wconf 91' lang='lat' dir='ltr'><strong>ct</strong></span> <span class='ocrx_word' id='word_1_185' title='bbox 3407 1144 3588 1198; x_wconf 86' lang='lat' dir='ltr'><strong>omnia</strong></span> 
     </span>
    </p>
   </div>
   <div class='ocr_carea' id='block_1_27' title="bbox 2022 1236 3593 1309">
    <p class='ocr_par' dir='ltr' id='par_1_27' title="bbox 2022 1236 3593 1309">
     <span class='ocr_line' id='line_1_27' title="bbox 2022 1236 3593 1309; baseline -0.001 -17"><span class='ocrx_word' id='word_1_186' title='bbox 2022 1252 2217 1309; x_wconf 74' lang='lat' dir='ltr'><strong>regna,</strong></span> <span class='ocrx_word' id='word_1_187' title='bbox 2256 1252 2378 1307; x_wconf 76' lang='lat' dir='ltr'><strong>qua:</strong></span> <span class='ocrx_word' id='word_1_188' title='bbox 2420 1236 2628 1292; x_wconf 87' lang='lat' dir='ltr'><strong>Latinis</strong></span> <span class='ocrx_word' id='word_1_189' title='bbox 2677 1245 2899 1293; x_wconf 90' lang='lat' dir='ltr'><strong>utuntur</strong></span> <span class='ocrx_word' id='word_1_190' title='bbox 2949 1236 3174 1301; x_wconf 81' lang='lat' dir='ltr'><strong>litteris,</strong></span> <span class='ocrx_word' id='word_1_191' title='bbox 3210 1236 3417 1308; x_wconf 88' lang='lat' dir='ltr'><strong>pariter</strong></span> <span class='ocrx_word' id='word_1_192' title='bbox 3461 1249 3593 1291; x_wconf 85' lang='lat' dir='ltr'><strong>con-</strong></span> 
     </span>
    </p>
   </div>
   <div class='ocr_carea' id='block_1_28' title="bbox 2022 1330 2273 1385">
    <p class='ocr_par' dir='ltr' id='par_1_28' title="bbox 2022 1330 2273 1385">
     <span class='ocr_line' id='line_1_28' title="bbox 2022 1330 2273 1385; baseline -0.012 0"><span class='ocrx_word' id='word_1_193' title='bbox 2022 1330 2273 1385; x_wconf 84' lang='lat' dir='ltr'><strong>cordant.</strong></span> 
     </span>
    </p>
   </div>
   <div class='ocr_carea' id='block_1_29' title="bbox 2038 1416 3217 1489">
    <p class='ocr_par' dir='ltr' id='par_1_29' title="bbox 2038 1416 3217 1489">
     <span class='ocr_line' id='line_1_29' title="bbox 2038 1416 3217 1489; baseline -0.014 -7"><span class='ocrx_word' id='word_1_194' title='bbox 2038 1424 2045 1435; x_wconf 85' lang='lat'>&#39;</span> <span class='ocrx_word' id='word_1_195' title='bbox 2344 1416 2569 1472; x_wconf 73' lang='lat' dir='ltr'><strong>CAPUT</strong></span> <span class='ocrx_word' id='word_1_196' title='bbox 2609 1416 2770 1471; x_wconf 60' lang='grc' dir='ltr'>χχιιι</span> <span class='ocrx_word' id='word_1_197' title='bbox 2817 1416 2916 1488; x_wconf 66' lang='lat' dir='ltr'><strong>[aL</strong></span> <span class='ocrx_word' id='word_1_198' title='bbox 2947 1416 3217 1489; x_wconf 69' lang='lat' dir='ltr'><strong>xxmmn</strong></span> 
     </span>
    </p>
   </div>
   <div class='ocr_carea' id='block_1_30' title="bbox 2026 1527 3588 1649">
    <p class='ocr_par' dir='ltr' id='par_1_30' title="bbox 2026 1527 3588 1649">
     <span class='ocr_line' id='line_1_30' title="bbox 2026 1527 3588 1598; baseline -0.003 -13"><span class='ocrx_word' id='word_1_199' title='bbox 2026 1528 2245 1585; x_wconf 77' lang='lat' dir='ltr'><strong>Summa</strong></span> <span class='ocrx_word' id='word_1_200' title='bbox 2276 1528 2524 1582; x_wconf 76' lang='lat' dir='ltr'><strong>doctrina:</strong></span> <span class='ocrx_word' id='word_1_201' title='bbox 2545 1538 2591 1581; x_wconf 84' lang='lat' dir='ltr'><strong>et</strong></span> <span class='ocrx_word' id='word_1_202' title='bbox 2611 1530 2969 1596; x_wconf 81' lang='lat' dir='ltr'><strong>probationum</strong></span> <span class='ocrx_word' id='word_1_203' title='bbox 2992 1529 3333 1598; x_wconf 78' lang='lat' dir='ltr'><strong>proccssiouis</strong></span> <span class='ocrx_word' id='word_1_204' title='bbox 3358 1527 3588 1597; x_wconf 77' lang='lat' dir='ltr'><strong>Spiritus</strong></span> 
     </span>
     <span class='ocr_line' id='line_1_31' title="bbox 2570 1597 3016 1649; baseline 0 0"><span class='ocrx_word' id='word_1_205' title='bbox 2570 1600 2733 1649; x_wconf 79' lang='lat' dir='ltr'><strong>sancti</strong></span> <span class='ocrx_word' id='word_1_206' title='bbox 2763 1600 2825 1649; x_wconf 77' lang='lat' dir='ltr'><strong>Ile</strong></span> <span class='ocrx_word' id='word_1_207' title='bbox 2858 1597 3016 1649; x_wconf 72' lang='lat' dir='ltr'><strong>Filia.</strong></span> 
     </span>
    </p>
   </div>
   <div class='ocr_carea' id='block_1_31' title="bbox 2570 1612 3016 1652">
    <p class='ocr_par' dir='ltr' id='par_1_31' title="bbox 2570 1612 3016 1652">
     <span class='ocr_line' id='line_1_32' title="bbox 2570 1612 3016 1652; baseline 0.004 -2"><span class='ocrx_word' id='word_1_208' title='bbox 2570 1612 2732 1651; x_wconf 76' lang='lat' dir='ltr'><strong>sancti</strong></span> <span class='ocrx_word' id='word_1_209' title='bbox 2763 1612 2825 1651; x_wconf 80' lang='grc' dir='ltr'><strong>ιιε</strong></span> <span class='ocrx_word' id='word_1_210' title='bbox 2858 1612 3016 1652; x_wconf 72' lang='grc' dir='ltr'>Μιια.</span> 
     </span>
    </p>
   </div>
   <div class='ocr_carea' id='block_1_32' title="bbox 2093 1672 3593 1759">
    <p class='ocr_par' dir='ltr' id='par_1_32' title="bbox 2093 1672 3593 1759">
     <span class='ocr_line' id='line_1_33' title="bbox 2093 1672 3593 1759; baseline -0.001 -17"><span class='ocrx_word' id='word_1_211' title='bbox 2093 1672 2418 1759; x_wconf 80' lang='lat' dir='ltr'><strong>Celligamus</strong></span> <span class='ocrx_word' id='word_1_212' title='bbox 2450 1688 2683 1743; x_wconf 81' lang='lat' dir='ltr'><strong>breviter</strong></span> <span class='ocrx_word' id='word_1_213' title='bbox 2712 1688 2852 1757; x_wconf 89' lang='lat' dir='ltr'><strong>quod</strong></span> <span class='ocrx_word' id='word_1_214' title='bbox 2895 1703 3055 1757; x_wconf 84' lang='lat' dir='ltr'><strong>supra</strong></span> <span class='ocrx_word' id='word_1_215' title='bbox 3093 1687 3335 1757; x_wconf 79' lang='lat' dir='ltr'><strong>pluribus</strong></span> <span class='ocrx_word' id='word_1_216' title='bbox 3365 1687 3593 1742; x_wconf 84' lang='lat' dir='ltr'><strong>rationi-</strong></span> 
     </span>
    </p>
   </div>
   <div class='ocr_carea' id='block_1_33' title="bbox 358 1759 3594 1847">
    <p class='ocr_par' dir='ltr' id='par_1_33' title="bbox 358 1759 3594 1847">
     <span class='ocr_line' id='line_1_34' title="bbox 358 1759 3594 1847; baseline 0.001 -19"><span class='ocrx_word' id='word_1_217' title='bbox 358 1774 580 1831; x_wconf 87' lang='lat' dir='ltr'><strong>deretur</strong></span> <span class='ocrx_word' id='word_1_218' title='bbox 608 1772 749 1847; x_wconf 77' lang='lat' dir='ltr'><strong>quad</strong></span> <span class='ocrx_word' id='word_1_219' title='bbox 778 1775 1079 1831; x_wconf 88' lang='lat' dir='ltr'><strong>addendum</strong></span> <span class='ocrx_word' id='word_1_220' title='bbox 1108 1768 1229 1831; x_wconf 87' lang='lat' dir='ltr'><strong>erat</strong></span> <span class='ocrx_word' id='word_1_221' title='bbox 1256 1790 1272 1831; x_wconf 89' lang='lat'><strong>:</strong></span> <span class='ocrx_word' id='word_1_222' title='bbox 1302 1775 1369 1828; x_wconf 91' lang='lat' dir='ltr'><strong>ad</strong></span> <span class='ocrx_word' id='word_1_223' title='bbox 1394 1772 1526 1840; x_wconf 84' lang='lat' dir='ltr'><strong>hoc,</strong></span> <span class='ocrx_word' id='word_1_224' title='bbox 1559 1772 1804 1841; x_wconf 87' lang='lat' dir='ltr'><strong>inquam,</strong></span> <span class='ocrx_word' id='word_1_225' title='bbox 1836 1784 1925 1825; x_wconf 79' lang='lat' dir='ltr'><strong>rc-</strong></span> <span class='ocrx_word' id='word_1_226' title='bbox 1954 1759 2002 1820; x_wconf 80' lang='grc' dir='ltr'><strong>Β</strong></span> <span class='ocrx_word' id='word_1_227' title='bbox 2027 1777 2127 1832; x_wconf 83' lang='lat' dir='ltr'><strong>bus</strong></span> <span class='ocrx_word' id='word_1_228' title='bbox 2153 1776 2402 1832; x_wconf 85' lang='lat' dir='ltr'><strong>effectum</strong></span> <span class='ocrx_word' id='word_1_229' title='bbox 2425 1787 2529 1832; x_wconf 90' lang='lat' dir='ltr'><strong>est.</strong></span> <span class='ocrx_word' id='word_1_230' title='bbox 2556 1777 2781 1831; x_wconf 71' lang='lat' dir='ltr'><strong>Constat</strong></span> <span class='ocrx_word' id='word_1_231' title='bbox 2803 1776 3202 1847; x_wconf 75' lang='lat' dir='ltr'><strong>inexpugnabili</strong></span> <span class='ocrx_word' id='word_1_232' title='bbox 3236 1778 3441 1832; x_wconf 86' lang='lat' dir='ltr'><strong>ratione</strong></span> <span class='ocrx_word' id='word_1_233' title='bbox 3471 1775 3594 1846; x_wconf 83' lang='lat' dir='ltr'><strong>Spl-</strong></span> 
     </span>
    </p>
   </div>
   <div class='ocr_carea' id='block_1_34' title="bbox 358 1865 1926 1937">
    <p class='ocr_par' dir='ltr' id='par_1_34' title="bbox 358 1865 1926 1937">
     <span class='ocr_line' id='line_1_35' title="bbox 358 1865 1926 1937; baseline -0.001 -17"><span class='ocrx_word' id='word_1_234' title='bbox 358 1880 616 1937; x_wconf 88' lang='lat' dir='ltr'><strong>sponsum</strong></span> <span class='ocrx_word' id='word_1_235' title='bbox 644 1866 914 1937; x_wconf 76' lang='lat' dir='ltr'><strong>suillciens</strong></span> <span class='ocrx_word' id='word_1_236' title='bbox 945 1866 1225 1923; x_wconf 82' lang='lat' dir='ltr'><strong>habemus.</strong></span> <span class='ocrx_word' id='word_1_237' title='bbox 1256 1865 1405 1920; x_wconf 80' lang='lat' dir='ltr'><strong>Nam</strong></span> <span class='ocrx_word' id='word_1_238' title='bbox 1436 1865 1480 1920; x_wconf 92' lang='lat' dir='ltr'><strong>si</strong></span> <span class='ocrx_word' id='word_1_239' title='bbox 1526 1866 1785 1935; x_wconf 70' lang='lat' dir='ltr'><strong>quaeritur</strong></span> <span class='ocrx_word' id='word_1_240' title='bbox 1828 1878 1926 1919; x_wconf 92' lang='lat' dir='ltr'><strong>cur</strong></span> 
     </span>
    </p>
   </div>
   <div class='ocr_carea' id='block_1_35' title="bbox 359 1934 1923 2029">
    <p class='ocr_par' dir='ltr' id='par_1_35' title="bbox 359 1934 1923 2029">
     <span class='ocr_line' id='line_1_36' title="bbox 359 1934 1923 2029; baseline -0.002 -15"><span class='ocrx_word' id='word_1_241' title='bbox 359 1934 567 2015; x_wconf 75' lang='lat' dir='ltr'><strong>factum</strong></span> <span class='ocrx_word' id='word_1_242' title='bbox 593 1958 694 2023; x_wconf 87' lang='lat' dir='ltr'><strong>sit,</strong></span> <span class='ocrx_word' id='word_1_243' title='bbox 720 1934 951 2014; x_wconf 77' lang='lat' dir='ltr'><strong>dicimus</strong></span> <span class='ocrx_word' id='word_1_244' title='bbox 974 1948 1340 2029; x_wconf 79' lang='lat' dir='ltr'><strong>quianecesSe</strong></span> <span class='ocrx_word' id='word_1_245' title='bbox 1368 1965 1487 2014; x_wconf 86' lang='lat' dir='ltr'><strong>erat</strong></span> <span class='ocrx_word' id='word_1_246' title='bbox 1514 1934 1732 2027; x_wconf 82' lang='lat' dir='ltr'><strong>propter</strong></span> <span class='ocrx_word' id='word_1_247' title='bbox 1759 1969 1923 2024; x_wconf 85' lang='lat' dir='ltr'><strong>quos-</strong></span> 
     </span>
    </p>
   </div>
   <div class='ocr_carea' id='block_1_36' title="bbox 361 2044 1926 2119">
    <p class='ocr_par' dir='ltr' id='par_1_36' title="bbox 361 2044 1926 2119">
     <span class='ocr_line' id='line_1_37' title="bbox 361 2044 1926 2119; baseline -0.003 -16"><span class='ocrx_word' id='word_1_248' title='bbox 361 2048 483 2103; x_wconf 90' lang='lat' dir='ltr'><strong>dam</strong></span> <span class='ocrx_word' id='word_1_249' title='bbox 516 2048 696 2105; x_wconf 84' lang='lat' dir='ltr'><strong>minus</strong></span> <span class='ocrx_word' id='word_1_250' title='bbox 743 2048 1134 2119; x_wconf 74' lang='lat' dir='ltr'><strong>intelligentes,</strong></span> <span class='ocrx_word' id='word_1_251' title='bbox 1162 2049 1256 2118; x_wconf 88' lang='lat' dir='ltr'><strong>qui</strong></span> <span class='ocrx_word' id='word_1_252' title='bbox 1284 2064 1392 2104; x_wconf 85' lang='lat' dir='ltr'><strong>non</strong></span> <span class='ocrx_word' id='word_1_253' title='bbox 1419 2044 1926 2102; x_wconf 80' lang='lat' dir='ltr'><strong>animadvertebant</strong></span> 
     </span>
    </p>
   </div>
   <div class='ocr_carea' id='block_1_37' title="bbox 360 2135 1927 2213">
    <p class='ocr_par' dir='ltr' id='par_1_37' title="bbox 360 2135 1927 2213">
     <span class='ocr_line' id='line_1_38' title="bbox 360 2135 1927 2213; baseline -0.001 -20"><span class='ocrx_word' id='word_1_254' title='bbox 360 2139 415 2193; x_wconf 94' lang='lat' dir='ltr'><strong>in</strong></span> <span class='ocrx_word' id='word_1_255' title='bbox 444 2139 552 2193; x_wconf 82' lang='lat' dir='ltr'><strong>illis</strong></span> <span class='ocrx_word' id='word_1_256' title='bbox 572 2178 589 2206; x_wconf 91' lang='lat'><strong>,</strong></span> <span class='ocrx_word' id='word_1_257' title='bbox 624 2155 744 2209; x_wconf 80' lang='lat' dir='ltr'><strong>quae</strong></span> <span class='ocrx_word' id='word_1_258' title='bbox 770 2140 1018 2195; x_wconf 85' lang='lat' dir='ltr'><strong>universa</strong></span> <span class='ocrx_word' id='word_1_259' title='bbox 1044 2138 1216 2213; x_wconf 81' lang='lat' dir='ltr'><strong>credit</strong></span> <span class='ocrx_word' id='word_1_260' title='bbox 1244 2138 1481 2194; x_wconf 84' lang='lat' dir='ltr'><strong>Ecclesia</strong></span> <span class='ocrx_word' id='word_1_261' title='bbox 1498 2178 1513 2202; x_wconf 91' lang='lat'><strong>,</strong></span> <span class='ocrx_word' id='word_1_262' title='bbox 1544 2135 1811 2193; x_wconf 77' lang='lat' dir='ltr'><strong>contineri</strong></span> <span class='ocrx_word' id='word_1_263' title='bbox 1832 2176 1848 2200; x_wconf 89' lang='lat'><em>.</em></span> <span class='ocrx_word' id='word_1_264' title='bbox 1871 2142 1927 2191; x_wconf 86' lang='lat' dir='ltr'><strong>et</strong></span> 
     </span>
    </p>
   </div>
   <div class='ocr_carea' id='block_1_38' title="bbox 361 2229 1923 2303">
    <p class='ocr_par' dir='ltr' id='par_1_38' title="bbox 361 2229 1923 2303">
     <span class='ocr_line' id='line_1_39' title="bbox 361 2229 1923 2303; baseline 0.001 -19"><span class='ocrx_word' id='word_1_265' title='bbox 361 2244 428 2284; x_wconf 80' lang='lat' dir='ltr'><strong>ex</strong></span> <span class='ocrx_word' id='word_1_266' title='bbox 454 2229 541 2285; x_wconf 85' lang='lat' dir='ltr'><strong>his</strong></span> <span class='ocrx_word' id='word_1_267' title='bbox 564 2229 721 2300; x_wconf 82' lang='lat' dir='ltr'><strong>sequi</strong></span> <span class='ocrx_word' id='word_1_268' title='bbox 748 2230 1009 2301; x_wconf 87' lang='lat' dir='ltr'><strong>Spiritum</strong></span> <span class='ocrx_word' id='word_1_269' title='bbox 1034 2238 1281 2285; x_wconf 88' lang='lat' dir='ltr'><strong>sanctum</strong></span> <span class='ocrx_word' id='word_1_270' title='bbox 1318 2230 1384 2287; x_wconf 90' lang='lat' dir='ltr'><strong>de</strong></span> <span class='ocrx_word' id='word_1_271' title='bbox 1409 2230 1546 2286; x_wconf 89' lang='lat' dir='ltr'><strong>Filio</strong></span> <span class='ocrx_word' id='word_1_272' title='bbox 1591 2232 1923 2303; x_wconf 82' lang='lat' dir='ltr'><strong>procedere;</strong></span> 
     </span>
    </p>
   </div>
   <div class='ocr_carea' id='block_1_39' title="bbox 360 2321 1916 2393">
    <p class='ocr_par' dir='ltr' id='par_1_39' title="bbox 360 2321 1916 2393">
     <span class='ocr_line' id='line_1_40' title="bbox 360 2321 1916 2393; baseline 0.001 -18"><span class='ocrx_word' id='word_1_273' title='bbox 360 2335 427 2375; x_wconf 86' lang='lat' dir='ltr'><strong>ne</strong></span> <span class='ocrx_word' id='word_1_274' title='bbox 448 2324 589 2375; x_wconf 80' lang='lat' dir='ltr'><strong>forte</strong></span> <span class='ocrx_word' id='word_1_275' title='bbox 623 2322 726 2377; x_wconf 88' lang='lat' dir='ltr'><strong>hoc</strong></span> <span class='ocrx_word' id='word_1_276' title='bbox 745 2321 964 2376; x_wconf 85' lang='lat' dir='ltr'><strong>credere</strong></span> <span class='ocrx_word' id='word_1_277' title='bbox 996 2321 1321 2376; x_wconf 83' lang='lat' dir='ltr'><strong>dubitarent.</strong></span> <span class='ocrx_word' id='word_1_278' title='bbox 1353 2321 1503 2387; x_wconf 86' lang='lat' dir='ltr'><strong>Quod</strong></span> <span class='ocrx_word' id='word_1_279' title='bbox 1531 2336 1691 2391; x_wconf 90' lang='lat' dir='ltr'><strong>quam</strong></span> <span class='ocrx_word' id='word_1_280' title='bbox 1726 2335 1916 2393; x_wconf 51' lang='lat' dir='ltr'><strong>neces:</strong></span> 
     </span>
    </p>
   </div>
   <div class='ocr_carea' id='block_1_40' title="bbox 365 2394 1926 2479">
    <p class='ocr_par' dir='ltr' id='par_1_40' title="bbox 365 2394 1926 2479">
     <span class='ocr_line' id='line_1_41' title="bbox 365 2394 1926 2479; baseline 0 -15"><span class='ocrx_word' id='word_1_281' title='bbox 365 2409 564 2464; x_wconf 77' lang='lat' dir='ltr'><strong>sarium</strong></span> <span class='ocrx_word' id='word_1_282' title='bbox 604 2407 796 2476; x_wconf 85' lang='lat' dir='ltr'><strong>fuerit,</strong></span> <span class='ocrx_word' id='word_1_283' title='bbox 824 2423 921 2476; x_wconf 89' lang='lat' dir='ltr'><strong>per</strong></span> <span class='ocrx_word' id='word_1_284' title='bbox 943 2407 1060 2463; x_wconf 89' lang='lat' dir='ltr'><strong>illos</strong></span> <span class='ocrx_word' id='word_1_285' title='bbox 1087 2408 1175 2477; x_wconf 87' lang='lat' dir='ltr'><strong>qni</strong></span> <span class='ocrx_word' id='word_1_286' title='bbox 1207 2410 1308 2464; x_wconf 89' lang='lat' dir='ltr'><strong>hoc</strong></span> <span class='ocrx_word' id='word_1_287' title='bbox 1338 2421 1564 2477; x_wconf 79' lang='lat' dir='ltr'><strong>negant,</strong></span> <span class='ocrx_word' id='word_1_288' title='bbox 1599 2411 1723 2479; x_wconf 87' lang='lat' dir='ltr'><strong>quia</strong></span> <span class='ocrx_word' id='word_1_289' title='bbox 1753 2410 1804 2463; x_wconf 92' lang='lat' dir='ltr'><strong>in</strong></span> <span class='ocrx_word' id='word_1_290' title='bbox 1837 2394 1926 2464; x_wconf 80' lang='lat' dir='ltr'><strong>illo</strong></span> 
     </span>
    </p>
   </div>
   <div class='ocr_carea' id='block_1_41' title="bbox 366 2496 1926 2571">
    <p class='ocr_par' dir='ltr' id='par_1_41' title="bbox 366 2496 1926 2571">
     <span class='ocr_line' id='line_1_42' title="bbox 366 2496 1926 2571; baseline 0.002 -20"><span class='ocrx_word' id='word_1_291' title='bbox 366 2496 623 2571; x_wconf 73' lang='lat' dir='ltr'><strong>Symbolo</strong></span> <span class='ocrx_word' id='word_1_292' title='bbox 651 2499 882 2567; x_wconf 85' lang='lat' dir='ltr'><strong>positum</strong></span> <span class='ocrx_word' id='word_1_293' title='bbox 930 2513 1038 2553; x_wconf 78' lang='lat' dir='ltr'><strong>non</strong></span> <span class='ocrx_word' id='word_1_294' title='bbox 1083 2508 1194 2564; x_wconf 90' lang='lat' dir='ltr'><strong>est,</strong></span> <span class='ocrx_word' id='word_1_295' title='bbox 1225 2500 1621 2571; x_wconf 79' lang='lat' dir='ltr'><strong>cognoscimus.</strong></span> <span class='ocrx_word' id='word_1_296' title='bbox 1663 2500 1926 2571; x_wconf 86' lang='lat' dir='ltr'><strong>Quoniam</strong></span> 
     </span>
    </p>
   </div>
   <div class='ocr_carea' id='block_1_42' title="bbox 366 2585 1924 2662">
    <p class='ocr_par' dir='ltr' id='par_1_42' title="bbox 366 2585 1924 2662">
     <span class='ocr_line' id='line_1_43' title="bbox 366 2585 1924 2662; baseline 0.003 -21"><span class='ocrx_word' id='word_1_297' title='bbox 366 2585 527 2655; x_wconf 71' lang='lat' dir='ltr'><strong>igitur</strong></span> <span class='ocrx_word' id='word_1_298' title='bbox 554 2595 611 2662; x_wconf 87' lang='lat' dir='ltr'><strong>et</strong></span> <span class='ocrx_word' id='word_1_299' title='bbox 636 2587 935 2642; x_wconf 85' lang='lat' dir='ltr'><strong>necessitas</strong></span> <span class='ocrx_word' id='word_1_300' title='bbox 978 2588 1237 2662; x_wconf 77' lang='lat' dir='ltr'><strong>cogebat,</strong></span> <span class='ocrx_word' id='word_1_301' title='bbox 1269 2598 1324 2643; x_wconf 91' lang='lat' dir='ltr'><strong>et</strong></span> <span class='ocrx_word' id='word_1_302' title='bbox 1367 2588 1509 2644; x_wconf 88' lang='lat' dir='ltr'><strong>nulla</strong></span> <span class='ocrx_word' id='word_1_303' title='bbox 1556 2590 1694 2645; x_wconf 84' lang='lat' dir='ltr'><strong>ratio</strong></span> <span class='ocrx_word' id='word_1_304' title='bbox 1738 2590 1924 2659; x_wconf 77' lang='lat' dir='ltr'><strong>probi-</strong></span> 
     </span>
    </p>
   </div>
   <div class='ocr_carea' id='block_1_43' title="bbox 336 2664 1928 2743">
    <p class='ocr_par' dir='ltr' id='par_1_43' title="bbox 336 2664 1928 2743">
     <span class='ocr_line' id='line_1_44' title="bbox 336 2664 1928 2743; baseline 0.004 -15"><span class='ocrx_word' id='word_1_305' title='bbox 336 2664 556 2737; x_wconf 50' lang='lat' dir='ltr'><strong>&#39;bebat,</strong></span> <span class='ocrx_word' id='word_1_306' title='bbox 586 2682 641 2731; x_wconf 84' lang='lat' dir='ltr'><strong>et</strong></span> <span class='ocrx_word' id='word_1_307' title='bbox 670 2675 957 2729; x_wconf 78' lang='lat' dir='ltr'><strong>vera&#39;lides</strong></span> <span class='ocrx_word' id='word_1_308' title='bbox 985 2675 1086 2730; x_wconf 83' lang='lat' dir='ltr'><strong>hoc</strong></span> <span class='ocrx_word' id='word_1_309' title='bbox 1112 2676 1456 2743; x_wconf 86' lang='lat' dir='ltr'><strong>admittebat;</strong></span> <span class='ocrx_word' id='word_1_310' title='bbox 1488 2677 1807 2734; x_wconf 84' lang='lat' dir='ltr'><strong>llducialiter</strong></span> <span class='ocrx_word' id='word_1_311' title='bbox 1833 2693 1928 2734; x_wconf 61' lang='lat' dir='ltr'><strong>asc</strong></span> 
     </span>
    </p>
   </div>
   <div class='ocr_carea' id='block_1_44' title="bbox 362 2761 1926 2834">
    <p class='ocr_par' dir='ltr' id='par_1_44' title="bbox 362 2761 1926 2834">
     <span class='ocr_line' id='line_1_45' title="bbox 362 2761 1926 2834; baseline 0.003 -15"><span class='ocrx_word' id='word_1_312' title='bbox 362 2763 531 2819; x_wconf 81' lang='lat' dir='ltr'><strong>seruit</strong></span> <span class='ocrx_word' id='word_1_313' title='bbox 575 2761 871 2829; x_wconf 85' lang='lat' dir='ltr'><strong>Latinitas,</strong></span> <span class='ocrx_word' id='word_1_314' title='bbox 922 2766 1064 2834; x_wconf 88' lang='lat' dir='ltr'><strong>quod</strong></span> <span class='ocrx_word' id='word_1_315' title='bbox 1105 2766 1430 2821; x_wconf 88' lang='lat' dir='ltr'><strong>credendum</strong></span> <span class='ocrx_word' id='word_1_316' title='bbox 1465 2776 1521 2823; x_wconf 92' lang='lat' dir='ltr'><strong>et</strong></span> <span class='ocrx_word' id='word_1_317' title='bbox 1566 2769 1926 2826; x_wconf 83' lang='lat' dir='ltr'><strong>confitendum</strong></span> 
     </span>
    </p>
   </div>
   <div class='ocr_carea' id='block_1_45' title="bbox 362 2853 1925 2927">
    <p class='ocr_par' dir='ltr' id='par_1_45' title="bbox 362 2853 1925 2927">
     <span class='ocr_line' id='line_1_46' title="bbox 362 2853 1925 2927; baseline 0.003 -18"><span class='ocrx_word' id='word_1_318' title='bbox 362 2864 485 2909; x_wconf 78' lang='lat' dir='ltr'><strong>esse</strong></span> <span class='ocrx_word' id='word_1_319' title='bbox 519 2853 897 2927; x_wconf 72' lang='lat' dir='ltr'><strong>cognoscebat.</strong></span> <span class='ocrx_word' id='word_1_320' title='bbox 946 2853 1165 2909; x_wconf 86' lang='lat' dir='ltr'><strong>Scimus</strong></span> <span class='ocrx_word' id='word_1_321' title='bbox 1191 2855 1335 2910; x_wconf 89' lang='lat' dir='ltr'><strong>enim</strong></span> <span class='ocrx_word' id='word_1_322' title='bbox 1381 2857 1522 2925; x_wconf 89' lang='lat' dir='ltr'><strong>quod</strong></span> <span class='ocrx_word' id='word_1_323' title='bbox 1570 2872 1675 2913; x_wconf 89' lang='lat' dir='ltr'><strong>non</strong></span> <span class='ocrx_word' id='word_1_324' title='bbox 1703 2858 1883 2914; x_wconf 76' lang='lat' dir='ltr'><strong>omnia</strong></span> <span class='ocrx_word' id='word_1_325' title='bbox 1907 2899 1925 2926; x_wconf 94' lang='lat'><strong>,</strong></span> 
     </span>
    </p>
   </div>
   <div class='ocr_carea' id='block_1_46' title="bbox 364 2942 1924 3020">
    <p class='ocr_par' dir='ltr' id='par_1_46' title="bbox 364 2942 1924 3020">
     <span class='ocr_line' id='line_1_47' title="bbox 364 2942 1924 3020; baseline 0.004 -25"><span class='ocrx_word' id='word_1_326' title='bbox 364 2956 484 3020; x_wconf 68' lang='lat' dir='ltr'><strong>qum</strong></span> <span class='ocrx_word' id='word_1_327' title='bbox 512 2942 738 2998; x_wconf 88' lang='lat' dir='ltr'><strong>credere</strong></span> <span class='ocrx_word' id='word_1_328' title='bbox 777 2951 832 2998; x_wconf 88' lang='lat' dir='ltr'><strong>et</strong></span> <span class='ocrx_word' id='word_1_329' title='bbox 874 2943 1117 3015; x_wconf 77' lang='lat' dir='ltr'><strong>conﬁteri</strong></span> <span class='ocrx_word' id='word_1_330' title='bbox 1165 2944 1452 3012; x_wconf 78' lang='lat' dir='ltr'><strong>debemus,</strong></span> <span class='ocrx_word' id='word_1_331' title='bbox 1486 2946 1555 3000; x_wconf 85' lang='lat' dir='ltr'><strong>ibi</strong></span> <span class='ocrx_word' id='word_1_332' title='bbox 1586 2948 1740 3009; x_wconf 34' lang='lat' dir='ltr'><strong>dicta,</strong></span> <span class='ocrx_word' id='word_1_333' title='bbox 1768 2957 1924 3016; x_wconf 87' lang='lat' dir='ltr'><strong>sunt;</strong></span> 
     </span>
    </p>
   </div>
   <div class='ocr_carea' id='block_1_47' title="bbox 364 3031 1927 3106">
    <p class='ocr_par' dir='ltr' id='par_1_47' title="bbox 364 3031 1927 3106">
     <span class='ocr_line' id='line_1_48' title="bbox 364 3031 1927 3106; baseline 0.006 -21"><span class='ocrx_word' id='word_1_334' title='bbox 364 3046 464 3088; x_wconf 87' lang='lat' dir='ltr'><strong>nec</strong></span> <span class='ocrx_word' id='word_1_335' title='bbox 508 3031 585 3086; x_wconf 89' lang='lat' dir='ltr'><strong>illi</strong></span> <span class='ocrx_word' id='word_1_336' title='bbox 636 3033 728 3102; x_wconf 80' lang='lat' dir='ltr'><strong>qui</strong></span> <span class='ocrx_word' id='word_1_337' title='bbox 760 3031 1082 3106; x_wconf 73' lang='lat' dir='ltr'><strong>Symbolum</strong></span> <span class='ocrx_word' id='word_1_338' title='bbox 1129 3034 1261 3089; x_wconf 86' lang='lat' dir='ltr'><strong>illud</strong></span> <span class='ocrx_word' id='word_1_339' title='bbox 1307 3037 1608 3104; x_wconf 82' lang='lat' dir='ltr'><strong>dictavere,</strong></span> <span class='ocrx_word' id='word_1_340' title='bbox 1644 3039 1927 3094; x_wconf 76' lang='lat' dir='ltr'><strong>voluerunt</strong></span> 
     </span>
    </p>
   </div>
   <div class='ocr_carea' id='block_1_48' title="bbox 362 3120 1929 3184">
    <p class='ocr_par' dir='ltr' id='par_1_48' title="bbox 362 3120 1929 3184">
     <span class='ocr_line' id='line_1_49' title="bbox 362 3120 1929 3184; baseline 0.004 -7"><span class='ocrx_word' id='word_1_341' title='bbox 362 3121 520 3177; x_wconf 78' lang='lat' dir='ltr'><strong>iidem</strong></span> <span class='ocrx_word' id='word_1_342' title='bbox 544 3120 906 3178; x_wconf 83' lang='lat' dir='ltr'><strong>Christianam</strong></span> <span class='ocrx_word' id='word_1_343' title='bbox 942 3138 1063 3179; x_wconf 87' lang='lat' dir='ltr'><strong>esse</strong></span> <span class='ocrx_word' id='word_1_344' title='bbox 1093 3133 1405 3179; x_wconf 82' lang='lat' dir='ltr'><strong>contentam</strong></span> <span class='ocrx_word' id='word_1_345' title='bbox 1451 3141 1515 3181; x_wconf 89' lang='lat' dir='ltr'><strong>ea</strong></span> <span class='ocrx_word' id='word_1_346' title='bbox 1560 3129 1929 3184; x_wconf 83' lang='lat' dir='ltr'><strong>tantummodo</strong></span> 
     </span>
    </p>
   </div>
   <div class='ocr_carea' id='block_1_49' title="bbox 330 3212 1927 3284">
    <p class='ocr_par' dir='ltr' id='par_1_49' title="bbox 330 3212 1927 3284">
     <span class='ocr_line' id='line_1_50' title="bbox 330 3212 1927 3284; baseline 0.003 -15"><span class='ocrx_word' id='word_1_347' title='bbox 330 3262 333 3269; x_wconf 51' lang='grc' dir='ltr'><em>ς</em></span> <span class='ocrx_word' id='word_1_348' title='bbox 365 3212 587 3269; x_wconf 83' lang='lat' dir='ltr'><strong>credere</strong></span> <span class='ocrx_word' id='word_1_349' title='bbox 631 3221 686 3267; x_wconf 90' lang='lat' dir='ltr'><strong>et</strong></span> <span class='ocrx_word' id='word_1_350' title='bbox 726 3213 1002 3279; x_wconf 79' lang='lat' dir='ltr'><strong>conﬁteri,</strong></span> <span class='ocrx_word' id='word_1_351' title='bbox 1046 3230 1164 3284; x_wconf 66' lang='lat' dir='ltr'><strong>quae</strong></span> <span class='ocrx_word' id='word_1_352' title='bbox 1206 3216 1295 3270; x_wconf 86' lang='lat' dir='ltr'><strong>ubi</strong></span> <span class='ocrx_word' id='word_1_353' title='bbox 1326 3225 1637 3284; x_wconf 86' lang='lat' dir='ltr'><strong>posuerunt.</strong></span> <span class='ocrx_word' id='word_1_354' title='bbox 1675 3216 1743 3272; x_wconf 91' lang='lat' dir='ltr'><strong>Ut</strong></span> <span class='ocrx_word' id='word_1_355' title='bbox 1784 3218 1927 3273; x_wconf 90' lang='lat' dir='ltr'><strong>enim</strong></span> 
     </span>
    </p>
   </div>
   <div class='ocr_carea' id='block_1_50' title="bbox 368 3302 1930 3370">
    <p class='ocr_par' dir='ltr' id='par_1_50' title="bbox 368 3302 1930 3370">
     <span class='ocr_line' id='line_1_51' title="bbox 368 3302 1930 3370; baseline 0.004 -11"><span class='ocrx_word' id='word_1_356' title='bbox 368 3302 474 3359; x_wconf 80' lang='lat' dir='ltr'><strong>alia</strong></span> <span class='ocrx_word' id='word_1_357' title='bbox 521 3303 856 3370; x_wconf 69' lang='lat' dir='ltr'><strong>taceamm’,</strong></span> <span class='ocrx_word' id='word_1_358' title='bbox 887 3320 992 3359; x_wconf 92' lang='lat' dir='ltr'><strong>non</strong></span> <span class='ocrx_word' id='word_1_359' title='bbox 1041 3306 1112 3361; x_wconf 91' lang='lat' dir='ltr'><strong>ibi</strong></span> <span class='ocrx_word' id='word_1_360' title='bbox 1142 3306 1342 3361; x_wconf 90' lang='lat' dir='ltr'><strong>dicitur</strong></span> <span class='ocrx_word' id='word_1_361' title='bbox 1372 3308 1629 3364; x_wconf 85' lang='lat' dir='ltr'><strong>Dominus</strong></span> <span class='ocrx_word' id='word_1_362' title='bbox 1668 3310 1734 3364; x_wconf 90' lang='lat' dir='ltr'><strong>ad</strong></span> <span class='ocrx_word' id='word_1_363' title='bbox 1766 3302 1930 3366; x_wconf 79' lang='lat' dir='ltr'><strong>infer-</strong></span> 
     </span>
    </p>
   </div>
   <div class='ocr_carea' id='block_1_51' title="bbox 370 3390 1928 3475">
    <p class='ocr_par' dir='ltr' id='par_1_51' title="bbox 370 3390 1928 3475">
     <span class='ocr_line' id='line_1_52' title="bbox 370 3390 1928 3475; baseline 0.008 -31"><span class='ocrx_word' id='word_1_364' title='bbox 370 3408 497 3445; x_wconf 92' lang='lat' dir='ltr'><strong>num</strong></span> <span class='ocrx_word' id='word_1_365' title='bbox 526 3390 910 3460; x_wconf 75' lang='lat' dir='ltr'><strong>descendisse;</strong></span> <span class='ocrx_word' id='word_1_366' title='bbox 962 3396 1104 3465; x_wconf 74' lang='lat' dir='ltr'><strong>quod</strong></span> <span class='ocrx_word' id='word_1_367' title='bbox 1146 3399 1585 3475; x_wconf 81' lang='lat' dir='ltr'><strong>tamenpariter</strong></span> <span class='ocrx_word' id='word_1_368' title='bbox 1631 3408 1699 3475; x_wconf 68' lang='lat' dir='ltr'><strong>et,</strong></span> <span class='ocrx_word' id='word_1_369' title='bbox 1729 3414 1827 3454; x_wconf 90' lang='lat' dir='ltr'><strong>nos</strong></span> <span class='ocrx_word' id='word_1_370' title='bbox 1873 3409 1928 3457; x_wconf 84' lang='lat' dir='ltr'><strong>et</strong></span> 
     </span>
    </p>
   </div>
   <div class='ocr_carea' id='block_1_52' title="bbox 363 3481 1927 3544">
    <p class='ocr_par' dir='ltr' id='par_1_52' title="bbox 363 3481 1927 3544">
     <span class='ocr_line' id='line_1_53' title="bbox 363 3481 1927 3544; baseline 0.004 -7"><span class='ocrx_word' id='word_1_371' title='bbox 363 3481 534 3537; x_wconf 71' lang='lat' dir='ltr'><strong>Graeci</strong></span> <span class='ocrx_word' id='word_1_372' title='bbox 564 3483 852 3539; x_wconf 86' lang='lat' dir='ltr'><strong>credimus.</strong></span> <span class='ocrx_word' id='word_1_373' title='bbox 901 3484 957 3538; x_wconf 90' lang='lat' dir='ltr'><strong>Si</strong></span> <span class='ocrx_word' id='word_1_374' title='bbox 1005 3493 1183 3540; x_wconf 85' lang='lat' dir='ltr'><strong>autem</strong></span> <span class='ocrx_word' id='word_1_375' title='bbox 1228 3486 1415 3541; x_wconf 91' lang='lat' dir='ltr'><strong>dicunt</strong></span> <span class='ocrx_word' id='word_1_376' title='bbox 1456 3487 1602 3543; x_wconf 92' lang='lat' dir='ltr'><strong>nullo</strong></span> <span class='ocrx_word' id='word_1_377' title='bbox 1648 3490 1805 3544; x_wconf 92' lang='lat' dir='ltr'><strong>modo</strong></span> <span class='ocrx_word' id='word_1_378' title='bbox 1834 3490 1927 3544; x_wconf 90' lang='lat' dir='ltr'><strong>de-</strong></span> 
     </span>
    </p>
   </div>
   <div class='ocr_carea' id='block_1_53' title="bbox 363 3570 1926 3645">
    <p class='ocr_par' dir='ltr' id='par_1_53' title="bbox 363 3570 1926 3645">
     <span class='ocr_line' id='line_1_54' title="bbox 363 3570 1926 3645; baseline 0.004 -17"><span class='ocrx_word' id='word_1_379' title='bbox 363 3570 545 3628; x_wconf 82' lang='lat' dir='ltr'><strong>buisse</strong></span> <span class='ocrx_word' id='word_1_380' title='bbox 574 3573 842 3643; x_wconf 88' lang='lat' dir='ltr'><strong>corrumpi</strong></span> <span class='ocrx_word' id='word_1_381' title='bbox 876 3574 1186 3645; x_wconf 81' lang='lat' dir='ltr'><strong>Symbolum</strong></span> <span class='ocrx_word' id='word_1_382' title='bbox 1218 3584 1364 3633; x_wconf 89' lang='lat' dir='ltr'><strong>tanta</strong></span> <span class='ocrx_word' id='word_1_383' title='bbox 1411 3578 1733 3634; x_wconf 89' lang='lat' dir='ltr'><strong>auctoritate</strong></span> <span class='ocrx_word' id='word_1_384' title='bbox 1776 3588 1926 3635; x_wconf 57' lang='lat' dir='ltr'><strong>taxa-</strong></span> 
     </span>
    </p>
   </div>
   <div class='ocr_carea' id='block_1_54' title="bbox 366 3656 1924 3738">
    <p class='ocr_par' dir='ltr' id='par_1_54' title="bbox 366 3656 1924 3738">
     <span class='ocr_line' id='line_1_55' title="bbox 366 3656 1924 3738; baseline 0.008 -23"><span class='ocrx_word' id='word_1_385' title='bbox 366 3656 477 3717; x_wconf 87' lang='lat' dir='ltr'><strong>tum</strong></span> <span class='ocrx_word' id='word_1_386' title='bbox 495 3662 621 3732; x_wconf 68' lang='lat'><strong>’7&quot;,</strong></span> <span class='ocrx_word' id='word_1_387' title='bbox 646 3679 742 3719; x_wconf 91' lang='lat' dir='ltr'><strong>nos</strong></span> <span class='ocrx_word' id='word_1_388' title='bbox 773 3680 876 3719; x_wconf 90' lang='lat' dir='ltr'><strong>non</strong></span> <span class='ocrx_word' id='word_1_389' title='bbox 900 3664 1206 3732; x_wconf 73' lang='lat' dir='ltr'><strong>iudicamus</strong></span> <span class='ocrx_word' id='word_1_390' title='bbox 1233 3682 1351 3723; x_wconf 87' lang='lat' dir='ltr'><strong>esse</strong></span> <span class='ocrx_word' id='word_1_391' title='bbox 1377 3670 1774 3738; x_wconf 88' lang='lat' dir='ltr'><strong>corruptionem</strong></span> <span class='ocrx_word' id='word_1_392' title='bbox 1794 3710 1810 3736; x_wconf 88' lang='lat'><strong>,</strong></span> <span class='ocrx_word' id='word_1_393' title='bbox 1834 3673 1924 3727; x_wconf 88' lang='lat' dir='ltr'><strong>ubi</strong></span> 
     </span>
    </p>
   </div>
   <div class='ocr_carea' id='block_1_55' title="bbox 369 3753 1927 3827">
    <p class='ocr_par' dir='ltr' id='par_1_55' title="bbox 369 3753 1927 3827">
     <span class='ocr_line' id='line_1_56' title="bbox 369 3753 1927 3827; baseline 0.005 -20"><span class='ocrx_word' id='word_1_394' title='bbox 369 3753 500 3807; x_wconf 83' lang='lat' dir='ltr'><strong>nihil</strong></span> <span class='ocrx_word' id='word_1_395' title='bbox 530 3753 879 3808; x_wconf 78' lang='lat' dir='ltr'><strong>addimus“m</strong></span> <span class='ocrx_word' id='word_1_396' title='bbox 905 3756 1044 3823; x_wconf 88' lang='lat' dir='ltr'><strong>quod</strong></span> <span class='ocrx_word' id='word_1_397' title='bbox 1074 3755 1186 3821; x_wconf 88' lang='lat' dir='ltr'><strong>bis,</strong></span> <span class='ocrx_word' id='word_1_398' title='bbox 1223 3772 1341 3825; x_wconf 76' lang='lat' dir='ltr'><strong>qua:</strong></span> <span class='ocrx_word' id='word_1_399' title='bbox 1377 3759 1441 3813; x_wconf 87' lang='lat' dir='ltr'><strong>tbi</strong></span> <span class='ocrx_word' id='word_1_400' title='bbox 1476 3759 1615 3813; x_wconf 87' lang='lat' dir='ltr'><strong>dicta</strong></span> <span class='ocrx_word' id='word_1_401' title='bbox 1646 3770 1803 3827; x_wconf 85' lang='lat' dir='ltr'><strong>sunt,</strong></span> <span class='ocrx_word' id='word_1_402' title='bbox 1833 3763 1927 3815; x_wconf 85' lang='lat' dir='ltr'><strong>ad-</strong></span> 
     </span>
    </p>
   </div>
   <div class='ocr_carea' id='block_1_56' title="bbox 362 3830 1925 3918">
    <p class='ocr_par' dir='ltr' id='par_1_56' title="bbox 362 3830 1925 3918">
     <span class='ocr_line' id='line_1_57' title="bbox 362 3830 1925 3918; baseline 0.006 -21"><span class='ocrx_word' id='word_1_403' title='bbox 362 3856 630 3899; x_wconf 70' lang='lat' dir='ltr'><strong>versetur.</strong></span> <span class='ocrx_word' id='word_1_404' title='bbox 664 3845 729 3899; x_wconf 84' lang='lat' dir='ltr'><strong>Et</strong></span> <span class='ocrx_word' id='word_1_405' title='bbox 756 3845 1002 3914; x_wconf 79' lang='lat' dir='ltr'><strong>quamvis</strong></span> <span class='ocrx_word' id='word_1_406' title='bbox 1046 3845 1331 3902; x_wconf 81' lang='lat' dir='ltr'><strong>defendere</strong></span> <span class='ocrx_word' id='word_1_407' title='bbox 1371 3863 1647 3918; x_wconf 84' lang='lat' dir='ltr'><strong>possemus</strong></span> <span class='ocrx_word' id='word_1_408' title='bbox 1668 3830 1925 3906; x_wconf 58' lang='lat' dir='ltr'><strong>&quot;&quot;‘hanc</strong></span> 
     </span>
    </p>
   </div>
   <div class='ocr_carea' id='block_1_57' title="bbox 365 3933 1924 4010">
    <p class='ocr_par' dir='ltr' id='par_1_57' title="bbox 365 3933 1924 4010">
     <span class='ocr_line' id='line_1_58' title="bbox 365 3933 1924 4010; baseline 0.005 -23"><span class='ocrx_word' id='word_1_409' title='bbox 365 3933 717 4006; x_wconf 72' lang='lat' dir='ltr'><strong>adiectionem</strong></span> <span class='ocrx_word' id='word_1_410' title='bbox 748 3951 853 3990; x_wconf 93' lang='lat' dir='ltr'><strong>non</strong></span> <span class='ocrx_word' id='word_1_411' title='bbox 880 3950 996 3991; x_wconf 87' lang='lat' dir='ltr'><strong>esse</strong></span> <span class='ocrx_word' id='word_1_412' title='bbox 1024 3938 1457 4006; x_wconf 87' lang='lat' dir='ltr'><strong>corruptionem,</strong></span> <span class='ocrx_word' id='word_1_413' title='bbox 1506 3941 1549 3994; x_wconf 90' lang='lat' dir='ltr'><strong>si</strong></span> <span class='ocrx_word' id='word_1_414' title='bbox 1569 3941 1704 4010; x_wconf 54' lang='lat' dir='ltr'><strong>lquls</strong></span> <span class='ocrx_word' id='word_1_415' title='bbox 1750 3951 1924 3997; x_wconf 89' lang='lat' dir='ltr'><strong>tamen</strong></span> 
     </span>
    </p>
   </div>
   <div class='ocr_carea' id='block_1_58' title="bbox 366 4022 1925 4096">
    <p class='ocr_par' dir='ltr' id='par_1_58' title="bbox 366 4022 1925 4096">
     <span class='ocr_line' id='line_1_59' title="bbox 366 4022 1925 4096; baseline 0 -15"><span class='ocrx_word' id='word_1_416' title='bbox 366 4025 467 4081; x_wconf 80' lang='lat' dir='ltr'><strong>hoc</strong></span> <span class='ocrx_word' id='word_1_417' title='bbox 491 4022 829 4080; x_wconf 84' lang='lat' dir='ltr'><strong>contentiose</strong></span> <span class='ocrx_word' id='word_1_418' title='bbox 856 4024 1088 4079; x_wconf 89' lang='lat' dir='ltr'><strong>voluerit</strong></span> <span class='ocrx_word' id='word_1_419' title='bbox 1115 4030 1357 4080; x_wconf 85' lang='lat' dir='ltr'><strong>asserere</strong></span> <span class='ocrx_word' id='word_1_420' title='bbox 1373 4068 1387 4091; x_wconf 90' lang='lat'><strong>,</strong></span> <span class='ocrx_word' id='word_1_421' title='bbox 1415 4030 1803 4096; x_wconf 89' lang='lat' dir='ltr'><strong>respondemus</strong></span> <span class='ocrx_word' id='word_1_422' title='bbox 1827 4043 1925 4083; x_wconf 83' lang='lat' dir='ltr'><strong>nos</strong></span> 
     </span>
    </p>
   </div>
   <div class='ocr_carea' id='block_1_59' title="bbox 366 4110 1926 4180">
    <p class='ocr_par' dir='ltr' id='par_1_59' title="bbox 366 4110 1926 4180">
     <span class='ocr_line' id='line_1_60' title="bbox 366 4110 1926 4180; baseline 0.003 -15"><span class='ocrx_word' id='word_1_423' title='bbox 366 4111 495 4165; x_wconf 89' lang='lat' dir='ltr'><strong>illud</strong></span> <span class='ocrx_word' id='word_1_424' title='bbox 525 4127 632 4167; x_wconf 90' lang='lat' dir='ltr'><strong>non</strong></span> <span class='ocrx_word' id='word_1_425' title='bbox 663 4112 998 4180; x_wconf 86' lang='lat' dir='ltr'><strong>corrupisse,</strong></span> <span class='ocrx_word' id='word_1_426' title='bbox 1027 4111 1119 4166; x_wconf 88' lang='lat' dir='ltr'><strong>sed</strong></span> <span class='ocrx_word' id='word_1_427' title='bbox 1146 4110 1288 4165; x_wconf 88' lang='lat' dir='ltr'><strong>aliud</strong></span> <span class='ocrx_word' id='word_1_428' title='bbox 1324 4128 1520 4166; x_wconf 87' lang='lat' dir='ltr'><strong>novum</strong></span> <span class='ocrx_word' id='word_1_429' title='bbox 1552 4115 1786 4169; x_wconf 89' lang='lat' dir='ltr'><strong>edidisse</strong></span> <span class='ocrx_word' id='word_1_430' title='bbox 1816 4132 1831 4167; x_wconf 88' lang='lat'><strong>:</strong></span> <span class='ocrx_word' id='word_1_431' title='bbox 1862 4116 1926 4170; x_wconf 84' lang='lat' dir='ltr'><strong>il-</strong></span> 
     </span>
    </p>
   </div>
   <div class='ocr_carea' id='block_1_60' title="bbox 302 4198 1925 4269">
    <p class='ocr_par' dir='ltr' id='par_1_60' title="bbox 302 4198 1925 4269">
     <span class='ocr_line' id='line_1_61' title="bbox 302 4198 1925 4269; baseline 0.006 -22"><span class='ocrx_word' id='word_1_432' title='bbox 302 4244 305 4247; x_wconf 89' lang='lat'><strong>.</strong></span> <span class='ocrx_word' id='word_1_433' title='bbox 362 4200 452 4252; x_wconf 83' lang='lat' dir='ltr'><strong>iud</strong></span> <span class='ocrx_word' id='word_1_434' title='bbox 475 4198 620 4254; x_wconf 88' lang='lat' dir='ltr'><strong>enim</strong></span> <span class='ocrx_word' id='word_1_435' title='bbox 646 4200 940 4253; x_wconf 86' lang='lat' dir='ltr'><strong>secundum</strong></span> <span class='ocrx_word' id='word_1_436' title='bbox 962 4199 1051 4231; x_wconf 72' lang='grc' dir='ltr'><strong>νηί</strong></span> <span class='ocrx_word' id='word_1_437' title='bbox 1076 4200 1456 4269; x_wconf 82' lang='lat' dir='ltr'><strong>proprietatem</strong></span> <span class='ocrx_word' id='word_1_438' title='bbox 1488 4200 1659 4256; x_wconf 62' lang='lat' dir='ltr'><strong>Graeci</strong></span> <span class='ocrx_word' id='word_1_439' title='bbox 1686 4203 1925 4257; x_wconf 82' lang='lat' dir='ltr'><strong>dictumi-</strong></span> 
     </span>
    </p>
   </div>
   <div class='ocr_carea' id='block_1_61' title="bbox 362 4287 1927 4365">
    <p class='ocr_par' dir='ltr' id='par_1_61' title="bbox 362 4287 1927 4365">
     <span class='ocr_line' id='line_1_62' title="bbox 362 4287 1927 4365; baseline 0.003 -22"><span class='ocrx_word' id='word_1_440' title='bbox 362 4291 450 4343; x_wconf 86' lang='lat' dir='ltr'><strong>nis</strong></span> <span class='ocrx_word' id='word_1_441' title='bbox 480 4288 795 4342; x_wconf 86' lang='lat' dir='ltr'><strong>translatum</strong></span> <span class='ocrx_word' id='word_1_442' title='bbox 814 4328 830 4353; x_wconf 85' lang='lat'><strong>,</strong></span> <span class='ocrx_word' id='word_1_443' title='bbox 859 4302 978 4343; x_wconf 90' lang='lat' dir='ltr'><strong>cum</strong></span> <span class='ocrx_word' id='word_1_444' title='bbox 1007 4287 1114 4343; x_wconf 80' lang='lat' dir='ltr'><strong>illis</strong></span> <span class='ocrx_word' id='word_1_445' title='bbox 1141 4289 1405 4365; x_wconf 76' lang='lat' dir='ltr'><strong>integrum</strong></span> <span class='ocrx_word' id='word_1_446' title='bbox 1453 4306 1727 4345; x_wconf 81' lang='lat' dir='ltr'><strong>servamus</strong></span> <span class='ocrx_word' id='word_1_447' title='bbox 1754 4302 1808 4345; x_wconf 89' lang='lat' dir='ltr'><strong>et</strong></span> <span class='ocrx_word' id='word_1_448' title='bbox 1833 4307 1927 4347; x_wconf 87' lang='lat' dir='ltr'><strong>ve-</strong></span> 
     </span>
    </p>
   </div>
   <div class='ocr_carea' id='block_1_62' title="bbox 2028 1857 3589 1933">
    <p class='ocr_par' dir='ltr' id='par_1_62' title="bbox 2028 1857 3589 1933">
     <span class='ocr_line' id='line_1_63' title="bbox 2028 1857 3589 1933; baseline 0 -11"><span class='ocrx_word' id='word_1_449' title='bbox 2028 1869 2189 1922; x_wconf 89' lang='lat' dir='ltr'><strong>ritum</strong></span> <span class='ocrx_word' id='word_1_450' title='bbox 2237 1878 2481 1923; x_wconf 88' lang='lat' dir='ltr'><strong>sanctum</strong></span> <span class='ocrx_word' id='word_1_451' title='bbox 2513 1857 2634 1922; x_wconf 86' lang='lat' dir='ltr'><strong>esse</strong></span> <span class='ocrx_word' id='word_1_452' title='bbox 2679 1867 2746 1923; x_wconf 90' lang='lat' dir='ltr'><strong>de</strong></span> <span class='ocrx_word' id='word_1_453' title='bbox 2792 1867 2926 1922; x_wconf 89' lang='lat' dir='ltr'><strong>Filio</strong></span> <span class='ocrx_word' id='word_1_454' title='bbox 2947 1908 2961 1932; x_wconf 91' lang='lat'><strong>,</strong></span> <span class='ocrx_word' id='word_1_455' title='bbox 2992 1868 3147 1923; x_wconf 85' lang='lat' dir='ltr'><strong>sicuti</strong></span> <span class='ocrx_word' id='word_1_456' title='bbox 3191 1879 3277 1923; x_wconf 85' lang='lat' dir='ltr'><strong>est</strong></span> <span class='ocrx_word' id='word_1_457' title='bbox 3306 1867 3372 1924; x_wconf 87' lang='lat' dir='ltr'><strong>de</strong></span> <span class='ocrx_word' id='word_1_458' title='bbox 3401 1866 3589 1933; x_wconf 76' lang='lat' dir='ltr'><strong>Patre;</strong></span> 
     </span>
    </p>
   </div>
   <div class='ocr_carea' id='block_1_63' title="bbox 2026 1956 3592 2028">
    <p class='ocr_par' dir='ltr' id='par_1_63' title="bbox 2026 1956 3592 2028">
     <span class='ocr_line' id='line_1_64' title="bbox 2026 1956 3592 2028; baseline -0.001 -16"><span class='ocrx_word' id='word_1_459' title='bbox 2026 1972 2126 2013; x_wconf 89' lang='lat' dir='ltr'><strong>nec</strong></span> <span class='ocrx_word' id='word_1_460' title='bbox 2157 1967 2337 2012; x_wconf 88' lang='lat' dir='ltr'><strong>tamen</strong></span> <span class='ocrx_word' id='word_1_461' title='bbox 2362 1973 2481 2013; x_wconf 91' lang='lat' dir='ltr'><strong>esse</strong></span> <span class='ocrx_word' id='word_1_462' title='bbox 2512 1958 2664 2028; x_wconf 88' lang='lat' dir='ltr'><strong>quasi</strong></span> <span class='ocrx_word' id='word_1_463' title='bbox 2680 1984 2685 1999; x_wconf 73' lang='grc' dir='ltr'>π</span> <span class='ocrx_word' id='word_1_464' title='bbox 2703 1958 2766 2012; x_wconf 90' lang='lat' dir='ltr'><strong>de</strong></span> <span class='ocrx_word' id='word_1_465' title='bbox 2794 1957 3002 2013; x_wconf 91' lang='lat' dir='ltr'><strong>duobus</strong></span> <span class='ocrx_word' id='word_1_466' title='bbox 3026 1957 3275 2021; x_wconf 82' lang='lat' dir='ltr'><strong>diversis,</strong></span> <span class='ocrx_word' id='word_1_467' title='bbox 3299 1956 3391 2012; x_wconf 88' lang='lat' dir='ltr'><strong>sed</strong></span> <span class='ocrx_word' id='word_1_468' title='bbox 3432 1956 3592 2026; x_wconf 82' lang='lat' dir='ltr'><strong>quasi</strong></span> 
     </span>
    </p>
   </div>
   <div class='ocr_carea' id='block_1_64' title="bbox 2026 2046 3592 2117">
    <p class='ocr_par' dir='ltr' id='par_1_64' title="bbox 2026 2046 3592 2117">
     <span class='ocr_line' id='line_1_65' title="bbox 2026 2046 3592 2117; baseline -0.003 -14"><span class='ocrx_word' id='word_1_469' title='bbox 2026 2049 2092 2103; x_wconf 92' lang='lat' dir='ltr'><strong>de</strong></span> <span class='ocrx_word' id='word_1_470' title='bbox 2121 2063 2231 2103; x_wconf 94' lang='lat' dir='ltr'><strong>uno</strong></span> <span class='ocrx_word' id='word_1_471' title='bbox 2249 2048 2361 2101; x_wconf 80' lang='lat'><strong>&quot;&quot;.</strong></span> <span class='ocrx_word' id='word_1_472' title='bbox 2395 2048 2473 2103; x_wconf 80' lang='lat' dir='ltr'><strong>Ex</strong></span> <span class='ocrx_word' id='word_1_473' title='bbox 2506 2063 2572 2103; x_wconf 91' lang='lat' dir='ltr'><strong>eo</strong></span> <span class='ocrx_word' id='word_1_474' title='bbox 2598 2048 2767 2115; x_wconf 89' lang='lat' dir='ltr'><strong>enim,</strong></span> <span class='ocrx_word' id='word_1_475' title='bbox 2800 2047 2942 2117; x_wconf 89' lang='lat' dir='ltr'><strong>quod</strong></span> <span class='ocrx_word' id='word_1_476' title='bbox 2966 2046 3127 2103; x_wconf 88' lang='lat' dir='ltr'><strong>Pater</strong></span> <span class='ocrx_word' id='word_1_477' title='bbox 3151 2058 3202 2101; x_wconf 92' lang='lat' dir='ltr'><strong>et</strong></span> <span class='ocrx_word' id='word_1_478' title='bbox 3230 2046 3397 2102; x_wconf 83' lang='lat' dir='ltr'><strong>Filius</strong></span> <span class='ocrx_word' id='word_1_479' title='bbox 3424 2061 3592 2100; x_wconf 90' lang='lat' dir='ltr'><strong>unum</strong></span> 
     </span>
    </p>
   </div>
   <div class='ocr_carea' id='block_1_65' title="bbox 2024 2138 3593 2208">
    <p class='ocr_par' dir='ltr' id='par_1_65' title="bbox 2024 2138 3593 2208">
     <span class='ocr_line' id='line_1_66' title="bbox 2024 2138 3593 2208; baseline -0.003 -14"><span class='ocrx_word' id='word_1_480' title='bbox 2024 2148 2181 2203; x_wconf 88' lang='lat' dir='ltr'><strong>sunt,</strong></span> <span class='ocrx_word' id='word_1_481' title='bbox 2214 2139 2264 2193; x_wconf 92' lang='lat' dir='ltr'><strong>id</strong></span> <span class='ocrx_word' id='word_1_482' title='bbox 2295 2147 2379 2194; x_wconf 89' lang='lat' dir='ltr'><strong>est</strong></span> <span class='ocrx_word' id='word_1_483' title='bbox 2423 2156 2489 2194; x_wconf 80' lang='lat' dir='ltr'><strong>ex</strong></span> <span class='ocrx_word' id='word_1_484' title='bbox 2522 2138 2661 2205; x_wconf 88' lang='lat' dir='ltr'><strong>Deo,</strong></span> <span class='ocrx_word' id='word_1_485' title='bbox 2691 2149 2775 2194; x_wconf 90' lang='lat' dir='ltr'><strong>est</strong></span> <span class='ocrx_word' id='word_1_486' title='bbox 2816 2139 3047 2208; x_wconf 85' lang='lat' dir='ltr'><strong>Spiritus</strong></span> <span class='ocrx_word' id='word_1_487' title='bbox 3093 2147 3347 2203; x_wconf 84' lang='lat' dir='ltr'><strong>sanctus;</strong></span> <span class='ocrx_word' id='word_1_488' title='bbox 3392 2153 3496 2192; x_wconf 90' lang='lat' dir='ltr'><strong>non</strong></span> <span class='ocrx_word' id='word_1_489' title='bbox 3523 2152 3593 2190; x_wconf 75' lang='lat' dir='ltr'><strong>ex</strong></span> 
     </span>
    </p>
   </div>
   <div class='ocr_carea' id='block_1_66' title="bbox 2025 2216 3591 2299">
    <p class='ocr_par' dir='ltr' id='par_1_66' title="bbox 2025 2216 3591 2299">
     <span class='ocr_line' id='line_1_67' title="bbox 2025 2216 3591 2299; baseline -0.004 -13"><span class='ocrx_word' id='word_1_490' title='bbox 2025 2244 2120 2293; x_wconf 89' lang='lat' dir='ltr'><strong>eo.</strong></span> <span class='ocrx_word' id='word_1_491' title='bbox 2154 2230 2294 2285; x_wconf 90' lang='lat' dir='ltr'><strong>unde</strong></span> <span class='ocrx_word' id='word_1_492' title='bbox 2325 2230 2415 2284; x_wconf 85' lang='lat' dir='ltr'><strong>alii</strong></span> <span class='ocrx_word' id='word_1_493' title='bbox 2448 2216 2574 2285; x_wconf 85' lang='lat' dir='ltr'><strong>sunt</strong></span> <span class='ocrx_word' id='word_1_494' title='bbox 2604 2230 2673 2285; x_wconf 89' lang='lat' dir='ltr'><strong>ab</strong></span> <span class='ocrx_word' id='word_1_495' title='bbox 2704 2230 2932 2285; x_wconf 76' lang='lat' dir='ltr'><strong>invicem</strong></span> <span class='ocrx_word' id='word_1_496' title='bbox 2954 2270 2971 2295; x_wconf 89' lang='lat'><strong>,</strong></span> <span class='ocrx_word' id='word_1_497' title='bbox 3000 2228 3093 2284; x_wconf 89' lang='lat' dir='ltr'><strong>sed</strong></span> <span class='ocrx_word' id='word_1_498' title='bbox 3124 2229 3378 2299; x_wconf 83' lang='lat' dir='ltr'><strong>quoniam</strong></span> <span class='ocrx_word' id='word_1_499' title='bbox 3419 2227 3591 2291; x_wconf 86' lang='lat' dir='ltr'><strong>Deus,</strong></span> 
     </span>
    </p>
   </div>
   <div class='ocr_carea' id='block_1_67' title="bbox 2026 2313 3590 2395">
    <p class='ocr_par' dir='ltr' id='par_1_67' title="bbox 2026 2313 3590 2395">
     <span class='ocr_line' id='line_1_68' title="bbox 2026 2313 3590 2395; baseline -0.004 -22"><span class='ocrx_word' id='word_1_500' title='bbox 2026 2320 2093 2373; x_wconf 89' lang='lat' dir='ltr'><strong>de</strong></span> <span class='ocrx_word' id='word_1_501' title='bbox 2138 2334 2247 2389; x_wconf 89' lang='lat' dir='ltr'><strong>quo</strong></span> <span class='ocrx_word' id='word_1_502' title='bbox 2286 2326 2372 2374; x_wconf 83' lang='lat' dir='ltr'><strong>est</strong></span> <span class='ocrx_word' id='word_1_503' title='bbox 2421 2318 2656 2388; x_wconf 86' lang='lat' dir='ltr'><strong>Spiritus</strong></span> <span class='ocrx_word' id='word_1_504' title='bbox 2694 2328 2948 2395; x_wconf 84' lang='lat' dir='ltr'><strong>sanctus,</strong></span> <span class='ocrx_word' id='word_1_505' title='bbox 2980 2327 3063 2372; x_wconf 89' lang='lat' dir='ltr'><strong>est</strong></span> <span class='ocrx_word' id='word_1_506' title='bbox 3110 2317 3264 2371; x_wconf 84' lang='lat' dir='ltr'><strong>Pater</strong></span> <span class='ocrx_word' id='word_1_507' title='bbox 3293 2324 3349 2371; x_wconf 91' lang='lat' dir='ltr'><strong>et</strong></span> <span class='ocrx_word' id='word_1_508' title='bbox 3394 2313 3590 2395; x_wconf 79' lang='lat' dir='ltr'><strong>Filius;</strong></span> 
     </span>
    </p>
   </div>
   <div class='ocr_carea' id='block_1_68' title="bbox 2026 2394 3595 2476">
    <p class='ocr_par' dir='ltr' id='par_1_68' title="bbox 2026 2394 3595 2476">
     <span class='ocr_line' id='line_1_69' title="bbox 2026 2394 3595 2476; baseline -0.004 -14"><span class='ocrx_word' id='word_1_509' title='bbox 2026 2408 2231 2465; x_wconf 86' lang='lat' dir='ltr'><strong>idcirco</strong></span> <span class='ocrx_word' id='word_1_510' title='bbox 2260 2423 2389 2463; x_wconf 81' lang='lat' dir='ltr'><strong>vere</strong></span> <span class='ocrx_word' id='word_1_511' title='bbox 2420 2408 2618 2474; x_wconf 75' lang='lat' dir='ltr'><strong>dicitur</strong></span> <span class='ocrx_word' id='word_1_512' title='bbox 2643 2423 2764 2464; x_wconf 86' lang='lat' dir='ltr'><strong>esse</strong></span> <span class='ocrx_word' id='word_1_513' title='bbox 2789 2409 2853 2464; x_wconf 87' lang='lat' dir='ltr'><strong>de</strong></span> <span class='ocrx_word' id='word_1_514' title='bbox 2880 2408 3041 2462; x_wconf 87' lang='lat' dir='ltr'><strong>Patre</strong></span> <span class='ocrx_word' id='word_1_515' title='bbox 3073 2417 3129 2463; x_wconf 83' lang='lat' dir='ltr'><strong>et</strong></span> <span class='ocrx_word' id='word_1_516' title='bbox 3158 2406 3295 2462; x_wconf 73' lang='grc' dir='ltr'>ιείιιο</span> <span class='ocrx_word' id='word_1_517' title='bbox 3312 2444 3329 2472; x_wconf 83' lang='grc'><strong><em>,</em></strong></span> <span class='ocrx_word' id='word_1_518' title='bbox 3359 2402 3451 2476; x_wconf 88' lang='lat' dir='ltr'><strong>qui</strong></span> <span class='ocrx_word' id='word_1_519' title='bbox 3485 2394 3595 2456; x_wconf 83' lang='lat' dir='ltr'><strong>duo</strong></span> 
     </span>
    </p>
   </div>
   <div class='ocr_carea' id='block_1_69' title="bbox 2026 2492 3689 2566">
    <p class='ocr_par' dir='ltr' id='par_1_69' title="bbox 2026 2492 3689 2566">
     <span class='ocr_line' id='line_1_70' title="bbox 2026 2492 3689 2566; baseline -0.004 -14"><span class='ocrx_word' id='word_1_520' title='bbox 2026 2506 2172 2552; x_wconf 87' lang='lat' dir='ltr'><strong>sunt.</strong></span> <span class='ocrx_word' id='word_1_521' title='bbox 2207 2496 2273 2552; x_wconf 81' lang='lat' dir='ltr'><strong>Et</strong></span> <span class='ocrx_word' id='word_1_522' title='bbox 2300 2498 2556 2566; x_wconf 89' lang='lat' dir='ltr'><strong>quoniam</strong></span> <span class='ocrx_word' id='word_1_523' title='bbox 2584 2498 2742 2553; x_wconf 87' lang='lat' dir='ltr'><strong>Pater</strong></span> <span class='ocrx_word' id='word_1_524' title='bbox 2768 2512 2873 2553; x_wconf 89' lang='lat' dir='ltr'><strong>non</strong></span> <span class='ocrx_word' id='word_1_525' title='bbox 2919 2507 3002 2553; x_wconf 89' lang='lat' dir='ltr'><strong>est</strong></span> <span class='ocrx_word' id='word_1_526' title='bbox 3026 2498 3177 2566; x_wconf 89' lang='lat' dir='ltr'><strong>prior</strong></span> <span class='ocrx_word' id='word_1_527' title='bbox 3206 2506 3295 2550; x_wconf 91' lang='lat' dir='ltr'><strong>aut</strong></span> <span class='ocrx_word' id='word_1_528' title='bbox 3326 2492 3595 2566; x_wconf 87' lang='lat' dir='ltr'><strong>posterior</strong></span> <span class='ocrx_word' id='word_1_529' title='bbox 3688 2530 3689 2537; x_wconf 58' lang='grc' dir='ltr'><strong>η</strong></span> 
     </span>
    </p>
   </div>
   <div class='ocr_carea' id='block_1_70' title="bbox 2027 2582 3596 2656">
    <p class='ocr_par' dir='ltr' id='par_1_70' title="bbox 2027 2582 3596 2656">
     <span class='ocr_line' id='line_1_71' title="bbox 2027 2582 3596 2656; baseline -0.002 -16"><span class='ocrx_word' id='word_1_530' title='bbox 2027 2585 2192 2650; x_wconf 83' lang='lat' dir='ltr'><strong>Filio,</strong></span> <span class='ocrx_word' id='word_1_531' title='bbox 2234 2595 2327 2640; x_wconf 83' lang='lat' dir='ltr'><strong>aut</strong></span> <span class='ocrx_word' id='word_1_532' title='bbox 2372 2586 2541 2656; x_wconf 81' lang='lat' dir='ltr'><strong>major</strong></span> <span class='ocrx_word' id='word_1_533' title='bbox 2589 2596 2683 2641; x_wconf 91' lang='lat' dir='ltr'><strong>aut</strong></span> <span class='ocrx_word' id='word_1_534' title='bbox 2718 2587 2915 2651; x_wconf 86' lang='lat' dir='ltr'><strong>minor.</strong></span> <span class='ocrx_word' id='word_1_535' title='bbox 2962 2601 3061 2641; x_wconf 89' lang='lat' dir='ltr'><strong>uec</strong></span> <span class='ocrx_word' id='word_1_536' title='bbox 3109 2586 3246 2640; x_wconf 89' lang='lat' dir='ltr'><strong>alter</strong></span> <span class='ocrx_word' id='word_1_537' title='bbox 3278 2582 3451 2654; x_wconf 75' lang='lat' dir='ltr'><strong>magis</strong></span> <span class='ocrx_word' id='word_1_538' title='bbox 3501 2588 3596 2637; x_wconf 77' lang='lat' dir='ltr'><strong>aut</strong></span> 
     </span>
    </p>
   </div>
   <div class='ocr_carea' id='block_1_71' title="bbox 2027 2660 3595 2746">
    <p class='ocr_par' dir='ltr' id='par_1_71' title="bbox 2027 2660 3595 2746">
     <span class='ocr_line' id='line_1_72' title="bbox 2027 2660 3595 2746; baseline -0.003 -17"><span class='ocrx_word' id='word_1_539' title='bbox 2027 2675 2209 2733; x_wconf 88' lang='lat' dir='ltr'><strong>minus</strong></span> <span class='ocrx_word' id='word_1_540' title='bbox 2234 2684 2316 2731; x_wconf 87' lang='lat' dir='ltr'><strong>est</strong></span> <span class='ocrx_word' id='word_1_541' title='bbox 2333 2660 2480 2731; x_wconf 70' lang='lat' dir='ltr'><strong>bene</strong></span> <span class='ocrx_word' id='word_1_542' title='bbox 2509 2691 2672 2746; x_wconf 87' lang='lat' dir='ltr'><strong>quam</strong></span> <span class='ocrx_word' id='word_1_543' title='bbox 2707 2676 2842 2731; x_wconf 91' lang='lat' dir='ltr'><strong>alter</strong></span> <span class='ocrx_word' id='word_1_544' title='bbox 2875 2692 2888 2729; x_wconf 87' lang='lat'><strong>:</strong></span> <span class='ocrx_word' id='word_1_545' title='bbox 2921 2692 3026 2731; x_wconf 92' lang='lat' dir='ltr'><strong>non</strong></span> <span class='ocrx_word' id='word_1_546' title='bbox 3072 2684 3155 2730; x_wconf 91' lang='lat' dir='ltr'><strong>est</strong></span> <span class='ocrx_word' id='word_1_547' title='bbox 3204 2673 3438 2743; x_wconf 86' lang='lat' dir='ltr'><strong>Spiritus</strong></span> <span class='ocrx_word' id='word_1_548' title='bbox 3463 2686 3595 2726; x_wconf 72' lang='lat' dir='ltr'><strong>san-</strong></span> 
     </span>
    </p>
   </div>
   <div class='ocr_carea' id='block_1_72' title="bbox 2026 2762 3593 2839">
    <p class='ocr_par' dir='ltr' id='par_1_72' title="bbox 2026 2762 3593 2839">
     <span class='ocr_line' id='line_1_73' title="bbox 2026 2762 3593 2839; baseline -0.004 -16"><span class='ocrx_word' id='word_1_549' title='bbox 2026 2776 2147 2824; x_wconf 88' lang='lat' dir='ltr'><strong>ctus</strong></span> <span class='ocrx_word' id='word_1_550' title='bbox 2171 2767 2322 2839; x_wconf 88' lang='lat' dir='ltr'><strong>prius</strong></span> <span class='ocrx_word' id='word_1_551' title='bbox 2362 2767 2429 2823; x_wconf 86' lang='lat' dir='ltr'><strong>de</strong></span> <span class='ocrx_word' id='word_1_552' title='bbox 2471 2767 2671 2836; x_wconf 83' lang='lat' dir='ltr'><strong>Patre,</strong></span> <span class='ocrx_word' id='word_1_553' title='bbox 2698 2783 2859 2839; x_wconf 89' lang='lat' dir='ltr'><strong>quam</strong></span> <span class='ocrx_word' id='word_1_554' title='bbox 2903 2766 2969 2823; x_wconf 91' lang='lat' dir='ltr'><strong>de</strong></span> <span class='ocrx_word' id='word_1_555' title='bbox 3014 2767 3180 2833; x_wconf 83' lang='lat' dir='ltr'><strong>Filio;</strong></span> <span class='ocrx_word' id='word_1_556' title='bbox 3212 2780 3311 2820; x_wconf 87' lang='lat' dir='ltr'><strong>nec</strong></span> <span class='ocrx_word' id='word_1_557' title='bbox 3332 2764 3403 2820; x_wconf 86' lang='lat' dir='ltr'><strong>de</strong></span> <span class='ocrx_word' id='word_1_558' title='bbox 3426 2762 3593 2829; x_wconf 77' lang='lat' dir='ltr'><strong>Filio,</strong></span> 
     </span>
    </p>
   </div>
   <div class='ocr_carea' id='block_1_73' title="bbox 2027 2853 3596 2926">
    <p class='ocr_par' dir='ltr' id='par_1_73' title="bbox 2027 2853 3596 2926">
     <span class='ocr_line' id='line_1_74' title="bbox 2027 2853 3596 2926; baseline -0.002 -15"><span class='ocrx_word' id='word_1_559' title='bbox 2027 2872 2189 2926; x_wconf 76' lang='lat' dir='ltr'><strong>quam</strong></span> <span class='ocrx_word' id='word_1_560' title='bbox 2216 2858 2281 2913; x_wconf 91' lang='lat' dir='ltr'><strong>de</strong></span> <span class='ocrx_word' id='word_1_561' title='bbox 2312 2856 2503 2924; x_wconf 80' lang='lat' dir='ltr'><strong>Patre;</strong></span> <span class='ocrx_word' id='word_1_562' title='bbox 2538 2872 2639 2913; x_wconf 87' lang='lat' dir='ltr'><strong>nec</strong></span> <span class='ocrx_word' id='word_1_563' title='bbox 2683 2855 2857 2925; x_wconf 84' lang='lat' dir='ltr'><strong>major</strong></span> <span class='ocrx_word' id='word_1_564' title='bbox 2890 2871 2989 2911; x_wconf 89' lang='lat' dir='ltr'><strong>nec</strong></span> <span class='ocrx_word' id='word_1_565' title='bbox 3031 2858 3207 2911; x_wconf 90' lang='lat' dir='ltr'><strong>minor</strong></span> <span class='ocrx_word' id='word_1_566' title='bbox 3233 2863 3316 2910; x_wconf 89' lang='lat' dir='ltr'><strong>est</strong></span> <span class='ocrx_word' id='word_1_567' title='bbox 3356 2853 3596 2909; x_wconf 73' lang='lat' dir='ltr'><strong>existens</strong></span> 
     </span>
    </p>
   </div>
   <div class='ocr_carea' id='block_1_74' title="bbox 2027 2944 3597 3017">
    <p class='ocr_par' dir='ltr' id='par_1_74' title="bbox 2027 2944 3597 3017">
     <span class='ocr_line' id='line_1_75' title="bbox 2027 2944 3597 3017; baseline -0.003 -14"><span class='ocrx_word' id='word_1_568' title='bbox 2027 2947 2092 3003; x_wconf 89' lang='lat' dir='ltr'><strong>de</strong></span> <span class='ocrx_word' id='word_1_569' title='bbox 2118 2946 2309 3013; x_wconf 84' lang='lat' dir='ltr'><strong>Patre,</strong></span> <span class='ocrx_word' id='word_1_570' title='bbox 2360 2963 2523 3017; x_wconf 87' lang='lat' dir='ltr'><strong>quam</strong></span> <span class='ocrx_word' id='word_1_571' title='bbox 2554 2944 2794 3003; x_wconf 80' lang='lat' dir='ltr'><strong>existens</strong></span> <span class='ocrx_word' id='word_1_572' title='bbox 2827 2947 2893 3002; x_wconf 92' lang='lat' dir='ltr'><strong>de</strong></span> <span class='ocrx_word' id='word_1_573' title='bbox 2932 2946 3101 3014; x_wconf 82' lang='lat' dir='ltr'><strong>Filio;</strong></span> <span class='ocrx_word' id='word_1_574' title='bbox 3149 2963 3248 3002; x_wconf 89' lang='lat' dir='ltr'><strong>nec</strong></span> <span class='ocrx_word' id='word_1_575' title='bbox 3283 2945 3455 3017; x_wconf 73' lang='lat' dir='ltr'><strong>magis</strong></span> <span class='ocrx_word' id='word_1_576' title='bbox 3496 2959 3597 3001; x_wconf 86' lang='lat' dir='ltr'><strong>nec</strong></span> 
     </span>
    </p>
   </div>
   <div class='ocr_carea' id='block_1_75' title="bbox 2013 3035 3594 3113">
    <p class='ocr_par' dir='ltr' id='par_1_75' title="bbox 2013 3035 3594 3113">
     <span class='ocr_line' id='line_1_76' title="bbox 2013 3035 3594 3113; baseline -0.002 -21"><span class='ocrx_word' id='word_1_577' title='bbox 2013 3036 2209 3113; x_wconf 73' lang='lat' dir='ltr'><strong>minus</strong></span> <span class='ocrx_word' id='word_1_578' title='bbox 2229 3044 2310 3091; x_wconf 89' lang='lat' dir='ltr'><strong>est</strong></span> <span class='ocrx_word' id='word_1_579' title='bbox 2339 3036 2405 3091; x_wconf 88' lang='lat' dir='ltr'><strong>de</strong></span> <span class='ocrx_word' id='word_1_580' title='bbox 2430 3052 2567 3103; x_wconf 89' lang='lat' dir='ltr'><strong>uno,</strong></span> <span class='ocrx_word' id='word_1_581' title='bbox 2593 3052 2755 3107; x_wconf 90' lang='lat' dir='ltr'><strong>quam</strong></span> <span class='ocrx_word' id='word_1_582' title='bbox 2780 3038 2845 3092; x_wconf 90' lang='lat' dir='ltr'><strong>de</strong></span> <span class='ocrx_word' id='word_1_583' title='bbox 2867 3035 3057 3093; x_wconf 83' lang='lat' dir='ltr'><strong>altero.</strong></span> <span class='ocrx_word' id='word_1_584' title='bbox 3089 3036 3221 3091; x_wconf 85' lang='lat' dir='ltr'><strong>Nam</strong></span> <span class='ocrx_word' id='word_1_585' title='bbox 3252 3036 3297 3090; x_wconf 92' lang='lat' dir='ltr'><strong>si</strong></span> <span class='ocrx_word' id='word_1_586' title='bbox 3327 3039 3478 3107; x_wconf 81' lang='lat' dir='ltr'><strong>prius</strong></span> <span class='ocrx_word' id='word_1_587' title='bbox 3500 3042 3594 3089; x_wconf 86' lang='lat' dir='ltr'><strong>aut</strong></span> 
     </span>
    </p>
   </div>
   <div class='ocr_carea' id='block_1_76' title="bbox 2032 3126 3595 3198">
    <p class='ocr_par' dir='ltr' id='par_1_76' title="bbox 2032 3126 3595 3198">
     <span class='ocr_line' id='line_1_77' title="bbox 2032 3126 3595 3198; baseline 0.003 -18"><span class='ocrx_word' id='word_1_588' title='bbox 2032 3136 2184 3196; x_wconf 72' lang='lat' dir='ltr'><strong>post,</strong></span> <span class='ocrx_word' id='word_1_589' title='bbox 2208 3126 2403 3181; x_wconf 76' lang='lat' dir='ltr'><strong>vel”&quot;</strong></span> <span class='ocrx_word' id='word_1_590' title='bbox 2429 3127 2604 3197; x_wconf 84' lang='lat' dir='ltr'><strong>major</strong></span> <span class='ocrx_word' id='word_1_591' title='bbox 2629 3127 2710 3182; x_wconf 84' lang='lat' dir='ltr'><strong>vel</strong></span> <span class='ocrx_word' id='word_1_592' title='bbox 2738 3127 2937 3192; x_wconf 78' lang='lat' dir='ltr'><strong>minor,</strong></span> <span class='ocrx_word' id='word_1_593' title='bbox 2964 3137 3058 3182; x_wconf 89' lang='lat' dir='ltr'><strong>aut</strong></span> <span class='ocrx_word' id='word_1_594' title='bbox 3098 3128 3265 3198; x_wconf 81' lang='lat' dir='ltr'><strong>magis</strong></span> <span class='ocrx_word' id='word_1_595' title='bbox 3296 3138 3390 3181; x_wconf 88' lang='lat' dir='ltr'><strong>aut</strong></span> <span class='ocrx_word' id='word_1_596' title='bbox 3416 3128 3595 3184; x_wconf 87' lang='lat' dir='ltr'><strong>minus</strong></span> 
     </span>
    </p>
   </div>
   <div class='ocr_carea' id='block_1_77' title="bbox 2030 3216 3592 3286">
    <p class='ocr_par' dir='ltr' id='par_1_77' title="bbox 2030 3216 3592 3286">
     <span class='ocr_line' id='line_1_78' title="bbox 2030 3216 3592 3286; baseline 0.001 -16"><span class='ocrx_word' id='word_1_597' title='bbox 2030 3216 2097 3270; x_wconf 89' lang='lat' dir='ltr'><strong>de</strong></span> <span class='ocrx_word' id='word_1_598' title='bbox 2123 3230 2232 3270; x_wconf 89' lang='lat' dir='ltr'><strong>uno</strong></span> <span class='ocrx_word' id='word_1_599' title='bbox 2259 3222 2402 3271; x_wconf 86' lang='lat' dir='ltr'><strong>esset</strong></span> <span class='ocrx_word' id='word_1_600' title='bbox 2427 3230 2589 3285; x_wconf 89' lang='lat' dir='ltr'><strong>quam</strong></span> <span class='ocrx_word' id='word_1_601' title='bbox 2628 3217 2692 3271; x_wconf 90' lang='lat' dir='ltr'><strong>de</strong></span> <span class='ocrx_word' id='word_1_602' title='bbox 2719 3216 2921 3281; x_wconf 89' lang='lat' dir='ltr'><strong>altero,</strong></span> <span class='ocrx_word' id='word_1_603' title='bbox 2955 3231 3019 3271; x_wconf 78' lang='lat' dir='ltr'><strong>ex</strong></span> <span class='ocrx_word' id='word_1_604' title='bbox 3050 3217 3370 3275; x_wconf 81' lang='lat' dir='ltr'><strong>necessitate</strong></span> <span class='ocrx_word' id='word_1_605' title='bbox 3400 3232 3592 3286; x_wconf 82' lang='lat' dir='ltr'><strong>seque-</strong></span> 
     </span>
    </p>
   </div>
   <div class='ocr_carea' id='block_1_78' title="bbox 2030 3303 3594 3376">
    <p class='ocr_par' dir='ltr' id='par_1_78' title="bbox 2030 3303 3594 3376">
     <span class='ocr_line' id='line_1_79' title="bbox 2030 3303 3594 3376; baseline 0.002 -18"><span class='ocrx_word' id='word_1_606' title='bbox 2030 3312 2185 3359; x_wconf 89' lang='lat' dir='ltr'><strong>retur</strong></span> <span class='ocrx_word' id='word_1_607' title='bbox 2206 3313 2267 3358; x_wconf 89' lang='lat' dir='ltr'><strong>ut</strong></span> <span class='ocrx_word' id='word_1_608' title='bbox 2296 3312 2391 3358; x_wconf 80' lang='lat' dir='ltr'><strong>aut</strong></span> <span class='ocrx_word' id='word_1_609' title='bbox 2425 3303 2659 3376; x_wconf 81' lang='lat' dir='ltr'><strong>Spiritus</strong></span> <span class='ocrx_word' id='word_1_610' title='bbox 2688 3313 2904 3361; x_wconf 90' lang='lat' dir='ltr'><strong>sanctus</strong></span> <span class='ocrx_word' id='word_1_611' title='bbox 2939 3320 3044 3360; x_wconf 88' lang='lat' dir='ltr'><strong>non</strong></span> <span class='ocrx_word' id='word_1_612' title='bbox 3074 3316 3216 3362; x_wconf 87' lang='lat' dir='ltr'><strong>esset</strong></span> <span class='ocrx_word' id='word_1_613' title='bbox 3261 3307 3327 3361; x_wconf 90' lang='lat' dir='ltr'><strong>de</strong></span> <span class='ocrx_word' id='word_1_614' title='bbox 3358 3307 3490 3372; x_wconf 84' lang='lat' dir='ltr'><strong>hoc,</strong></span> <span class='ocrx_word' id='word_1_615' title='bbox 3538 3306 3594 3361; x_wconf 91' lang='lat' dir='ltr'><strong>in</strong></span> 
     </span>
    </p>
   </div>
   <div class='ocr_carea' id='block_1_79' title="bbox 2029 3396 3592 3466">
    <p class='ocr_par' dir='ltr' id='par_1_79' title="bbox 2029 3396 3592 3466">
     <span class='ocr_line' id='line_1_80' title="bbox 2029 3396 3592 3466; baseline 0.002 -18"><span class='ocrx_word' id='word_1_616' title='bbox 2029 3409 2135 3463; x_wconf 89' lang='lat' dir='ltr'><strong>quo</strong></span> <span class='ocrx_word' id='word_1_617' title='bbox 2164 3410 2329 3449; x_wconf 91' lang='lat' dir='ltr'><strong>unum</strong></span> <span class='ocrx_word' id='word_1_618' title='bbox 2354 3404 2479 3450; x_wconf 89' lang='lat' dir='ltr'><strong>sunt</strong></span> <span class='ocrx_word' id='word_1_619' title='bbox 2498 3396 2661 3451; x_wconf 88' lang='lat' dir='ltr'><strong>Pater</strong></span> <span class='ocrx_word' id='word_1_620' title='bbox 2682 3406 2734 3451; x_wconf 89' lang='lat' dir='ltr'><strong>et</strong></span> <span class='ocrx_word' id='word_1_621' title='bbox 2760 3396 2958 3463; x_wconf 88' lang='lat' dir='ltr'><strong>Filius;</strong></span> <span class='ocrx_word' id='word_1_622' title='bbox 2984 3405 3077 3451; x_wconf 89' lang='lat' dir='ltr'><strong>aut</strong></span> <span class='ocrx_word' id='word_1_623' title='bbox 3104 3398 3275 3466; x_wconf 88' lang='lat' dir='ltr'><strong>ipsum</strong></span> <span class='ocrx_word' id='word_1_624' title='bbox 3298 3412 3461 3452; x_wconf 89' lang='lat' dir='ltr'><strong>unmn</strong></span> <span class='ocrx_word' id='word_1_625' title='bbox 3486 3412 3592 3456; x_wconf 92' lang='lat' dir='ltr'><strong>non</strong></span> 
     </span>
    </p>
   </div>
   <div class='ocr_carea' id='block_1_80' title="bbox 2026 3484 3592 3554">
    <p class='ocr_par' dir='ltr' id='par_1_80' title="bbox 2026 3484 3592 3554">
     <span class='ocr_line' id='line_1_81' title="bbox 2026 3484 3592 3554; baseline -0.001 -16"><span class='ocrx_word' id='word_1_626' title='bbox 2026 3495 2172 3538; x_wconf 90' lang='lat' dir='ltr'><strong>esset</strong></span> <span class='ocrx_word' id='word_1_627' title='bbox 2196 3484 2433 3554; x_wconf 77' lang='lat' dir='ltr'><strong>perfecte</strong></span> <span class='ocrx_word' id='word_1_628' title='bbox 2464 3493 2519 3539; x_wconf 90' lang='lat' dir='ltr'><strong>et</strong></span> <span class='ocrx_word' id='word_1_629' title='bbox 2544 3484 2863 3552; x_wconf 88' lang='lat' dir='ltr'><strong>simpliciter</strong></span> <span class='ocrx_word' id='word_1_630' title='bbox 2889 3500 3077 3547; x_wconf 83' lang='lat' dir='ltr'><strong>unum,</strong></span> <span class='ocrx_word' id='word_1_631' title='bbox 3099 3485 3191 3539; x_wconf 88' lang='lat' dir='ltr'><strong>sed</strong></span> <span class='ocrx_word' id='word_1_632' title='bbox 3220 3494 3363 3539; x_wconf 87' lang='lat' dir='ltr'><strong>esset</strong></span> <span class='ocrx_word' id='word_1_633' title='bbox 3391 3485 3461 3538; x_wconf 75' lang='grc' dir='ltr'><strong>ἰΙιί</strong></span> <span class='ocrx_word' id='word_1_634' title='bbox 3486 3486 3592 3538; x_wconf 88' lang='lat' dir='ltr'><strong>ali-</strong></span> 
     </span>
    </p>
   </div>
   <div class='ocr_carea' id='block_1_81' title="bbox 2028 3572 3593 3645">
    <p class='ocr_par' dir='ltr' id='par_1_81' title="bbox 2028 3572 3593 3645">
     <span class='ocr_line' id='line_1_82' title="bbox 2028 3572 3593 3645; baseline 0 -16"><span class='ocrx_word' id='word_1_635' title='bbox 2028 3590 2133 3645; x_wconf 90' lang='lat' dir='ltr'><strong>qua</strong></span> <span class='ocrx_word' id='word_1_636' title='bbox 2165 3576 2483 3640; x_wconf 83' lang='lat' dir='ltr'><strong>diversitas,</strong></span> <span class='ocrx_word' id='word_1_637' title='bbox 2512 3574 2580 3629; x_wconf 92' lang='lat' dir='ltr'><strong>de</strong></span> <span class='ocrx_word' id='word_1_638' title='bbox 2610 3590 2715 3644; x_wconf 88' lang='lat' dir='ltr'><strong>qua</strong></span> <span class='ocrx_word' id='word_1_639' title='bbox 2746 3575 2855 3641; x_wconf 86' lang='lat' dir='ltr'><strong>illa,</strong></span> <span class='ocrx_word' id='word_1_640' title='bbox 2888 3590 3047 3644; x_wconf 83' lang='lat' dir='ltr'><strong>quam</strong></span> <span class='ocrx_word' id='word_1_641' title='bbox 3072 3576 3200 3641; x_wconf 79' lang='lat' dir='ltr'><strong>dixi,</strong></span> <span class='ocrx_word' id='word_1_642' title='bbox 3227 3576 3280 3631; x_wconf 92' lang='lat' dir='ltr'><strong>in</strong></span> <span class='ocrx_word' id='word_1_643' title='bbox 3311 3572 3593 3631; x_wconf 75' lang='lat' dir='ltr'><strong>esistcndo</strong></span> 
     </span>
    </p>
   </div>
   <div class='ocr_carea' id='block_1_82' title="bbox 2029 3662 3588 3737">
    <p class='ocr_par' dir='ltr' id='par_1_82' title="bbox 2029 3662 3588 3737">
     <span class='ocr_line' id='line_1_83' title="bbox 2029 3662 3588 3737; baseline -0.001 -15"><span class='ocrx_word' id='word_1_644' title='bbox 2029 3667 2099 3722; x_wconf 70' lang='lat' dir='ltr'><strong>de’</strong></span> <span class='ocrx_word' id='word_1_645' title='bbox 2120 3668 2310 3722; x_wconf 89' lang='lat' dir='ltr'><strong>eodem</strong></span> <span class='ocrx_word' id='word_1_646' title='bbox 2335 3682 2443 3721; x_wconf 91' lang='lat' dir='ltr'><strong>uno</strong></span> <span class='ocrx_word' id='word_1_647' title='bbox 2472 3662 2729 3737; x_wconf 88' lang='lat' dir='ltr'><strong>Spiritum</strong></span> <span class='ocrx_word' id='word_1_648' title='bbox 2762 3676 3010 3721; x_wconf 88' lang='lat' dir='ltr'><strong>sanctum</strong></span> <span class='ocrx_word' id='word_1_649' title='bbox 3029 3668 3143 3734; x_wconf 69' lang='lat'><strong>‘7&quot;,</strong></span> <span class='ocrx_word' id='word_1_650' title='bbox 3170 3670 3313 3722; x_wconf 87' lang='lat' dir='ltr'><strong>esset</strong></span> <span class='ocrx_word' id='word_1_651' title='bbox 3334 3666 3588 3722; x_wconf 82' lang='lat' dir='ltr'><strong>varietas.</strong></span> 
     </span>
    </p>
   </div>
   <div class='ocr_carea' id='block_1_83' title="bbox 2028 3756 3591 3828">
    <p class='ocr_par' dir='ltr' id='par_1_83' title="bbox 2028 3756 3591 3828">
     <span class='ocr_line' id='line_1_84' title="bbox 2028 3756 3591 3828; baseline -0.002 -16"><span class='ocrx_word' id='word_1_652' title='bbox 2028 3757 2134 3813; x_wconf 90' lang='lat' dir='ltr'><strong>Sed</strong></span> <span class='ocrx_word' id='word_1_653' title='bbox 2168 3758 2271 3813; x_wconf 89' lang='lat' dir='ltr'><strong>dici</strong></span> <span class='ocrx_word' id='word_1_654' title='bbox 2316 3774 2422 3812; x_wconf 91' lang='lat' dir='ltr'><strong>non</strong></span> <span class='ocrx_word' id='word_1_655' title='bbox 2473 3765 2648 3826; x_wconf 89' lang='lat' dir='ltr'><strong>potest</strong></span> <span class='ocrx_word' id='word_1_656' title='bbox 2690 3758 2831 3827; x_wconf 89' lang='lat' dir='ltr'><strong>quod</strong></span> <span class='ocrx_word' id='word_1_657' title='bbox 2866 3756 3099 3828; x_wconf 85' lang='lat' dir='ltr'><strong>Spiritus</strong></span> <span class='ocrx_word' id='word_1_658' title='bbox 3128 3766 3353 3812; x_wconf 88' lang='lat' dir='ltr'><strong>sanctus</strong></span> <span class='ocrx_word' id='word_1_659' title='bbox 3388 3771 3490 3810; x_wconf 92' lang='lat' dir='ltr'><strong>non</strong></span> <span class='ocrx_word' id='word_1_660' title='bbox 3520 3756 3591 3810; x_wconf 87' lang='lat' dir='ltr'><strong>sit</strong></span> 
     </span>
    </p>
   </div>
   <div class='ocr_carea' id='block_1_84' title="bbox 2024 3844 3641 3914">
    <p class='ocr_par' dir='ltr' id='par_1_84' title="bbox 2024 3844 3641 3914">
     <span class='ocr_line' id='line_1_85' title="bbox 2024 3844 3641 3914; baseline 0 -15"><span class='ocrx_word' id='word_1_661' title='bbox 2024 3844 2091 3900; x_wconf 91' lang='lat' dir='ltr'><strong>de</strong></span> <span class='ocrx_word' id='word_1_662' title='bbox 2118 3847 2217 3900; x_wconf 90' lang='lat' dir='ltr'><strong>hoc</strong></span> <span class='ocrx_word' id='word_1_663' title='bbox 2238 3886 2251 3909; x_wconf 96' lang='lat'><strong>,</strong></span> <span class='ocrx_word' id='word_1_664' title='bbox 2284 3846 2336 3899; x_wconf 90' lang='lat' dir='ltr'><strong>in</strong></span> <span class='ocrx_word' id='word_1_665' title='bbox 2365 3860 2470 3914; x_wconf 90' lang='lat' dir='ltr'><strong>quo</strong></span> <span class='ocrx_word' id='word_1_666' title='bbox 2506 3861 2668 3899; x_wconf 90' lang='lat' dir='ltr'><strong>unum</strong></span> <span class='ocrx_word' id='word_1_667' title='bbox 2701 3854 2826 3899; x_wconf 90' lang='lat' dir='ltr'><strong>sunt</strong></span> <span class='ocrx_word' id='word_1_668' title='bbox 2856 3845 3014 3899; x_wconf 87' lang='lat' dir='ltr'><strong>Pater</strong></span> <span class='ocrx_word' id='word_1_669' title='bbox 3041 3854 3094 3899; x_wconf 91' lang='lat' dir='ltr'><strong>et</strong></span> <span class='ocrx_word' id='word_1_670' title='bbox 3124 3845 3319 3905; x_wconf 78' lang='lat' dir='ltr'><strong>Filius;</strong></span> <span class='ocrx_word' id='word_1_671' title='bbox 3354 3844 3589 3912; x_wconf 85' lang='lat' dir='ltr'><strong>alioquin</strong></span> <span class='ocrx_word' id='word_1_672' title='bbox 3636 3910 3641 3913; x_wconf 18' lang='lat'><strong><em>1</em></strong></span> 
     </span>
    </p>
   </div>
   <div class='ocr_carea' id='block_1_85' title="bbox 2028 3932 3590 4001">
    <p class='ocr_par' dir='ltr' id='par_1_85' title="bbox 2028 3932 3590 4001">
     <span class='ocr_line' id='line_1_86' title="bbox 2028 3932 3590 4001; baseline -0.001 -14"><span class='ocrx_word' id='word_1_673' title='bbox 2028 3948 2130 3987; x_wconf 90' lang='lat' dir='ltr'><strong>non</strong></span> <span class='ocrx_word' id='word_1_674' title='bbox 2182 3934 2326 3989; x_wconf 86' lang='lat' dir='ltr'><strong>esset</strong></span> <span class='ocrx_word' id='word_1_675' title='bbox 2371 3934 2435 3988; x_wconf 85' lang='lat' dir='ltr'><strong>de</strong></span> <span class='ocrx_word' id='word_1_676' title='bbox 2485 3933 2613 3987; x_wconf 84' lang='lat' dir='ltr'><strong>Deo.</strong></span> <span class='ocrx_word' id='word_1_677' title='bbox 2663 3932 2771 3987; x_wconf 85' lang='lat' dir='ltr'><strong>Nec</strong></span> <span class='ocrx_word' id='word_1_678' title='bbox 2801 3933 2946 3987; x_wconf 89' lang='lat' dir='ltr'><strong>credi</strong></span> <span class='ocrx_word' id='word_1_679' title='bbox 2996 3934 3155 3986; x_wconf 82' lang='lat' dir='ltr'><strong>debet</strong></span> <span class='ocrx_word' id='word_1_680' title='bbox 3184 3933 3323 4001; x_wconf 86' lang='lat' dir='ltr'><strong>quod</strong></span> <span class='ocrx_word' id='word_1_681' title='bbox 3372 3933 3422 3985; x_wconf 90' lang='lat' dir='ltr'><strong>in</strong></span> <span class='ocrx_word' id='word_1_682' title='bbox 3474 3933 3590 4001; x_wconf 90' lang='lat' dir='ltr'><strong>ipso</strong></span> 
     </span>
    </p>
   </div>
   <div class='ocr_carea' id='block_1_86' title="bbox 2026 4021 3588 4090">
    <p class='ocr_par' dir='ltr' id='par_1_86' title="bbox 2026 4021 3588 4090">
     <span class='ocr_line' id='line_1_87' title="bbox 2026 4021 3588 4090; baseline 0.001 -18"><span class='ocrx_word' id='word_1_683' title='bbox 2026 4021 2236 4075; x_wconf 71' lang='lat' dir='ltr'><strong>uno‘m</strong></span> <span class='ocrx_word' id='word_1_684' title='bbox 2265 4021 2688 4085; x_wconf 75' lang='lat' dir='ltr'><strong>sit,&#39;secundum</strong></span> <span class='ocrx_word' id='word_1_685' title='bbox 2718 4021 2858 4090; x_wconf 89' lang='lat' dir='ltr'><strong>quod</strong></span> <span class='ocrx_word' id='word_1_686' title='bbox 2903 4030 3016 4085; x_wconf 89' lang='lat' dir='ltr'><strong>est,</strong></span> <span class='ocrx_word' id='word_1_687' title='bbox 3059 4021 3236 4090; x_wconf 84' lang='lat' dir='ltr'><strong>aliqua</strong></span> <span class='ocrx_word' id='word_1_688' title='bbox 3285 4021 3588 4073; x_wconf 71' lang='lat' dir='ltr'><strong>diversitas.</strong></span> 
     </span>
    </p>
   </div>
   <div class='ocr_carea' id='block_1_87' title="bbox 2026 4108 3590 4179">
    <p class='ocr_par' dir='ltr' id='par_1_87' title="bbox 2026 4108 3590 4179">
     <span class='ocr_line' id='line_1_88' title="bbox 2026 4108 3590 4179; baseline 0.002 -17"><span class='ocrx_word' id='word_1_689' title='bbox 2026 4108 2204 4175; x_wconf 83' lang='lat' dir='ltr'><strong>Quare</strong></span> <span class='ocrx_word' id='word_1_690' title='bbox 2238 4125 2335 4163; x_wconf 86' lang='lat' dir='ltr'><strong>nec</strong></span> <span class='ocrx_word' id='word_1_691' title='bbox 2365 4110 2514 4179; x_wconf 82' lang='lat' dir='ltr'><strong>prius</strong></span> <span class='ocrx_word' id='word_1_692' title='bbox 2535 4125 2632 4163; x_wconf 90' lang='lat' dir='ltr'><strong>nec</strong></span> <span class='ocrx_word' id='word_1_693' title='bbox 2661 4120 2797 4177; x_wconf 89' lang='lat' dir='ltr'><strong>post,</strong></span> <span class='ocrx_word' id='word_1_694' title='bbox 2826 4125 2925 4164; x_wconf 89' lang='lat' dir='ltr'><strong>nec</strong></span> <span class='ocrx_word' id='word_1_695' title='bbox 2953 4111 3126 4179; x_wconf 79' lang='lat' dir='ltr'><strong>major</strong></span> <span class='ocrx_word' id='word_1_696' title='bbox 3148 4119 3240 4163; x_wconf 83' lang='lat' dir='ltr'><strong>aut</strong></span> <span class='ocrx_word' id='word_1_697' title='bbox 3267 4110 3463 4172; x_wconf 88' lang='lat' dir='ltr'><strong>minor,</strong></span> <span class='ocrx_word' id='word_1_698' title='bbox 3492 4123 3590 4165; x_wconf 89' lang='lat' dir='ltr'><strong>nec</strong></span> 
     </span>
    </p>
   </div>
   <div class='ocr_carea' id='block_1_88' title="bbox 2026 4200 3586 4270">
    <p class='ocr_par' dir='ltr' id='par_1_88' title="bbox 2026 4200 3586 4270">
     <span class='ocr_line' id='line_1_89' title="bbox 2026 4200 3586 4270; baseline 0 -16"><span class='ocrx_word' id='word_1_699' title='bbox 2026 4203 2193 4270; x_wconf 78' lang='lat' dir='ltr'><strong>magis</strong></span> <span class='ocrx_word' id='word_1_700' title='bbox 2240 4211 2332 4254; x_wconf 89' lang='lat' dir='ltr'><strong>aut</strong></span> <span class='ocrx_word' id='word_1_701' title='bbox 2379 4201 2555 4263; x_wconf 87' lang='lat' dir='ltr'><strong>minus</strong></span> <span class='ocrx_word' id='word_1_702' title='bbox 2605 4210 2687 4254; x_wconf 90' lang='lat' dir='ltr'><strong>est</strong></span> <span class='ocrx_word' id='word_1_703' title='bbox 2740 4200 2973 4268; x_wconf 82' lang='lat' dir='ltr'><strong>Spiritus</strong></span> <span class='ocrx_word' id='word_1_704' title='bbox 3021 4210 3238 4255; x_wconf 89' lang='lat' dir='ltr'><strong>sanctus</strong></span> <span class='ocrx_word' id='word_1_705' title='bbox 3288 4202 3353 4254; x_wconf 90' lang='lat' dir='ltr'><strong>de</strong></span> <span class='ocrx_word' id='word_1_706' title='bbox 3399 4200 3586 4265; x_wconf 86' lang='lat' dir='ltr'><strong>Patre,</strong></span> 
     </span>
    </p>
   </div>
   <div class='ocr_carea' id='block_1_89' title="bbox 2023 4284 3586 4363">
    <p class='ocr_par' dir='ltr' id='par_1_89' title="bbox 2023 4284 3586 4363">
     <span class='ocr_line' id='line_1_90' title="bbox 2023 4284 3586 4363; baseline -0.001 -19"><span class='ocrx_word' id='word_1_707' title='bbox 2023 4292 2275 4363; x_wconf 83' lang='lat' dir='ltr'><strong>quade</strong></span> <span class='ocrx_word' id='word_1_708' title='bbox 2314 4284 2482 4355; x_wconf 79' lang='lat' dir='ltr'><strong>Filio;</strong></span> <span class='ocrx_word' id='word_1_709' title='bbox 2512 4300 2605 4343; x_wconf 88' lang='lat' dir='ltr'><strong>aut</strong></span> <span class='ocrx_word' id='word_1_710' title='bbox 2636 4291 2699 4344; x_wconf 89' lang='lat' dir='ltr'><strong>de</strong></span> <span class='ocrx_word' id='word_1_711' title='bbox 2748 4290 2911 4356; x_wconf 84' lang='lat' dir='ltr'><strong>Filio,</strong></span> <span class='ocrx_word' id='word_1_712' title='bbox 2943 4306 3099 4358; x_wconf 84' lang='lat' dir='ltr'><strong>quam</strong></span> <span class='ocrx_word' id='word_1_713' title='bbox 3146 4291 3213 4344; x_wconf 87' lang='lat' dir='ltr'><strong>dc</strong></span> <span class='ocrx_word' id='word_1_714' title='bbox 3263 4289 3440 4344; x_wconf 74' lang='lat' dir='ltr'><strong>Patre.</strong></span> <span class='ocrx_word' id='word_1_715' title='bbox 3471 4289 3586 4343; x_wconf 70' lang='lat' dir='ltr'><strong>Non</strong></span> 
     </span>
    </p>
   </div>
   <div class='ocr_carea' id='block_1_90' title="bbox 362 4377 3589 4459">
    <p class='ocr_par' dir='ltr' id='par_1_90' title="bbox 362 4377 3589 4459">
     <span class='ocr_line' id='line_1_91' title="bbox 362 4377 3589 4459; baseline 0.001 -26"><span class='ocrx_word' id='word_1_716' title='bbox 362 4386 657 4445; x_wconf 70' lang='lat' dir='ltr'><strong>iterantur:</strong></span> <span class='ocrx_word' id='word_1_717' title='bbox 682 4378 821 4433; x_wconf 87' lang='lat' dir='ltr'><strong>istud</strong></span> <span class='ocrx_word' id='word_1_718' title='bbox 848 4388 1076 4459; x_wconf 53' lang='lat' dir='ltr'><strong>autem,</strong></span> <span class='ocrx_word' id='word_1_719' title='bbox 1111 4380 1311 4448; x_wconf 81' lang='lat' dir='ltr'><strong>quo&quot;”</strong></span> <span class='ocrx_word' id='word_1_720' title='bbox 1350 4380 1684 4449; x_wconf 81' lang='lat' dir='ltr'><strong>frequentius</strong></span> <span class='ocrx_word' id='word_1_721' title='bbox 1729 4383 1781 4437; x_wconf 92' lang='lat' dir='ltr'><strong>in</strong></span> <span class='ocrx_word' id='word_1_722' title='bbox 1828 4398 1921 4452; x_wconf 46' lang='lat' dir='ltr'><strong>po.</strong></span> <span class='ocrx_word' id='word_1_723' title='bbox 1951 4384 2168 4447; x_wconf 81' lang='lat' dir='ltr'><strong>Denim</strong></span> <span class='ocrx_word' id='word_1_724' title='bbox 2215 4400 2351 4439; x_wconf 90' lang='lat' dir='ltr'><strong>unus</strong></span> <span class='ocrx_word' id='word_1_725' title='bbox 2399 4382 2647 4451; x_wconf 88' lang='lat' dir='ltr'><strong>idemque</strong></span> <span class='ocrx_word' id='word_1_726' title='bbox 2693 4382 2925 4450; x_wconf 74' lang='lat' dir='ltr'><strong>Spiritus</strong></span> <span class='ocrx_word' id='word_1_727' title='bbox 2953 4377 3219 4444; x_wconf 84' lang='lat' dir='ltr'><strong>sanctus,</strong></span> <span class='ocrx_word' id='word_1_728' title='bbox 3278 4381 3367 4451; x_wconf 90' lang='lat' dir='ltr'><strong>qui</strong></span> <span class='ocrx_word' id='word_1_729' title='bbox 3417 4379 3589 4435; x_wconf 85' lang='lat' dir='ltr'><strong>semel</strong></span> 
     </span>
    </p>
   </div>
   <div class='ocr_carea' id='block_1_91' title="bbox 360 4467 1976 4538">
    <p class='ocr_par' dir='ltr' id='par_1_91' title="bbox 360 4467 1976 4538">
     <span class='ocr_line' id='line_1_92' title="bbox 360 4467 1976 4538; baseline 0.007 -21"><span class='ocrx_word' id='word_1_730' title='bbox 360 4469 471 4538; x_wconf 71' lang='lat' dir='ltr'><strong>puli</strong></span> <span class='ocrx_word' id='word_1_731' title='bbox 504 4468 774 4523; x_wconf 88' lang='lat' dir='ltr'><strong>audientia</strong></span> <span class='ocrx_word' id='word_1_732' title='bbox 825 4467 1045 4533; x_wconf 91' lang='lat' dir='ltr'><strong>utimur,</strong></span> <span class='ocrx_word' id='word_1_733' title='bbox 1094 4468 1286 4524; x_wconf 84' lang='lat' dir='ltr'><strong>Latino</strong></span> <span class='ocrx_word' id='word_1_734' title='bbox 1315 4485 1463 4524; x_wconf 90' lang='lat' dir='ltr'><strong>more</strong></span> <span class='ocrx_word' id='word_1_735' title='bbox 1509 4470 1762 4525; x_wconf 81' lang='lat' dir='ltr'><strong>dictatum</strong></span> <span class='ocrx_word' id='word_1_736' title='bbox 1794 4488 1916 4527; x_wconf 91' lang='lat' dir='ltr'><strong>cum</strong></span> <span class='ocrx_word' id='word_1_737' title='bbox 1970 4524 1976 4529; x_wconf 90' lang='lat'><strong>.</strong></span> 
     </span>
    </p>
   </div>
   <div class='ocr_carea' id='block_1_92' title="bbox 359 4557 1919 4628">
    <p class='ocr_par' dir='ltr' id='par_1_92' title="bbox 359 4557 1919 4628">
     <span class='ocr_line' id='line_1_93' title="bbox 359 4557 1919 4628; baseline -0.001 -14"><span class='ocrx_word' id='word_1_738' title='bbox 359 4557 670 4614; x_wconf 89' lang='lat' dir='ltr'><strong>addimento</strong></span> <span class='ocrx_word' id='word_1_739' title='bbox 699 4558 1008 4627; x_wconf 86' lang='lat' dir='ltr'><strong>supradicto</strong></span> <span class='ocrx_word' id='word_1_740' title='bbox 1044 4557 1329 4613; x_wconf 89' lang='lat' dir='ltr'><strong>edidimus.</strong></span> <span class='ocrx_word' id='word_1_741' title='bbox 1362 4558 1514 4624; x_wconf 89' lang='lat' dir='ltr'><strong>Quod</strong></span> <span class='ocrx_word' id='word_1_742' title='bbox 1543 4567 1720 4625; x_wconf 87' lang='lat' dir='ltr'><strong>autem</strong></span> <span class='ocrx_word' id='word_1_743' title='bbox 1770 4574 1919 4628; x_wconf 63' lang='lat' dir='ltr'><strong>quae-</strong></span> 
     </span>
    </p>
   </div>
   <div class='ocr_carea' id='block_1_93' title="bbox 360 4644 1919 4715">
    <p class='ocr_par' dir='ltr' id='par_1_93' title="bbox 360 4644 1919 4715">
     <span class='ocr_line' id='line_1_94' title="bbox 360 4644 1919 4715; baseline -0.001 -12"><span class='ocrx_word' id='word_1_744' title='bbox 360 4647 521 4713; x_wconf 86' lang='lat' dir='ltr'><strong>ritur,</strong></span> <span class='ocrx_word' id='word_1_745' title='bbox 536 4659 705 4715; x_wconf 81' lang='lat' dir='ltr'><strong>quare</strong></span> <span class='ocrx_word' id='word_1_746' title='bbox 720 4646 822 4701; x_wconf 88' lang='lat' dir='ltr'><strong>hoc</strong></span> <span class='ocrx_word' id='word_1_747' title='bbox 842 4644 1150 4701; x_wconf 68' lang='lat' dir='ltr'><strong>Graecorum</strong></span> <span class='ocrx_word' id='word_1_748' title='bbox 1175 4645 1413 4701; x_wconf 72' lang='lat' dir='ltr'><strong>ecclesia:</strong></span> <span class='ocrx_word' id='word_1_749' title='bbox 1435 4661 1698 4702; x_wconf 87' lang='lat' dir='ltr'><strong>consensu</strong></span> <span class='ocrx_word' id='word_1_750' title='bbox 1724 4645 1919 4701; x_wconf 81' lang='lat' dir='ltr'><strong>factum</strong></span> 
     </span>
    </p>
   </div>
   <div class='ocr_carea' id='block_1_94' title="bbox 2030 4469 3589 4539">
    <p class='ocr_par' dir='ltr' id='par_1_94' title="bbox 2030 4469 3589 4539">
     <span class='ocr_line' id='line_1_95' title="bbox 2030 4469 3589 4539; baseline -0.003 -12"><span class='ocrx_word' id='word_1_751' title='bbox 2030 4483 2171 4527; x_wconf 89' lang='lat' dir='ltr'><strong>lotus</strong></span> <span class='ocrx_word' id='word_1_752' title='bbox 2196 4481 2277 4526; x_wconf 91' lang='lat' dir='ltr'><strong>cst</strong></span> <span class='ocrx_word' id='word_1_753' title='bbox 2300 4473 2364 4525; x_wconf 88' lang='lat' dir='ltr'><strong>de</strong></span> <span class='ocrx_word' id='word_1_754' title='bbox 2389 4471 2495 4524; x_wconf 91' lang='lat' dir='ltr'><strong>Dco</strong></span> <span class='ocrx_word' id='word_1_755' title='bbox 2519 4479 2649 4533; x_wconf 91' lang='lat' dir='ltr'><strong>toto,</strong></span> <span class='ocrx_word' id='word_1_756' title='bbox 2676 4469 2951 4538; x_wconf 78' lang='lat' dir='ltr'><strong>mugis&quot;“</strong></span> <span class='ocrx_word' id='word_1_757' title='bbox 2982 4478 3075 4522; x_wconf 89' lang='lat' dir='ltr'><strong>ant</strong></span> <span class='ocrx_word' id='word_1_758' title='bbox 3098 4469 3379 4523; x_wconf 71' lang='lat' dir='ltr'><strong>miuus‘m</strong></span> <span class='ocrx_word' id='word_1_759' title='bbox 3412 4478 3589 4539; x_wconf 81' lang='lat' dir='ltr'><strong>potest</strong></span> 
     </span>
    </p>
   </div>
   <div class='ocr_carea' id='block_1_95' title="bbox 2024 4559 3206 4629">
    <p class='ocr_par' dir='ltr' id='par_1_95' title="bbox 2024 4559 3206 4629">
     <span class='ocr_line' id='line_1_96' title="bbox 2024 4559 3206 4629; baseline -0.003 -12"><span class='ocrx_word' id='word_1_760' title='bbox 2024 4578 2144 4618; x_wconf 87' lang='lat' dir='ltr'><strong>esse</strong></span> <span class='ocrx_word' id='word_1_761' title='bbox 2179 4564 2243 4617; x_wconf 88' lang='lat' dir='ltr'><strong>dc</strong></span> <span class='ocrx_word' id='word_1_762' title='bbox 2273 4576 2375 4617; x_wconf 91' lang='lat' dir='ltr'><strong>uno</strong></span> <span class='ocrx_word' id='word_1_763' title='bbox 2407 4569 2460 4615; x_wconf 90' lang='lat' dir='ltr'><strong>et</strong></span> <span class='ocrx_word' id='word_1_764' title='bbox 2484 4574 2691 4615; x_wconf 90' lang='lat' dir='ltr'><strong>summe</strong></span> <span class='ocrx_word' id='word_1_765' title='bbox 2717 4559 3047 4629; x_wconf 71' lang='lat' dir='ltr'><strong>simplici&#39;m</strong></span> <span class='ocrx_word' id='word_1_766' title='bbox 3082 4559 3206 4613; x_wconf 83' lang='lat' dir='ltr'><strong>Deo.</strong></span> 
     </span>
    </p>
   </div>
   <div class='ocr_carea' id='block_1_96' title="bbox 1617 4782 2280 4841">
    <p class='ocr_par' dir='ltr' id='par_1_96' title="bbox 1617 4782 2280 4841">
     <span class='ocr_line' id='line_1_97' title="bbox 1617 4782 2280 4841; baseline 0.002 -3"><span class='ocrx_word' id='word_1_767' title='bbox 1617 4783 1843 4838; x_wconf 67' lang='lat' dir='ltr'><strong>VARIIE</strong></span> <span class='ocrx_word' id='word_1_768' title='bbox 1882 4782 2280 4841; x_wconf 79' lang='lat' dir='ltr'><strong>LECTIONES.</strong></span> 
     </span>
    </p>
   </div>
   <div class='ocr_carea' id='block_1_97' title="bbox 433 4934 3581 5010">
    <p class='ocr_par' dir='ltr' id='par_1_97' title="bbox 433 4934 3581 5010">
     <span class='ocr_line' id='line_1_98' title="bbox 433 4934 3581 5010; baseline 0.002 -23"><span class='ocrx_word' id='word_1_769' title='bbox 433 4934 1201 5010; x_wconf 40' lang='lat' dir='ltr'><strong>&quot;*iﬁtjntﬂclligen}cummis.</strong></span> <span class='ocrx_word' id='word_1_770' title='bbox 1221 4946 1277 5010; x_wconf 68' lang='lat' dir='ltr'><strong>et</strong></span> <span class='ocrx_word' id='word_1_771' title='bbox 1300 4936 1440 4990; x_wconf 78' lang='lat' dir='ltr'><strong>Edit.</strong></span> <span class='ocrx_word' id='word_1_772' title='bbox 1474 4937 1625 4991; x_wconf 79' lang='lat' dir='ltr'><strong>Gotlt.</strong></span> <span class='ocrx_word' id='word_1_773' title='bbox 1651 4944 1702 4992; x_wconf 87' lang='lat' dir='ltr'><strong>et</strong></span> <span class='ocrx_word' id='word_1_774' title='bbox 1730 4938 2026 5010; x_wconf 80' lang='lat' dir='ltr'><strong>intelligant</strong></span> <span class='ocrx_word' id='word_1_775' title='bbox 2048 4955 2167 4994; x_wconf 89' lang='lat' dir='ltr'><strong>eum</strong></span> <span class='ocrx_word' id='word_1_776' title='bbox 2196 4956 2291 4993; x_wconf 82' lang='lat' dir='ltr'><strong>ms.</strong></span> <span class='ocrx_word' id='word_1_777' title='bbox 2320 4938 2473 4993; x_wconf 87' lang='lat' dir='ltr'><strong>Corb.</strong></span> <span class='ocrx_word' id='word_1_778' title='bbox 2498 4939 2793 5010; x_wconf 79' lang='lat' dir='ltr'><strong>intelligant</strong></span> <span class='ocrx_word' id='word_1_779' title='bbox 2820 4952 2943 5010; x_wconf 79' lang='lat' dir='ltr'><strong>eum</strong></span> <span class='ocrx_word' id='word_1_780' title='bbox 3016 4938 3105 4969; x_wconf 65' lang='grc' dir='ltr'><strong>ηδ’</strong></span> <span class='ocrx_word' id='word_1_781' title='bbox 3134 4936 3259 4993; x_wconf 65' lang='lat' dir='ltr'><strong>Car.</strong></span> <span class='ocrx_word' id='word_1_782' title='bbox 3285 4936 3372 5008; x_wconf 69' lang='lat' dir='ltr'><strong>9i.</strong></span> <span class='ocrx_word' id='word_1_783' title='bbox 3404 4935 3498 4992; x_wconf 70' lang='lat' dir='ltr'><strong>Est</strong></span> <span class='ocrx_word' id='word_1_784' title='bbox 3526 4941 3581 4993; x_wconf 79' lang='lat' dir='ltr'><strong>in</strong></span> 
     </span>
    </p>
   </div>
   <div class='ocr_carea' id='block_1_98' title="bbox 354 5002 3579 5080">
    <p class='ocr_par' dir='ltr' id='par_1_98' title="bbox 354 5002 3579 5080">
     <span class='ocr_line' id='line_1_99' title="bbox 354 5002 3579 5080; baseline 0.002 -25"><span class='ocrx_word' id='word_1_785' title='bbox 354 5019 457 5080; x_wconf 70' lang='lat' dir='ltr'><strong>ins.</strong></span> <span class='ocrx_word' id='word_1_786' title='bbox 498 5002 650 5059; x_wconf 87' lang='lat' dir='ltr'><strong>Corb.</strong></span> <span class='ocrx_word' id='word_1_787' title='bbox 679 5003 807 5072; x_wconf 84' lang='lat' dir='ltr'><strong>Cap.</strong></span> <span class='ocrx_word' id='word_1_788' title='bbox 838 5003 968 5080; x_wconf 40' lang='grc' dir='ltr'><strong>ἓξ,</strong></span> <span class='ocrx_word' id='word_1_789' title='bbox 1004 5005 1099 5080; x_wconf 30' lang='grc' dir='ltr'><strong>ξῖξτ.</strong></span> <span class='ocrx_word' id='word_1_790' title='bbox 1122 5004 1313 5080; x_wconf 63' lang='lat' dir='ltr'><strong>Utalia</strong></span> <span class='ocrx_word' id='word_1_791' title='bbox 1349 5018 1551 5080; x_wconf 76' lang='lat' dir='ltr'><strong>taceam</strong></span> <span class='ocrx_word' id='word_1_792' title='bbox 1580 5008 1701 5061; x_wconf 80' lang='lat' dir='ltr'><strong>mss.</strong></span> <span class='ocrx_word' id='word_1_793' title='bbox 1737 5017 1793 5061; x_wconf 90' lang='lat' dir='ltr'><strong>ut</strong></span> <span class='ocrx_word' id='word_1_794' title='bbox 1815 5002 1962 5080; x_wconf 65' lang='lat' dir='ltr'><strong>eniin</strong></span> <span class='ocrx_word' id='word_1_795' title='bbox 2003 5012 2103 5080; x_wconf 61' lang='lat' dir='ltr'><strong>alia</strong></span> <span class='ocrx_word' id='word_1_796' title='bbox 2138 5019 2339 5080; x_wconf 76' lang='lat' dir='ltr'><strong>taceam</strong></span> <span class='ocrx_word' id='word_1_797' title='bbox 2369 5078 2396 5080; x_wconf 24' lang='grc' dir='ltr'>η</span> <span class='ocrx_word' id='word_1_798' title='bbox 2418 5009 2509 5080; x_wconf 66' lang='grc' dir='ltr'><strong>ίῖδδ</strong></span> <span class='ocrx_word' id='word_1_799' title='bbox 2548 5002 3186 5080; x_wconf 64' lang='lat' dir='ltr'><strong>Auctoritatelirjnatunt</strong></span> <span class='ocrx_word' id='word_1_800' title='bbox 3232 5002 3355 5061; x_wconf 72' lang='lat' dir='ltr'><strong>mss.</strong></span> <span class='ocrx_word' id='word_1_801' title='bbox 3388 5016 3579 5061; x_wconf 80' lang='lat' dir='ltr'><strong>attete-</strong></span> 
     </span>
    </p>
   </div>
   <div class='ocr_carea' id='block_1_99' title="bbox 357 5068 3579 5144">
    <p class='ocr_par' dir='ltr' id='par_1_99' title="bbox 357 5068 3579 5144">
     <span class='ocr_line' id='line_1_100' title="bbox 357 5068 3579 5144; baseline 0.002 -19"><span class='ocrx_word' id='word_1_802' title='bbox 357 5068 816 5144; x_wconf 78' lang='lat' dir='ltr'><strong>ritutc__t_axat_nin_</strong></span> <span class='ocrx_word' id='word_1_803' title='bbox 881 5071 972 5144; x_wconf 41' lang='lat' dir='ltr'><strong>ﬂ”?</strong></span> <span class='ocrx_word' id='word_1_804' title='bbox 1004 5072 1101 5144; x_wconf 86' lang='lat' dir='ltr'><strong>Ubi</strong></span> <span class='ocrx_word' id='word_1_805' title='bbox 1136 5074 1263 5126; x_wconf 86' lang='lat' dir='ltr'><strong>nihil</strong></span> <span class='ocrx_word' id='word_1_806' title='bbox 1296 5076 1597 5129; x_wconf 88' lang='lat' dir='ltr'><strong>addidimus</strong></span> <span class='ocrx_word' id='word_1_807' title='bbox 1628 5092 1748 5129; x_wconf 84' lang='lat' dir='ltr'><strong>mss.</strong></span> <span class='ocrx_word' id='word_1_808' title='bbox 1814 5075 1942 5131; x_wconf 81' lang='lat' dir='ltr'><strong>Vict.</strong></span> <span class='ocrx_word' id='word_1_809' title='bbox 1982 5078 2134 5132; x_wconf 86' lang='lat' dir='ltr'><strong>Corb.</strong></span> <span class='ocrx_word' id='word_1_810' title='bbox 2188 5078 2273 5130; x_wconf 90' lang='lat' dir='ltr'><strong>ubi</strong></span> <span class='ocrx_word' id='word_1_811' title='bbox 2329 5078 2458 5131; x_wconf 84' lang='lat' dir='ltr'><strong>nihil</strong></span> <span class='ocrx_word' id='word_1_812' title='bbox 2508 5079 2754 5133; x_wconf 87' lang='lat' dir='ltr'><strong>addimus</strong></span> <span class='ocrx_word' id='word_1_813' title='bbox 2832 5068 2921 5108; x_wconf 65' lang='grc' dir='ltr'><strong>ἠ’</strong></span> <span class='ocrx_word' id='word_1_814' title='bbox 2972 5076 3265 5131; x_wconf 81' lang='lat' dir='ltr'><strong>Defenderc</strong></span> <span class='ocrx_word' id='word_1_815' title='bbox 3296 5092 3579 5144; x_wconf 84' lang='lat' dir='ltr'><strong>possemus</strong></span> 
     </span>
    </p>
   </div>
   <div class='ocr_carea' id='block_1_100' title="bbox 359 5138 3577 5213">
    <p class='ocr_par' dir='ltr' id='par_1_100' title="bbox 359 5138 3577 5213">
     <span class='ocr_line' id='line_1_101' title="bbox 359 5138 3577 5213; baseline 0.001 -20"><span class='ocrx_word' id='word_1_816' title='bbox 359 5157 487 5193; x_wconf 73' lang='lat' dir='ltr'><strong>mss.</strong></span> <span class='ocrx_word' id='word_1_817' title='bbox 531 5138 657 5213; x_wconf 56' lang='lat' dir='ltr'><strong>ifict.</strong></span> <span class='ocrx_word' id='word_1_818' title='bbox 694 5140 1160 5213; x_wconf 43' lang='lat' dir='ltr'><strong>Gormdefettderc</strong></span> <span class='ocrx_word' id='word_1_819' title='bbox 1186 5144 1448 5210; x_wconf 82' lang='lat' dir='ltr'><strong>possimus</strong></span> <span class='ocrx_word' id='word_1_820' title='bbox 1524 5146 1610 5176; x_wconf 72' lang='lat'><strong>‘7“</strong></span> <span class='ocrx_word' id='word_1_821' title='bbox 1642 5145 1767 5198; x_wconf 89' lang='lat' dir='ltr'><strong>Illud</strong></span> <span class='ocrx_word' id='word_1_822' title='bbox 1801 5148 2093 5201; x_wconf 87' lang='lat' dir='ltr'><strong>secundum</strong></span> <span class='ocrx_word' id='word_1_823' title='bbox 2137 5163 2259 5199; x_wconf 84' lang='lat' dir='ltr'><strong>mss.</strong></span> <span class='ocrx_word' id='word_1_824' title='bbox 2302 5148 2430 5200; x_wconf 88' lang='lat' dir='ltr'><strong>illud</strong></span> <span class='ocrx_word' id='word_1_825' title='bbox 2457 5147 2597 5201; x_wconf 89' lang='lat' dir='ltr'><strong>enim</strong></span> <span class='ocrx_word' id='word_1_826' title='bbox 2641 5147 2931 5201; x_wconf 88' lang='lat' dir='ltr'><strong>secundum</strong></span> <span class='ocrx_word' id='word_1_827' title='bbox 2958 5163 3055 5198; x_wconf 81' lang='lat' dir='ltr'><strong>ms.</strong></span> <span class='ocrx_word' id='word_1_828' title='bbox 3095 5146 3249 5199; x_wconf 81' lang='lat' dir='ltr'><strong>Corb.</strong></span> <span class='ocrx_word' id='word_1_829' title='bbox 3280 5138 3404 5198; x_wconf 74' lang='lat' dir='ltr'><strong>illud</strong></span> <span class='ocrx_word' id='word_1_830' title='bbox 3436 5148 3577 5213; x_wconf 87' lang='lat' dir='ltr'><strong>quod</strong></span> 
     </span>
    </p>
   </div>
   <div class='ocr_carea' id='block_1_101' title="bbox 358 5208 3576 5284">
    <p class='ocr_par' dir='ltr' id='par_1_101' title="bbox 358 5208 3576 5284">
     <span class='ocr_line' id='line_1_102' title="bbox 358 5208 3576 5284; baseline 0.002 -25"><span class='ocrx_word' id='word_1_831' title='bbox 358 5210 655 5284; x_wconf 45' lang='lat' dir='ltr'><strong>secundum</strong></span> <span class='ocrx_word' id='word_1_832' title='bbox 686 5226 691 5231; x_wconf 50' lang='grc' dir='ltr'><strong>ε</strong></span> <span class='ocrx_word' id='word_1_833' title='bbox 720 5208 822 5284; x_wconf 45' lang='lat' dir='ltr'><strong>ff&quot;</strong></span> <span class='ocrx_word' id='word_1_834' title='bbox 854 5209 979 5263; x_wconf 87' lang='lat' dir='ltr'><strong>llhtd</strong></span> <span class='ocrx_word' id='word_1_835' title='bbox 1020 5208 1331 5284; x_wconf 55' lang='lat' dir='ltr'><strong>uuleuiqno</strong></span> <span class='ocrx_word' id='word_1_836' title='bbox 1372 5230 1495 5267; x_wconf 81' lang='lat' dir='ltr'><strong>mss.</strong></span> <span class='ocrx_word' id='word_1_837' title='bbox 1530 5215 1668 5267; x_wconf 89' lang='lat' dir='ltr'><strong>istud</strong></span> <span class='ocrx_word' id='word_1_838' title='bbox 1720 5223 1895 5268; x_wconf 90' lang='lat' dir='ltr'><strong>autem</strong></span> <span class='ocrx_word' id='word_1_839' title='bbox 1935 5230 2040 5284; x_wconf 87' lang='lat' dir='ltr'><strong>quo</strong></span> <span class='ocrx_word' id='word_1_840' title='bbox 2114 5217 2206 5247; x_wconf 75' lang='grc'><strong>’⁷⁵⁸</strong></span> <span class='ocrx_word' id='word_1_841' title='bbox 2236 5216 2288 5269; x_wconf 90' lang='lat' dir='ltr'><strong>lu</strong></span> <span class='ocrx_word' id='word_1_842' title='bbox 2332 5217 2431 5270; x_wconf 88' lang='lat' dir='ltr'><strong>hoc</strong></span> <span class='ocrx_word' id='word_1_843' title='bbox 2460 5218 2808 5284; x_wconf 80' lang='lat' dir='ltr'><strong>qtucstionem</strong></span> <span class='ocrx_word' id='word_1_844' title='bbox 2840 5232 2962 5284; x_wconf 78' lang='lat' dir='ltr'><strong>mss.</strong></span> <span class='ocrx_word' id='word_1_845' title='bbox 3012 5216 3111 5269; x_wconf 87' lang='lat' dir='ltr'><strong>hoc</strong></span> <span class='ocrx_word' id='word_1_846' title='bbox 3145 5215 3195 5267; x_wconf 92' lang='lat' dir='ltr'><strong>in</strong></span> <span class='ocrx_word' id='word_1_847' title='bbox 3227 5208 3576 5284; x_wconf 74' lang='lat' dir='ltr'><strong>quzestioitcui</strong></span> 
     </span>
    </p>
   </div>
   <div class='ocr_carea' id='block_1_102' title="bbox 358 5276 3579 5352">
    <p class='ocr_par' dir='ltr' id='par_1_102' title="bbox 358 5276 3579 5352">
     <span class='ocr_line' id='line_1_103' title="bbox 358 5276 3579 5352; baseline 0.002 -24"><span class='ocrx_word' id='word_1_848' title='bbox 358 5278 454 5352; x_wconf 53' lang='lat'><strong>&#39;1“</strong></span> <span class='ocrx_word' id='word_1_849' title='bbox 497 5276 657 5352; x_wconf 69' lang='lat' dir='ltr'><strong>Regni</strong></span> <span class='ocrx_word' id='word_1_850' title='bbox 702 5278 951 5352; x_wconf 81' lang='lat' dir='ltr'><strong>dilatatur</strong></span> <span class='ocrx_word' id='word_1_851' title='bbox 992 5297 1111 5352; x_wconf 80' lang='lat' dir='ltr'><strong>mss.</strong></span> <span class='ocrx_word' id='word_1_852' title='bbox 1178 5276 1311 5352; x_wconf 67' lang='lat' dir='ltr'><strong>lict.</strong></span> <span class='ocrx_word' id='word_1_853' title='bbox 1361 5284 1509 5335; x_wconf 69' lang='lat' dir='ltr'><strong>Corb.</strong></span> <span class='ocrx_word' id='word_1_854' title='bbox 1572 5285 1733 5352; x_wconf 76' lang='lat' dir='ltr'><strong>Regni</strong></span> <span class='ocrx_word' id='word_1_855' title='bbox 1778 5276 2028 5338; x_wconf 75' lang='lat' dir='ltr'><strong>dilatetur</strong></span> <span class='ocrx_word' id='word_1_856' title='bbox 2104 5285 2193 5316; x_wconf 76' lang='grc'><strong>³⁷⁸⁸</strong></span> <span class='ocrx_word' id='word_1_857' title='bbox 2237 5286 2362 5339; x_wconf 68' lang='lat' dir='ltr'><strong>Cse.</strong></span> <span class='ocrx_word' id='word_1_858' title='bbox 2407 5276 2496 5338; x_wconf 60' lang='grc' dir='ltr'><strong>ἓξὲξ</strong></span> <span class='ocrx_word' id='word_1_859' title='bbox 2561 5284 2652 5337; x_wconf 79' lang='lat' dir='ltr'><strong>Est</strong></span> <span class='ocrx_word' id='word_1_860' title='bbox 2694 5287 2747 5337; x_wconf 84' lang='lat' dir='ltr'><strong>in</strong></span> <span class='ocrx_word' id='word_1_861' title='bbox 2795 5301 2893 5337; x_wconf 78' lang='lat' dir='ltr'><strong>ius.</strong></span> <span class='ocrx_word' id='word_1_862' title='bbox 2928 5283 3081 5337; x_wconf 85' lang='lat' dir='ltr'><strong>Corb.</strong></span> <span class='ocrx_word' id='word_1_863' title='bbox 3117 5276 3281 5352; x_wconf 66' lang='lat' dir='ltr'><strong>Caput</strong></span> <span class='ocrx_word' id='word_1_864' title='bbox 3320 5283 3408 5338; x_wconf 71' lang='lat'><strong>25.</strong></span> <span class='ocrx_word' id='word_1_865' title='bbox 3487 5283 3579 5314; x_wconf 81' lang='lat'><strong>&quot;“</strong></span> 
     </span>
    </p>
   </div>
   <div class='ocr_carea' id='block_1_103' title="bbox 304 5346 3576 5423">
    <p class='ocr_par' dir='ltr' id='par_1_103' title="bbox 304 5346 3576 5423">
     <span class='ocr_line' id='line_1_104' title="bbox 304 5346 3576 5423; baseline 0.004 -34"><span class='ocrx_word' id='word_1_866' title='bbox 304 5386 305 5389; x_wconf 45' lang='grc' dir='ltr'><strong>η</strong></span> <span class='ocrx_word' id='word_1_867' title='bbox 533 5349 607 5423; x_wconf 74' lang='lat' dir='ltr'><strong>de</strong></span> <span class='ocrx_word' id='word_1_868' title='bbox 626 5348 827 5423; x_wconf 80' lang='lat' dir='ltr'><strong>duobus</strong></span> <span class='ocrx_word' id='word_1_869' title='bbox 853 5348 1216 5423; x_wconf 64' lang='lat' dir='ltr'><strong>tli\&#39;m-sis._s:nl</strong></span> <span class='ocrx_word' id='word_1_870' title='bbox 1251 5351 1327 5423; x_wconf 31' lang='lat' dir='ltr'><strong>de.</strong></span> <span class='ocrx_word' id='word_1_871' title='bbox 1359 5367 1462 5403; x_wconf 91' lang='lat' dir='ltr'><strong>uno</strong></span> <span class='ocrx_word' id='word_1_872' title='bbox 1494 5370 1613 5406; x_wconf 79' lang='lat' dir='ltr'><strong>mss.</strong></span> <span class='ocrx_word' id='word_1_873' title='bbox 1649 5346 1769 5406; x_wconf 66' lang='lat' dir='ltr'><strong>csse</strong></span> <span class='ocrx_word' id='word_1_874' title='bbox 1800 5355 1951 5421; x_wconf 85' lang='lat' dir='ltr'><strong>quasi</strong></span> <span class='ocrx_word' id='word_1_875' title='bbox 2001 5356 2063 5407; x_wconf 92' lang='lat' dir='ltr'><strong>de</strong></span> <span class='ocrx_word' id='word_1_876' title='bbox 2105 5354 2312 5407; x_wconf 87' lang='lat' dir='ltr'><strong>duobus</strong></span> <span class='ocrx_word' id='word_1_877' title='bbox 2350 5355 2599 5418; x_wconf 77' lang='lat' dir='ltr'><strong>diversis,</strong></span> <span class='ocrx_word' id='word_1_878' title='bbox 2650 5354 2741 5407; x_wconf 84' lang='lat' dir='ltr'><strong>sed</strong></span> <span class='ocrx_word' id='word_1_879' title='bbox 2778 5355 2929 5423; x_wconf 83' lang='lat' dir='ltr'><strong>quasi</strong></span> <span class='ocrx_word' id='word_1_880' title='bbox 2958 5358 3022 5419; x_wconf 84' lang='lat' dir='ltr'><strong>de</strong></span> <span class='ocrx_word' id='word_1_881' title='bbox 3051 5368 3155 5419; x_wconf 88' lang='lat' dir='ltr'><strong>uno</strong></span> <span class='ocrx_word' id='word_1_882' title='bbox 3192 5346 3314 5384; x_wconf 75' lang='grc'><strong>’⁸⁷⁸⁷</strong></span> <span class='ocrx_word' id='word_1_883' title='bbox 3355 5353 3484 5406; x_wconf 81' lang='lat' dir='ltr'><strong>Nam</strong></span> <span class='ocrx_word' id='word_1_884' title='bbox 3510 5352 3576 5423; x_wconf 84' lang='lat' dir='ltr'><strong>de</strong></span> 
     </span>
    </p>
   </div>
   <div class='ocr_carea' id='block_1_104' title="bbox 352 5414 3577 5491">
    <p class='ocr_par' dir='ltr' id='par_1_104' title="bbox 352 5414 3577 5491">
     <span class='ocr_line' id='line_1_105' title="bbox 352 5414 3577 5491; baseline 0.002 -24"><span class='ocrx_word' id='word_1_885' title='bbox 352 5414 529 5491; x_wconf 71' lang='lat' dir='ltr'><strong>altera</strong></span> <span class='ocrx_word' id='word_1_886' title='bbox 567 5416 608 5468; x_wconf 82' lang='lat' dir='ltr'><strong>si</strong></span> <span class='ocrx_word' id='word_1_887' title='bbox 638 5416 898 5491; x_wconf 32' lang='lat' dir='ltr'><strong>prim-ant</strong></span> <span class='ocrx_word' id='word_1_888' title='bbox 926 5421 1209 5485; x_wconf 78' lang='lat' dir='ltr'><strong>posterior,</strong></span> <span class='ocrx_word' id='word_1_889' title='bbox 1254 5418 1337 5491; x_wconf 73' lang='lat' dir='ltr'><strong>vel</strong></span> <span class='ocrx_word' id='word_1_890' title='bbox 1358 5436 1477 5491; x_wconf 78' lang='lat' dir='ltr'><strong>mss.</strong></span> <span class='ocrx_word' id='word_1_891' title='bbox 1516 5438 1636 5474; x_wconf 86' lang='lat' dir='ltr'><strong>nam</strong></span> <span class='ocrx_word' id='word_1_892' title='bbox 1679 5423 1720 5475; x_wconf 86' lang='lat' dir='ltr'><strong>si</strong></span> <span class='ocrx_word' id='word_1_893' title='bbox 1753 5414 1897 5488; x_wconf 83' lang='lat' dir='ltr'><strong>prius</strong></span> <span class='ocrx_word' id='word_1_894' title='bbox 1932 5433 2023 5475; x_wconf 86' lang='lat' dir='ltr'><strong>ant</strong></span> <span class='ocrx_word' id='word_1_895' title='bbox 2053 5433 2171 5490; x_wconf 82' lang='lat' dir='ltr'><strong>post</strong></span> <span class='ocrx_word' id='word_1_896' title='bbox 2204 5424 2282 5476; x_wconf 76' lang='lat' dir='ltr'><strong>vel</strong></span> <span class='ocrx_word' id='word_1_897' title='bbox 2314 5424 2403 5457; x_wconf 79' lang='grc'><strong>¹⁷⁵⁸</strong></span> <span class='ocrx_word' id='word_1_898' title='bbox 2432 5426 2504 5476; x_wconf 82' lang='lat' dir='ltr'><strong>De</strong></span> <span class='ocrx_word' id='word_1_899' title='bbox 2535 5414 2638 5476; x_wconf 85' lang='lat' dir='ltr'><strong>uno</strong></span> <span class='ocrx_word' id='word_1_900' title='bbox 2683 5414 2867 5475; x_wconf 71' lang='lat' dir='ltr'><strong>eudeiu</strong></span> <span class='ocrx_word' id='word_1_901' title='bbox 2901 5416 3099 5491; x_wconf 76' lang='lat' dir='ltr'><strong>Spiritu</strong></span> <span class='ocrx_word' id='word_1_902' title='bbox 3131 5424 3327 5476; x_wconf 67' lang='lat' dir='ltr'><strong>Sancto</strong></span> <span class='ocrx_word' id='word_1_903' title='bbox 3357 5437 3478 5491; x_wconf 73' lang='lat' dir='ltr'><strong>mss.</strong></span> <span class='ocrx_word' id='word_1_904' title='bbox 3513 5422 3577 5472; x_wconf 86' lang='lat' dir='ltr'><strong>de</strong></span> 
     </span>
    </p>
   </div>
   <div class='ocr_carea' id='block_1_105' title="bbox 353 5484 3574 5561">
    <p class='ocr_par' dir='ltr' id='par_1_105' title="bbox 353 5484 3574 5561">
     <span class='ocr_line' id='line_1_106' title="bbox 353 5484 3574 5561; baseline 0.002 -25"><span class='ocrx_word' id='word_1_905' title='bbox 353 5484 549 5537; x_wconf 69' lang='lat' dir='ltr'><strong>eodem</strong></span> <span class='ocrx_word' id='word_1_906' title='bbox 580 5484 963 5561; x_wconf 71' lang='lat' dir='ltr'><strong>t_tttu_Spirittnn</strong></span> <span class='ocrx_word' id='word_1_907' title='bbox 986 5493 1250 5561; x_wconf 78' lang='lat' dir='ltr'><strong>&#39;sanctunt</strong></span> <span class='ocrx_word' id='word_1_908' title='bbox 1331 5490 1417 5523; x_wconf 65' lang='lat'><strong>&quot;59</strong></span> <span class='ocrx_word' id='word_1_909' title='bbox 1459 5492 1605 5554; x_wconf 80' lang='lat' dir='ltr'><strong>Quod</strong></span> <span class='ocrx_word' id='word_1_910' title='bbox 1638 5492 1686 5543; x_wconf 91' lang='lat' dir='ltr'><strong>in</strong></span> <span class='ocrx_word' id='word_1_911' title='bbox 1727 5484 1839 5558; x_wconf 73' lang='lat' dir='ltr'><strong>ipso</strong></span> <span class='ocrx_word' id='word_1_912' title='bbox 1872 5508 1974 5543; x_wconf 88' lang='lat' dir='ltr'><strong>uno</strong></span> <span class='ocrx_word' id='word_1_913' title='bbox 2006 5484 2098 5545; x_wconf 66' lang='lat' dir='ltr'><strong>ius.</strong></span> <span class='ocrx_word' id='word_1_914' title='bbox 2147 5492 2273 5543; x_wconf 79' lang='lat' dir='ltr'><strong>Vict.</strong></span> <span class='ocrx_word' id='word_1_915' title='bbox 2319 5492 2400 5545; x_wconf 81' lang='lat' dir='ltr'><strong>i3.</strong></span> <span class='ocrx_word' id='word_1_916' title='bbox 2436 5496 2573 5561; x_wconf 84' lang='lat' dir='ltr'><strong>quod</strong></span> <span class='ocrx_word' id='word_1_917' title='bbox 2610 5508 2672 5545; x_wconf 84' lang='lat' dir='ltr'><strong>ex</strong></span> <span class='ocrx_word' id='word_1_918' title='bbox 2716 5494 2831 5559; x_wconf 82' lang='lat' dir='ltr'><strong>ipso</strong></span> <span class='ocrx_word' id='word_1_919' title='bbox 2872 5484 2975 5544; x_wconf 76' lang='lat' dir='ltr'><strong>uno</strong></span> <span class='ocrx_word' id='word_1_920' title='bbox 3055 5492 3145 5522; x_wconf 78' lang='grc'><strong>³⁷⁸⁸</strong></span> <span class='ocrx_word' id='word_1_921' title='bbox 3178 5492 3274 5557; x_wconf 84' lang='lat' dir='ltr'><strong>Qui</strong></span> <span class='ocrx_word' id='word_1_922' title='bbox 3302 5489 3457 5543; x_wconf 84' lang='lat' dir='ltr'><strong>simul</strong></span> <span class='ocrx_word' id='word_1_923' title='bbox 3493 5499 3574 5542; x_wconf 81' lang='lat' dir='ltr'><strong>est</strong></span> 
     </span>
    </p>
   </div>
   <div class='ocr_carea' id='block_1_106' title="bbox 357 5553 3575 5630">
    <p class='ocr_par' dir='ltr' id='par_1_106' title="bbox 357 5553 3575 5630">
     <span class='ocr_line' id='line_1_107' title="bbox 357 5553 3575 5630; baseline 0.002 -25"><span class='ocrx_word' id='word_1_924' title='bbox 357 5562 529 5630; x_wconf 60' lang='grc' dir='ltr'>ιςιιιιε,</span> <span class='ocrx_word' id='word_1_925' title='bbox 573 5555 633 5604; x_wconf 73' lang='lat' dir='ltr'><strong>de</strong></span> <span class='ocrx_word' id='word_1_926' title='bbox 667 5553 769 5630; x_wconf 64' lang='lat' dir='ltr'><strong>[luti</strong></span> <span class='ocrx_word' id='word_1_927' title='bbox 798 5557 1123 5630; x_wconf 51' lang='lat' dir='ltr'><strong>tult_i._tt_zas.is</strong></span> <span class='ocrx_word' id='word_1_928' title='bbox 1164 5573 1280 5607; x_wconf 70' lang='lat' dir='ltr'><strong>mss.</strong></span> <span class='ocrx_word' id='word_1_929' title='bbox 1316 5561 1400 5623; x_wconf 73' lang='lat' dir='ltr'><strong>qui</strong></span> <span class='ocrx_word' id='word_1_930' title='bbox 1435 5553 1594 5611; x_wconf 61' lang='lat' dir='ltr'><strong>settle!</strong></span> <span class='ocrx_word' id='word_1_931' title='bbox 1643 5553 1781 5612; x_wconf 70' lang='lat' dir='ltr'><strong>tollis</strong></span> <span class='ocrx_word' id='word_1_932' title='bbox 1811 5570 1891 5613; x_wconf 79' lang='lat' dir='ltr'><strong>est</strong></span> <span class='ocrx_word' id='word_1_933' title='bbox 1922 5562 1984 5614; x_wconf 83' lang='lat' dir='ltr'><strong>de</strong></span> <span class='ocrx_word' id='word_1_934' title='bbox 2018 5561 2121 5615; x_wconf 80' lang='lat' dir='ltr'><strong>Deo</strong></span> <span class='ocrx_word' id='word_1_935' title='bbox 2151 5570 2278 5616; x_wconf 81' lang='lat' dir='ltr'><strong>toto.</strong></span> <span class='ocrx_word' id='word_1_936' title='bbox 2327 5553 2494 5629; x_wconf 68' lang='lat' dir='ltr'><strong>magis</strong></span> <span class='ocrx_word' id='word_1_937' title='bbox 2544 5579 2640 5614; x_wconf 84' lang='lat' dir='ltr'><strong>ms.</strong></span> <span class='ocrx_word' id='word_1_938' title='bbox 2679 5553 2808 5613; x_wconf 69' lang='lat' dir='ltr'><strong>&#39;l&#39;iiu.</strong></span> <span class='ocrx_word' id='word_1_939' title='bbox 2842 5564 2928 5613; x_wconf 68' lang='lat' dir='ltr'><strong>illi.</strong></span> <span class='ocrx_word' id='word_1_940' title='bbox 2965 5562 3054 5629; x_wconf 86' lang='lat' dir='ltr'><strong>qui</strong></span> <span class='ocrx_word' id='word_1_941' title='bbox 3095 5553 3258 5615; x_wconf 60' lang='lat' dir='ltr'><strong>semel</strong></span> <span class='ocrx_word' id='word_1_942' title='bbox 3309 5569 3452 5611; x_wconf 89' lang='lat' dir='ltr'><strong>totus</strong></span> <span class='ocrx_word' id='word_1_943' title='bbox 3485 5568 3575 5630; x_wconf 63' lang='lat' dir='ltr'><strong>est</strong></span> 
     </span>
    </p>
   </div>
   <div class='ocr_carea' id='block_1_107' title="bbox 352 5621 3571 5697">
    <p class='ocr_par' dir='ltr' id='par_1_107' title="bbox 352 5621 3571 5697">
     <span class='ocr_line' id='line_1_108' title="bbox 352 5621 3571 5697; baseline 0.002 -24"><span class='ocrx_word' id='word_1_944' title='bbox 352 5626 423 5675; x_wconf 59' lang='lat' dir='ltr'><strong>«Et:</strong></span> <span class='ocrx_word' id='word_1_945' title='bbox 459 5621 586 5684; x_wconf 65' lang='lat' dir='ltr'><strong>thn,</strong></span> <span class='ocrx_word' id='word_1_946' title='bbox 621 5622 783 5689; x_wconf 60' lang='lat' dir='ltr'><strong>iungis</strong></span> <span class='ocrx_word' id='word_1_947' title='bbox 862 5625 941 5652; x_wconf 62' lang='lat'><strong><em>‘7”</em></strong></span> <span class='ocrx_word' id='word_1_948' title='bbox 987 5625 1144 5686; x_wconf 58' lang='grc' dir='ltr'>Μδμιε</span> <span class='ocrx_word' id='word_1_949' title='bbox 1187 5638 1266 5677; x_wconf 64' lang='lat' dir='ltr'><strong>aut</strong></span> <span class='ocrx_word' id='word_1_950' title='bbox 1307 5621 1475 5681; x_wconf 76' lang='lat' dir='ltr'><strong>minus</strong></span> <span class='ocrx_word' id='word_1_951' title='bbox 1510 5646 1629 5681; x_wconf 59' lang='lat' dir='ltr'><strong>mss.</strong></span> <span class='ocrx_word' id='word_1_952' title='bbox 1667 5648 1714 5681; x_wconf 88' lang='lat' dir='ltr'><strong>nt</strong></span> <span class='ocrx_word' id='word_1_953' title='bbox 1756 5631 1831 5695; x_wconf 62' lang='lat' dir='ltr'><strong>gis</strong></span> <span class='ocrx_word' id='word_1_954' title='bbox 1863 5641 1907 5682; x_wconf 72' lang='lat' dir='ltr'><strong>(fl</strong></span> <span class='ocrx_word' id='word_1_955' title='bbox 1948 5632 2120 5685; x_wconf 82' lang='lat' dir='ltr'><strong>minus</strong></span> <span class='ocrx_word' id='word_1_956' title='bbox 2201 5634 2287 5660; x_wconf 69' lang='lat'><strong>&quot;‘&quot;’</strong></span> <span class='ocrx_word' id='word_1_957' title='bbox 2319 5632 2380 5684; x_wconf 77' lang='lat' dir='ltr'><strong>Et</strong></span> <span class='ocrx_word' id='word_1_958' title='bbox 2416 5621 2626 5685; x_wconf 63' lang='grc' dir='ltr'>Ξιιιιιιιιυ</span> <span class='ocrx_word' id='word_1_959' title='bbox 2658 5632 2881 5697; x_wconf 52' lang='lat' dir='ltr'><strong>simplici</strong></span> <span class='ocrx_word' id='word_1_960' title='bbox 2917 5621 3036 5683; x_wconf 54' lang='lat' dir='ltr'><strong>ius}.</strong></span> <span class='ocrx_word' id='word_1_961' title='bbox 3087 5647 3291 5683; x_wconf 62' lang='lat' dir='ltr'><strong>htJIlltlL‘</strong></span> <span class='ocrx_word' id='word_1_962' title='bbox 3344 5626 3571 5695; x_wconf 77' lang='lat' dir='ltr'><strong>simplici</strong></span> 
     </span>
    </p>
   </div>
   <div class='ocr_carea' id='block_1_108' title="bbox 206 6084 417 6113">
    <p class='ocr_par' dir='ltr' id='par_1_108' title="bbox 206 6084 417 6113">
     <span class='ocr_line' id='line_1_109' title="bbox 206 6084 417 6113; baseline 0 0"><span class='ocrx_word' id='word_1_963' title='bbox 206 6084 363 6113; x_wconf 54' lang='grc' dir='ltr'><strong><em>«ΓΑΔ-</em></strong></span> <span class='ocrx_word' id='word_1_964' title='bbox 408 6090 417 6097; x_wconf 81' lang='grc'><strong><em>⁸</em></strong></span> 
     </span>
    </p>
   </div>
  </div>
