4226 6202
621 267 683 325 3.3
694 271 728 328 9

1014 382 1239 438 CAPUT
1279 382 1443 436 xxrv
1473 381 1580 464 lat.
1603 382 1821 508 sunt),

1014 470 1034 505 ι
1067 463 1272 506 sanctus
1302 469 1402 505 non
1439 464 1501 506 stt
1535 470 1765 508 urtncwa
1789 465 1821 507 tl

626 452 780 519 Quod
810 451 1034 522 Spiritus
1067 463 1272 506 sanctus
1302 469 1402 505 non
1439 451 1502 506 aii
1533 451 1886 523 principafiler
1910 453 1975 508 de
2004 452 2182 509 Patre.

697 563 847 630 Quod
876 563 920 616 si
955 563 1149 622 dicitur
1175 562 1407 632 quia'm
1455 563 1690 632 Spiritus
1732 573 1948 617 sanctus
1983 561 2184 631 princi-

623 652 816 720 palitcr
837 659 917 704 est
939 651 1004 704 de
1035 651 1224 718 Patre,
1249 653 1403 720 quasi
1432 653 1600 723 magis
1623 653 1691 706 sit
1718 653 1784 706 de
1835 650 1996 705 Patre
2021 665 2185 720 quam

621 741 690 793 de.
720 740 876 804 Filio,
913 755 1019 795 non
1067 742 1140 796 ita
1191 742 1474 798 dicendum
1504 751 1588 798 est
1615 750 1673 795 ut
1703 741 2033 810 intelligatur
2077 741 2183 796 ulla

621 830 1000 897 przedictarum
1024 832 1348 886 varietatutn
1379 833 1584 895 inesse;
1615 831 1707 887 sed
1734 833 1986 901 quoniam
2016 830 2184 886 Filius

621 919 722 974 hoc
755 920 896 988 quod
934 931 1056 989 est,
1102 924 1167 976 de
1212 922 1368 975 Patre
1397 922 1590 986 habet,
1624 921 1829 977 idcirco
1857 921 1960 977 hoc
2009 922 2184 991 ipsum

621 1009 761 1075 quod
793 1007 1032 1077 Spiritus
1059 1018 1276 1064 sanctus
1301 1019 1383 1064 est
1405 1008 1472 1064 de
1499 1010 1660 1075 Filio.
1683 1011 1883 1066 habere
1907 1012 1970 1065 de
2000 1011 2184 1076 Patre,

622 1099 685 1152 de
729 1113 835 1166 quo
881 1100 1043 1154 habet
1070 1115 1220 1164 esse,
1265 1117 1372 1155 non
1416 1101 1856 1157 iuconvenienter
1901 1102 2181 1158 asscritur.

623 1189 881 1252 Quoniam
911 1199 1087 1243 tamen
1125 1189 1207 1244 sic
1237 1190 1397 1243 habet
1444 1205 1564 1245 esse
1598 1191 1664 1245 de
1691 1190 1850 1245 Patre
1895 1191 2095 1259 Filius,
2126 1201 2181 1246 ut

621 1279 946 1332 amuino”“
977 1281 1209 1350 idipsum
1237 1283 1306 1337 sit
1328 1283 1470 1353 quod
1494 1282 1673 1346 Pater,
1695 1292 1750 1337 et
1775 1297 1910 1336 unus
1937 1283 2184 1352 idemque

620 1368 758 1423 Deus
785 1385 802 1424 :
835 1370 975 1423 sicut
1000 1372 1146 1426 solus
1175 1381 1228 1427 et
1259 1372 1489 1441 simplex
1532 1371 1675 1428 Deus
1710 1386 1814 1427 non
1846 1382 2020 1441 potest
2064 1387 2180 1429 esse

617 1457 791 1528 major
817 1460 899 1516 vel
927 1464 1102 1518 minor
1125 1465 1321 1531 seipso,
1353 1477 1453 1519 nec
1472 1464 1622 1533 prior
1641 1479 1743 1519 nec
1771 1465 2054 1532 posterior,
2081 1479 2181 1520 nee

617 1551 822 1621 aliquid
861 1554 912 1607 in
959 1569 1017 1610 se
1058 1554 1218 1610 habet
1245 1555 1553 1621 diversum;
1605 1556 1682 1610 sic
1729 1557 1839 1627 60
1883 1556 2052 1611 Filius
2083 1573 2179 1612 nec

614 1639 770 1708 prior
798 1655 897 1696 nec
925 1643 1209 1710 posterior,
1244 1659 1343 1698 nec
1365 1645 1534 1715 major
1563 1659 1664 1700 nec
1685 1645 1858 1700 minor
1883 1655 1965 1701 est
1992 1646 2171 1713 Patre,

1134 272 1191 327 S.
1228 271 1524 327 ANSELMI
1554 270 1899 329 CANTUAB.
1948 270 2268 329 ARClllEP.
2317 270 2474 330 OPP.
2516 273 2694 336 PARS
2729 273 2767 329 Ι.
2809 303 2876 329 -ι
2918 275 3330 334 θοωιλτιεει.

3738 278 3842 333 320

2218 387 2264 444 Α
2294 384 2682 454 principaliter,
2708 385 2949 441 volumus
2971 386 3274 457 significare
3296 391 3435 457 quod
3463 391 3630 456 magis
3650 391 3716 443 sit
3743 392 3844 445 huc

2288 473 2428 541 quod
2458 473 2654 529 dicitur
2691 489 2808 529 esse
2835 476 3218 546 principaliter,
3265 492 3426 548 quam
3457 478 3582 532 illud
3610 479 3676 533 ad
3702 482 3842 548 quod

2288 563 2519 618 refertur
2546 579 2560 617 :
2589 573 2648 618 ut
2698 579 2820 618 cum
2864 567 3203 635 dispensator
3234 568 3457 636 alicujus
3485 567 3683 622 domini
3727 569 3847 638 ejus

2285 661 2554 722 prmccpte
2589 653 2760 722 pascit
2802 651 3060 708 familiam
3110 655 3325 718 demus,
3364 655 3609 711 dominus
3647 657 3846 727 princi-

2283 741 2475 810 paliter
2517 750 2572 796 et
2618 743 2786 812 magis
2819 757 2938 797 eam
2993 758 3215 813 pascere
3262 755 3408 800 recte
3437 747 3652 810 dicitur,
3684 762 3840 816 quan’

2285 831 2641 900 dispensator.
2682 817 2814 887 Nam
2843 848 2947 887 non
2979 835 3157 886 omnia
3185 848 3301 902 quae
3340 835 3575 888 sunt'm
3612 833 3841 901 domini,

2283 930 2409 975 sunt
2451 921 2841 991 dispensatoris
2890 922 3200 992 mqualiter;
3237 923 3376 978 sicut
3429 939 3492 978 ea
3545 939 3666 992 quae
3721 935 3842 980 sunt

2282 1010 2492 1076 Patris.
2517 1013 2637 1068 Filii
2670 1029 2883 1084 quoque
2917 1023 3042 1068 sunt
3069 1029 3174 1068 non
3205 1013 3562 1083 inaequaliter.

2742 1237 2748 1242 ,
2793 1158 3022 1215 CAPUT
3063 1159 3200 1215 xxv
3224 1159 3333 1212 ατη.

2283 1270 2552 1327 Pt'ocessio
2581 1273 2696 1327 lucc
2711 1271 2906 1326 nullam
2919 1271 3250 1353 intraDeum
3271 1273 3592 1342 priorilatem
3623 1274 3846 1331 inducit.

2844 1375 2845 1378 η
2877 1359 2973 1395 nm
3001 1357 3236 1411 ortgmu.

2351 1450 2566 1519 Qumret
2612 1450 2843 1507 forsitan
2901 1451 3096 1520 aliquis
3157 1461 3211 1506 et
3265 1452 3551 1514 mirabitur
3596 1454 3780 1509 dicens
3828 1469 3847 1508 :

2280 1541 2559 1609 Quomodo
2605 1551 2782 1613 potest
2833 1541 3055 1613 intelligi
3107 1552 3166 1598 ut
3232 1537 3435 1613 aliquid
3489 1545 3683 1601 habeat
3725 1561 3852 1602 esse

2282 1634 2348 1690 de
2361 1634 2450 1668 *7"
2488 1636 2697 1704 aliquo;
2729 1643 2780 1691 et
2807 1650 2912 1690 non
2943 1636 3013 1691 sit
3038 1635 3220 1704 aliquo
3245 1635 3404 1690 modo
3428 1635 3503 1703 id,
3526 1637 3590 1691 de
3614 1652 3719 1707 quo
3740 1647 3850 1703 est,

616 1745 720 1786 nec
749 1731 909 1786 habet
935 1731 1136 1803 aliquid
1182 1734 1234 1788 in
1267 1748 1323 1790 se
1359 1734 1631 1790 diversum
1679 1736 1746 1791 ab
1785 1751 1882 1802 eo;
1913 1737 2010 1792 sed
2037 1716 2253 1791 sicutB
2281 1729 2625 1798 principalius
2664 1737 2718 1783 et
2764 1729 3001 1800 dignius;
3052 1737 3105 1783 cl
3137 1728 3274 1795 hoc,
3322 1727 3464 1798 quod
3515 1744 3580 1789 ex
3622 1744 3688 1784 eo
3727 1740 3848 1794 εει.

613 1820 779 1876 habet
814 1825 879 1876 ab
910 1823 1002 1876 illo
1026 1823 1264 1893 perfecte
1297 1840 1453 1890 esse,
1486 1827 1556 1880 ita
1589 1827 1750 1880 habet
1783 1841 1878 1897 per
1907 1827 2085 1882 omnia
2112 1828 2180 1888 ab

613 1911 801 1966 eodem
822 1913 1079 1983 aqualem
1105 1913 1179 1968 illi
1203 1925 1257 1969 ει
1277 1915 1508 1970 similem
1523 1916 1636 1981 ⁸⁷⁸⁸,
1660 1917 1767 1970 imo
1790 1917 2018 1986 idipsum
2038 1930 2180 1971 esse.

611 2001 952 2072 Quapropter
975 2002 1115 2057 sicut
1159 2002 1319 2059 Pater
1354 2019 1460 2058 non
1487 2013 1571 2060 est
1613 2005 1781 2074 magis
1809 2005 1949 2058 Deus
2017 2019 2179 2072 quam

613 2091 816 2157 Filius,
851 2095 1105 2164 quamvis
1148 2094 1320 2150 Filius
1371 2095 1568 2152 habeat
1616 2111 1736 2152 esse
1781 2096 1850 2153 de
1867 2097 1949 2128 ‘7"
1991 2095 2178 2162 Patre;

613 2186 693 2240 ita
719 2202 828 2240 non
855 2197 941 2242 est
965 2190 1136 2258 magis
1164 2187 1398 2259 Spiritus
1443 2199 1662 2244 sanctus
1689 2188 1756 2244 de
1818 2188 1973 2244 Patre
2018 2202 2180 2257 quam

612 2279 681 2334 de
705 2277 864 2344 Filio.
909 2279 1037 2335 licet
1072 2281 1296 2336 Filiusa
1322 2281 1483 2337 Patre
1514 2282 1710 2336 habent
1731 2321 1745 2348 ,
1785 2290 1844 2335 ut
1873 2282 1938 2336 de
1986 2281 2081 2336 illo
2107 2282 2179 2336 sit

613 2369 847 2440 Spiritus
883 2380 1129 2426 sanctus.
1162 2371 1217 2424 In
1245 2386 1311 2427 eo
1339 2373 1482 2426 enim
1511 2372 1563 2426 in
1605 2387 1710 2441 quo
1733 2382 1818 2427 est
1845 2387 1982 2427 unus
2013 2371 2182 2427 idem-

608 2475 716 2529 que
738 2476 858 2514 cum
888 2460 1047 2516 Patre
1066 2502 1080 2524 ,
1122 2463 1176 2516 id
1206 2471 1291 2517 est
1327 2463 1378 2516 in
1407 2479 1472 2517 eo
1493 2465 1636 2532 quod
1665 2463 1804 2517 Deus
1833 2473 1938 2526 est,
1971 2478 2078 2519 non
2101 2471 2184 2516 est

611 2549 857 2604 alius"?
891 2550 978 2603 ille
998 2589 1014 2614 ,
1043 2559 1094 2604 et
1123 2552 1262 2605 alius
1283 2551 1484 2616 Pater;
1532 2563 1708 2619 neque
1735 2549 2064 2605 dissimiliter
2089 2550 2183 2604 ha-

607 2638 701 2691 bet
727 2637 928 2707 aliquid
949 2638 1063 2704 "‘°,
1096 2641 1221 2707 quia
1268 2654 1374 2694 non
1425 2646 1510 2693 est
1558 2638 1700 2692 alius
1740 2638 1879 2692 Deus
1905 2637 2084 2700 Pater,
2128 2645 2185 2690 et

610 2727 750 2787 alius
794 2729 935 2792 Deus
975 2728 1173 2793 Filius;
1208 2743 1382 2798 neque
1418 2727 1753 2784 dissimiliter
1796 2737 1919 2783 sunt
1961 2727 2014 2781 id
2041 2726 2182 2795 quod

611 2825 771 2880 sunt,
801 2818 896 2872 sed
925 2819 979 2872 in
1011 2831 1076 2873 ee
1101 2820 1244 2888 quod
1273 2819 1365 2874 ille
1395 2828 1479 2873 est
1521 2817 1704 2883 Pater,
1747 2818 1845 2872 iste
1873 2817 2065 2882 Filius;
2098 2824 2183 2871 est

613 2904 753 2960 alius
785 2906 904 2970 ille,
936 2916 990 2962 et
1030 2909 1166 2964 alius
1196 2909 1424 2964 istem”.
1461 2908 1528 2962 Et
1555 2908 1695 2963 sicut
1739 2906 1905 2962 Filius
1949 2921 2054 2962 non
2099 2916 2183 2962 est

609 2993 750 3048 alius
796 2993 936 3049 Deus
967 3011 1128 3064 quam
1159 2995 1348 3061 Pater;
1407 2996 1482 3051 ita
1532 2997 1828 3050 secundum
1869 2995 2009 3064 quod
2041 2995 2180 3049 Deus

2281 1817 2674 1887 quodammodo
2700 1818 2874 1874 minus
2905 1827 2958 1873 et
2987 1817 3140 1887 quasi
3165 1817 3545 1872 secundarium
3576 1833 3590 1871 :
3616 1831 3853 1888 praeser-

2283 1911 2378 1965 tim
2411 1925 2532 1964 cum
2565 1910 2616 1981 id
2646 1911 2788 1980 quod
2827 1919 2910 1964 est
2951 1909 3019 1965 de
3045 1908 3261 1977 aliquo,
3291 1909 3538 1963 videatur
3577 1907 3852 1977 indigere,

2282 2013 2341 2055 ut
2382 2002 2484 2066 sit,
2514 2015 2580 2057 eo
2629 2002 2697 2057 de”
2722 2001 2932 2071 quo""
2963 2009 3082 2066 est;
3131 1999 3259 2054 illud
3295 2013 3456 2066 vero,
3487 1998 3553 2054 de
3598 2011 3706 2071 quo
3727 2005 3876 2069 εει,⁵

2282 2109 2617 2164 nequaquam
2644 2104 2799 2165 egeat
2844 2107 2908 2149 eo
2948 2091 3089 2163 quod
3119 2090 3186 2146 de
3230 2106 3289 2150 se
3335 2091 3454 2147 est?
3488 2092 3565 2146 Ad
3595 2091 3735 2160 quod
3765 2105 3850 2146 re:

2280 2182 2652 2250 spondendum
2682 2182 2807 2252 quia
2833 2182 2971 2237 sicut
2998 2181 3233 2234 essentia
3263 2180 3355 2234 Dei
3385 2179 3537 2234 valde
3561 2178 3774 2234 diversa
3797 2185 3850 2232 ct

2281 2275 2459 2331 aliena
2482 2284 2564 2330 est
2588 2291 2615 2327 a
2641 2282 2822 2329 creata
2851 2273 3109 2337 essentia,
3151 2272 3254 2337 ita,
3281 2287 3402 2328 eum
3432 2271 3660 2326 dicimus
3683 2271 3852 2324 Deum

2282 2367 2347 2421 de
2377 2366 2485 2420 Deo
2511 2368 2746 2421 existere
2773 2365 3040 2419 nascendo
3069 2362 3150 2418 vel
3173 2362 3540 2432 procedendo,
3570 2359 3726 2431 longe
3750 2359 3864 2420 alix

2284 2467 2365 2512 ter
2407 2457 2744 2524 intelligenda
2791 2463 2874 2509 est
2911 2454 3031 2507 ista
3082 2453 3338 2508 nativitas
3390 2439 3507 2508 sive.
3548 2449 3856 2520 processio.

2282 2560 2442 2616 quam
2489 2561 2608 2602 cum
2648 2544 2876 2598 dicimus
2907 2543 2960 2597 in
3000 2542 3120 2596 aliis
3164 2542 3322 2596 rebus
3355 2538 3556 2612 aliquid
3588 2539 3737 2593 nasci
3769 2539 3856 2594 vel

2282 2637 2593 2708 procedere.
2643 2636 2716 2691 lbi
2754 2634 2897 2688 enim
2936 2633 3067 2688 nihil
3109 2645 3192 2687 est
3240 2641 3333 2686 aut
3384 2639 3573 2685 natura
3594 2630 3708 2695 "",
3757 2639 3856 2684 aut

2284 2736 2521 2796 tempore
2543 2765 2558 2789 ,
2585 2735 2678 2779 aut
2707 2725 2759 2779 in
2795 2724 2976 2795 alique
3000 2721 3256 2792 prius""
3282 2730 3375 2775 aut
3407 2721 3673 2789 posterius
3693 2759 3708 2784 ,
3740 2735 3856 2774 ma-

2282 2817 2361 2884 gis
2391 2821 2484 2867 aut
2506 2813 2682 2867 minus
2702 2852 2716 2879 ,
2749 2822 2841 2866 aut
2880 2811 2983 2864 ulla
3013 2809 3326 2864 rationemo
3367 2808 3548 2876 aliquo
3577 2807 3850 2878 indigens;

2282 2904 2376 2957 sed
2407 2912 2580 2957 totum
2609 2901 2752 2972 quod
2781 2910 2865 2956 est
2907 2915 3013 2954 non
3048 2910 3156 2952 tam
3203 2897 3513 2967 aequalem“
3553 2896 3633 2951 vel
3676 2896 3856 2976 simile

2284 2996 2385 3049 sibi
2413 3003 2467 3049 et
2493 3004 2849 3056 comlernum,
2881 3005 3040 3060 quam
3074 2991 3213 3044 idem
3244 2989 3345 3042 sibi
3391 2988 3520 3057 ipsi,
3560 2998 3614 3041 et
3661 3001 3756 3058 per
3793 3002 3852 3043 se

609 3099 645 3139 ε
676 3092 726 3150 ι,
773 3100 880 3139 non
931 3054 1093 3141 habet
1121 3086 1322 3157 aliquid
1351 3087 1421 3142 ab
1451 3087 1665 3143 alio‘m
1696 3101 1856 3156 quam
1884 3054 1932 3138 ἰι
1978 3087 2174 3154 seipse.
2210 3054 2252 3112 δ
2284 3083 2383 3137 sibi
2411 3083 2510 3151 ipsi
2533 3083 2753 3135 numine
2785 3081 3085 3143 suilieiens;
3118 3093 3216 3133 nec
3240 3080 3483 3133 nascitur
3509 3078 3588 3133 vel
3615 3077 3854 3148 procedit

609 3173 746 3230 Nam
769 3196 784 3227 ι
801 3191 892 3231 um
917 3177 1142 3232 tiitimus
1167 3178 1331 3234 Deum
1357 3179 1422 3232 de
1446 3177 1785 3243 Dc0,Filium
1804 3177 1867 3232 de
1890 3176 2046 3231 Patre
2064 3176 2176 3239 "7’,

610 3277 720 3331 non
751 3263 913 3326 alium
948 3265 1296 3336 intelligimus
1322 3265 1487 3320 Deum
1522 3268 1587 3321 de
1615 3266 1724 3320 Deo
1749 3265 1887 3330 alio;
1915 3266 2008 3320 sed
2033 3281 2178 3318 eum-

612 3352 734 3406 dem
771 3353 939 3421 ipsum
973 3352 1140 3407 Deum
1171 3355 1237 3409 de
1266 3354 1452 3409 eodem
1485 3353 1600 3423 ipso
1645 3354 1780 3416 Deo,
1814 3352 2057 3421 quamvis
2094 3352 2175 3405 di-

609 3457 798 3495 camus
829 3442 990 3495 alium
1019 3443 1083 3497 de
1111 3443 1246 3511 alio,
1278 3443 1473 3499 Filium
1497 3443 1702 3499 scilicet
1732 3445 1800 3501 de
1822 3443 1998 3497 Patre.
2029 3443 2178 3496 Sicut
2211 3453 2217 3460 ‘

609 3530 756 3584 enim
785 3545 947 3599 supra
971 3532 1172 3585 dictutn
1198 3522 1303 3596 est,
1330 3533 1779 3599 quemadmodum
1811 3531 1967 3593 Deus,
1990 3546 2180 3584 secun-

609 3619 738 3671 dtnu
771 3635 964 3674 nomen
992 3620 1302 3691 signiﬁcem
1329 3621 1624 3689 unitatem,
1656 3622 1854 3676 nullam
1881 3620 2071 3689 recipit
2097 3620 2181 3673 di-

613 3708 958 3773 versitatem;
986 3711 1057 3763 ita
1082 3710 1374 3765 secundum
1398 3712 1616 3764 nomina
1633 3710 1987 3780 signiﬁcantia
2017 3709 2178 3762 Deum

611 3815 734 3854 esse
781 3801 846 3854 de
897 3803 1038 3866 Deo,
1089 3802 1398 3867 necessario
1433 3804 1670 3857 admittit
1704 3803 2088 3872 pluralitateln.
2124 3801 2180 3857 Si
2214 3857 2222 3868 ,

607 3905 750 3959 ergo
795 3891 995 3946 dicitur
1037 3893 1178 3962 quod
1211 3893 1445 3962 Spiritus
1492 3902 1714 3947 sanctus
1746 3893 2181 3962 principalitera

608 3979 773 4038 Patre
799 3983 896 4044 sit;
931 3998 1037 4035 non
1066 3982 1207 4036 aliud
1237 3983 1575 4052 significatur
1602 3997 1761 4052 quam
1789 3983 1913 4057 quia
1944 3983 2056 4051 ipse
2098 3983 2182 4037 Fi-

607 4071 753 4135 lius,
802 4062 867 4127 de
915 4089 1020 4142 quo
1066 4083 1148 4129 est
1180 4073 1417 4143 Spiritus
1455 4085 1705 4142 sanctus,
1757 4090 1787 4129 a
1834 4075 1992 4129 Patre
2020 4076 2181 4131 habet

608 4163 820 4221 boc’m
847 4166 1047 4232 ipsum,
1076 4177 1133 4220 ut
1164 4167 1397 4238 Spiritus
1428 4179 1644 4225 sanctus
1687 4171 1757 4225 sit
1799 4173 1865 4233 de
1900 4170 2018 4236 illo;
2051 4185 2182 4240 quo-

610 4254 761 4312 niam
781 4256 873 4287 ¹⁷⁷³
902 4257 953 4310 id
998 4260 1139 4326 quod
1168 4269 1284 4323 est,
1314 4261 1476 4315 habet
1503 4276 1531 4314 a
1560 4261 1739 4316 Patre.
1770 4262 1881 4316 Non
1921 4263 2178 4332 quemad-

607 4345 832 4404 modum
856 4346 909 4400 in
933 4349 1092 4404 rebus
1116 4350 1340 4417 creatis,
1366 4352 1490 4406 dum
1513 4351 1714 4424 aliquid
1739 4353 2031 4408 asserimus
2060 4368 2179 4408 esse

2213 4303 2261 4361 D

2281 3171 2351 3225 ibi
2384 3171 2586 3240 aliquid
2612 3210 2626 3235 ,
2672 3170 2823 3239 quasi
2862 3171 2934 3223 de
2971 3183 3078 3221 non
3122 3181 3239 3221 esse
3279 3166 3568 3236 prolicieus
3598 3167 3663 3219 ad
3710 3180 3851 3220 esse.

2282 3261 2432 3315 Sicut
2463 3261 2627 3330 igitur
2674 3258 2983 3313 inteliectus
3029 3265 3210 3310 noster
3263 3269 3366 3309 non
3408 3264 3585 3323 potest
3615 3255 3857 3310 transire

2281 3352 2417 3405 ultra
2443 3351 2822 3413 aternitatcm,
2848 3359 2904 3401 ut
2925 3347 3079 3417 quasi
3105 3346 3170 3399 de
3191 3345 3456 3417 principio
3478 3344 3594 3413 ejus
3608 3339 3847 3413 judicel‘;

2280 3442 2358 3496 sie
2405 3456 2508 3494 non
2543 3449 2716 3508 potest
2759 3441 2825 3493 de
2875 3439 2977 3492 hac
3020 3436 3299 3491 nativitate
3347 3435 3431 3490 vel
3471 3437 3854 3516 processiene‘

2283 3544 2383 3586 nec
2413 3527 2570 3582 debet
2596 3528 2659 3581 ad
2693 3527 3090 3582 similitudinem
3123 3537 3381 3582 creatura:
3410 3528 3610 3582 sentire
3641 3528 3724 3582 vel
3763 3526 3855 3595 jn-

2285 3625 2482 3678 dicnre.
2527 3621 2630 3676 Sed
2661 3623 2911 3690 quoniam
2944 3631 2996 3675 et
3026 3623 3166 3690 quod
3195 3623 3433 3676 nascitur
3467 3633 3518 3678 et
3552 3623 3696 3692 quod
3725 3636 3853 3690 pro-

2283 3715 2459 3778 cedit,
2491 3728 2595 3767 non
2622 3721 2706 3767 est.
2736 3712 2878 3767 aliud
2911 3729 3072 3782 quam
3103 3713 3258 3767 idm"
3282 3715 3346 3768 de
3375 3730 3481 3783 quo
3512 3724 3592 3768 est
3623 3729 3853 3786 nascenq

2285 3808 2367 3864 vel
2391 3807 2714 3875 procedens,
2741 3807 2883 3875 quod
2906 3814 2988 3860 est
3025 3805 3171 3860 solus
3211 3817 3266 3860 et
3309 3821 3444 3859 unus
3475 3806 3612 3868 Deus
3657 3823 3669 3858 :
3710 3807 3856 3860 sicut

2287 3899 2428 3952 idem
2455 3897 2592 3951 Deus
2623 3911 2727 3948 non
2762 3907 2842 3950 est
2892 3895 3068 3963 seipso
3103 3893 3276 3961 major
3319 3894 3399 3948 vel
3444 3897 3656 3959 minor;
3690 3895 3760 3947 ita
3797 3893 3852 3949 in

2291 3989 2492 4052 tribus,
2522 3987 2621 4041 hoc
2659 3996 2744 4041 est
2783 3987 2836 4041 in
2866 3986 3023 4044 Patre
3050 3995 3116 4054 et.
3146 3985 3282 4039 Filio
3322 3995 3376 4038 et
3402 3985 3603 4053 Spiritu
3630 3991 3853 4049 sancto,

2288 4089 2393 4131 non
2422 4085 2503 4131 est
2530 4075 2728 4144 aliquid
2775 4073 2945 4142 majus
2989 4073 3068 4127 vel
3101 4073 3274 4127 minus
3294 4114 3307 4137 ,
3336 4089 3433 4127 nec
3460 4082 3540 4127 est
3567 4073 3704 4127 alius
3745 4071 3852 4126 alio

2289 4171 2420 4236 hoc,
2444 4169 2586 4238 quod
2609 4179 2689 4222 est
2726 4166 2897 4234 majus
2926 4165 3008 4220 vel
3051 4167 3260 4231 minus;
3291 4165 3538 4234 quamvis
3573 4165 3854 4219 verumsit

2288 4262 2414 4330 quia
2443 4260 2584 4315 Deus
2615 4259 2805 4316 estm'
2834 4259 2899 4313 de
2938 4258 3077 4324 Deo,
3111 4259 3376 4311 nascendo
3407 4267 3460 4310 et
3490 4254 3852 4326 procedendo.

1886 4486 2115 4543 VARUE
2156 4483 2555 4548 LEC’l‘lONES.

682 4597 776 4630 ⁸⁷⁸³
807 4596 958 4663 Quod
991 4596 1033 4650 si
1063 4596 1279 4668 dicitur,
1309 4596 1431 4666 quia
1463 4606 1558 4652 etc.
1596 4596 1654 4651 In
1683 4615 1780 4652 ms.
1815 4596 1965 4650 Corb.
1995 4599 2076 4650 hic
2099 4599 2275 4668 incipit
2305 4596 2471 4668 Caput
2523 4593 2592 4648 Ἡ
2646 4592 2762 4668 λ”ξξ
2816 4593 2889 4647 De
2921 4590 3089 4668 Patre
3121 4598 3175 4668 ut
3195 4589 3426 4668 _emnino
3452 4604 3571 4668 mss.
3599 4587 3662 4640 de
3690 4585 3854 4668 Patre

611 4667 779 4721 Filius
813 4654 870 4720 iit
895 4668 1113 4720 omnino
1191 4654 1279 4697 "6‘
1311 4654 1537 4736 [Equalc
1564 4669 1634 4720 illi
1674 4677 1728 4722 et
1757 4667 1935 4721 simile
1961 4683 2086 4737 mss.
2120 4654 2213 4722 ille.
2238 4654 2498 4737 aequalem
2528 4673 2584 4737 et
2599 4661 2842 4737 similem
2920 4659 3010 4737 ‘1“
3043 4660 3281 4737 ilabebat
3315 4673 3433 4712 esse
3459 4658 3523 4737 de
3549 4671 3692 4737 mnu
3713 4654 3849 4737 Vict.

611 4737 767 4790 Corb.
804 4737 998 4790 habeat
1020 4751 1140 4790 esse
1169 4753 1198 4791 a
1278 4737 1365 4768 ⁸⁷⁸⁷
1400 4725 1506 4789 Nec
1532 4748 1612 4789 est
1642 4739 1776 4790 alius
1813 4753 1932 4789 mss.
1968 4735 2080 4790 Non
2111 4745 2194 4790 est
2223 4725 2360 4790 alius
2409 4735 2498 4789 ille
2573 4733 2663 4765 ¹⁷⁶⁸
2696 4732 2875 4799 Neque
2927 4729 3430 4799 dissimilitersunt
3470 4727 3520 4780 id
3551 4725 3692 4799 quod
3725 4735 3854 4778 sunt
3949 4767 3961 4772 -

609 4823 737 4862 mss.
763 4805 910 4860 Gem.
947 4805 1066 4859 Bec.
1110 4806 1242 4859 Vict.
1273 4805 1406 4860 Tim.
1437 4806 1524 4860 90.
1553 4806 1740 4860 Cister.
1770 4805 1953 4874 Neque
1998 4807 2328 4860 dissimiliter
2364 4805 2524 4857 habet
2551 4802 2751 4870 aliquid
2780 4794 2805 4852 ε’
2837 4801 2960 4920 quia
2993 4815 3111 4877 non_
3135 4807 3213 4850 est
3246 4797 3393 4876 alius.
3412 4797 3550 4849 Deus
3587 4794 3763 4873 Pater,
3795 4804 3854 4847 et

616 4877 755 4920 :tlius
786 4876 925 4920 Betis
957 4876 1137 4920 ΡιΙὶιικ.
1174 4892 1347 4920 ιιρηιιρ
1371 4877 1702 4920 dissimiliter
1731 4886 1856 4920 sum
1891 4876 1940 4920 id
1976 4878 2116 4920 nilnil
2152 4885 2275 4920 sunt
2347 4875 2442 4920 .¹⁷⁶⁹
2475 4874 2576 4920 Isle
2607 4871 2792 4920 Filius.
2827 4888 2852 4920 tt
2882 4871 2961 4920 ius
2988 4879 3069 4920 est
3104 4866 3208 4920 Ille.
3236 4877 3288 4919 et
3331 4866 3465 4918 alius
3501 4874 3580 4916 est
3608 4873 3709 4916 Isle
3748 4878 3851 4918 IIIS.

615 4877 755 4954 alius
786 4876 1141 4954 Detrshf‘ilitts.
1174 4892 1347 4954 neque
1371 4877 1702 4954 dissimiliter
1731 4866 1940 4954 sunt'id
1976 4878 2276 4954 quodsuut
2347 4874 2588 4954 ."‘_°_lsl‘('3.
2607 4866 2962 4954 Filius,_alius_
2988 4866 3208 4954 estville,
3236 4877 3288 4954 et
3331 4866 3465 4954 alius
3484 4874 3580 4954 “est
3608 4866 3851 4954 irritatus:

616 4943 773 4998 (Σαώ.
801 4931 1089 4999 ἱειόλίῖνίιίιιε
1115 4931 1217 5006 est.
1250 4931 1386 5000 alius
1415 4947 1522 5008 ille,
1549 4956 1597 4999 et
1630 4947 1763 5000 alius
1792 4947 1892 4999 iste
1918 4931 2038 4997 mss.
2078 4943 2208 4997 Vict.
2241 4946 2290 4998 9.
2317 4955 2364 4996 et
2409 4944 2495 4997 13.
2529 4941 2716 5012 Cister.
2758 4931 2968 5012 iisteest
2994 4936 3182 5012 filius,
3210 4947 3291 4990 est
3317 4935 3452 5012 alitis
3484 4933 3671 5012 ille-Le}
3713 4931 3855 5012 alius

617 5014 719 5084 iste
797 5013 886 5045 ¹⁷⁷⁶
920 5015 1132 5084 Aliquid
1167 5001 1231 5069 ab
1255 5019 1359 5070 alio
1385 5001 1734 5084 niss.'altquid
1765 5019 1832 5068 ab
1867 5015 1955 5067 ille
1989 5032 2085 5068 ms.
2112 5013 2267 5066 Corb.
2311 5012 2509 5082 aliquid
2548 5011 2691 5084 aliud
2724 5008 2918 5084 alralio
2977 5007 3082 5084 f7"
3113 5005 3367 5084 Deumnde
3401 5002 3527 5084 Deo,
3556 5001 3851 5084 filiumde

616 5082 910 5158 Patrem".
957 5082 1099 5158 ρει.
1132 5088 1183 5140 9.
1213 5088 1377 5140 Deum
1420 5082 1843 5158 Filiqm'deDee
1886 5085 2044 5138 Patre

618 5297 684 5366 de
740 5294 848 5366 _""
883 5294 948 5347 Ut
970 5293 1043 5345 sit
1074 5310 1135 5345 ev
1165 5299 1320 5366 eu‘de
1345 5311 1451 5366 quo
1488 5311 1612 5366 ιιιεὲ
1641 5303 1698 5345 ιιι
1729 5293 1797 5366 sit
1821 5308 1883 5345 eu
1909 5295 1971 5366 de
1995 5310 2101 5366 quo

617 5363 672 5417 in
705 5364 883 5432 aliquo
907 5365 1055 5432 prius
1079 5379 1203 5414 mss.
1233 5355 1374 5415 (lem:
1411 5364 1542 5416 Vict.
1574 5363 1704 5415 Tim.
1752 5363 1838 5432 δυ.
1866 5374 1911 5415 et
1941 5355 2028 5416 90:
2057 5373 2103 5414 et
2137 5359 2325 5432 (lister.
2358 5373 2446 5412 aut
2496 5361 2540 5411 vi
2575 5359 2749 5432 aliqua
2783 5355 2929 5424 prius

2121 5085 2210 5113 ³⁷⁷³
2238 5071 2470 5137 Sanctus
2511 5096 2537 5132 ιι
2586 5081 2743 5132 Patre
2789 5078 2948 5131 habet
2977 5077 3074 5129 hoc
3112 5093 3234 5128 mss.
3288 5073 3516 5127 Sanctus
3556 5072 3718 5123 habet
3749 5071 3852 5124 hoc

616 5153 712 5234 "7'
765 5152 848 5206 Sit
879 5147 1404 5236 de'illusuqueniam
1451 5147 1576 5236 nisi.
1606 5147 1675 5208 $th
1700 5155 1765 5208 de
1782 5156 1929 5236 illp‘a
1957 5165 2108 5236 p‘atre
2134 5155 2444 5236 :l‘quon-i‘ani

615 5226 703 5279 nia
731 5239 848 5292 quae
876 5232 1000 5277 sunt
1076 5221 1310 5278 ""Cae.
1339 5227 1427 5278 25.
1459 5226 1549 5277 13‘s!
1576 5229 1627 5276 in
1653 5242 1747 5275 ma.
1777 5221 1931 5276 (Ιώ-ὁ.
1960 5221 2129 5289 Caput
2159 5221 2251 5272 25.
2331 5223 2421 5251 ¹⁷⁷⁶
2449 5221 2649 5274 llabeat
2680 5221 2879 5284 aliquid
2903 5231 3019 5269 esse
3043 5221 3226 5293 dc_m_s.
3272 5221 3400 5262 Mcl.
3431 5221 3481 5262 υ.
3512 5221 3705 5261 habent
3728 5221 3852 5260 esse

618 5297 684 5343 de
759 5294 848 5324 ¹⁷⁷⁷
883 5294 948 5343 llt
970 5293 1043 5343 sit
1074 5310 1135 5343 ev
1165 5308 1224 5343 eu
1259 5299 1320 5343 de
1345 5311 1451 5343 mm
1488 5311 1611 5343 uias.
1641 5303 1698 5343 ut
1729 5293 1883 5343 sileo
1909 5295 1971 5343 de
1996 5310 2101 5343 (IIIU
2179 5292 2268 5322 ⁸⁷⁷⁸
2308 5290 2548 5343 Nihilest
2576 5298 2878 5341 autnatura
2915 5302 3040 5337 mss.
3080 5282 3208 5334 nihil
3240 5288 3331 5334 aut
3360 5289 3551 5332 natura
3630 5277 3720 5307 ”"
3743 5277 3854 5329 Aut

2521 5149 2611 5179 "7'"
2643 5146 2774 5200 Nam
2799 5147 2976 5199 omnia
3018 5161 3135 5213 quae
3157 5155 3586 5213 suntumssqnam
3609 5155 3710 5190 neu
3735 5155 3852 5192 eut-

2331 5223 2421 5251 ¹⁷⁷⁶
2449 5221 2649 5274 Habeat
2680 5216 2879 5284 aliquid
2903 5210 3106 5269 esseilc
3131 5231 3226 5284 ms.
3272 5210 3400 5262 Vict.
3431 5211 3481 5262 9.
3511 5210 3852 5284 habentesm

3008 5352 3098 5382 ¹⁷⁸⁰
3137 5355 3240 5402 Αιιι
3284 5350 3458 5415 aliqua
3492 5347 3695 5399 ratione
3717 5360 3849 5415 inm.

633 5413 1261 5487 Pici.‘aiit‘ullairatiouc
1408 5413 1653 5487 citant
1682 5413 1821 5484 nulla
1849 5413 2054 5484 ratinne
2129 5431 2218 5461 ¹⁷⁸¹
2266 5428 2378 5482 Non
2425 5441 2530 5482 tam
2577 5413 2922 5496 aequale-mu.
2958 5438 3060 5476 non
3108 5417 3526 5539 lanternaetpiale
3555 5432 3675 5494 mss.
3714 5413 3850 5465 Vict.

633 5503 686 5539 Ιῗι
753 5515 799 5539 ΑΙ
832 5504 1000 5539 (fictor
1056 5513 1164 5539 tam
1206 5502 1406 5539 mninln
1484 5503 1572 5532 '7’”
1609 5502 1758 5539 ΔΙὶιιιΙ
1791 5501 1887 5539 ιιἱεί
1937 5502 1985 5539 ἰιΙ
2033 5517 2151 5539 mea,
2198 5498 2307 5539 Vir!
2367 5498 2499 5539 (Ῐηι-Ι»
2550 5497 2739 5539 Cmnr-
2773 5491 2911 5539 aliud
2949 5506 3108 5539 uuam
3145 5491 3194 5539 Id
3273 5489 3359 5520 ¹¹⁸³
3415 5501 3580 5539 ἐνυιιι
3616 5495 3683 5537 Sil
3707 5481 3850 5539 (ΙΙΙοά

623 5503 708 5570 1⁸5.
753 5515 799 5558 et
832 5504 1020 5558 Cister.
1056 5513 1164 5556 tam
1204 5502 1407 5570 tequale
1484 5503 1572 5532 ³⁷³³
1604 5502 1760 5554 Aliud
1789 5501 1887 5554 nisi
1937 5502 1986 5554 id
2033 5517 2154 5554 mss.
2198 5498 2326 5552 Vict.
2367 5498 2517 5553 (ζει-ὸ.
2550 5491 2740 5550 (Ῑιιὶετ.
2773 5491 2911 5547 aliud
2949 5506 3108 5561 quam
3145 5491 3194 5543 id
3273 5492 3282 5518 ‘

621 5569 762 5627 licus
791 5586 869 5632 est
902 5591 1003 5629 mss
1066 5589 1248 5628 verum
1283 5571 1350 5624 sit
1376 5571 1496 5640 quia
1527 5572 1665 5627 Deus
1693 5582 1774 5623 est

3293 5489 3359 5520 7"
3389 5481 3580 5539 Verum
3616 5486 3683 5537 sit
3707 5481 3851 5551 quod
