4226 6330
385 289 456 344 5?.
467 290 501 343 l0

882 405 1107 463 CAPUT
1148 404 1311 461 XXVI
1336 406 1448 459 ‘7”.

396 514 595 572 Veritas
624 522 961 584 precationis
989 518 1211 587 Spiritus
1238 519 1405 572 sancti
1433 535 1463 571 α
1494 518 1664 581 Filio,
1692 515 1805 570 ideo
1837 534 1949 570 ma-
1974 550 1977 553 η

451 588 587 642 xime
609 589 883 668 [irritatur-,-
918 591 1039 658 quin
1073 590 1176 655 [ide
1206 599 1343 641 εει-ια
1364 601 1514 653 sunt,
1548 605 1612 642 ea:
1636 589 1821 656 quibus
1858 603 1949 640 ne-

455 660 677 709 cessario
700 660 952 726 sequitur.

452 746 592 801 Ecce
619 747 851 801 vidimus
872 745 938 801 de
966 757 1162 816 quanta
1182 748 1273 786 ‘7"
1308 748 1535 802 veritate
1562 757 1615 803 et
1643 746 1948 816 quanta‘m

382 835 706 890 necessitate
733 848 989 906 sequatur
1014 838 1271 907 Spiritum
1301 848 1546 892 sanctum
1577 840 1640 893 de
1670 838 1802 890 Filio
1829 853 1949 907 pro-

381 922 591 978 cedere.
634 924 783 991 Quod
811 926 854 980 si
890 942 1072 981 rerum
1106 942 1211 979 non
1251 936 1331 980 est
1361 935 1451 980 aut
1492 926 1691 996 aliquid
1719 941 1904 981 eorum
1928 965 1944 990 ,

376 1030 445 1071 ex
470 1018 670 1086 quibus
698 1018 798 1073 hoc
831 1019 1068 1071 diximus
1093 1018 1384 1088 consequi,
1424 1018 1617 1074 falsum
1653 1028 1772 1073 est:
1803 1021 1945 1088 quod

380 1117 463 1165 est
485 1098 675 1163 contra
700 1094 1065 1163 Christianam
1088 1110 1178 1143 ⁸⁷³⁷
1208 1109 1386 1175 tidem,
1412 1126 1571 1179 quam
1601 1127 1719 1164 cum
1743 1108 1944 1165 Grzceis

384 1208 659 1263 tenemus;
693 1210 783 1253 aut
832 1216 934 1253 non
966 1209 1357 1269 consequenter
1386 1198 1772 1267 conclusitnus;
1802 1201 1943 1271 quod

379 1288 589 1345 ostendi
619 1291 825 1359 nequit.
858 1290 1036 1358 Quare
1066 1291 1109 1345 si
1140 1306 1322 1345 verum
1363 1308 1466 1345 non
1495 1301 1611 1357 est,
1637 1290 1767 1347 ﬁdes
1791 1292 1943 1347 Chri-

378 1380 555 1454 stiana
595 1380 909 1435 destruitur.
958 1381 1142 1436 Palam
1189 1384 1352 1437 etiam
1387 1393 1469 1437 est
1519 1384 1865 1454 intelligenti,
1896 1385 1940 1441 si

388 1442 582 1524 ialsum
625 1484 743 1525 esse
772 1470 1008 1541 ponitur,
1040 1472 1166 1541 quia
1200 1473 1340 1526 nulla
1379 1473 1500 1527 inde
1541 1474 1740 1529 veritas
1766 1476 1942 1530 nasci-

383 1568 487 1614 tur.
533 1560 952 1617 Cousidcrcmus
992 1577 1203 1635 quoque
1244 1564 1371 1634 quid
1420 1564 1665 1629 eveniat,
1695 1580 1815 1620 emn
1843 1581 1943 1636 pro

380 1665 506 1708 vero
528 1654 809 1708 asseritnr.
858 1654 1053 1726 Utique
1099 1656 1150 1709 si
1194 1670 1376 1710 rerum
1406 1665 1487 1711 est
1516 1656 1771 1727 Spiritum
1818 1674 1941 1713 san-

1449 288 1533 341 Ml
1582 284 2049 343 PROCESSlOXK
2093 282 2149 339 S.
2189 284 2520 341 SPllilTliS.

1981 413 2025 473 Λ
2057 411 2375 471 sequeretur
2404 403 2469 457 de
2504 402 2708 469 Spiritu
2750 412 2938 460 sancto
2983 390 3179 461 Filium
3210 418 3349 461 esse.
3378 407 3620 477 Apparet

3510 293 3615 351 322

2053 497 2235 566 itaque
2262 510 2356 565 per
2386 494 2721 563 suprad'ctas
2749 497 3004 564 rationes,
3032 497 3156 569 quia
3178 495 3342 551 Pater
3369 510 3451 553 est
3477 498 3617 554 Deus

2050 588 2115 640 de
2136 602 2241 656 quo
2270 585 2409 640 Deus
2436 595 2723 651 est,ctnon
2744 597 2824 640 est
2846 588 2983 643 Deus
3006 588 3071 643 de
3092 588 3235 655 Deo;
3260 599 3316 644 et
3338 589 3507 645 Filius
3532 601 3635 646 est»
3708 614 3713 633 τ

2049 677 2188 733 Deus
2217 677 2282 732 de
2320 678 2454 741 Deo,
2484 688 2535 732 et
2568 676 2708 731 Deus
2731 676 2797 731 de
2838 693 2944 746 quo
2984 690 3066 733 est
3096 679 3265 745 Deus;
3298 688 3351 735 et
3381 681 3618 751 Spiritus

2048 776 2266 823 sanctus
2292 777 2373 819 est
2400 766 2540 821 Dens
2581 766 2757 821 de‘m
2789 767 2897 819 Deo
2918 805 2934 831 ,
2981 784 3080 821 nec
3109 778 3192 824 est
3236 771 3375 824 Deus
3412 772 3477 824 de
3506 786 3618 840 quo

2047 870 2129 914 cst
2155 859 2313 913 Deus.
2345 859 2407 912 Et
2437 858 2681 927 quamvis
2707 857 2773 911 de
2817 856 2979 912 Patre
3006 859 3116 913 sint
3148 860 3285 924 duo,
3323 861 3374 913 id
3411 871 3490 916 est
3522 860 3614 916 Fio

2030 952 2149 1004 lius
2176 962 2229 1003 ct
2263 938 2498 1018 Spiritus
2522 960 2739 1003 sanctus
2759 990 2772 1013 ,
2804 964 2908 1003 non
2944 958 3124 1002 tamen
3158 951 3261 1003 duo
3289 952 3358 1006 dii
3388 962 3513 1008 sunt
3540 954 3610 1008 do

2046 1043 2235 1108 Patre,
2272 1044 2363 1096 sed
2397 1056 2535 1093 unus
2564 1051 2649 1095 est
2678 1039 2819 1094 Deus
2845 1039 2937 1109 qni
2986 1051 3067 1095 cst
3097 1040 3265 1094 Filius
3292 1051 3344 1094 et
3371 1045 3611 1111 Spiritus

2045 1129 2284 1188 sanctus.
2322 1129 2386 1184 Et
2418 1130 2545 1185 licet
2572 1130 2677 1184 duo
2699 1130 2841 1193 sint,
2875 1129 2940 1183 de
2986 1144 3090 1199 quo
3119 1140 3200 1185 cst
3238 1130 3405 1187 Filius
3432 1141 3486 1185 et
3515 1136 3610 1203 qui

2042 1234 2125 1280 est
2160 1226 2225 1281 de
2254 1223 2421 1288 Filio;
2455 1223 2506 1276 id
2538 1232 2618 1277 est
2642 1222 2801 1277 Pater
2836 1231 2891 1279 et.
2937 1223 3165 1292 Spiritus
3196 1234 3451 1291 sanctus,
3487 1245 3596 1281 non

2046 1323 2222 1368 tamen
2253 1326 2380 1368 sunt
2409 1313 2516 1365 duo
2544 1312 2638 1378 dii,
2677 1312 2767 1366 sed
2794 1328 2930 1367 unus
2960 1312 3116 1377 Dens,
3145 1314 3233 1381 qui
3264 1323 3347 1368 est
3373 1314 3534 1370 Pater
3556 1324 3614 1371 et

2042 1407 2277 1476 Spiritus
2299 1414 2536 1461 sanctus.
2574 1404 2637 1458 Et
2669 1418 2979 1473 quanquam
3008 1402 3352 1473 Spiritus“"
3378 1418 3614 1477 sanctus

2041 1496 2112 1556 sit
2145 1498 2211 1551 de
2236 1494 2469 1559 duobus,
2499 1492 2553 1549 id
2595 1502 2677 1548 est
2705 1494 2771 1549 de
2801 1493 2961 1547 Patre
3001 1503 3055 1547 ct
3081 1492 3234 1558 Filio,
3285 1480 3388 1548 non
3422 1505 3600 1549 tamen

2040 1586 2106 1642 de
2133 1586 2339 1641 duobus
2362 1592 2445 1641 est.
2474 1585 2605 1648 diis,
2636 1586 2729 1640 sed
2760 1585 2827 1639 de
2873 1600 2977 1638 uno
3006 1584 3115 1640 Deo
3137 1626 3151 1649 ,
3200 1586 3289 1655 qni
3327 1596 3409 1640 est
3441 1585 3602 1641 Pater

2040 1687 2095 1733 et
2125 1678 2313 1734 Filius.
2336 1677 2399 1733 Si
2429 1684 2607 1732 autent
2636 1676 2798 1731 Pater
2826 1684 2881 1732 et
2914 1676 3081 1731 Filius
3112 1687 3167 1731 et
3212 1675 3450 1746 Spiritus
3484 1694 3609 1733 san-

557 1743 850 1839 P-"fcetlcre
887 1759 933 1839 τιΔ
959 1742 1093 1839 Filio
1115 1744 1253 1839 sicut
1282 1760 1311 1797 θ
1335 1743 1519 1839 Patr“;
1550 1746 1790 1839 ωηιιίιιξν
1815 1746 1941 1815 (ιυῖη
1974 1752 2014 1806 Β
2040 1779 2159 1824 etus
2203 1768 2313 1823 bini
2357 1766 2802 1834 cOuslderentur,
2850 1767 3017 1836 liquet
3060 1783 3124 1823 ex
3175 1742 3269 1822 his
3290 1785 3409 1839 qua:
3454 1768 3600 1823 dicta

377 1828 496 1889 l‘ilii
522 1832 744 1903 spiritus
777 1842 859 1889 est
892 1834 1030 1890 sicut
1060 1833 1266 1900 Patris,
1291 1843 1348 1889 et
1372 1835 1608 1890 mittitur
1643 1844 1697 1890 et
1722 1835 1878 1888 datur
1906 1850 1935 1887 a

374 1917 512 1984 l'lllo
535 1915 680 1976 'sieut
713 1938 743 1976 a
778 1921 967 1987 Patre;
999 1924 1141 1994 quod
1193 1924 1372 1978 divina
1410 1925 1567 1979 docet
1608 1925 1935 1989 auctoritas,

374 2018 434 2066 et
459 2010 603 2065 nulla
650 2012 866 2081 penitus
895 2014 1138 2082 sequitur
1169 2012 1390 2068 falsitas.
1436 2015 1566 2069 Cum
1599 2023 1774 2068 autem
1805 1997 1934 2083 pro-

370 2090 546 2158 ccssio
571 2100 807 2171 Spiritus
836 2105 1008 2158 sancti
1035 2119 1064 2157 a
1089 2103 1223 2158 Filio
1251 2114 1441 2173 negata
1488 2113 1687 2158 tantam
1719 2105 1937 2161 itnlncat

373 2188 693 2257 falsitatem,
730 2205 785 2247 ut
812 2194 897 2248 illa
929 2211 993 2249 ex
1020 2196 1217 2265 quibus
1238 2210 1356 2250 eam
1383 2196 1637 2266 consequi
1664 2206 1934 2251 monstra-

372 2283 546 2337 vimus
568 2323 585 2349 ,
624 2286 868 2340 destruat
893 2297 1082 2341 contra
1119 2286 1274 2341 tidem
1299 2286 1688 2353 Christianam,
1724 2301 1820 2341 nec
1856 2285 1935 2341 ul-

374 2370 476 2445 lam
512 2384 735 2441 generet
778 2375 1088 2441 veritatem,
1140 2384 1193 2430 et
1244 2384 1446 2429 asserta
1498 2384 1700 2430 tantum
1748 2376 1934 2443 probet

372 2464 685 2527 veritatem,
736 2466 878 2519 sicut
909 2468 1281 2530 ostendimus,
1322 2481 1419 2521 nec
1464 2465 1701 2535 aliquam
1745 2466 1934 2520 ullate-

374 2553 579 2610 tnts"”
628 2569 813 2610 serum
863 2555 1040 2610 trahat
1073 2555 1360 2610 falsitatem
1380 2597 1396 2622 ,
1425 2546 1625 2626 cogitet
1651 2572 1745 2612 eor
1773 2559 1933 2611 ratio-

369 2648 488 2705 nale
507 2664 613 2719 qua
668 2651 872 2705 ratione
914 2650 1058 2704 illam
1112 2650 1365 2707 excludat
1409 2668 1438 2704 a
1474 2652 1574 2706 (ide
1605 2651 1930 2706 Christiana.

371 2737 610 2809 Denique
646 2739 691 2794 si
727 2755 881 2795 error
908 2750 991 2796 est
1017 2740 1163 2795 hanc
1194 2743 1418 2796 credere
1446 2742 1508 2796 de
1532 2741 1667 2796 Filio
1698 2742 1933 2812 Spiritus

369 2829 538 2884 smmi
579 2830 1009 2899 processionem,
1059 2832 1173 2901 ipsa
1212 2832 1390 2886 divina
1421 2833 1718 2887 auctoritas
1751 2850 1848 2887 nos
1876 2834 1928 2888 in

366 2930 606 2975 morem
636 2921 875 2984 inducit,
910 2935 1031 2975 cum
1068 2930 1122 2974 et
1154 2921 1241 2975 illa
1284 2937 1349 2975 ex
1383 2920 1721 2990 quibus‘lnce
1750 2925 1929 2993 sequi-

372 3021 459 3067 tur
503 3012 779 3082 processio
810 3023 864 3067 ct
906 3029 1024 3083 qme
1073 3013 1217 3067 illam
1248 3024 1567 3083 sequuntur,
1610 3030 1707 3068 nos
1739 3016 1923 3081 docet;

369 3117 468 3158 nec
490 3078 684 3157 alicubi
727 3113 820 3156 aut
868 3078 1010 3158 illam
1038 3113 1226 3173 negat,
1261 3078 1354 3157 aut
1381 3106 1521 3174 quod
1554 3078 1641 3159 ille
1671 3078 1930 3175 repugnet
1956 3078 1997 3135 C

367 3193 547 3265 aliquo
570 3196 725 3267 ntodo
752 3196 1086 3266 pronuntiat.
1119 3196 1177 3251 Si
1199 3196 1289 3228 ¹τ¹¹⁹
1312 3211 1442 3266 ergo
1466 3200 1772 3267 opponitur,
1801 3199 1927 3266 quia

365 3299 632 3358 umquam
664 3301 782 3342 eam
823 3288 1028 3358 profert
1072 3288 1251 3342 divina
1293 3289 1620 3358 aucwritas,
1672 3290 1790 3343 ideo
1819 3305 1926 3345 non

367 3389 487 3431 esse
521 3376 934 3432 dicendam‘m.
972 3377 1193 3432 Dicatur
1215 3378 1482 3441 similiter,
1514 3379 1638 3448 quia
1663 3395 1923 3449 nusquam

369 3462 515 3521 illam
533 3475 713 3536 negat,
728 3481 826 3521 nec
846 3466 1044 3536 aliquid
1067 3467 1195 3521 dicit
1218 3470 1359 3536 quod
1385 3479 1663 3540 repugnet.
1683 3486 1787 3525 non
1806 3484 1925 3526 esse

370 3555 686 3627 negantiam.
722 3556 1151 3623 Dicimuseliant
1180 3559 1302 3628 quia
1332 3560 1467 3614 satis
1489 3560 1631 3615 illam
1674 3559 1925 3627 aliirmat,

368 3659 488 3711 cum
512 3645 601 3701 illa
630 3647 862 3715 asserit,
898 3648 1037 3703 unde
1068 3649 1348 3718 probatur;
1385 3658 1440 3704 et
1471 3648 1617 3715 nullo
1645 3651 1801 3706 modo
1829 3650 1925 3705 ali-

368 3735 493 3808 quid
520 3736 917 3807 signiﬁcat‘m,
948 3738 1085 3791 unde
1118 3746 1356 3807 negetur.

851 3828 1075 3885 CAPUT
1117 3829 1207 3883 XX
1222 3830 1299 3883 \'ll
1326 3831 1435 3883 ‘7”.

368 3911 425 3971 Si
452 3912 679 3987 Spiritus
699 3928 907 3970 sanctus
942 3935 971 3970 α
998 3916 1136 3969 Filio
1163 3934 1260 3970 non
1288 3919 1578 3987 procederet
1596 3958 1610 3981 ,
1650 3934 1750 3971 non
1792 3927 1921 3972 esset

504 3986 604 4041 cur
634 3984 803 4040 Filius
831 4004 930 4039 non
954 3989 1243 4055 procederet
1272 3988 1332 4038 de
1356 3984 1550 4051 Spiritu
1580 3996 1778 4040 sancto.
1808 4004 1809 4007 ‘

430 4073 586 4129 Patet
624 4088 785 4144 ergo,
833 4075 971 4129 sicut
998 4090 1156 4145 supra
1202 4076 1431 4144 prtcmisi
1469 4076 1579 4139 ‘7”,
1603 4076 1919 4145 praeterhac

363 4163 485 4235 quia
532 4162 698 4218 Filius
743 4164 927 4219 existit
984 4168 1285 4231 nascendo,
1325 4175 1377 4221 et
1427 4166 1657 4237 Spiritus
1704 4178 1918 4223 sanctus

360 4255 733 4333 procedendo;
772 4256 873 4310 hac
908 4271 1118 4326 quoque
1148 4272 1306 4311 causa
1332 4297 1345 4321 ,
1377 4258 1500 4325 quia
1546 4256 1754 4311 scilicet
1797 4257 1918 4327 Spi-

364 4344 500 4400 ritus
527 4354 747 4400 sanctus
774 4356 857 4400 est
882 4348 947 4399 de
975 4346 1145 4411 Filio,
1171 4361 1264 4400 eos
1289 4348 1354 4400 de
1376 4348 1601 4401 invicem
1636 4362 1737 4400 non
1763 4361 1917 4416 posse

358 4432 500 4501 dici,
532 4446 596 4516 et.
620 4446 840 4505 propter
870 4438 970 4491 hoc
1004 4437 1208 4501 solum,
1242 4437 1439 4490 filium
1479 4453 1582 4490 non
1614 4453 1768 4506 posse
1794 4452 1917 4492 esse

360 4521 425 4581 de
454 4523 658 4595 Spiritu
706 4537 912 4580 saneto.
956 4525 1087 4581 Nam
1109 4569 1122 4590 ,
1157 4526 1446 4598 quoniam,
1481 4536 1538 4580 ut
1568 4528 1770 4583 dictum
1802 4539 1914 4595 cst,

361 4623 458 4668 aut
493 4613 660 4669 Filius
690 4623 771 4667 est
801 4616 866 4667 de
910 4618 1110 4685 Spiritu
1161 4625 1378 4679 sancto,
1416 4626 1505 4667 aut
1535 4616 1766 4685 Spiritus
1796 4632 1913 4671 san-

357 4712 478 4761 ctus
506 4707 574 4763 de
601 4708 768 4776 Filio;
794 4711 972 4771 sinon
999 4720 1145 4764 esset
1173 4710 1406 4780 Spiritus
1428 4720 1645 4764 sanctus
1667 4710 1730 4763 de
1752 4708 1907 4775 Filio,

2040 1865 2167 1913 sunt
2187 1897 2204 1922 ,
2226 1857 2355 1927 quia
2388 1871 2606 1912 necesse
2634 1866 2716 1911 est
2747 1856 2976 1911 alterum
3009 1842 3085 1911 ‘ex
3124 1857 3292 1913 altero
3321 1870 3413 1911 aut
3444 1873 3596 1927 esse,

2036 1951 2160 2021 quia
2207 1949 2295 2005 ille
2328 1964 2432 2004 non
2460 1964 2523 2004 ex
2558 1964 2616 2003 se
2643 1958 2723 2004 est
2758 1966 2772 2004 :
2808 1959 2902 2002 ant
2929 1965 3034 2004 non
3083 1964 3201 2005 esse
3229 1950 3353 2019 quia
3399 1950 3604 2004 illoest

2037 2053 2101 2094 ex
2129 2054 2205 2094 se.
2237 2037 2371 2093 Nam
2398 2038 2443 2093 si
2478 2036 2924 2093 conferamus”"
2954 2039 3166 2093 Patrem
3195 2049 3248 2093 et
3271 2030 3491 2100 Filium.
3524 2039 3606 2092 vi-

2037 2131 2223 2185 demus
2236 2128 2427 2183 Filium
2443 2145 2561 2185 esse
2581 2132 2647 2186 de
2665 2130 2840 2193 Patre.
2856 2130 2978 2198 quia
2996 2131 3151 2184 Pater
3165 2146 3268 2184 nou
3283 2142 3365 2186 est
3386 2132 3451 2183 de
3478 2131 3594 2195 illo;

2035 2230 2090 2276 et
2120 2220 2336 2275 Patrem
2379 2236 2484 2275 non
2536 2235 2656 2277 esse
2702 2223 2769 2275 de
2805 2221 2974 2286 Filio,
3020 2222 3146 2291 quia
3196 2222 3359 2275 Filius
3409 2230 3492 2275 est
3534 2222 3601 2276 de

2033 2310 2211 2366 Patre.
2260 2312 2324 2367 Et
2368 2311 2621 2367 similiter
2647 2313 2690 2368 si
2723 2312 3133 2367 consideramus
3182 2312 3500 2366 Patrcm”"
3544 2321 3604 2367 ct.

2035 2402 2293 2471 Spiritum
2322 2411 2591 2466 sanctum,
2624 2401 3034 2456 invenimus""
3063 2401 3323 2469 Spiritum
3348 2411 3594 2455 sanctuzu

2035 2506 2156 2547 esse
2193 2493 2259 2546 de
2280 2491 2471 2555 Patre;
2499 2490 2623 2559 quia
2644 2507 2749 2546 non
2777 2501 2863 2547 est
2887 2492 2953 2545 de
2976 2491 3064 2545 illo
3091 2491 3279 2554 Pater;
3302 2500 3356 2545 et
3381 2490 3596 2545 Patrem

2034 2597 2140 2639 non
2170 2598 2291 2637 esse
2320 2581 2385 2636 de
2415 2580 2618 2657 Spiritu
2650 2582 2754 2652 61
2784 2590 2972 2635 sancto
2992 2622 3007 2647 ,
3038 2580 3163 2648 quia
3204 2581 3441 2650 Spiritus
3472 2597 3597 2633 san-

2031 2683 2149 2728 etus
2187 2680 2271 2728 est
2304 2671 2369 2726 de
2399 2670 2504 2726 illo.
2554 2670 2631 2725 Ita
2682 2683 2897 2740 quoque
2947 2670 2992 2724 si
3042 2669 3210 2724 Filius
3258 2680 3313 2723 et
3361 2670 3602 2739 Spiritus

2032 2773 2252 2819 sanctus
2276 2761 2542 2832 quomodo
2570 2761 2785 2837 sint"?
2813 2763 2879 2816 ad
2910 2761 3140 2817 invicem
3159 2801 3172 2822 ,
3215 2760 3591 2829 speculamur;

2031 2852 2486 2924 intelligimus‘m
2541 2852 2799 2923 Spiritum
2854 2860 3097 2906 sanctum
3140 2864 3258 2905 esse
3309 2850 3375 2903 de
3423 2850 3594 2915 ltitia,

2030 2944 2155 3015 quia
2192 2944 2357 2999 Filius
2386 2959 2492 3001 non
2536 2953 2622 2999 est
2665 2943 2732 2998 de
2760 2942 2882 3008 illo;
2916 2951 2971 2996 et
2994 2931 3188 2997 Filium
3236 2958 3337 2999 ro.»
3367 2958 3486 2998 esse
3528 2943 3596 2997 de

2032 3032 2236 3103 Spiritu
2264 3043 2485 3098 saneto,
2526 3034 2647 3104 quia
2697 3032 2935 3103 Spiritus
2967 3042 3185 3087 sanctus
3226 3043 3308 3086 est
3338 3032 3403 3085 de
3438 3031 3591 3085 Filio.

2029 3130 2263 3197 Apparet
2310 3126 2490 3197 igitur,
2538 3126 2681 3195 quod
2731 3139 2893 3193 supra
2941 3124 3083 3188 dixi,
3130 3125 3259 3193 qn’a
3307 3123 3594 3177 relationes

2029 3220 2294 3289 prtedictae
2337 3220 2461 3272 licet
2507 3218 2616 3272 sint
2666 3219 2720 3271 in
2772 3230 2916 3280 uno,
2965 3230 3072 3268 non
3125 3224 3348 3284 [nsunt
3403 3213 3593 3267 unitati

2032 3310 2327 3364 immittere
2354 3308 2717 3379 plnralitatem
2744 3322 2927 3369 suam;
2974 3321 3072 3360 nec
3107 3306 3284 3359 unitas
3313 3304 3590 3358 relationi-

2027 3400 2129 3455 bus
2158 3399 2587 3470 singularitatem
2622 3412 2797 3452 suam.

2495 3504 2721 3562 CAPUT
2763 3504 2966 3560 XXVlll
3000 3504 3113 3553 ¹⁸⁰¹.

2094 3619 2399 3675 Communia
2420 3629 2466 3673 et
2492 3618 2702 3687 pmpria
2732 3614 2901 3680 Patri,
2933 3633 2995 3669 ac
3029 3614 3187 3678 Filio,
3215 3621 3261 3667 et
3298 3612 3523 3682 Spiritui

2737 3700 2914 3740 ιαηειο

2092 3801 2257 3856 Porro
2286 3815 2375 3855 sex
2399 3810 2522 3855 sunt
2546 3798 2854 3853 diﬂ‘erentim
2881 3798 3053 3852 Patris
3074 3807 3128 3851 et
3163 3796 3278 3851 Filii
3318 3804 3371 3850 et
3413 3793 3587 3864 Spiri-

2025 3902 2107 3947 tus
2155 3892 2345 3955 sancti,
2372 3906 2434 3945 εκ
2465 3890 2547 3943 his
2577 3898 2855 3943 nascentes
2887 3888 3210 3951 nominibus,
3238 3888 3292 3941 id
3318 3896 3398 3940 est
3422 3887 3587 3939 hahe-

2024 3998 2081 4036 re
2115 3981 2326 4035 Patrem
2358 3992 2411 4033 et
2438 3996 2539 4031 non
2565 3980 2761 4032 habere
2789 3976 3029 4043 Patrem;
3055 3977 3250 4031 habere
3289 3976 3500 4039 Filium,
3531 3981 3583 4028 et

2024 4090 2126 4127 non
2167 4071 2361 4127 habere
2391 4070 2613 4132 Filium;
2642 4069 2837 4123 habere
2870 4068 3122 4137 Spiritum
3166 4077 3405 4121 sanetum
3440 4066 3503 4118 de
3524 4081 3584 4118 se

2021 4163 2411 4234 procedentem,
2438 4170 2491 4213 et
2515 4175 2619 4213 non
2643 4158 2839 4214 habere
2863 4158 3118 4227 Spiritum
3162 4166 3403 4212 sanetum
3432 4154 3496 4208 de
3522 4168 3581 4208 se

2021 4252 2413 4325 proredcutcm.
2465 4250 2659 4303 llarum
2705 4248 3122 4302 dilTerentiarum
3170 4246 3408 4315 singulas
3441 4245 3584 4313 quis-

2020 4362 2123 4419 que
2150 4348 2304 4403 habet
2331 4361 2487 4400 unam
2520 4345 2811 4415 propriam,
2846 4360 2949 4414 qua
2979 4342 3153 4397 (ἤπειί
3180 4342 3247 4396 ab
3295 4342 3412 4394 aliis
3449 4341 3584 4395 duo-

2023 4440 2154 4502 bus;
2184 4446 2237 4490 et
2260 4437 2387 4489 duas
2412 4434 2481 4488 ita
2506 4447 2815 4487 communes
2843 4442 2909 4493 eL
2930 4431 3193 4501 proprias,
3232 4438 3287 4482 ut
3316 4446 3415 4498 qua
3433 4444 3578 4482 com-

2023 4526 2257 4581 municat
2286 4525 2375 4556 ¹⁸⁰¹
2406 4522 2513 4578 uni.
2563 4537 2625 4576 ea
2666 4521 2870 4575 dilTerat
2911 4521 2977 4572 ab
3019 4520 3133 4574 alte
3153 4534 3204 4574 0.
3238 4519 3395 4572 Pater
3428 4534 3580 4573 nam-

2018 4620 2127 4686 que
2147 4614 2307 4671 habet
2329 4614 2514 4670 Filium
2544 4612 2707 4675 solus,
2731 4626 2837 4681 quo
2863 4609 3037 4664 diﬂ‘ert
3070 4610 3137 4663 ab
3182 4609 3299 4662 aliis
3340 4608 3575 4669 duobus;
3608 4678 3613 4679 γ

2018 4706 2176 4761 habet
2201 4699 2457 4776 Spbitum
2498 4712 2740 4757 sanetum
2786 4700 3160 4771 procedentem
3195 4698 3260 4753 de
3306 4712 3386 4760 se,
3434 4696 3588 4775 quod

1632 4881 1855 4937 VAlllAS
1894 4880 2283 4937 LECTIONES.

430 5014 527 5066 "3‘.
548 5014 672 5068 CAP.
698 5014 787 5068 24.
821 5007 909 5067 Est
938 5017 991 5069 in
1018 5034 1112 5068 ms.
1138 5015 1292 5069 Corb.
1319 5014 1481 5083 Caput
1504 5014 1596 5069 ‘26.

356 5091 553 5153 quanta
600 5101 695 5137 ms.
736 5083 896 5151 Corb.
950 5096 1001 5138 et
1049 5088 1208 5139 etiam
1236 5095 1431 5153 quanta
1509 5085 1596 5116 ⁸⁷⁸⁷

360 5147 453 5185 ³⁸⁸
495 5152 597 5208 Nec
643 5147 799 5207 ullam
840 5155 1098 5209 ullatenus
1144 5147 1268 5207 mss:
1299 5171 1394 5208 nec
1430 5147 1951 5222 aiiqnaniullatenus

1674 5013 1764 5045 ’⁷⁸⁸
1790 5013 1925 5066 Ecce
1950 5012 2191 5066 videmus
2217 5018 2410 5079 quanta
2442 5028 2564 5063 mss.
2597 5024 2722 5062 ecce
2750 5006 2979 5080 vidimus
3008 5004 3071 5057 tle
3114 5011 3332 5080 quarta
3386 5004 3476 5080 f7"
3511 5002 3574 5056 Et

1627 5083 1776 5150 Quod
1813 5092 1998 5136 contra
2055 5074 2409 5134 Christianam
2468 5096 2591 5133 ωδε.
2644 5078 2783 5150 quod
2847 5083 2936 5150 est.
2978 5084 3161 5128 contra
3207 5074 3568 5150 Clu-istianaln

2029 5152 2117 5187 ’⁷⁸³
2169 5149 2481 5203 Pronuntiat
2543 5141 2847 5201 auctoritas.
2884 5144 2939 5197 Si
2995 5160 3113 5196 mss.
3150 5142 3456 5210 promnntiet
3510 5141 3570 5194 Si

358 5222 449 5253 "’°
480 5222 607 5277 Esse
637 5222 857 5278 dicenda
880 5241 1000 5276 mss.
1033 5222 1162 5276 Vict.
1194 5224 1344 5276 tiorb.
1375 5240 1491 5277 esse
1520 5211 1804 5276 dicendam
1882 5222 1971 5251 ¹⁷⁹¹
2021 5221 2229 5287 Aliquid
2262 5219 2521 5288 signiticet
2555 5218 2626 5270 sic
2652 5232 2745 5268 ms.
2775 5214 2929 5288 Cori).
2955 5211 3050 5288 sed.
3075 5212 3177 5288 qlia
3209 5211 3564 5288 inss.ﬂaliqnid

354 5292 619 5361 signiﬁcat
694 5295 780 5323 "9’
813 5295 938 5347 CAP.
961 5295 1049 5348 9.3.
1087 5293 1175 5346 Est
1204 5293 1255 5345 in
1284 5310 1380 5345 ms.
1407 5291 1557 5345 Corb.
1586 5292 1747 5361 Caput
1771 5292 1860 5343 27.

1938 5290 2027 5321 ’⁷⁸³
2056 5286 2287 5343 Prietnisi
2315 5286 2433 5340 mss.
2461 5286 2645 5339 Cistcr.

2715 5284 2893 5337 remisi
2970 5280 3059 5312 ‘7“
3084 5281 3312 5349 Spiritus
3340 5280 3569 5349 Sanrtus

357 5347 496 5432 Datis
543 5347 609 5416 de
639 5377 761 5416 mss.
802 5347 1033 5432 Spiritus
1060 5365 1285 5416 Sanctus
1327 5373 1409 5415 est
1455 5364 1589 5417 Deus
1618 5347 1682 5415 né
1757 5362 1845 5391 "9’
1874 5360 2185 5432 Quanquam
2226 5358 2453 5432 Spiritus
2488 5372 2609 5409 mss.
2647 5347 2711 5406 Et
2741 5368 3044 5432 qua-nquam
3069 5347 3307 5432 .SPimus
3350 5349 3473 5432 “‘7‘”
3508 5347 3565 5401 Si

349 5428 690 5485 conferamus
719 5418 855 5485 "£88..
887 5434 929 5485 si
962 5432 1285 5486 conferimus
1361 5432 1447 5463 ¹⁷⁹⁷
1496 5433 1548 5485 Si
1581 5418 1981 5485 consideremus
2012 5418 2330 5482 cottferetido
2373 5426 2583 5479 Patrem
2638 5418 2771 5475 mss."
2810 5424 2853 5475 si
2898 5418 3298 5474 cmisidcramus
3350 5418 3564 5471 Patrem

353 5495 449 5568 (Ψ
488 5498 817 5568 ιτδξύιιίοηιιιε
846 5518 965 5554 mss.
996 5502 1290 5555 invenimus
1365 5502 1454 5533 ¹⁷⁹⁹
1487 5502 1530 5568 Q

360 5566 496 5621 Vict.
528 5565 678 5622 Coro.
728 5572 1081 5640 intelligemus
1157 5570 1243 5604 ¹⁸⁰¹
1278 5571 1402 5626 CAP.
1433 5565 1526 5625 26:
1569 5570 1661 5625 last
1693 5572 1745 5623 in
1784 5586 1878 5625 ms.
1930 5567 2081 5626 Corb.
2134 5565 2319 5634 Caput.
2355 5565 2422 5618 28

351 5650 512 5705 quam
558 5641 888 5696 communica

274 6064 281 6067 ν
414 6066 459 6085 ‘7.

334 6122 365 6139 τι
412 6130 455 6139 -,

1536 5502 1758 5554 uomodo
1800 5509 1923 5553 sunt
1954 5516 2075 5551 mss.
2120 5496 2246 5549 Vict.
2275 5494 2427 5548 Corb.
2465 5494 2731 5565 quomodo
2755 5492 2863 5545 sint
2938 5491 3026 5521 ¹⁸⁰⁰
3058 5491 3397 5565 Intel‘ligimus
3442 5501 3565 5565 nisa.

2522 5564 2611 5594 ¹⁸⁰²
2665 5561 2729 5617 Ut
2774 5576 2875 5615 ους]
2933 5560 3287 5615 communicat
3334 5571 3457 5607 mss.
3509 5562 3568 5607 ut
