4226 6190
325 231 426 287 325

1450 227 1719 285 DIALUC.
1764 225 1852 278 DE
1887 223 2059 280 (IASU
2106 227 2394 282 DIABUH.

3451 226 3557 281 5%

328 343 516 407 dendo,
544 358 613 398 no
638 366 648 395 ι
676 352 846 413 potest
870 345 1280 409 unusidemque
1307 356 1427 395 esse
1470 342 1558 408 qui
1611 349 1689 393 est
1732 341 1798 391 de
1826 356 1883 391 a-
1915 345 1963 401 Α
1993 339 2111 403 bus,
2142 342 2287 409 quod
2331 342 2553 408 singulis
2592 342 2742 411 quasi
2797 342 3072 410 prOprium
3126 339 3391 394 attribuit.
3443 340 3555 393 Non

328 434 490 501 liquo,
520 443 573 488 et
600 434 667 488 de
692 450 798 501 quo
826 444 938 498 est;
970 432 1267 485 secundum
1293 431 1508 484 nomina
1548 430 1645 481 has
1681 428 1889 481 relatio-

328 540 421 579 nes
442 526 817 595 significantia,
845 535 1046 587 tenent,
1073 525 1211 577 sicut
1231 524 1451 577 diversa:
1467 520 1739 574 hominum
1768 533 1889 585 per-

329 631 493 680 sonaz,
522 618 902 687 pluralitatem.
932 614 1231 668 Notandum
1269 625 1443 668 tamen
1472 612 1595 681 quia
1620 625 1718 664 nee
1755 610 1894 663 Dens

329 720 407 763 est
434 710 553 762 sine
575 714 825 778 persona,
852 722 950 760 nec
977 723 1200 777 persona
1226 707 1341 760 sine
1368 707 1504 766 Deo;
1530 712 1582 755 et
1626 701 1749 770 quia
1785 702 1895 753 siu-

331 796 467 865 gulis
502 795 744 864 personis
771 794 1112 849 attribuimns
1135 795 1423 861 aliquando
1456 791 1669 859 propria
1713 789 1894 857 singu-

332 886 503 939 larunt
523 885 808 953 aliquando
831 886 918 938 uni
951 884 1100 952 quasi
1129 882 1419 950 proprium,
1458 880 1598 949 quod
1656 894 1896 933 conmm-

332 992 401 1031 ne
425 985 508 1031 est
528 977 666 1030 aliis.
692 976 825 1029 Nam
855 992 977 1029 cum
1026 975 1291 1027 dicimus:
1343 972 1489 1027 solus
1536 971 1695 1024 Pater
1738 969 1895 1022 esl'iu

332 1069 505 1123 tribus
530 1068 793 1138 personis,
820 1067 958 1135 qui‘a
978 1065 1121 1120 nullo
1143 1076 1225 1121 est
1251 1064 1433 1127 ’θλ-’⁸,
1462 1064 1603 1117 solus
1626 1061 1791 1115 Filius
1816 1071 1896 1113 est

333 1161 423 1229 qui
457 1160 525 1212 de
558 1174 665 1213 uno
690 1169 744 1213 et
770 1159 835 1212 tle
865 1174 971 1227 quo
997 1173 1131 1210 unus
1157 1168 1269 1221 est;
1312 1156 1454 1209 solus
1503 1154 1735 1223 Spiritus
1775 1166 1900 1204 san-

333 1261 453 1307 ctus
466 1250 655 1315 est,de
670 1266 776 1319 quo
800 1251 890 1282 ¹⁸¹⁶
915 1250 1089 1305 nullus
1113 1260 1227 1313 est;
1256 1249 1494 1318 singulas
1521 1258 1779 1317 personas
1803 1261 1901 1297 no-

332 1341 625 1417 minantes,
658 1340 879 1417 singulis
921 1341 1133 1409 propria
1176 1340 1538 1393 attribnimus.
1583 1339 1712 1393 Cum
1777 1355 1901 1393 vero

335 1430 592 1501 legimus:
626 1430 791 1484 Nemo
825 1433 964 1484 novit
1000 1430 1216 1495 Filium,
1246 1432 1345 1484 nisi
1376 1430 1564 1492 Pater;
1596 1448 1754 1500 neque
1797 1431 1903 1485 Pn-

335 1530 466 1571 trem
497 1519 613 1586 quis
643 1520 777 1570 novit
820 1520 923 1573 nisi
967 1517 1131 1571 Filius
1181 1518 1382 1587 (Mulli.
1413 1534 1487 1583 XI,
1521 1518 1587 1569 ‘27
1611 1522 1648 1585 ).
1692 1519 1751 1572 Et
1789 1535 1903 1587 qua:

334 1617 455 1659 sunt
485 1606 601 1669 Dei,
634 1624 782 1661 nemo
827 1608 1060 1676 cognovit
1100 1609 1197 1660 nisi
1240 1608 1464 1675 Spiritus
1481 1608 1600 1671 Dri,
1622 1606 1809 1661 :lCor.
1844 1624 1901 1666 ιι.

338 1695 398 1748 Η
422 1697 457 1763 ).
483 1696 739 1761 Quamvis
763 1698 1003 1750 videatur
1030 1697 1305 1767 Scriptura
1338 1698 1475 1767 quod
1508 1699 1573 1751 de
1624 1714 1724 1752 una
1777 1699 1906 1751 dicit

335 1798 586 1853 persona,
622 1802 817 1855 negare
842 1788 903 1840 de
934 1788 1081 1851 aliis;
1110 1804 1390 1842 commune
1419 1784 1593 1841 tamen
1622 1798 1703 1841 est
1733 1790 1905 1841 omni-

341 1908 1603 1932 ...ι-Ἥ*-

1990 431 2133 484 enim
2176 433 2386 501 ignorat
2405 432 2563 486 Pater
2608 442 2699 485 aut
2744 433 2909 487 Filius
2947 433 3179 502 seipsum
3206 442 3258 484 et
3304 444 3421 499 qua!
3466 420 3569 482 Dei

1991 531 2135 585 sunt,
2168 538 2341 593 neque
2372 523 2604 591 Spiritus
2625 533 2839 577 sanctus
2864 524 3075 575 Patrem
3100 531 3192 575 aut
3215 520 3427 576 Filium.
3448 518 3557 572 Cur
3620 536 3621 539 ‘

1992 622 2170 667 autem
2196 622 2249 666 et
2270 613 2484 681 quando
2514 612 2745 681 quodde
2767 628 2871 666 uno
2902 614 3051 680 quasi
3086 612 3152 665 de
3180 610 3296 664 snio
3345 608 3559 673 dicitur,

1995 704 2059 756 de
2083 704 2202 758 aliis
2225 702 2570 772 intelligatur,
2598 702 2729 756 satis
2760 700 3151 769 supra'dictum
3175 710 3276 755 est.

2521 791 2706 862 Operis
2748 791 3009 844 clausula.

2071 882 2191 937 llzec
2219 883 2285 935 de
2315 884 2659 952 processione
2686 884 2918 953 Spiritus
2942 882 3135 946 sancti,
3167 881 3281 934 aliis
3326 881 3565 950 cogenti-

1997 975 2115 1037 bus,
2142 989 2246 1029 non
2267 973 2332 1027 de
2358 988 2465 1036 me,
2501 973 2593 1026 sed
2625 976 2688 1027 de
2714 976 2898 1028 eodem
2932 974 3134 1041 Spiritu
3181 984 3364 1026 sancto
3398 970 3563 1026 conii-

1999 1056 2148 1127 deus,
2180 1080 2275 1133 pro
2297 1063 2503 1117 Latinis
2528 1073 2713 1118 contra
2734 1064 2947 1118 Graecos
2970 1066 3239 1127 scribere;
3271 1047 3325 1117 et
3372 1077 3433 1117 ea
3475 1076 3567 1117 oc-

2001 1155 2214 1208 casione
2242 1153 2305 1207 de
2337 1154 2538 1206 unitate
2588 1152 2807 1208 Deitatis
2829 1162 2883 1206 et
2921 1153 2985 1205 de
3009 1152 3270 1207 Trinitatc
3308 1166 3565 1221 persona-

2005 1261 2119 1297 ram
2142 1242 2341 1311 aliquid
2367 1242 2562 1296 addere
2584 1242 2896 1312 praesumpsi
2922 1243 3163 1309 quamvis
3190 1240 3568 1293 inulnerabiles

2002 1334 2109 1386 sint
2160 1334 2298 1384 inter
2330 1330 2447 1384 illos
2474 1330 2561 1400 qui
2606 1330 2811 1383 Latinis
2851 1329 3305 1391 utuntuelitteris,
3334 1329 3422 1396 qui
3467 1330 3568 1382 hoc

2006 1422 2194 1474 melius
2220 1436 2378 1489 quant
2402 1435 2499 1488 ego
2527 1419 2701 1474 facere
2729 1421 2953 1489 possint.
2978 1418 3245 1487 Quidquid
3284 1432 3412 1487 ergo
3460 1416 3568 1469 dixi

2005 1514 2144 1581 quod
2203 1510 2600 1579 suscipiendum
2655 1510 2744 1575 sit,
2780 1526 2884 1563 non
2930 1510 3056 1561 mihi
3103 1508 3445 1567 attribuatur.
3477 1504 3571 1558 sed

2008 1602 2228 1672 Spiritui
2260 1601 2522 1655 veritatis.
2557 1599 2609 1654 Si
2644 1611 2820 1653 autem
2863 1598 3057 1667 aliquid
3086 1595 3434 1667 protttliquud
3476 1593 3573 1645 ali-

2009 1705 2270 1764 quatenus
2292 1692 2664 1759 corrigendum
2687 1693 2790 1754 sit,
2820 1691 2947 1743 mihi
2979 1691 3285 1756 imputetur,
3327 1701 3431 1739 non
3453 1697 3575 1739 sen-

2013 1787 2093 1840 Sui
2121 1784 2428 1839 Latinitatis
2455 1782 2743 1853 [Ecelesim
2773 1779 3011 1852 Latinio]
3042 1779 3150 1831 “".

2107 1899 3463 1925 MM

2132 1936 2176 1961 κ

1115 1914 2734 2097 ᾙᾞἙῖῗῖιιῗεειινιι

1580 2205 2172 2300 DIALOGUS

1217 2360 1435 2543 DEI
1524 2416 1929 2546 CASU
2072 2414 2702 2541 DIABOLI

710 2723 817 2792 62
854 2721 1079 2776 CAPUT
1121 2721 1380 2775 PRIMUM
1424 2721 1532 2752 ms-

344 2814 496 2878 Onod
537 2813 691 2866 etiam
723 2814 790 2863 ad
816 2812 1022 2879 angelos
1061 2813 1305 2865 dicatur:
1356 2811 1491 2876 Quid
1540 2811 1724 2870 babes.
1761 2812 1903 2877 quod

406 2900 511 2935 nun
537 2882 830 2949 aeeepisti?
858 2891 905 2934 et
935 2898 966 2932 ιι
997 2881 1100 2933 Deo
1124 2897 1225 2933 non
1246 2882 1308 2933 sit
1342 2882 1439 2933 nisi
1470 2882 1677 2939 bonum,
1700 2891 1901 2933 etesse:

412 2963 458 3004 et
504 2966 653 3004 omne
712 2951 897 3003 bonum
940 2950 1006 3003 sit
1052 2951 1309 3014 essentia,
1353 2960 1398 3004 et
1459 2952 1623 3001 omnis
1685 2950 1901 3001 essentia

413 3021 602 3073 bonum
645 3018 777 3088 (82).

412 3106 749 3161 DtSCIPULes.
780 3107 907 3162 lllnd
937 3105 1170 3175 Apostoli
1196 3126 1208 3159 :
1239 3106 1373 3171 Quid
1417 3106 1595 3170 lmbes,
1620 3105 1757 3175 quod
1806 3123 1904 3160 non

338 3198 631 3266 accepisti?
660 3196 879 3267 (I.Cor.
923 3198 976 3260 4,
1003 3198 1056 3249 7.
1082 3198 1098 3264 )
1128 3197 1322 3249 dicitur
1345 3196 1647 3250 hominibus
1677 3206 1902 3261 tantum,

340 3305 410 3343 an
441 3296 494 3341 et
520 3288 754 3357 angelis?
781 3286 1073 3340 Μιςιδτειι.
1108 3285 1257 3338 Nulla
1311 3298 1554 3340 creatura
1610 3288 1771 3341 habet
1809 3290 1907 3343 ali-

339 3378 473 3448 quid
506 3394 537 3431 a
567 3392 648 3432 se.
677 3376 828 3443 Quod
857 3377 998 3430 enim
1025 3378 1255 3444 seipsnm
1288 3393 1315 3428 a
1351 3391 1407 3429 se
1433 3392 1533 3429 non
1566 3376 1743 3439 habet,
1769 3394 1902 3447 quo-

344 3470 505 3525 modo
527 3470 684 3523 habet
708 3484 736 3521 a
766 3482 823 3521 se
851 3467 1091 3536 aliquid?
1121 3466 1355 3536 Denique
1378 3468 1420 3520 si
1450 3483 1553 3521 non
1578 3476 1657 3520 est
1684 3468 1903 3537 aliquid,

342 3559 449 3614 nisi
478 3574 615 3612 unus
667 3560 755 3627 qui
787 3558 913 3611 fecit
943 3567 996 3611 et
1031 3573 1148 3625 qua:
1178 3556 1316 3612 facta
1367 3568 1492 3611 sunt
1542 3559 1608 3610 ab
1645 3557 1734 3588 ³⁸³⁸⁵
1762 3574 1904 3611 uno:

344 3648 554 3702 clarum
587 3648 820 3716 estquia
852 3648 1154 3700 nullatenus
1187 3646 1276 3677 ¹⁸³⁰
1300 3655 1475 3715 potest
1501 3646 1681 3699 haberi
1710 3646 1906 3716 aliquid

348 3738 459 3799 πυ,
492 3738 592 3791 nisi
619 3737 707 3805 qui
734 3735 883 3798 fecit,
908 3734 1164 3803 autquod
1189 3732 1332 3789 fecit.
1364 3735 1505 3787 DISC.
1536 3732 1673 3787 Vere
1704 3735 1904 3788 clarum

344 3825 570 3879 m'cst.
623 3825 760 3879 MAG.
813 3824 915 3878 Sed
949 3838 1120 3892 neque
1159 3824 1268 3893 ipse
1311 3822 1501 3886 factor,
1531 3837 1701 3891 neipie
1766 3824 1906 3890 quod

326 3904 545 3967 ’fictum
568 3910 670 3976 est,
704 3922 878 3981 potest
900 3911 1078 3964 haberi
1102 3910 1204 3993 nisi
1239 3912 1305 3964 ab
1336 3911 1450 3978 ipso
1506 3909 1729 3964 faetore.
1762 3910 1904 3965 Disc.

342 4002 457 4055 Nec
482 4003 580 4057 hoc
606 4003 784 4056 minus
809 4000 1031 4054 clarum.
1068 4001 1207 4054 MAG.
1238 4000 1328 4054 Ille
1372 4001 1531 4069 igitur
1578 4000 1720 4055 solus
1770 4016 1799 4053 a
1845 4017 1903 4055 se

1854 2770 1859 2776 ι
1935 2727 1979 2787 C
2013 2738 2083 2791 ita
2114 2738 2181 2793 ab
2210 2736 2297 2791 illo
2327 2735 2538 2789 nonnisi
2567 2734 2768 2804 aliquid
2816 2727 3033 2789 habent.
3067 2734 3212 2789 Disc.
3267 2733 3379 2791 Non
3422 2735 3579 2807 plane

2009 2825 2161 2878 rideo
2192 2824 2331 2892 quod
2356 2824 2450 2887 ait,
2484 2822 2622 2890 quod
2654 2836 2681 2874 a
2710 2821 2815 2875 Deo
2841 2837 2946 2874 non
2976 2822 3179 2876 habent
3211 2823 3313 2876 alia
3352 2824 3452 2878 nisi
3482 2824 3577 2877 alio

2007 2913 2153 2982 quid.
2183 2911 2314 2964 Nam
2349 2911 2468 2980 quis
2499 2910 2628 2963 facit
2658 2908 2791 2963 alius
2820 2908 2927 2972 ‘m,
2960 2918 3019 2963 ut
3048 2911 3235 2975 multa,
3260 2926 3375 2980 qua:
3424 2912 3575 2966 vide-

2010 3018 2125 3054 mus
2156 3001 2382 3053 transire
2425 3002 2634 3053 deesse
2682 3000 2748 3053 ad
2780 3014 2885 3053 non
2933 3015 3071 3065 esse,
3118 3015 3221 3055 non
3268 3003 3374 3055 sint
3422 3002 3563 3071 quod

1964 3134 1967 3137 ,
2005 3100 2188 3151 erant;
2222 3087 2429 3141 etiamsi
2481 3086 2700 3140 omnino
2730 3086 2781 3141 in
2827 3087 3049 3140 nihilum
3105 3103 3206 3140 non
3261 3090 3578 3143 transeant?

2006 3179 2112 3230 Ant
2138 3177 2257 3245 quis
2287 3175 2695 3236 laeitnonesse,
2744 3175 2998 3242 quidquid
3030 3190 3132 3229 non
3163 3184 3276 3238 est;
3333 3174 3433 3229 nisi
3489 3173 3576 3228 illo

2007 3268 2095 3336 qui
2131 3266 2254 3320 facit
2281 3281 2413 3318 esse.
2446 3278 2605 3317 ornne
2634 3264 2774 3333 quod
2808 3264 2921 3319 est?
2949 3264 3075 3318 ltem
3125 3264 3167 3318 si
3223 3279 3326 3317 nun
3372 3274 3453 3318 est
3483 3262 3581 3317 ali-

2007 3356 2153 3424 quid,
2184 3356 2284 3408 nisi
2317 3354 2436 3409 ideo
2464 3355 2588 3421 quia
2618 3354 2757 3406 Deus
2804 3353 2929 3406 facit
2961 3353 3087 3417 um;
3139 3367 3357 3408 necesse
3407 3362 3490 3406 est
3518 3362 3578 3406 ιιι

2007 3447 2146 3514 quod
2182 3424 2620 3498 non‘estidcirco
2655 3458 2757 3496 non
2789 3445 2877 3506 sit,
2931 3444 3056 3514 quia
3106 3444 3217 3511 ipse
3268 3459 3372 3497 non
3425 3443 3573 3497 facit.

2011 3535 2163 3589 Sicut
2182 3550 2306 3603 ergo
2338 3533 2421 3586 illa
2451 3550 2569 3601 qua:
2606 3542 2747 3595 sunt,
2777 3534 2843 3586 ab
2873 3533 2963 3585 illo
2988 3534 3184 3586 habent
3207 3548 3325 3587 esse
3347 3532 3589 3601 aliquid;

2010 3630 2081 3681 ita
2113 3642 2231 3696 qua:
2253 3641 2355 3678 non
2391 3636 2536 3688 sunt,
2568 3623 2647 3677 vel
2676 3639 2795 3692 quae
2824 3623 2889 3676 de
2914 3638 3032 3677 esse
3061 3632 3338 3678 transeunt
3374 3624 3439 3676 ad
3466 3637 3591 3676 non

2000 3696 2145 3778 esse,
2178 3717 2423 3768 ridentur
2449 3715 2518 3766 ab
2546 3715 2733 3767 eodem
2758 3714 2873 3782 ipso
2896 3714 3095 3767 habere
3120 3729 3239 3767 esse
3283 3714 3412 3768 nihil
3457 3713 3573 3769 ³⁸⁸⁸.

2006 3802 2146 3875 alae.
2180 3801 2291 3854 Non
2322 3801 2490 3853 solum
2522 3800 2593 3857 ilii
2628 3800 2824 3854 dicitur
2854 3799 3039 3853 facere
3077 3800 3275 3868 aliquid
3315 3816 3451 3863 esse,
3484 3811 3578 3855 aut

2011 3892 2208 3962 aliquid
2242 3907 2342 3944 non
2374 3905 2492 3957 esse
2526 3889 2643 3953 ηπ,
2672 3890 2761 3958 qui
2793 3888 2921 3942 facit
2948 3897 3005 3943 nt
3032 3890 3117 3949 sit,
3145 3890 3284 3958 quod
3324 3904 3428 3943 non
3456 3900 3569 3954 est;

2014 3990 2107 4034 aut
2132 3990 2188 4033 ut
2219 3995 2321 4033 non
2348 3978 2416 4031 sit
2445 3977 2552 4038 ‘3”,
2578 3978 2717 4051 quod
2743 3986 2857 4031 est:
2890 3978 2981 4031 sed
3009 3978 3170 4031 etiam
3198 3978 3302 4043 ille,
3346 3979 3436 4047 qui
3484 3993 3575 4048 po.

341 4091 509 4142 habet
548 4089 803 4157 quidquid
832 4090 1015 4151 habet;
1051 4098 1106 4142 et
1130 4090 1305 4142 omnia
1339 4063 1439 4141 alia
1475 4090 1682 4141 nonnisi
1716 4090 1781 4143 ab
1811 4090 1902 4142 illo
1935 4063 1981 4121 ί)
2011 4083 2112 4127 ιεδι
2135 4072 2307 4125 [dcem
2335 4082 2389 4123 ιη
2414 4087 2517 4122 ¹¹⁰¹¹
2545 4072 2611 4123 δίι
2642 4070 2734 4122 θίίί

1936 4063 1981 4121 D
2011 4083 2112 4127 test
2135 4072 2307 4125 facere
2335 4082 2389 4123 ut
2414 4087 2517 4122 nun
2545 4072 2611 4123 sit
2642 4070 2842 4138 aliquid
2879 4072 2991 4135 ⁸⁸³⁸,
3017 4081 3196 4125 etnon
3240 4071 3388 4133 facit,
3436 4070 3573 4125 dici-

341 4181 542 4235 habent
568 4179 795 4248 aliquid:
830 4188 901 4245 et,
933 4178 1068 4233 sicut
1093 4194 1123 4232 a
1155 4195 1213 4234 se
1237 4180 1446 4234 nonnisi
1488 4180 1619 4233 nihil
1670 4181 1899 4245 habent;

2012 4175 2095 4218 tur
2124 4163 2296 4217 facere
2323 4176 2478 4227 esse;
2512 4170 2561 4215 et
2586 4161 2674 4231 qui
2701 4171 2873 4229 potest
2902 4160 3089 4216 facere
3133 4171 3189 4215 ut
3230 4163 3430 4232 aliquid
3480 4160 3571 4227 sit,

1621 4282 1849 4368 visane
1889 4314 2287 4371 LECTIONES.

420 4405 511 4474 ἐν
537 4403 683 4474 Quia
706 4404 849 4457 nullo
882 4413 960 4458 est
992 4421 1091 4455 ms.
1126 4403 1258 4457 Vict.
1288 4405 1342 4459 5.
1371 4406 1493 4472 quia
1528 4405 1670 4458 nullo
1698 4416 1778 4460 est
1810 4424 1905 4459 ms.
1949 4407 2084 4460 Vict.
2121 4408 2203 4461 l5.
2238 4407 2358 4474 quia
2415 4422 2441 4459 a
2483 4408 2624 4461 nullo
2663 4416 2744 4460 est
2799 4424 2896 4460 ms.
2942 4406 3112 4461 .Corb.
3162 4406 3283 4474 quia
3324 4406 3462 4458 nulla
3490 4416 3573 4461 est

342 4476 439 4507 ⁸⁸³⁵
467 4473 622 4527 Solus
652 4473 819 4544 Filius
850 4475 939 4542 qui
971 4483 1055 4544 est
1086 4474 1304 4544 deuito.
1339 4484 1391 4527 et
1431 4475 1495 4544 de
1531 4490 1637 4541 quo
1675 4490 1831 4539 unus,
1874 4478 2017 4530 solus
2048 4495 2142 4529 ms.
2177 4473 2333 4530 Salus
2384 4478 2545 4529 Filius
2592 4488 2691 4538 est,
2721 4478 2811 4544 qui
2844 4478 2909 4529 de
2965 4492 3068 4528 uno
3097 4473 3200 4538 05!,
3251 4486 3303 4527 ιιι
3352 4476 3415 4529 de
3464 4490 3571 4543 quo

340 4559 485 4598 unus
529 4554 630 4614 est,
662 4542 804 4595 solus
837 4541 931 4595 nis.
967 4541 1100 4595 'I'lm.
1127 4542 1211 4595 50.
1252 4544 1406 4597 Solus
1436 4542 1621 4614 Filius,
1653 4546 1741 4613 qui
1779 4548 1844 4598 de
1873 4563 1975 4600 uno
2004 4555 2056 4599 et
2083 4548 2145 4599 de
2170 4562 2275 4614 quo
2300 4562 2435 4599 unus
2460 4557 2559 4600 est.
2591 4541 2752 4601 Solus
2778 4563 2874 4598 ms.
2932 4545 3063 4598 Tlm.
3090 4548 3177 4599 90.
3233 4546 3375 4597 solus
3408 4541 3571 4599 Filius

340 4623 447 4677 est,
478 4613 568 4681 qui
620 4615 683 4664 de
716 4628 818 4664 uno
850 4622 903 4663 et
932 4614 994 4663 de
1025 4627 1128 4678 quo
1157 4629 1291 4665 unus
1322 4623 1420 4666 est.
1461 4612 1617 4666 Solus

1694 4614 1784 4644 ¹⁸²⁸
1814 4616 2045 4682 Spiritus
2094 4627 2312 4669 Sanetus
2365 4618 2426 4667 de
2478 4632 2582 4683 quo
2644 4633 2767 4667 mss.
2811 4615 3089 4683 Spiriritus
3126 4623 3342 4667 sanctus
3383 4624 3463 4667 est
3505 4616 3570 4667 de

341 4698 452 4752 quo
512 4682 616 4752 fg”
646 4680 773 4734 Mss.
814 4681 1040 4752 EXplieit
1088 4681 1247 4752 [fiber
1290 4682 1345 4734 S.
1389 4682 1621 4752 Ansrlmi
1668 4684 1730 4737 de
1776 4680 2122 4739 Processionc
2153 4686 2319 4738 sancti
2356 4680 2605 4752 Spiritus.
2680 4686 2769 4714 ¹⁹⁸²⁸
2797 4680 2983 4752 Col/ut

297 4752 303 4757 ’
341 4748 566 4814 diaboli,
598 4766 710 4803 cum
748 4767 868 4802 mss.
896 4748 1072 4801 'tribtts
1110 4748 1384 4804 Victorinis
1414 4750 1497 4805 CC
1534 4754 1586 4814 9,
1618 4752 1713 4805 151'}
1746 4755 1832 4815 15,
1868 4766 1914 4807 et
1958 4754 2045 4807 ιιιι
2083 4755 2116 4806 5
2154 4748 2426 4816 Cennneﬂ,
2459 4754 2699 4806 Becrens.
2729 4748 3051 4806 Cisterciensi
3107 4764 3153 4805 et
3212 4754 3269 4805 S.
3304 4752 3568 4803 illiri'mdis

2680 4686 2769 4714 ""3
2797 4686 2963 4736 Col/ut
2992 4702 3025 4735 's
3056 4696 3127 4736 cst
3164 4686 3294 4736 liber
3329 4685 3398 4735 lh-
3438 4699 3565 4736 rasit

341 4820 638 4891 inﬂante;
672 4829 861 4891 etAcnm
888 4820 1108 4891 editione
1137 4818 1373 4891 Gothica.
1402 4851 1466 4859 --
1497 4820 1594 4891 Ms.
1625 4823 1805 4874 Cister.
1839 4823 2026 4891 Incipit
2056 4833 2312 4875 tractatus
2354 4824 2417 4875 de
2467 4839 2591 4876 casu
2624 4824 2840 4882 diaboli,
2883 4826 3053 4875 editus
3081 4825 3145 4872 ab
3196 4821 3349 4873 Ansel
3378 4840 3444 4870 ιιιι
3482 4840 3567 4872 ar.
3645 4819 3651 4824 ’

3104 4891 3134 4904 ~

342 4888 1097 4960 ehiepiseopoCantuariensi.
1122 4906 1217 4941 ms.
1257 4887 1386 4960 για.
1422 4891 1472 4944 9.
1502 4890 1659 4943 Liber
1688 4891 1921 4960 Magistri
1952 4887 2214 4957 'Anselmi,
2250 4893 2320 4943 De
2351 4908 2473 4945 Casu
2506 4893 2721 4945 diahuli.
2772 4910 2863 4943 ms.
2926 4891 3052 4942 Vict.
3104 4891 3155 4943 '5.
3209 4891 3390 4957 Ιιιιοιρέι
3432 4900 3572 4942 trar-

346 4956 492 5013 tatus
537 4958 771 5011 Anselmi
816 4956 1214 5023 Archiepiscopi
1243 4958 1673 5023 Cantuarieusis,
1712 4956 1933 5014 dc'casu
1962 4962 2173 5013 diaboli.

2252 4961 2340 4991 ¹⁸²⁹
2370 4962 2526 5013 Facta
2561 4972 2701 5025 sunt,
2732 4971 2853 5013 sunt
2886 4962 2952 5012 ab
2992 4979 3111 5012 mss.
3169 4961 3304 5012 facta
3350 4973 3468 5010 sunt
3504 4961 3567 5009 ab

351 5026 439 5098 '3“
471 5025 605 5098 Quia
650 5028 956 5098 nullatenus
976 5025 1269 5098 ntssaVict.
1324 5030 1445 5097 quia
1483 5046 1509 5079 ιι
1549 5047 1604 5081 se
1637 5031 1934 5082 nullatenus
2013 5031 2097 5060 ⁸⁸³³
2127 5030 2314 5083 Ilabrri
2376 5031 2570 5098 aliquid
2602 5049 2695 5082 ms.
2744 5030 2925 5083 Cister.
2971 5032 3167 5083 habere
3198 5032 3397 5095 aliquid
3478 5031 3567 5059 ’ω

355 5090 733 5149 ιἰιτοήοίειιυιιι.
765 5113 885 5149 mss.
919 5096 1051 5148 Vere
1082 5097 1282 5149 clarum
1312 5090 1411 5151 est.

1488 5098 1577 5128 ⁸⁸³³
1604 5100 1732 5163 Quis
1766 5101 1888 5152 fecit
1917 5100 2051 5152 alius
2089 5119 2207 5151 mss.
2262 5099 2392 5150 Virt.
2423 5101 2607 5152 Cislt’t‘.
2664 5099 2719 5149 S.
2778 5099 2931 5151 Mmlt.
2979 5102 3097 5166 quis
3125 5098 3240 5151 fuit
3273 5101 3402 5150 alius
3481 5099 3564 5127 ”‘“

374 5167 482 5236 tuin
515 5165 652 5218 Deus
679 5166 801 5218 fecit
826 5182 948 5217 mss.
980 5175 1025 5215 et
1062 5166 1201 5219 I'Jdit.
1228 5165 1377 5220 (ἐστι’.
1414 5168 1535 5236 quin
1576 5170 1709 5221 Dens
1744 5170 1867 5221 furit
1947 5170 2033 5199 ¹⁸³³
2067 5171 2272 5221 llahere
2314 5170 2440 5221 nihil
2474 5186 2595 5220 nus.
2624 5179 2669 5219 et
2709 5168 2849 5219 Edit.
2881 5165 3032 5219 (Iulli.
3068 5172 3265 5221 habere
3293 5184 3409 5219 esse
3439 5167 3565 5219 nihil

369 5234 444 5264 ⁸³⁸
472 5236 578 5286 Aut
617 5249 717 5306 non
757 5249 876 5306 esse
910 5236 1107 5306 aliqum
1152 5255 1271 5289 mss.
1324 5234 1455 5290 Vict.
1489 5249 1577 5291 aut
1618 5239 1814 5305 aliquid
1848 5255 1951 5293 non
1990 5255 2109 5293 esse
2142 5257 2235 5289 ms.
2281 5239 2461 5289 (.‘istcr.
2492 5248 2543 5290 et
2576 5256 2675 5289 non
2708 5254 2827 5291 esse
2864 5239 3058 5304 aliquid
3104 5237 3241 5288 lt'ilit.
3285 5237 3437 5287 (.‘uth.
3478 5247 3567 5287 aut

348 5318 466 5363 ,δερ
498 5318 603 5362 neu
634 5304 832 5378 aliquid
907 5304 1130 5359 ιθ’θἈιιι
1161 5323 1264 5361 non
1295 5309 1364 5361 sit
1402 5326 1523 5365 mss.
1557 5319 1648 5360 aut
1680 5304 1734 5359 ut
1770 5324 1871 5361 non
1912 5310 1981 5361 sit
2052 5310 2140 5339 ‘5“
2168 5310 2375 5378 Aliquid
2413 5320 2465 5361 ιιι
2497 5326 2596 5361 non
2626 5308 2693 5361 sit
2722 5325 2841 5359 mss.
2873 5317 2928 5359 ut
2964 5324 3064 5359 non
3103 5312 3169 5361 sit
3197 5308 3392 5374 aliquid

1846 5419 2074 5475 NUTIE.

452 5531 561 5601 (88)
593 5528 723 5601 Fide
764 5532 897 5587 infra
927 5531 1200 5601 prologum
1233 5532 1281 5584 in
1308 5532 1579 5600 Dialogum
1611 5532 1673 5585 de
1706 5530 1957 5589 Veritate.
