4226 6252
321 347 419 403 335

322 453 422 508 nisi
447 450 587 520 quod
604 450 805 517 justum
835 455 928 503 aut
949 449 1283 503 commodum
1315 448 1404 481 "°'
1435 459 1696 518 putamus.
1731 449 1867 503 MAG.
1898 460 1944 516 Α

320 541 587 597 Justitiam
635 553 761 592 vero
786 538 1034 601 valendo,
1084 550 1308 605 peccare
1342 553 1445 592 non
1478 540 1671 607 potuit.
1722 541 1864 594 Dtsc.

320 631 511 686 Verum
557 634 657 684 est.
710 627 848 685 MAG.
899 627 1145 681 PecCavit
1192 639 1319 698 ergo
1380 619 1608 683 volendo
1658 628 1872 697 aliquod
1938 660 1941 663 λ

318 719 679 793 commodum,
705 718 846 787 quod
892 733 991 773 nec
1018 714 1267 782 habebat,
1308 732 1408 772 nec
1450 726 1579 771 tunc
1612 712 1746 771 velle
1774 718 1869 770 dc-

317 808 467 874 buit,
494 807 635 877 quod
682 811 857 861 tamen
886 806 953 861 ad
997 815 1333 877 augmentum
1383 806 1725 860 beatitudinis
1751 819 1871 859 esse

317 899 388 954 illi
415 906 648 967 poterat.
685 896 828 952 Dtsc.
855 894 1035 950 Palam
1064 905 1146 952 est
1175 896 1427 964 quoniam
1459 890 1613 949 aliter
1643 910 1746 948 non
1770 910 1866 964 ρο-

316 989 435 1043 tuit.
467 986 605 1041 MAG.
634 984 841 1048 Cernis,
887 994 947 1039 ut
974 995 1121 1053 puto,
1156 972 1280 1053 quia
1324 984 1441 1053 plus
1483 982 1680 1053 aliqtiid
1708 993 1867 1053 Quam

283 1072 619 1145 Vaccep’erat,
648 1072 945 1128 inordinate
967 1072 1055 1104 ¹⁹⁰¹
1089 1072 1331 1135 volendo,
1372 1071 1696 1125 voluntatem
1715 1086 1865 1125 suam

313 1154 461 1219 extra
484 1162 746 1231 justitiam
774 1161 1017 1215 extendit
1063 1161 1174 1212 "°'.
1210 1159 1351 1214 Dtsc.
1383 1160 1578 1228 Aperte
1611 1173 1751 1212 nunc
1789 1158 1868 1211 vi-

313 1254 412 1307 deo
450 1251 574 1321 quia
605 1249 871 1320 peccavit,
909 1257 963 1304 et
991 1248 1215 1322 valendo
1257 1248 1398 1317 quod
1443 1263 1549 1325 non
1581 1246 1781 1306 debuit,
1813 1254 1866 1300 et

314 1356 416 1394 non
446 1338 671 1395 valendo
713 1339 855 1408 quod
888 1338 979 1370 "”
1023 1338 1205 1393 debuit
1255 1354 1281 1390 τη
1322 1346 1374 1392 et
1399 1336 1573 1406 palam
1616 1345 1699 1390 est
1740 1334 1863 1404 quia

312 1446 418 1484 non
466 1430 585 1484 ideo
632 1425 800 1481 voluit
829 1427 931 1479 ίόδ.
948 1427 1227 1497 plusquam
1272 1427 1475 1501 debuit,
1525 1426 1648 1495 quia
1676 1424 1865 1478 noluit

311 1528 494 1577 tenere
517 1516 819 1585 justitiam;
850 1515 941 1571 sed
966 1516 1084 1570 ideo
1102 1513 1365 1583 justitiam
1389 1529 1492 1566 non
1522 1513 1709 1575 tenuit,
1740 1512 1863 1581 quia

308 1604 452 1660 aliud
480 1603 646 1658 voluit
683 1603 799 1668 ηδ’,
831 1603 971 1671 quod
1002 1602 1225 1657 volendo
1255 1602 1398 1655 illam
1441 1600 1693 1663 deseruit,
1726 1600 1881 1655 sicut!

306 1692 363 1748 In
408 1704 592 1755 avaro.
626 1692 692 1747 de
736 1704 953 1744 nummo
995 1698 1047 1744 et
1089 1702 1225 1758 pane
1265 1690 1592 1742 monstrasti.
1626 1687 1761 1741 MAG.
1792 1688 1862 1741 At

1462 335 1728 397 utALOG.
1767 341 1850 395 DE
1880 340 2062 404 casu
2105 306 2384 397 etAaou.

3423 340 3524 396 534

2582 451 2803 507 CAPUT
2849 453 2909 507 V.

2042 561 2193 626 Quod
2223 562 2342 615 boni
2366 560 2533 631 angeli
2559 572 2885 622 artic,casum
2914 562 3167 615 malorum
3207 578 3451 631 pecccarc

2596 640 2889 696 potuerunt.

2038 718 2173 773 MAG.
2223 718 2456 771 Putasne
2508 718 2678 771 bonos
2729 718 2943 786 angelos
2987 717 3233 771 similiter
3283 716 3521 784 potuisse

1968 823 2210 877 peccare,
2241 817 2525 877 antequam
2569 807 3005 875 mall'cadet'cnt?
3042 806 3185 860 Disc.
3230 806 3397 871 Puto;
3429 807 3523 861 sed

1969 894 2176 953 ratione
2223 897 2678 966 comprehendere
2726 896 2937 951 vellem.
2986 896 3122 949 MAG.
3165 894 3277 949 Hoc
3312 905 3523 948 certum

1967 988 2130 1043 habes
2159 988 2279 1057 qnia
2321 990 2363 1042 si
2394 1004 2498 1043 non
2535 998 2820 1058 potuerunt
2848 1004 3103 1059 peccare,
3133 1004 3235 1042 non
3258 996 3523 1056 potestate

1966 1077 2058 1130 sed
2106 1077 2421 1153 necessitate
2468 1086 2812 1130 servaverunt
2850 1076 3132 1143 justitiam.
3190 1075 3364 1141 Quare
3409 1089 3518 1127 non

1966 1168 2135 1235 magis
2182 1176 2493 1222 meruerunt
2531 1169 2759 1237 gratiam
2813 1182 2842 1220 a
2882 1166 3021 1233 Deo,
3059 1167 3184 1234 quia
3228 1176 3518 1230 steterunt,

1964 1257 2084 1311 aliis
2110 1257 2444 1319 cadentibus,
2474 1272 2630 1325 quam
2670 1255 2793 1324 quia
2818 1264 3166 1309 servaverunt
3194 1255 3525 1307 rationalita-

1966 1356 2070 1399 tem
2104 1345 2215 1409 ‘9“,
2248 1358 2407 1414 quam
2448 1345 2671 1414 perdere
2718 1345 3086 1411 nequiverunt.
3129 1342 3232 1397 Sed
3274 1356 3373 1396 nec
3391 1343 3523 1411 justi

1964 1444 2138 1499 recte,
2200 1436 2244 1489 si
2294 1434 2429 1489 bene
2477 1436 2819 1497 consideres,
2867 1433 3189 1486 dicerentur.
3240 1434 3380 1485 Disc.
3432 1430 3523 1483 Sic

1960 1534 2221 1581 monstrat
2270 1524 2426 1578 ratio.
2482 1523 2620 1578 MAG.
2678 1524 2753 1577 llli
2791 1539 2917 1592 ergo
2972 1524 3060 1590 qui
3113 1523 3443 1585 ceciderunt,
3476 1522 3522 1575 si

1963 1629 2066 1667 non
2126 1619 2437 1680 peccassent
2481 1626 2598 1663 cum
2638 1620 2883 1679 possent,
2936 1618 3083 1663 tanto
3135 1603 3382 1665 meliores
3438 1624 3524 1662 es-

1960 1710 2080 1755 sent
2126 1717 2283 1769 qnam
2317 1701 2403 1754 isti
2429 1699 2549 1758 που.
2608 1708 2807 1767 quanto
2834 1707 2888 1752 et
2929 1713 3051 1751 vere
3088 1706 3265 1751 essent
3303 1697 3432 1764 justi
3468 1704 3525 1751 et

310 1794 433 1833 cum
463 1766 568 1833 hoc
597 1778 787 1843 voluit,
818 1776 959 1845 quod
991 1776 1128 1831 Deus
1157 1775 1303 1829 illum
1334 1774 1468 1828 velle
1496 1775 1737 1840 nolebat,
1768 1789 1862 1830 vo-
1897 1782 1930 1834 Ε

1927 1784 1938 1832 l
1965 1766 2191 1860 gratiam
2223 1805 2251 1841 a
2294 1789 2402 1843 Deo
2441 1766 2794 1841 mererentur.
2828 1787 2977 1840 Unde
3006 1788 3247 1854 sequitur
3271 1790 3396 1854 quia
3426 1796 3522 1839 aut

306 1866 406 1922 luit
432 1866 736 1920 inordinate
764 1865 955 1920 similis
977 1878 1096 1918 esse
1133 1863 1260 1918 Deo.
1293 1864 1433 1917 Dtsc.
1462 1863 1515 1917 Si
1552 1864 1689 1919 Deus
1714 1866 1861 1933 cogi-

303 1955 409 2010 tari
436 1969 542 2009 non
582 1954 887 2023 potest,nisi
918 1953 991 2008 ita
1016 1953 1159 2008 solus
1184 1954 1384 2008 ut-nihil
1413 1954 1485 2007 illi
1527 1955 1697 2009 simile
1721 1956 1864 2023 cogi-

303 2044 405 2098 tari
436 2044 645 2121 possit,
680 2043 945 2111 quomodo
974 2044 1145 2113 potuit
1168 2044 1407 2097 diabolus
1434 2044 1567 2097 velle
1592 2045 1731 2112 quod
1759 2060 1861 2099 non

300 2134 479 2204 potuit
516 2132 759 2202 cogitare
779 2129 956 2188 ?,Non
985 2131 1128 2185 enim
1171 2131 1243 2184 ita
1271 2134 1473 2187 obtusm
1504 2132 1696 2187 mentis
1724 2142 1859 2196 erat,
1901 2173 1906 2177 .

302 2229 361 2274 ut
394 2219 532 2274 nihil
573 2218 717 2273 aliud
766 2218 940 2274 simile
986 2219 1094 2273 Deo
1141 2220 1362 2289 cogitari
1408 2235 1562 2288 posse
1610 2221 1857 2275 nesciret.

301 2310 441 2368 IAG.
471 2310 693 2366 Etiamsi
722 2309 892 2363 noluit
931 2311 1151 2389 omnino
1183 2326 1281 2379 par
1309 2324 1426 2389 esse
1468 2312 1601 2375 Deo,
1640 2312 1731 2365 sed
1758 2311 1856 2365 ali-

1968 1879 2119 1935 electi
2171 1879 2414 1933 homines
2461 1876 2690 1944 majores
2735 1886 2790 1930 et
2836 1878 3087 1932 meliores
3124 1888 3281 1932 erunt
3319 1878 3521 1947 angelis

1962 1967 2136 2031 bonis,
2163 1977 2256 2021 aut
2291 1967 2499 2037 reprobi
2528 1965 2699 2035 angeli
2737 1965 2971 2033 perfecte
2995 1982 3099 2020 non
3142 1970 3522 2021 restanrabun-

1963 2064 2077 2120 tur,
2106 2054 2358 2110 quoniam
2392 2069 2492 2106 non
2528 2053 2659 2105 tales
2691 2061 2848 2106 erunt
2876 2053 3140 2116 homines,
3170 2056 3257 2123 qui
3289 2069 3385 2122 pro
3417 2056 3519 2110 illis

1959 2144 2453 2207 assumantur-‘9“,
2497 2145 2680 2213 quales
2707 2145 2778 2198 illi
2804 2146 2966 2199 futuri
3014 2154 3188 2200 erant.
3222 2146 3362 2200 Dtsc.
3393 2146 3519 2201 llzec

1956 2234 2065 2288 duo
2094 2237 2305 2305 penitus
2343 2236 2589 2303 neganda
2616 2236 2886 2289 existimo.
2917 2235 3055 2290 MAG.
3099 2236 3392 2290 Potuerunt
3422 2238 3519 2304 igi-
3586 2253 3594 2259 “

1959 2335 2047 2380 tur
2074 2326 2164 2358 ¹⁹¹⁸
2190 2327 2310 2380 boni
2334 2326 2503 2395 angeli
2538 2342 2781 2395 peccare,
2804 2335 2927 2380 ante
2947 2341 3127 2381 casum
3153 2327 3411 2379 malorum
3429 2327 3518 2358 ¹⁹¹⁶

301 2400 429 2471 quid
461 2392 660 2455 minus
687 2399 796 2453 Deo
840 2399 953 2464 m‘,
997 2407 1183 2454 contra
1227 2399 1551 2455 voluntatem
1588 2400 1710 2465 Dei,
1751 2401 1861 2459 ,hoc

1947 2430 2056 2469 nec
2081 2417 2254 2481 aliter,
2282 2432 2442 2484 quam
2482 2416 2620 2471 sicut
2643 2426 2917 2471 ostensum
2943 2425 3027 2470 est
3056 2416 3120 2469 de
3142 2415 3245 2469 illis
3273 2417 3361 2484 qui
3394 2430 3518 2483 pec-

300 2491 418 2559 ipso
446 2489 621 2561 voluit
670 2487 976 2544 inordinate
1027 2483 1117 2519 ‘m
1164 2487 1353 2542 similis
1398 2503 1516 2542 esse
1562 2485 1688 2554 Deo,
1733 2488 1857 2555 quia

296 2580 515 2649 propria
540 2578 833 2643 voluntate,
863 2592 982 2645 qua:
1009 2576 1138 2631 nulli
1163 2578 1373 2631 subdita
1408 2577 1525 2639 fuit,
1563 2577 1732 2631 voluit
1762 2577 1858 2630 ali-

298 2670 445 2737 quid.
480 2668 657 2724 Solius
682 2666 825 2723 enim
847 2665 940 2721 Dei
964 2679 1084 2720 esse
1124 2666 1300 2730 debet,
1332 2666 1408 2721 sic
1432 2664 1706 2719 voluntate
1734 2679 1856 2734 pro-

286 2744 414 2830 pria
459 2757 596 2815 velle
620 2756 841 2830 aliquid,
886 2767 945 2815 ut
968 2760 1306 2829 superiorem
1345 2775 1453 2815 non
1479 2768 1736 2829 sequatur
1764 2775 1857 2815 voc

296 2845 581 2905 lnntatem.
642 2850 787 2919 Dtsc.
834 2846 911 2903 Ita
960 2857 1062 2904 est.
1107 2848 1247 2905 MAG.
1296 2845 1409 2904 Non
1458 2848 1625 2905 solum
1676 2860 1851 2904 autem

296 2938 466 2992 voluit
504 2953 624 2995 esse
665 2937 883 3019 aequalis
934 2927 1065 3005 Deo,
1104 2939 1226 3010 quia
1273 2941 1612 3009 praesumpsit
1658 2939 1855 2997 habere

294 3026 573 3096 propriam
610 3027 974 3092 voluntatem;
1008 3029 1101 3082 sed
1132 3029 1292 3083 etiam
1326 3027 1493 3095 major
1522 3028 1688 3082 voluit
1712 3044 1851 3093 esse,

1955 2512 2233 2558 caverunt.
2260 2503 2408 2557 Dtsc.
2437 2500 2608 2557 Aliter
2632 2517 2751 2557 esse
2779 2517 2933 2571 posse
2959 2517 3063 2555 non
3094 2502 3265 2554 video.

2539 2592 2763 2648 CAPUT
2802 2593 2887 2645 Vl.

1956 2681 2227 2746 Quomodo
2272 2679 2391 2735 boni
2418 2681 2711 2761 conﬁrmati
2752 2691 2871 2734 sunt
2912 2681 2967 2733 in
2993 2696 3088 2734 suo
3116 2690 3277 2745 statu,
3307 2689 3353 2732 ct
3389 2680 3516 2733 mals

2556 2764 2612 2800 ιιι
2638 2765 2762 2802 casu
2796 2764 2909 2802 δυο.

2022 2836 2161 2894 MAG.
2196 2837 2271 2893 Illi
2298 2839 2483 2907 itaque
2503 2837 2699 2906 angeli,
2719 2835 2831 2908 [qui
2860 2838 3029 2907 magis
3056 2832 3337 2897 voluerunt
3360 2837 3517 2906 justi-

1955 2928 2082 2982 tiam
2111 2943 2271 2997 quam
2303 2928 2781 2995 habebantﬁquam
2807 2926 2935 2980 illud
2965 2924 3083 2995 plus
3111 2926 3251 2994 quod
3294 2942 3398 2980 non
3423 2926 3514 2965 ιη’

1956 3018 2223 3072 habebant
2254 3056 2269 3081 ,
2317 3018 2514 3071 bonum
2558 3018 2699 3084 quod
2748 3017 2899 3086 quasi
2964 3024 3182 3085 propter
3218 3016 3511 3084 justitiam,

295 3115 525 3169 valendo
565 3114 707 3182 quod
750 3114 889 3168 Deus
932 3114 1079 3169 illum
1129 3115 1263 3169 velle
1305 3114 1519 3168 nolebat,
1548 3156 1562 3179 ν
1602 3117 1851 3185 quoniam
1881 3108 1920 3163 C
1954 3114 2210 3173 quantum
2256 3105 2321 3158 ad
2370 3105 2693 3159 voluntatem
2752 3104 3009 3174 pertinuit
3048 3144 3064 3169 ,
3118 3106 3511 3173 perdiderunt;
3569 3142 3576 3149 ς

296 3203 628 3258 voluntatem
687 3210 837 3257 suam
894 3216 1053 3271 supra
1109 3202 1437 3255 voluntatem
1500 3201 1593 3255 Dei
1656 3204 1848 3272 posuit.

294 3292 442 3348 Dtsc.
485 3292 629 3346 Satis
657 3291 844 3360 liquet.
876 3290 1015 3345 MAG.
1042 3290 1160 3344 Jam
1200 3292 1359 3361 igitur
1390 3290 1481 3345 tibi
1513 3290 1603 3323 ¹⁹⁰⁸
1632 3291 1854 3345 manife-

286 3368 438 3435 stum
465 3394 595 3445 esse
620 3390 750 3447 puto
778 3394 843 3434 ex
872 3379 1170 3433 rationibus
1208 3376 1557 3447 suprapositis
1583 3377 1851 3433 diabolum

292 3478 487 3539 sponte
529 3466 793 3523 dimisisse
819 3465 953 3523 velle
995 3469 1136 3538 quod
1182 3468 1427 3535 debebat,
1455 3478 1511 3523 et
1533 3467 1677 3537 juste
1723 3470 1855 3523 ami-

293 3559 435 3613 sisse
483 3557 625 3626 quod
678 3557 938 3621 habebat;
993 3557 1119 3625 quia
1166 3566 1353 3628 sponte
1405 3568 1459 3611 et
1492 3556 1638 3623 juste
1691 3557 1855 3611 voluit

293 3647 438 3715 quod
468 3662 571 3701 non
621 3646 869 3710 habebat,
915 3655 968 3701 et
996 3644 1130 3700 velle
1156 3662 1259 3700 non
1304 3642 1530 3700 debebat
1556 3646 1672 3698 "°’.
1710 3647 1851 3700 Dtsc.

283 3736 438 3808 ,Nihil
466 3746 595 3806 puto
622 3736 974 3791 manifestius.
1016 3737 1156 3792 MAG.
1189 3737 1445 3802 Quamvis
1477 3737 1639 3806 igitur
1683 3735 1855 3792 bonus

293 3825 520 3897 angelus
579 3825 696 3879 ideo
741 3827 948 3893 accepit
996 3822 1469 3893 perseverantiam,
1541 3826 1665 3894 quia
1717 3826 1857 3879 Deus

294 3913 475 3977 dedit,
528 3925 632 3964 non
683 3910 799 3966 ideo
846 3921 1022 3965 tamen
1078 3913 1251 3966 malus
1301 3928 1404 3967 non
1449 3914 1672 3980 accepit.
1730 3914 1855 3981 quia

282 3984 445 4056 Deus
469 4001 559 4032 ¹”⁶
590 4017 693 4056 non
725 3998 869 4054 dedit
897 4019 910 4054 :
938 3998 1031 4055 sed
1062 4002 1199 4056 Deus
1226 4003 1349 4055 ideo
1395 4016 1497 4055 non
1524 4003 1690 4064 dedit,
1730 4001 1854 4069 quia

293 4088 382 4143 ille
412 4105 520 4144 non
548 4088 786 4156 accepit;
816 4095 870 4142 et
897 4088 1015 4142 ideo
1043 4104 1144 4143 non
1181 4088 1406 4157 accepit,
1440 4084 1563 4170 quia
1614 4088 1856 4155 accipere

1950 3191 2156 3258 justitia
2193 3190 2540 3256 retribuente,
2570 3201 2889 3260 acceperunt
2915 3200 2969 3245 et
2994 3193 3059 3246 de
3102 3191 3212 3255 illo,
3242 3193 3380 3261 quod
3408 3188 3521 3247 ha-'

1955 3279 2171 3345 hebant,
2201 3280 2252 3332 in
2278 3294 2402 3332 vera
2420 3279 2705 3333 securitate
2732 3288 3159 3348 permanserunt.
3179 3279 3515 3349 Quapropter

1954 3367 2085 3420 adeo
2127 3375 2250 3421 sunt
2275 3368 2509 3436 provecti
2554 3363 2662 3430 ‘m,
2693 3377 2751 3421 ut
2791 3369 2898 3421 sint
2937 3366 3112 3436 adepti
3142 3367 3230 3399 ’νη
3256 3368 3513 3437 quidquid

1955 3464 2240 3524 potuerunt
2265 3455 2435 3519 velle;
2468 3469 2565 3508 nec
2583 3455 2695 3523 jam
2718 3452 2927 3508 videant
2951 3456 3076 3523 quid
3107 3455 3223 3523 plus
3261 3455 3392 3508 velle
3423 3455 3513 3487 ¹⁹¹⁰

1953 3544 2168 3613 possint
2199 3540 2288 3576 "“
2324 3563 2336 3599 :
2384 3554 2440 3599 et
2469 3557 2686 3614 propter
2727 3546 2827 3599 hoc
2850 3561 3072 3613 peccare
3116 3555 3403 3614 nequeunt.
3434 3546 3514 3600 Illi

1955 3650 2081 3688 vero
2104 3634 2276 3702 angeli
2307 3635 2397 3703 qui
2432 3634 2736 3687 maluerunt
2780 3633 2905 3687 illud
2945 3633 3085 3701 plus,
3108 3635 3247 3702 quod
3277 3634 3513 3688 nondum

1957 3724 2095 3777 Deus
2122 3724 2225 3778 illis
2290 3725 2421 3779 dare
2449 3723 2678 3785 volebat,
2727 3740 2885 3792 quam
2913 3733 3057 3777 stare
3105 3726 3157 3778 in
3197 3725 3429 3793 justitia,
3458 3724 3515 3777 in

1956 3829 2061 3883 qua
2106 3812 2228 3867 facti
2256 3822 2447 3875 erant,
2500 3814 2686 3869 eadem
2726 3813 2933 3879 justitia
2975 3813 3271 3879 judicante,
3300 3822 3353 3865 et
3383 3811 3513 3865 illud

1954 3910 2169 3971 propter
2197 3903 2337 3970 quod
2368 3899 2513 3954 illam
2542 3909 2979 3969 contempserunt
3009 3916 3344 3970 nequaquam
3374 3902 3514 3956 obti—

1956 4003 2221 4056 nuerunt;
2268 4002 2322 4046 et
2351 3992 2491 4062 quod
2524 3986 2774 4047 tenebant
2827 3992 3023 4046 bonum
3055 3984 3368 4046 amiserunt.
3420 3991 3513 4046 Sic

1954 4095 2082 4148 ergo
2130 4080 2367 4135 distincti
2419 4093 2541 4135 sunt
2583 4080 2782 4150 angeli,
2830 4073 2887 4133 ut
2934 4080 3513 4147 adhaerentesjnstitite

292 4176 490 4229 noluit.
538 4176 682 4230 DISC.
733 4174 858 4229 Mihi
886 4176 1099 4257 quidem
1140 4178 1218 4257 ita
1262 4168 1530 4231 satisfacis
1558 4177 1625 4230 ad
1669 4176 1754 4208 ηιί
1791 4192 1853 4230 ea
1941 4170 2156 4252 nullum
2182 4169 2314 4224 velle
2342 4168 2536 4257 bonum
2565 4170 2790 4238 possint.
2817 4183 2923 4238 quo
2945 4170 3183 4249 nones
3215 4171 3507 4238 gaudeant;

293 4276 416 4330 quae
463 4278 664 4331 qumro,
715 4271 773 4316 ut
818 4278 916 4316 nec
945 4264 996 4315 in
1038 4262 1120 4319 bis
1164 4278 1281 4331 quas
1330 4263 1603 4332 proponis,
1656 4279 1754 4317 nec
1800 4264 1853 4316 in

294 4351 409 4420 ipsa
455 4352 834 4420 consequentia
865 4352 1267 4407 conclusionum
1317 4361 1531 4405 tuarum
1580 4347 1743 4425 ullam
1776 4351 1855 4406 vi-

292 4438 475 4505 deam,
503 4442 663 4493 senSu
691 4454 828 4513 meo,
858 4439 1087 4495 titubare
1114 4441 1415 4494 veritatem.

1941 4244 2008 4311 iet
2029 4251 2517 4326 deserentesillam,
2546 4259 2745 4314 nullum
2768 4259 2900 4313 velle
2921 4246 3136 4328 queant,
3164 4275 3270 4329 quo
3294 4274 3395 4313 non
3422 4274 3514 4315 ca-
3612 4278 3615 4279 '

1958 4355 2128 4400 reant.
2164 4346 2304 4427 Dtsc.
2346 4342 2485 4399 Nihil
2515 4348 2809 4417 pulchrius,
2846 4356 2937 4401 aut
2962 4348 3159 4416 jnstius
3188 4348 3286 4403 hac
3321 4349 3517 4402 distiu-’

1884 4453 1933 4512 υ
1961 4433 2155 4487 ctione.
2205 4432 2310 4489 Sed
2357 4436 2399 4489 si
2431 4450 2614 4503 posses
2654 4436 2847 4501 dicere,
2878 4434 3062 4489 vellem
3104 4435 3289 4490 audire
3333 4436 3510 4504 cujus-

1543 4589 1773 4645 VARIE
1831 4585 2229 4645 LECTIONES.

366 4720 463 4789 ηοξ
497 4717 704 4789 Iustum
744 4727 797 4773 et
826 4718 1161 4789 commodum
1190 4735 1311 4775 mss.
1332 4718 1531 4789 justum
1567 4730 1658 4779 aut
1680 4720 2017 4789 commodum
2088 4720 2175 4752 ηδ’
2198 4718 2416 4789 Accepit
2439 4719 2735 4789 inordinate
2756 4736 2879 4772 mss.
2906 4727 3181 4789 acceperat
3211 4706 3513 4780 inordinate

293 4789 386 4823 ⁸⁸⁸³
421 4788 669 4841 Extendlt
711 4804 805 4840 ms.
844 4785 975 4840 Vict.
1009 4789 1042 4841 5
1089 4791 1320 4843 ostendit

1420 4787 1509 4821 ¹⁹⁸³
1538 4791 1603 4843 Et
1629 4792 1853 4845 nolendo
1884 4786 2023 4857 quod
2055 4805 2176 4842 mss.
2222 4797 2278 4841 et
2318 4786 2421 4841 non
2459 4788 2684 4841 volendo
2715 4789 2851 4857 quod
2946 4786 3050 4857 ¹⁹⁰ξ
3065 4787 3197 4852 Quia
3242 4789 3360 4844 ideo
3405 4809 3509 4846 non
3591 4827 3594 4831 η

293 4859 462 4911 voluit
501 4872 623 4907 mss.
662 4853 789 4909 Vict.
820 4857 940 4924 quia
984 4872 1086 4911 non
1117 4858 1234 4910 ideo
1256 4859 1417 4911 voluit
1513 4858 1603 4889 "“
1628 4860 1758 4923 Quia
1789 4853 1985 4924 aliquid
2019 4857 2183 4909 voluit
2218 4872 2340 4908 mss.
2377 4857 2679 4924 quiaqalintt
2709 4853 2869 4924 voluit
2965 4855 3056 4886 ¹⁹⁰⁶
3091 4856 3264 4911 Voluit
3292 4861 3510 4913 omnino

365 4943 389 4977 r
425 4938 545 4981 esse
584 4924 697 4977 Deo
724 4923 1010 4977 secundum
1052 4926 1248 4991 aliquid
1278 4929 1451 4979 minus
1490 4926 1595 4979 Deo
1627 4943 1748 4979 mss.
1792 4923 1957 4979 noluit
1988 4926 2203 4977 omnino
2237 4940 2331 4991 par
2360 4938 2477 4976 esse
2507 4923 2617 4991 Dei.
2651 4925 2755 4991 sed
2779 4923 2976 4989 aliquid
3016 4925 3188 4975 minus
3222 4929 3323 4978 ltco
3416 4929 3508 4961 ¹¹οτ

365 4943 389 4977 ι’
425 4942 545 4981 6850
584 4942 689 4977 uec
724 4942 1010 4977 SCCUHOIIID
1052 4942 1248 4991 aliquid
1278 4942 1451 4979 minus
1490 4942 1595 4979 U60
1627 4943 1748 4979 mss.
1792 4942 1957 4979 nOIUll
1988 4942 2203 4977 οιῐιηιιιο
2237 4942 2331 4991 par
2360 4942 2477 4976 €558
2508 4942 2617 4983 uel,
2651 4942 2741 4975 SCtl
2779 4942 2976 4989 :tllﬂllltl
3016 4942 3188 4975 lﬂlllllS
3222 4942 3323 4978 IICO
3418 4942 3505 4961 "'"

294 4942 407 5049 haec
446 4992 945 5063 volgttitjnorilit-ate
970 5008 1092 5063 mss.
1129 4994 1229 5047 hoc
1258 4995 1370 5063 ipso
1403 4996 1564 5048 voluit
1594 4995 1894 5048 inordinate
1969 4992 2200 5063 Midam
2234 4994 2324 5063 tihi
2353 5008 2476 5063 mss.
2513 4990 2696 5063 Cistcr.
2746 4990 2871 5063 Vict.
2894 4992 2971 5063 κδ.
3012 4990 3168 5063 Mida.
3201 4991 3310 5057 jam
3350 4992 3511 5063 igitur

296 5063 390 5116 tibi

502 5060 592 5092 ""
622 5060 686 5113 Et
714 5061 843 5113 velle
874 5074 976 5112 non
1008 5061 1230 5115 debebat
1260 5057 1379 5116 iitss.
1422 5064 1549 5115 Vict.
1600 5064 1633 5115 9
1687 5074 1734 5115 et
1786 5063 1851 5116 l5
1895 5070 1948 5116 et
1977 5060 2109 5114 velle
2138 5061 2275 5127 quod
2308 5075 2410 5113 non
2445 5057 2672 5113 debebat

2772 5060 2863 5092 ιοιο
2892 5060 3147 5145 Nonnian
3174 5060 3511 5145 nonu‘ac‘ccpit

296 5139 475 5198 tamen
512 5129 685 5198 malus
732 5128 967 5198 angelus,
999 5130 1121 5195 quia
1154 5130 1290 5183 Deus
1320 5148 1413 5183 ms.
1457 5131 1583 5183 Vict.
1620 5131 1685 5183 15
1738 5132 1905 5183 malus
1940 5140 2113 5198 tamen
2152 5126 2253 5198 non
2286 5128 2536 5198 ideo‘non
2569 5130 2802 5198 accepit,
2837 5128 2969 5198 quia
3002 5126 3140 5180 Dens
3214 5130 3301 5159 ‘9”
3339 5126 3507 5188 Satis.

296 5197 468 5251 fecisti
512 5194 576 5247 ad
613 5211 707 5247 ms.
746 5194 1029 5249 SfMicIt.’
1054 5198 1319 5253 satisfacis
1350 5200 1413 5251 ad
1450 5217 1571 5251 mss.
1611 5198 1757 5252 Gem.
1798 5200 1919 5252 Ber.
1982 5196 2108 5249 Vict.
2153 5197 2223 5249 ita
2264 5195 2531 5251 satisfacis
2567 5198 2631 5248 ad

913 5266 1080 5336 Quam
1126 5267 1210 5336 isti
1241 5284 1335 5320 ms.
1377 5266 1508 5320 Vict.
1540 5270 1572 5322 5
1626 5283 1784 5336 quam
1809 5267 1963 5336 justi,
2004 5265 2103 5336 1'“
2133 5265 2207 5317 Illi
2243 5275 2523 5336 sumuntur
2552 5281 2673 5319 mss.
2700 5264 2820 5317 Bcc.
2852 5263 2996 5336 Gem.
3018 5264 3304 5336 Circi-(Sy.
3334 5266 3505 5336 Mich.

294 5263 715 5319 rationalitatem
790 5264 877 5295 tm

2740 5199 2826 5229 "”
2858 5196 3341 5251 Rationabilitatom
3378 5216 3505 5255 mss.

294 5333 400 5386 illis
428 5339 771 5400 assumuntur
794 5347 915 5385 mss.
952 5331 1080 5385 Vict.
1136 5334 1169 5387 5
1198 5344 1245 5384 et
1290 5336 1321 5388 9
1352 5336 1452 5388 illis
1480 5331 1822 5400 assunientur
1885 5335 1972 5366 ³⁹¹⁵
2002 5334 2253 5387 Poterant
2286 5334 2446 5400 igitur
2480 5349 2599 5385 mss.
2635 5343 2919 5398 potuerunt
2962 5335 3117 5400 igitur
3193 5333 3279 5362 ‘9‘“
3311 5334 3504 5391 Cusum

294 5401 557 5454 malorum
588 5416 682 5452 ms.
720 5398 847 5452 Vict.
902 5402 934 5452 5
965 5403 1107 5453 omit.
1146 5404 1399 5455 malorum

294 5470 437 5536 quod
473 5485 575 5520 non
614 5484 710 5519 ms.
750 5466 879 5519 Vict.
932 5471 963 5520 9
999 5471 1120 5521 illud
1153 5472 1451 5537 quod.plns
1482 5489 1582 5525 non

296 5537 469 5604 adepti
496 5552 620 5588 mss.
647 5545 704 5605 ut
732 5538 835 5587 sint
856 5538 1027 5605 adepti

296 5613 352 5658 et
379 5619 499 5658 mss.
528 5604 755 5673 possint,
784 5616 836 5656 ct

204 6002 343 6017 ’.ρ

238 6030 371 6045 .Ln-b

1686 5474 1773 5504 '9"
1793 5475 1831 5524 Α
1861 5474 1967 5525 Deo
1990 5482 2111 5523 sunt
2134 5469 2497 5539 profectimss.
2522 5471 2654 5522 adeo
2684 5482 2805 5523 sunt
2837 5472 3067 5539 provecti

1103 5540 1189 5573 ³³³⁸
1211 5536 1358 5604 Quod
1384 5541 1500 5607 plus
1529 5541 1663 5595 velle
1690 5558 1811 5594 mss.
1856 5540 1983 5594 Vict.
2010 5536 2301 5594 BcciGem.
2330 5536 2390 5591 S.
2420 5536 2578 5591 Μαίη.
2608 5540 2732 5607 quid
2762 5536 2879 5609 plus
2903 5538 3036 5594 volie

1503 5399 1587 5435 "'7
1638 5404 1700 5455 In
1739 5422 1860 5456 mss.
1908 5414 2056 5469 caput
2089 5403 2120 5453 6
2166 5399 2337 5465 incinit
2373 5401 2437 5452 ab
2487 5400 2563 5451 Itis
2591 5403 2750 5454 verbis
2777 5420 2794 5455 :
2824 5404 2892 5455 Μ.
2929 5399 3001 5454 Illi
3034 5402 3207 5469 itaque
3236 5400 3359 5453 illud
3391 5405 3504 5468 plus

3176 5471 3262 5501 ¹¹³¹³
3290 5470 3351 5520 llt
3380 5482 3506 5526 sunt

3138 5540 3223 5571 ¹⁰²¹
3254 5539 3501 5606 Possunt,
