4226 6216
665 279 774 339 .335

1198 278 1254 331 s.
1293 252 1589 330 ausam
1626 254 1977 326 caurum;
2011 241 2325 324 suculae.
2353 269 2502 325 ore.
2533 269 2714 325 PARS
2752 270 2792 325 i.
2829 300 2899 313 .-
2926 237 3375 326 DOGMATICA.‘

3787 269 3893 329 536

668 397 813 452 modi
866 390 1196 450 commodum
1247 387 1375 441 illud
1427 386 1548 457 fuit,
1596 384 1734 454 quod
1785 394 1840 437 et
1886 385 2007 461 boni
2055 383 2227 451 angeli
2258 389 2303 444 Α
2336 382 2558 436 multum
2589 396 2693 445 me,
2723 383 2862 436 unde
2891 383 3057 451 ipsam
3088 398 3393 451 perversam
3425 382 3611 437 habuit
3648 384 3898 440 diabolus

667 486 811 554 iuste
856 476 1079 553 volando
1124 474 1204 534 sic
1251 473 1597 544 profecerunt
1641 472 1753 534 "",
1784 480 1838 524 et
1886 469 2007 523 mali
2040 469 2233 535 injuste

670 567 1096 641 concupiscendo
1138 566 1219 623 sic
1239 563 1567 618 deiecerunt.
1594 560 1730 614 MAG.
1758 558 1893 645 Quid
1921 558 2047 611 illud
2074 558 2237 611 fuerit

670 680 776 719 non
802 662 996 724 video;
1047 656 1139 713 sed
1170 655 1430 724 quidquid
1463 651 1644 715 fuerit,
1686 648 1881 704 suilicit
1921 650 2061 704 scire
2108 650 2234 718 quia

669 753 768 807 fuit
796 748 1015 815 aliquid,
1046 747 1111 800 ad
1138 744 1280 814 quod
1320 755 1567 798 crescere
1595 747 1922 809 potuerunt;
1949 738 2090 807 quod
2108 755 2234 805 _non

669 846 1014 909 acceperunt,
1044 835 1259 905 quando
1285 831 1455 887 creati
1479 837 1625 894 sunt,
1648 837 1707 883 ut
1730 828 1796 881 ad
1827 827 1972 882 aliud
1999 842 2098 882 suo
2126 841 2238 884 me-

666 931 777 984 rito
799 914 1143 997 proﬁcerent.
1173 932 1175 935 '
1324 996 1327 999 Δ

1262 1007 1488 1063 CAPUT
1527 1004 1634 1061 Ἧι.

673 1125 930 1191 Qumtio,
960 1103 1028 1174 an
1056 1116 1320 1191 uoluntas,
1349 1128 1411 1191 et
1436 1117 1549 1186 ejus
1571 1114 1834 1191 conversio
1865 1117 1936 1191 qd
1967 1118 2111 1191 quod
2132 1130 2259 1171 non;

742 1182 1004 1257 debet,'sit
1054 1190 1221 1256 ipsum
1253 1182 1473 1257 mulum'
1495 1185 1633 1254 quod
1666 1182 1829 1239 malos
1863 1182 1997 1257 facit
2023 1202 2043 1257 ί
2062 1196 2116 1245 et
2146 1200 2240 1238 cur

745 1279 846 1316 non
875 1252 1032 1325 possit
1068 1252 1336 1309 rationalis
1363 1252 1612 1325 creature
1642 1267 1733 1325 per
1759 1267 1813 1304 se
1838 1253 1903 1325 de
1937 1252 2075 1325 malo
2103 1270 2235 1305 cou-
2264 1294 2270 1300 .

747 1320 884 1384 verti
906 1328 973 1380 ad
1001 1328 1212 1387 bonum,
1236 1324 1369 1376 sicut
1389 1332 1551 1391 potest
1568 1321 1639 1375 ιιι
1665 1322 1795 1373 bono
1820 1320 1890 1374 ad
1921 1321 2139 1374 rnatum.

746 1441 891 1495 Disc.
949 1436 1014 1490 Et
1071 1434 1225 1487 nobis
1263 1448 1406 1486 nunc
1454 1430 1683 1486 subiciat
1730 1433 2006 1501 hucusque
2045 1434 2111 1485 de
2136 1432 2240 1486 hoc

675 1531 1029 1599 investigasse
1059 1525 1171 1578 ¹⁹³³.
1204 1524 1308 1578 Sed
1366 1524 1549 1577 nescio
1592 1525 1719 1592 quid
1760 1525 1833 1577 sit
1880 1524 1994 1585 ‘9“.
2028 1532 2084 1577 nt
2116 1540 2238 1577 cuin

678 1639 766 1681 ne
792 1614 949 1690 sper'o
980 1618 1069 1652 ηπ
1125 1616 1189 1669 ad
1222 1614 1380 1668 linem
1433 1613 1745 1682 qua‘stionis
1771 1615 1882 1685 jam
1935 1616 2240 1683 pertingere

2335 472 2623 525 voluntatis
2651 474 3080 536 conversionem,
3131 482 3186 525 et
3239 481 3434 526 cwtera
3465 488 3584 541 qua
3613 474 3901 531 devoluti—

2336 571 2444 617 tate
2467 563 2623 616 modo
2657 562 2765 617 dixi
2802 564 2916 614 im.
2948 563 3042 616 Est
3064 563 3238 615 adhuc
3266 562 3408 615 aliud
3432 561 3548 626 ³⁸³³,
3573 565 3716 633 quod
3739 565 3897 619 valde

2335 650 2522 714 miror,
2558 664 2678 702 cum
2730 650 3014 703 considero
3063 649 3205 703 hanc
3246 638 3898 725 voluntatis\conversios-

2334 752 2495 792 nem:
2528 752 2641 800 cur,
2672 736 2923 791 videlicet
2952 738 3094 790 Deus
3138 726 3297 789 talem
3331 737 3520 791 fecerit
3566 736 3709 815 illam
3739 750 3901 793 natu-

2318 843 2471 889 ram,
2511 841 2669 895 quam
2698 834 2891 891 tanta
2918 826 3228 881 excellentia
3275 827 3685 893 sublimaverat;
3725 836 3784 881 ut
3832 844 3905 884 co

2333 918 2477 988 quod
2523 915 2708 971 debuit
2736 906 2890 978 velle,
2948 928 3129 986 posset
3177 926 3493 973 convertere
3525 917 3902 973 ml'voiuntao

2337 1016 2443 1060 tem
2470 1021 2621 1061 suam
2653 1005 2719 1061 ad
2764 1007 2817 1061 id
2841 1006 2980 1075 quod
3029 1022 3131 1060 non
3176 1007 3398 1078 debuit;
3446 1007 3541 1061 sed
3572 1009 3638 1061 de
3665 1023 3730 1063 eo
3755 1008 3903 1078 quod

2338 1111 2443 1151 non
2465 1096 2645 1159 debet,
2676 1108 2782 1150 non
2810 1097 2979 1165 possit
3006 1097 3072 1149 ad
3097 1096 3147 1150 id
3176 1097 3317 1165 quod
3354 1097 3512 1150 debet
3538 1112 3554 1151 :
3578 1112 3705 1151 cum
3727 1084 3903 1153 multo

2339 1187 2508 1253 magis
2534 1186 2776 1238 videatur
2807 1185 2919 1248 ⁸⁸³⁵,
2950 1186 3270 1253 potestatem
3304 1186 3554 1240 debuisse
3586 1186 3707 1243 talis
3748 1202 3905 1242 crea-

2342 1288 2459 1330 tura
2488 1292 2518 1329 a
2550 1275 2643 1329 tali
2670 1274 2874 1329 faetore
2896 1278 3139 1344 accipere
3167 1274 3395 1335 faciendi
3420 1277 3638 1340 bonum,
3668 1276 3736 1330 ad
3757 1277 3906 1346 quod

2340 1365 2482 1419 facta
2518 1373 2599 1418 est
2644 1363 2765 1429 i9";
2816 1380 2977 1433 quam
3009 1364 3238 1418 faciendi
3278 1365 3496 1428 malum,
3536 1367 3603 1419 ad
3649 1368 3790 1435 quod
3818 1356 3906 1420 vi-

2343 1456 2557 1510 tandam
2616 1455 2757 1509 facta
2814 1464 2918 1509 est.
2954 1454 3115 1521 Quod
3154 1456 3317 1509 etiam
3378 1456 3432 1509 in
3480 1466 3663 1511 nostra
3709 1468 3905 1513 natura
3980 1506 3985 1509 .

2342 1543 2507 1613 quaeri
2531 1551 2739 1611 potest,
2769 1542 3022 1610 quoniam
3064 1540 3336 1597 credimus
3382 1543 3587 1597 nullum
3632 1540 3905 1613 hominem

2343 1646 2499 1703 posse
2540 1631 2736 1685 bonam
2773 1630 3104 1684 voluntatem
3142 1630 3362 1697 habere,
3398 1622 3499 1691 nisi
3545 1633 3709 1688 dante
3749 1633 3905 1698 Deo;

673 1713 788 1777 ³³⁸⁸,
816 1719 943 1766 tunc
987 1706 1157 1774 magis
1185 1704 1398 1756 videam
1426 1702 1575 1755 velut
1611 1701 1678 1756 de
1705 1702 1975 1757 radicibus
2001 1703 2237 1757 succisa-

2344 1701 2537 1773 malam
2565 1733 2693 1773 vero
2718 1732 2931 1789 semper
2964 1719 3164 1774 habere
3190 1734 3370 1789 posse,
3400 1720 3513 1775 sola
3550 1721 3910 1790 permissiono

673 1819 795 1861 rum
824 1790 1182 1871 quaestionum
1207 1792 1340 1847 alias
1368 1790 1691 1861 puliulantes
1715 1807 2068 1861 consurgere.
2098 1792 2238 1846 Ecce

673 1892 821 1947 enim
868 1902 990 1942 cum
1036 1880 1475 1939 manifestissime
1503 1879 1709 1932 videam
1739 1894 2049 1948 perversqu
2081 1893 2237 1946 ange-

614 2034 615 2037 η
674 1978 788 2034 lum
832 1975 977 2030 nulla
1010 1973 1217 2025 ratione
1248 1966 1770 2035 devcnirepotuisse
1811 1966 1863 2018 in
1914 1966 2238 2019 immodera-

677 2078 789 2125 tam
820 2065 943 2119 boni
994 2060 1371 2132 indigentiam,
1422 2056 1522 2111 nisi
1565 2066 1785 2126 propter
1832 2055 2242 2108 immoderatam

676 2152 1209 2223 concupiscentiam;
1275 2162 1411 2204 non
1448 2160 1637 2215 parum
1709 2159 1794 2200 me
1852 2153 2050 2207 movet,
2105 2143 2244 2197 unde

678 2246 848 2312 ipsam
878 2240 1236 2296 inordinatam
1270 2236 1458 2291 habuit
1479 2234 1829 2288 voluntatem.
1856 2232 1911 2287 Si
1934 2232 2078 2286 enim
2104 2232 2243 2285 bona

690 2331 826 2395 fuit,
860 2340 1077 2397 propter
1105 2328 1298 2382 bonam
1340 2324 1685 2387 voluntatem,
1711 2323 1777 2377 de
1809 2330 1957 2377 tanto
1983 2322 2124 2376 bone
2154 2336 2246 2376 ce-
2312 2340 2315 2347 ·

680 2423 812 2478 cidit
854 2422 909 2475 in
959 2427 1166 2474 tantum
1199 2415 1419 2470 malum.
1456 2415 1629 2467 Item:
1665 2412 1725 2465 Si
1767 2410 2063 2492 bonal'uit,
2108 2410 2250 2464 Deus

681 2509 827 2566 illam
874 2509 948 2564 illi
980 2508 1163 2570 dedit;
1195 2508 1320 2573 quia
1363 2505 1575 2559 nonnisi
1616 2501 1750 2555 nihil
1786 2501 1972 2554 habuit
2006 2515 2037 2553 a
2065 2515 2141 2553 se.
2186 2499 2247 2553 Si

668 2595 814 2669 ergo
840 2597 1008 2652 voluit
1037 2595 1177 2665 quod
1210 2596 1353 2649 Deus
1378 2593 1538 2649 ‘dedit
1588 2592 1722 2645 velle
1743 2629 1759 2656 ,
1806 2590 1929 2658 quid
1980 2588 2256 2659 peccavit?

684 2686 793 2742 Aut
836 2685 938 2739 sia
995 2699 1053 2739 se
1101 2684 1288 2738 habuit
1334 2682 1476 2736 banc
1511 2678 1870 2743 voluntatem,
1919 2677 2105 2732 habuit
2154 2676 2261 2731 ali-'

683 2775 827 2844 quod
856 2774 944 2805 "'7
976 2773 1197 2838 bonum,
1233 2772 1373 2840 quod
1423 2785 1527 2823 non
1569 2766 1793 2836 accepit.
1837 2764 1987 2832 Quod
2015 2766 2057 2818 si
2109 2767 2249 2819 mala

683 2873 792 2929 est,
820 2874 873 2919 et
904 2863 1102 2932 aliquid
1134 2872 1248 2925 est;
1294 2862 1489 2914 iterum
1539 2857 1778 2911 occurrit
1823 2857 1946 2925 quia
1976 2855 2186 2910 nonnisi
2218 2871 2252 2909 a

685 2952 797 3019 Deo
831 2960 934 3015 est,
970 2964 999 3003 a
1046 2964 1152 3020 quo
1194 2957 1274 3003 est
1300 2962 1463 3001 omne
1509 2943 1650 3014 quod
1680 2943 1882 3011 aliquid
1925 2951 2009 2996 est
2040 2943 2151 2994 ⁸⁸⁸⁸.
2182 2940 2250 2995 Et

690 3042 942 3098 similiter
968 3039 1135 3108 quaeri
1165 3045 1338 3108 potest
1366 3037 1493 3105 quid
1522 3034 1765 3103 peccavit
1795 3033 2041 3086 habendo
2064 3032 2250 3086 volun-

686 3142 851 3188 tatem
911 3144 1070 3200 quam
1101 3129 1241 3182 Deus
1265 3127 1440 3191 dedit;
1471 3133 1561 3177 aut
1604 3123 1872 3191 quomodo
1915 3122 2085 3190 potuit
2112 3121 2253 3175 Deus

686 3221 818 3276 dare
845 3219 1038 3273 malam
1075 3217 1424 3271 voluntatem.
1457 3212 1514 3267 Si
1562 3226 1690 3265 vero
1729 3211 1843 3265 hinc
1873 3209 2014 3263 mala
2037 3210 2126 3242 ¹⁹¹⁹
2158 3224 2251 3263 vo-

685 3309 869 3362 luntas
896 3290 965 3360 ab
994 3305 1110 3375 ipso
1160 3300 1522 3362 diabolo‘fuit,
1550 3308 1606 3353 et
1650 3298 1851 3366 aliquid
1898 3306 2016 3362 est,
2062 3297 2254 3351 habuit

682 3397 893 3470 aliquid
924 3411 955 3451 a
980 3409 1063 3459 se,
1100 3403 1155 3448 et
1185 3407 1289 3445 non
1337 3400 1419 3444 est
1448 3389 1623 3443 omnis
1650 3386 1880 3443 essentia
1940 3390 2101 3448 bona,
2154 3402 2252 3442 nec

693 3485 899 3542 malum
956 3483 1058 3535 erit
1105 3479 1263 3543 nihil,
1292 3478 1431 3532 sicut
1481 3477 1712 3531 solemus
1757 3474 2252 3541 dicere;siquidem

687 3572 827 3627 mala
866 3570 1109 3625 voluntas
1140 3566 1519 3627 essentia‘cst;
1564 3573 1655 3617 aut
1710 3563 1755 3618 si
1800 3562 1939 3617 mala
2005 3563 2255 3616 voluntas

686 3659 823 3715 nihil
858 3667 962 3723 est,
999 3666 1217 3728 propter
1244 3655 1380 3709 nihil
1405 3663 1459 3707 et
1487 3654 1609 3707 ideo
1629 3653 1744 3708 sine
1770 3666 1952 3715 causa,
1998 3661 2104 3706 tam
2132 3668 2254 3720 gra-

691 3751 825 3805 viter
848 3750 1135 3803 damnatus
1172 3753 1273 3799 est.
1299 3743 1451 3809 Quod
1481 3752 1658 3798 autem
1702 3743 1820 3797 dico
1863 3743 1929 3797 de
1957 3741 2252 3807 voluntate,

694 3841 793 3895 hoc
835 3840 1005 3910 ipsum
1033 3837 1137 3891 dici
1186 3836 1279 3867 ""
1316 3842 1487 3904 potest
1539 3834 1603 3888 de
1648 3832 2107 3903 concupiscentia,
2142 3834 2253 3886 sive

698 3927 993 3991 desiderio,
1016 3926 1266 3995 quoniam
1291 3922 1344 3979 εἰ
1375 3923 1825 3992 concupiscentia,
1856 3934 1907 3976 et
1926 3922 2255 3997 ’desiderium

696 4018 946 4075 voluntas
978 4025 1091 4069 est:
1119 4024 1172 4067 et
1190 4016 1326 4067 sicut
1355 4024 1439 4065 est
1468 4014 1604 4066 bona
1636 4020 1690 4065 et
1718 4011 1856 4064 mala
1886 4011 2159 4074 voluntas,
2184 4011 2255 4063 ita

694 4113 782 4162 est
822 4104 971 4177 bona;
995 4102 1084 4167 im
1112 4109 1166 4155 et
1210 4100 1347 4154 mala
1389 4099 1846 4166 concupiscentia,
1888 4107 1945 4165 et
1975 4098 2171 4151 bonum
2205 4106 2259 4151 et

696 4193 897 4250 malum
930 4191 1275 4247 desiderium.
1330 4188 1482 4255 Quod
1526 4190 1569 4242 si
1607 4188 1803 4242 dicitur
1843 4188 1971 4257 quia
2014 4186 2258 4241 voluntas

696 4294 779 4340 est
812 4283 987 4352 aliqua
1022 4280 1276 4344 essentia,
1309 4288 1362 4332 ct
1395 4279 1515 4331 ideo
1556 4279 1751 4332 bonum
1794 4286 1879 4331 est
1906 4276 2133 4343 aliquid;
2165 4277 2257 4330 sed

696 4387 954 4428 conversa
984 4370 1052 4425 ad
1100 4370 1225 4434 hoc,
1254 4370 1394 4437 quod
1437 4368 1594 4421 debet
1642 4366 1795 4431 velle,
1828 4365 1888 4420 ﬁt
1909 4365 2047 4439 bona
2073 4365 2259 4419 volun-

702 4472 815 4524 tas;
866 4460 935 4515 ad
965 4460 1017 4514 id
1058 4472 1203 4521 vero,
1245 4458 1385 4526 quod
1415 4471 1517 4509 non
1544 4455 1722 4517 debet,
1753 4469 2036 4517 conversa,
2063 4454 2259 4508 dicitur

698 4552 943 4609 voluntas
991 4550 1170 4605 mala:
1209 4547 1465 4618 quidquid
1497 4547 1603 4599 dixi
1652 4546 1717 4600 dc
1763 4544 2061 4609 voluntate,
2104 4545 2259 4613 video

700 4657 856 4713 posse
875 4642 976 4697 dici
999 4642 1063 4697 de
1088 4643 1199 4709 ipsa
1220 4637 1569 4692 conversione
1592 4635 1899 4692 voluntatis.
1920 4637 2096 4692 Movet
2116 4640 2260 4691 enim

2343 1809 2457 1875 Dei.

2926 1915 3151 1972 CAPUT
3188 1915 3319 1972 Vill.

2350 2050 2582 2115 Quaestio
2604 2052 2867 2118 proposita
2908 2050 3199 2105 resolvitur.
3250 2049 3401 2120 Quod
3430 2048 3687 2120 voluntas,
3715 2060 3763 2102 et
3793 2049 3913 2120 ejus

2595 2116 2860 2171 consertio
2880 2136 2984 2173 non
3005 2121 3070 2173 sit
3100 2122 3268 2188 ipsum
3293 2119 3380 2149 ¹⁹³⁷
3408 2116 3626 2169 malum.
3774 2128 3777 2129 '

2419 2246 2557 2301 Bito.
2591 2243 2701 2299 Nec
2728 2246 3080 2311 voluntatem,
3123 2260 3223 2301 nec
3268 2234 3560 2300 voluntatis
3596 2245 3912 2300 conversio-

2351 2350 2479 2388 nem.
2503 2343 2630 2402 puto
2658 2338 2841 2403 negari
2892 2349 3048 2406 posse
3086 2327 3285 2409 aliquid
3323 2348 3463 2389 esse.
3495 2333 3629 2387 Nam
3659 2335 3758 2388 etsi
3800 2351 3915 2390 non

2350 2432 2474 2475 sunt
2496 2421 2828 2489 substantiae,
2860 2439 2966 2487 non
2998 2434 3179 2477 tamen
3224 2423 3440 2490 probari
3488 2430 3663 2491 potest
3686 2437 3780 2477 eas
3804 2438 3917 2478 nou

2350 2529 2470 2568 esse
2511 2515 2803 2579 essentias,
2836 2513 3088 2581 quoniam
3122 2512 3300 2565 multae
3339 2520 3461 2565 sttnt
3499 2511 3749 2565 essentia
3778 2527 3921 2580 βπε-
3992 2564 3993 2567 η

2354 2612 2436 2657 ter
2476 2602 2644 2665 illam,
2676 2616 2795 2671 quae
2840 2602 3053 2669 proprie
3096 2600 3291 2653 dicitur
3330 2599 3645 2652 substantia.
3675 2599 3919 2667 Denique

2354 2691 2493 2746 bona
2524 2689 2775 2744 voluntas
2827 2703 2931 2741 non
2985 2686 3157 2757 magis
3198 2685 3293 2717 ”⁸⁸
3332 2693 3415 2740 est
3465 2684 3702 2753 aliquid,
3752 2698 3917 2752 quam

2355 2777 2492 2843 mala
2529 2776 2802 2839 voluntas;
2830 2789 2927 2828 nec
2962 2783 3046 2828 est
3073 2775 3173 2827 ista
3201 2773 3371 2839 magis
3397 2772 3607 2844 malum.
3628 2786 3790 2840 quam
3822 2772 3920 2833 illa
3985 2770 3988 2771 ⁷

2354 2867 2575 2921 bonum.
2616 2864 2729 2918 Non
2757 2866 2902 2918 enim
2945 2864 3113 2934 magis
3158 2874 3238 2917 est
3268 2863 3468 2930 aliquid
3496 2862 3761 2926 voluntas,
3796 2878 3919 2933 qute

2355 2954 2467 3007 vult
2501 2955 2629 3014 dare
2658 2952 3099 3013 misericorditer,
3127 2965 3287 3018 quam
3318 2949 3405 3002 illa
3431 2963 3550 3017 qua:
3582 2948 3694 3002 vult
3724 2965 3919 3018 rapere

2356 3042 2660 3104 violenter;
2694 3054 2793 3094 nec
2820 3040 2990 3107 magis
3029 3039 3142 3091 haec
3169 3038 3370 3091 malum
3401 3052 3563 3105 quam
3601 3036 3688 3091 illa
3712 3037 3922 3092 bonum

2355 3141 2454 3185 est.
2486 3130 2623 3199 Ergo
2641 3130 2685 3182 si
2712 3128 2848 3182 mala
2887 3128 3130 3181 voluntas
3171 3135 3253 3180 est
3291 3112 3461 3195 ipsum
3510 3126 3735 3193 malum,
3770 3128 3923 3198 quod

2353 3220 2527 3274 malus
2562 3219 2756 3288 aliquis
2786 3202 3015 3281 dicitur:
3045 3218 3163 3269 erit
3215 3226 3268 3268 et
3299 3216 3435 3269 bona
3467 3204 3714 3270 voluntas
3743 3216 3923 3286 ipsum

2357 3310 2578 3375 bonum,
2619 3324 2726 3377 quo
2778 3307 2835 3362 lit
2881 3307 3076 3376 aliquis
3102 3307 3275 3361 bonus
3303 3325 3316 3359 :
3349 3307 3441 3360 sed
3485 3306 3622 3360 mala
3673 3307 3923 3363 voluntal

2358 3384 2460 3452 ει·Ῐὶ
2500 3396 2651 3461 nihil,
2688 3397 2732 3450 si
2750 3404 2833 3450 est
2862 3396 3033 3463 ipsum
3066 3394 3269 3449 malum
3303 3393 3445 3462 quod
3489 3394 3761 3447 credimus
3791 3408 3922 3448 esse

2357 3488 2510 3543 nihil.
2544 3489 2686 3541 Bona
2716 3487 2879 3553 igitur
2904 3484 3149 3538 voluntas
3192 3484 3321 3537 nihil
3350 3483 3454 3535 erit
3475 3522 3490 3542 .
3526 3483 3777 3550 quoniam
3804 3483 3924 3552 ipsa

2358 3593 2461 3629 non
2494 3576 2662 3641 magis
2690 3584 2773 3627 est
2812 3574 3033 3642 aliquid,
3063 3587 3222 3640 quam
3268 3571 3403 3626 mala
3438 3570 3701 3624 voluntas.
3735 3569 3927 3637 Quare

2358 3665 2528 3732 ipsum
2558 3664 2754 3715 bonum
2783 3660 2927 3729 quod
2960 3660 3128 3713 bonos
3155 3658 3282 3711 facit
3326 3673 3432 3710 non
3479 3657 3776 3732 poterimus
3820 3650 3922 3709 ne-

2358 3767 2486 3821 gare
2524 3750 2656 3804 nihil
2683 3764 2833 3812 esse,
2867 3748 3115 3816 quoniam
3163 3748 3331 3816 ipsum
3365 3755 3445 3801 est
3482 3747 3620 3800 bona
3670 3745 3937 3800 voluntas

2357 3858 2475 3912 quae
2503 3840 2633 3894 nihil
2660 3840 2783 3893 erit.
2818 3838 2923 3892 Sed
2953 3837 3146 3894 falsum
3176 3853 3295 3891 esse
3325 3838 3503 3892 nullus
3546 3836 3789 3906 ambigit,
3820 3837 3927 3889 bo-

2360 3946 2482 3984 nam
2503 3928 2833 3983 voluntatem
2860 3927 2972 3980 sive
2992 3926 3189 3980 bonum
3214 3925 3388 3999 ipsum
3409 3938 3532 3978 esse
3551 3922 3706 3976 nihil.
3731 3922 3929 3990 itaque

2360 4017 2497 4072 mala
2529 4015 2774 4070 voluntas
2824 4030 2929 4069 non
2968 4024 3053 4069 est
3098 4002 3281 4082 ipsum
3312 4012 3511 4066 malum
3562 4011 3704 4081 quod
3748 4012 3925 4067 malos

2361 4105 2514 4170 facit;
2558 4092 2696 4158 sicut
2744 4118 2845 4157 nec
2894 4103 3031 4157 bona
3081 4102 3327 4156 voluntas
3357 4109 3443 4156 est
3494 4099 3670 4170 ipsum
3713 4099 3926 4154 bonum

2362 4195 2503 4263 quod
2543 4194 2713 4248 bonos
2744 4192 2891 4247 facit.
2938 4191 3051 4245 lloc
3084 4192 3277 4259 ipsum,
3324 4190 3465 4260 quod
3497 4189 3609 4245 dixi
3636 4189 3703 4245 de
3728 4186 3925 4243 volun-

2363 4292 2488 4345 tate,
2525 4291 2701 4351 potest
2752 4282 2912 4335 etiam
2955 4280 3285 4334 considerari
3335 4279 3423 4313 ¹⁹⁹⁹
3470 4279 3524 4333 in
3569 4278 3934 4334 conversione

2362 4372 2675 4425 voluntatis.
2711 4369 2824 4422 Non
2867 4370 3008 4423 enim
3039 4370 3206 4437 magis
3252 4358 3357 4422 est
3385 4366 3585 4436 aliquid
3638 4367 3939 4421 conversio

2364 4460 2453 4514 illa
2476 4450 2884 4527 qute'convcrlit
2906 4459 3232 4509 voluntatem
3277 4461 3343 4511 de
3368 4457 3551 4525 rapina
3590 4456 3657 4509 ad
3686 4455 3943 4517 tribuen-,

2365 4550 2517 4614 dum,
2543 4563 2704 4618 quam
2750 4557 2831 4601 est
2878 4546 2965 4599 illa
2991 4560 3107 4614 quae
3151 4548 3241 4577 "‘°
3270 4545 3534 4600 convertit
3558 4546 3798 4600 eamdem
3827 4560 3927 4599 vo-

2369 4641 2630 4694 luntatem
2668 4636 2736 4692 de
2762 4638 3009 4706 largitate
3037 4636 3102 4689 ad
3128 4636 3444 4700 avaritiam;
3478 4644 3533 4711 et
3568 4645 3781 4699 calere,
3804 4649 3934 4704 qua

1957 4756 2190 4841 om
2225 4763 2631 4841 LECTIONES.

776 4934 864 4967 it"
888 4930 1122 4984 Voleniln
1147 4929 1220 4983 sic
1246 4928 1581 4996 perfecerunt
1621 4943 1742 4979 mss.
1774 4927 2003 4979 nolendo
2024 4925 2117 4996 _sic
2157 4922 2494 4996 profecerunt
2544 4919 3023 4996 -‘9’31nvcstigasse
3051 4933 3145 4968 ms.
3185 4914 3315 4968 Virt.
3350 4916 3685 4996 investigare
3738 4916 3829 4947 "“
3859 4916 3934 4972 In

702 5021 798 5059 ms.
831 5002 1014 5055 Cister.
1057 4999 1149 5050 hoc
1179 4990 1332 5065 Caput
1374 4997 1548 5061 incipit
1576 4998 1637 5047 ab
1664 4999 1741 5065 his
1773 4996 1932 5047 rei-iris
1954 5002 1981 5044 τ
2018 4994 2121 5065 Sed
2154 4990 2602 5065 ttCSt'iQ‘tjttitl‘Sil,
2649 4997 2751 5040 etc.

2296 5054 2388 5090 “‘7‘
2416 5058 2607 5109 llabnit
2633 5073 2658 5108 a
2688 5072 2743 5107 se
2774 5055 2980 5119 aliquod
3018 5072 3137 5111 nisa.
3177 5054 3305 5105 νέοι.
3337 5064 3380 5103 cl
3407 5054 3586 5104 (ἐιεῖεν.
3616 5056 3783 5107 antiit.
3812 5068 3840 5105 a
3865 5069 3930 5108 se

705 5088 859 5141 spero
967 5067 1056 5097 "'°
1084 5068 1198 5119 lum
1233 5060 1529 5141 pertingere
1553 5082 1645 5141 ius.
1670 5064 1851 5141 (Stater.
1881 5065 2045 5114 omitt.
2072 5060 2187 5115 Jaut

2832 4982 2921 5017 ‘9“
2953 4985 3031 5037 Me
3062 5001 3267 5053 Sperem
3302 5002 3421 5037 mss.
3466 4982 3593 5036 Vict.
3624 4986 3809 5037 Cister.
3838 5001 3930 5040 me

709 5121 867 5194 ἰθῖλ
895 5151 1002 5205 quo
1024 5150 1180 5189 omne
1200 5121 1343 5205 quod
1375 5121 1451 5187 est
1473 5173 1488 5196 ,
1522 5133 1719 5200 aliquid
1750 5142 1830 5205 est
1859 5149 1983 5184 mss.
2018 5146 2181 5205 anque
2212 5138 2294 5183 est
2322 5144 2477 5205 omne
2510 5126 2645 5205 quod
2678 5126 2873 5205 aliqu-id
2904 5132 2985 5177 cst
3056 5124 3144 5205 "’I’“
3175 5123 3229 5175 Si
3264 5138 3388 5175 vero
3417 5123 3550 5205 triuia
3578 5138 3698 5201 mss.
3727 5121 3931 5205 si_vero

704 5189 970 5267 hnc—mala
1050 5205 1138 5237 "3°
1174 5189 1281 5255 Hoc
1308 5206 1443 5264 idem
1469 5189 1566 5255 ilici
1599 5189 1718 5252 mss.
1747 5200 1927 5252 (ᾄξειεν.
1959 5211 2002 5252 et
2037 5189 2166 5251 Vict.
2194 5200 2295 5251 hoc
2322 5198 2489 5263 ipsum
2522 5189 2627 5267 diri
2698 5196 2781 5223 ‘9“
2807 5193 2883 5267 ita
2911 5202 2996 5267 est
3012 5202 3064 5267 et
3094 5193 3377 5267 bonum”.
3423 5189 3551 5267 liict.
3587 5192 3655 5267 it_:t
3680 5191 3929 5267 estboua

707 5262 797 5311 δί’
822 5277 895 5331 De
916 5276 1181 5327 voluntate
1232 5262 1513 5325 tumloilixi
1543 5289 1634 5322 ms.
1673 5267 1796 5319 Vict.
1835 5270 1894 5321 15
1950 5270 2015 5320 de
2064 5267 2349 5319 vein-uatis
2391 5264 2735 5315 conversione
2766 5263 2920 5314 modo
2949 5262 3053 5313 dixi

3152 5259 3241 5289 “"3
3269 5260 3355 5311 Est
3378 5260 3549 5313 adhuc
3579 5256 3629 5311 al
3651 5258 3775 5324 quid
3797 5275 3927 5313 nisa.

717 5328 845 5400 Victi
880 5328 1020 5397 (ἔριδι.
1055 5344 1173 5395 Hoc.
1211 5343 1299 5394 list
1337 5342 1508 5393 adhuc
1538 5339 1673 5391 aliud
1752 5338 1839 5367 ‘9“
1874 5337 2045 5388 Possit
2087 5346 2399 5388 convertere
2438 5349 2579 5401 mss1
2606 5340 2781 5401 posset
2819 5340 3129 5401 convertere
3197 5329 3284 5401 ‘°"_"
3312 5328 3652 5401 Gtttuitiagis
3680 5328 3932 5401 videatut:

861 5394 978 5464 cuin
1005 5394 1166 5465 multo
1197 5410 1361 5478 magis
1388 5410 1625 5473 videatur
1698 5407 1785 5437 "3°
1808 5408 1885 5478 Ad
1911 5406 2050 5473 quod
2079 5406 2215 5478 facta
2243 5411 2343 5456 est.
2370 5403 2493 5478 cili}:
2517 5394 2714 5478 “Venet.
2746 5400 2855 5449 Col.
2880 5409 2925 5450 et
2948 5397 3183 5478 liothim,
3208 5398 3269 5449 ad
3295 5398 3431 5478 quod
3459 5394 3590 5447 facta
3636 5404 3757 5448 sunt
3835 5394 3928 5474 “ﬂ”

708 5463 1103 5542 ιῖυιῖιορνςίύὲῑι,
1140 5497 1240 5532 non
1272 5463 1592 5548 ipsum’mss.
1624 5476 1900 5548 conversio
1931 5463 2127 5548 hausit
2150 5474 2320 5539 ipsum
2354 5469 2653 5548 “fimﬁﬂona
2679 5484 2789 5548 non
2824 5470 2991 5533 magis
3023 5483 3145 5517 mss.
3181 5470 3314 5517 bona
3347 5464 3582 5548 voluntas
3616 5479 3719 5517 non
3756 5463 3938 5532 magis

713 5555 799 5587 “4"
828 5530 1005 5607 ιὐιῖιςι
1032 5530 1365 5606 considerari
1388 5563 1508 5599 mss.
1539 5554 1712 5615 potest
1751 5530 1910 5598 etiam
1948 5530 2275 5596 considci'ari
2352 5539 2439 5569 ‘9“
2473 5538 2636 5602 Quam
2679 5537 2758 5587 illa
2789 5530 3057 5603 qureimss.
3089 5551 3245 5604 quam
3275 5544 3353 5586 est
3383 5530 3464 5585 illa
3495 5547 3610 5599 qum
