4226 6226
332 232 430 285 357

1460 217 1728 277 DlALOG.
1770 220 1857 275 DE
1896 218 2075 275 CASU
2112 213 2390 272 DlABOLL

3464 212 3575 269 358

333 342 399 395 de
427 338 699 394 voluntate
722 335 879 402 paulo
901 335 1173 390 antedixi.
1204 336 1346 389 Disc.
1382 334 1511 386 Mihi
1537 348 1756 401 quoque
1791 333 1894 385 hoc
1916 329 2133 411 "Aprili/il
2161 346 2175 383 :
2206 329 2353 392 licet,
2400 328 2644 393 inquam,
2690 328 2770 383 sic
2817 336 2909 381 aut
2961 326 3067 381 alio
3112 328 3270 411 modo
3314 325 3575 394 probetur

336 425 510 492 Ipsum
548 422 761 474 videtur
808 420 902 453 "“
940 422 1079 489 quod
1124 421 1325 474 asseris
1370 418 1484 471 ηδ’.
1522 414 1663 473 me.
1721 418 1904 486 Neque

333 527 461 583 ergo
507 510 755 564 voluntas
798 510 959 571 mala,
1010 524 1184 577 neque
1228 501 1389 577 prava
1439 509 1734 562 voluntatis
1769 524 1902 561 con-

332 601 534 665 Versio,
578 609 663 655 est
714 600 886 669 ipsum
936 599 1158 664 malum,
1214 614 1319 667 quo
1351 600 1569 669 angelus
1617 598 1699 651 vel
1744 600 1904 653 homo

335 691 391 745 ﬁt
420 691 617 754 malus,
665 700 719 743 et
772 687 913 755 quod
942 687 1075 741 nihil
1126 704 1245 743 esse
1296 689 1732 744 dicimusznunc
1768 688 1904 743 bona

331 779 581 833 voluntas
610 786 705 830 aut
734 782 876 830 bona
905 776 1196 832 voluntatis
1230 779 1321 809 "‘3
1356 780 1637 835 conversio
1686 786 1770 833 est.
1810 780 1906 833 ho-

334 876 464 924 num
486 883 596 939 quo
621 867 744 921 boni
771 865 907 920 ﬁunt

947 976 1176 1033 CAPUT
1204 978 1294 1031 IX.

440 1085 593 1154 Quod
619 1087 876 1157 injuslitia
922 1087 990 1140 sit
1018 1088 1185 1157 ipsum
1225 1088 1441 1153 malum,
1471 1099 1519 1141 et
1552 1088 1615 1142 sit
1649 1089 1793 1141 nihil.
1890 1110 1897 1127 -

404 1197 552 1252 Dtsc.
580 1196 718 1265 Quid
746 1212 879 1263 ergo
909 1196 1149 1251 dicemus
1176 1197 1350 1266 ipsum
1386 1199 1585 1252 malum
1615 1201 1755 1266 quod
1792 1213 1903 1250 ma-

335 1286 416 1341 los
446 1285 605 1351 facit:
638 1294 695 1339 et
732 1285 863 1355 quid
895 1286 1067 1355 ipsum
1108 1286 1306 1339 bonum
1353 1287 1495 1355 quod
1530 1288 1697 1341 bonos
1743 1286 1904 1340 facit?

330 1378 778 1433 Mamrlustitiam
806 1379 1033 1432 credere
1065 1378 1319 1433 debemus
1361 1393 1481 1431 esse
1506 1378 1677 1448 ipsum
1705 1380 1901 1431 bomnn

331 1482 443 1536 quo
470 1477 599 1523 sunt
645 1468 771 1525 boni
817 1468 930 1531 ⁸⁸⁸⁸,
964 1469 1017 1521 id
1045 1477 1127 1521 est
1151 1466 1301 1535 justi,
1331 1476 1385 1521 et
1411 1466 1610 1536 angeli,
1640 1475 1694 1519 et
1724 1466 1902 1520 homi-

332 1572 457 1623 nes;
487 1565 543 1610 et
583 1570 693 1625 quo
719 1556 836 1626 ipsa
869 1555 1119 1609 voluntas
1168 1557 1306 1611 bona
1339 1557 1452 1610 sive
1494 1557 1641 1625 justa
1670 1556 1899 1620 dicitur,

333 1646 673 1715 iniustitiam
709 1660 839 1702 vero
866 1646 1038 1716 ipsum
1078 1646 1276 1701 malum
1308 1660 1429 1700 esse
1459 1646 1570 1710 ηδ’,
1599 1646 1739 1714 quod
1766 1644 1901 1699 nihil
1937 1644 1977 1701 Β
2008 1644 2133 1733 ms"
2193 1644 2450 1737 ρηιίεηίίε,

328 1735 475 1790 aliud
507 1735 739 1791 dicimus
789 1750 909 1790 esse
940 1751 1099 1805 quam
1149 1734 1274 1789 boni
1321 1735 1702 1804 privationem,
1756 1734 1899 1803 quod

330 1826 499 1881 malos
522 1835 577 1881 et
610 1826 807 1881 malam
847 1826 1172 1880 voluntatem
1194 1826 1324 1881 facit
1353 1843 1367 1881 :
1398 1836 1453 1881 et
1494 1828 1614 1881 ideo
1654 1829 1899 1882 eamdem

332 1913 654 1984 iniustitiam
687 1930 790 1969 non
815 1915 960 1968 aliud
980 1930 1103 1969 esse
1134 1916 1430 1970 assorimus
1460 1932 1621 1985 quam
1648 1916 1904 1986 privatio-

330 2019 455 2057 nem
511 2002 807 2072 injustitiz.
862 2005 1111 2071 Quandiu
1168 2005 1313 2063 enim
1365 2006 1613 2060 voluntas
1664 2006 1899 2075 primum

329 2093 456 2147 data
487 2092 736 2149 rationali
790 2102 1016 2157 natum,
1049 2103 1103 2149 et
1133 2094 1294 2149 simul
1325 2095 1377 2147 in
1423 2096 1538 2163 ipsa
1591 2095 1811 2148 datione
1833 2094 1901 2147 ab

330 2181 448 2250 ipso
476 2182 666 2236 datore
694 2194 982 2245 conversa,
1015 2178 1127 2237 imo
1153 2197 1257 2237 non
1288 2198 1570 2246 conversa,
1615 2183 1706 2238 sed
1760 2184 1900 2238 facta

329 2279 475 2325 recta
499 2272 565 2325 ad
590 2273 692 2326 hoc
720 2272 862 2341 quod
888 2273 1023 2326 velle
1053 2272 1236 2326 debuit
1262 2313 1276 2338 ,
1318 2272 1467 2326 stetit
1500 2273 1553 2327 in
1583 2272 1698 2341 ipsa
1736 2270 1899 2326 recti-

320 2364 540 2427 tudine,
564 2378 728 2432 quam
751 2363 981 2420 dicimus
1009 2363 1290 2419 veritatem
1324 2364 1438 2418 sive
1463 2363 1815 2432 iniustitiam,
1845 2362 1897 2417 in

330 2468 435 2522 qua
484 2453 627 2508 facta
667 2463 775 2521 est,
802 2455 946 2521 iusta
976 2454 1068 2489 m‘
1096 2452 1217 2508 fuit.
1246 2453 1379 2506 Cum
1434 2467 1563 2507 vero
1614 2452 1810 2506 avertit
1844 2467 1902 2507 se

326 2542 398 2594 ab
436 2556 501 2595 eo
530 2541 672 2609 quod
703 2541 919 2607 debuit,
945 2529 1015 2594 et
1042 2543 1310 2595 convertit
1358 2542 1427 2593 se‘
1444 2540 1511 2597 ad
1554 2540 1727 2595 id‘""
1756 2540 1902 2608 quod
1947 2584 1950 2591 .

326 2643 437 2683 non
465 2628 668 2692 debuit,
710 2644 816 2683 non
860 2630 1009 2683 stetit
1050 2630 1116 2684 in
1157 2629 1404 2699 originali
1453 2630 1532 2697 (ut
1577 2628 1647 2682 ita
1698 2628 1898 2697 dicam)

326 2718 673 2780 rectitudine,
711 2719 763 2773 in
792 2733 896 2787 qua
925 2718 1068 2774 facta
1099 2720 1217 2774 est?
1262 2718 1435 2784 Quam
1476 2733 1596 2773 eum
1638 2718 1896 2783 deseruit,

328 2820 588 2875 magnum
616 2805 815 2873 aliquid
843 2807 1111 2875 perdidit;
1149 2816 1201 2860 et
1232 2807 1363 2860 nihil
1398 2822 1503 2874 pro
1532 2821 1616 2868 ea,
1652 2807 1752 2861 nisi
1784 2807 1896 2881 pri-

258 2896 259 2905 ‘
325 2894 598 2946 vationem
648 2891 786 2960 ejus,
828 2908 948 2961 quas
1003 2894 1200 2946 nullam
1252 2894 1416 2947 habet
1469 2896 1788 2960 essentiam,
1841 2904 1897 2950 et

325 2994 493 3048 quam
523 2981 845 3051 iniustitiam
870 2983 1242 3049 nominamus,
1269 2984 1530 3053 suscepit.

860 3093 976 3164 se
1000 3092 1228 3147 CAPUT
1268 3092 1335 3146 Χ.

528 3203 801 3271 Quomodo
828 3201 1025 3255 malum
1066 3202 1307 3256 videatur
1334 3215 1445 3255 esse
1475 3204 1696 3274 aliquid.

400 3291 548 3347 Disc.
578 3292 729 3357 Quod
773 3290 1147 3347 dicis‘malum
1202 3308 1322 3347 esse
1366 3294 1723 3363 privationem
1753 3293 1895 3358 boni,

327 3383 601 3447 concedo;
659 3382 755 3437 sed
796 3381 1145 3437 nihilominus
1176 3383 1333 3436 video
1391 3383 1591 3437 bonum
1643 3383 1900 3451 privatio-

330 3486 457 3527 nem
487 3484 609 3524 esse
638 3470 783 3524 mali.
811 3470 898 3537 Et,
921 3470 1063 3525 sicut
1088 3472 1329 3539 percipio
1355 3471 1408 3525 in
1437 3470 1740 3540 privatione
1771 3473 1899 3527 mall

328 3560 534 3629 aliquid
574 3560 719 3615 aliud
754 3558 897 3625 ﬁeri,
946 3560 1090 3629 quod
1118 3558 1317 3615 bonum
1358 3560 1625 3626 dicimus,
1663 3561 1737 3615 ita
1785 3563 1902 3616 ani-

329 3653 619 3706 madVerto
671 3650 724 3705 in
780 3650 1082 3719 privatione
1117 3649 1244 3704 boni
1297 3649 1501 3730 aliquid
1557 3650 1702 3705 aliud
1750 3645 1897 3717 "ﬁeri,

328 3741 476 3808 quod
503 3740 702 3793 malum
735 3740 1078 3793 nominamus
1110 3736 1222 3791 ““.
1252 3740 1593 3807 Quapropter
1621 3736 1747 3794 licet
1773 3740 1898 3807 qui-

328 3830 556 3892 busdam
604 3829 939 3899 argumentis
1002 3828 1201 3882 malum
1256 3828 1387 3883 nihil
1440 3844 1559 3884 esse
1609 3830 1894 3901 probetur;

327 3917 586 3989 quoniam
620 3919 823 3973 malum
862 3918 1073 3973 nonnisi
1102 3919 1319 3996 .vitium
1350 3920 1443 3971 aut
1489 3921 1767 3980 corruptio
1792 3930 1897 3985 est,

328 4024 452 4078 qua:
491 4007 636 4061 nullo
672 4008 830 4061 modo
887 4016 1014 4062 sunt
1067 4007 1171 4061 nisi
1228 4008 1282 4061 in
1321 4007 1500 4076 aliqua
1545 4010 1803 4075 essentia,
1843 4020 1899 4065 et

328 4104 534 4167 quanto
564 4097 737 4167 magis
775 4096 847 4151 ibi
899 4105 1043 4167 sunt,
1073 4105 1223 4151 tanto
1260 4097 1429 4167 magis
1460 4098 1602 4152 illam
1651 4101 1899 4171 redigunt

331 4188 384 4240 in
419 4186 677 4252 nihilum;
721 4194 776 4242 et
824 4187 868 4242 si
899 4187 1085 4241 eadem
1134 4188 1367 4242 essentia
1401 4190 1620 4243 omnino
1649 4190 1898 4245 deveniat

329 4278 396 4330 ad
429 4278 584 4343 nihil,
631 4278 823 4331 vitium
872 4292 1087 4347 quoque
1139 4287 1195 4331 et
1232 4279 1503 4346 corruptio
1552 4277 1898 4334 inveniuntur

2009 402 2142 473 nihil
2172 435 2292 471 esse
2316 420 2510 474 malum
2540 440 2554 486 ;
2589 437 2693 476 non
2729 429 2905 487 potest
2928 420 3140 473 animus
3170 400 3321 472 meus
3351 415 3443 448 “"
3472 416 3575 468 nisi

2008 509 2119 561 sola
2165 508 2267 560 ﬁde
2294 510 2669 576 acquiescere;
2718 511 2762 563 si
2798 524 2900 561 non
2956 508 3084 559 illud
3116 505 3245 559 mihi
3276 506 3576 565 auferatur,

2006 599 2149 665 quod
2207 598 2337 651 mihi
2370 609 2592 651 econtra
2640 605 2832 667 probat
2864 599 2955 629 ¹⁹⁸⁰
2985 598 3185 650 malum
3232 595 3443 649 nonnisi
3483 596 3577 647 nli-

2007 690 2134 758 quid
2169 705 2309 744 esse.
2363 691 2498 744 Nam
2532 706 2657 744 cum
2689 690 2907 742 auditur
2956 703 3151 743 nomen
3198 685 3346 749 mali,
3378 683 3577 738 frustra

2008 779 2231 833 horrent
2260 780 2424 833 corda
2456 792 2637 833 nostra
2683 779 2825 848 quod
2856 780 2907 831 in
2954 776 3111 844 huius
3150 775 3384 830 nominis
3412 771 3576 843 signi-

2009 867 2265 923 ﬁcatione
2319 870 2641 937 intelligunt,
2692 871 2735 923 si
2784 867 2918 923 nihil
2967 867 3301 935 signiﬁcatur
3352 865 3453 921 hoc
3483 861 3577 898 ¹“⁸⁸

2007 960 2242 1013 nomine.
2268 960 2398 1013 ltem
2435 979 2448 1013 :
2497 959 2556 1015 Si
2589 975 2695 1014 vox
2726 960 2863 1021 bmc,
2892 957 3099 1011 scilicet
3131 957 3222 988 ¹⁹⁸¹
3251 957 3447 1010 malum
3472 968 3576 1011 no-

2007 1063 2127 1099 men
2160 1056 2274 1111 est;
2307 1048 2493 1116 utique
2539 1048 2966 1117 signiﬁcativum
3031 1046 3123 1079 ¹⁹⁵⁸
3154 1053 3254 1098 est.
3303 1042 3358 1097 Si
3397 1050 3578 1097 autem

2006 1137 2417 1205 signiﬁcativum
2475 1138 2565 1169 "“
2594 1146 2697 1201 est,
2737 1136 3032 1205 signiﬁcat;
3066 1134 3183 1199 sed,
3230 1132 3445 1188 nenni'si
3472 1132 3575 1187 αη-

2006 1224 2133 1293 quid
2182 1223 2472 1297 signiﬁcat.
2517 1225 2795 1291 Quomodo
2839 1238 2967 1291 ergo
2998 1222 3194 1275 malum
3220 1231 3304 1277 est
3335 1220 3502 1287 nihil;
3528 1220 3577 1275 si

2006 1314 2147 1383 quod
2179 1314 2446 1383 signiﬁcat
2495 1328 2688 1368 nomen
2733 1313 2849 1382 ejus
2878 1312 2991 1377 "‘5,
3024 1320 3106 1365 est
3132 1310 3369 1380 aliquid?
3419 1310 3579 1365 Deni-

2006 1416 2130 1468 que,
2188 1415 2309 1454 cum
2348 1411 2599 1454 manente
2627 1400 2861 1470 jnstitia,
2917 1408 3072 1453 tanta
3118 1399 3367 1451 videatur
3426 1406 3582 1452 tran-'

2007 1491 2268 1559 quillitas,
2295 1500 2442 1544 tanta
2474 1491 2648 1561 quies,
2674 1500 2731 1545 ut
2758 1491 2811 1544 in
2842 1490 3025 1544 multis
3067 1488 3200 1543 nihil
3230 1487 3374 1542 aliud
3401 1485 3580 1542 videa-

2010 1592 2095 1632 tur
2118 1579 2328 1649 justitia
2366 1595 2526 1649 quam
2554 1580 2834 1649 quiescere
2865 1595 2893 1632 a
2925 1578 3100 1643 malo;
3138 1580 3387 1632 sicutrest
3414 1577 3581 1632 casti-

2496 1686 2510 1721 :
2561 1669 2848 1723 recedente
2921 1678 3101 1722 autem
3155 1666 3404 1737 justitla,
3468 1672 3578 1721 tam

2006 1754 2273 1821 diversus,
2307 1765 2415 1811 tam
2461 1757 2763 1811 laboriosus
2788 1766 3003 1826 tamque
3040 1755 3320 1833 multiplex
3347 1764 3578 1825 occupet

2009 1850 2252 1903 animum
2307 1850 2399 1884 ¹⁹³⁶
2430 1850 2673 1913 allectus,
2721 1849 2815 1917 qui
2860 1847 3270 1907 Velutcrudells
3320 1844 3578 1901 Dominus

2005 1941 2262 1993 miserum
2290 1941 2672 1995 homunculum
2704 1948 2863 2009 cogat
2892 1950 2969 1993 tot
2996 1938 3231 2008 turpium
3257 1946 3316 1995 et
3343 1937 3579 1993 laborio-

2004 2044 2190 2084 sorum
2243 2047 2465 2099 operum
2517 2046 2646 2085 cura
2697 2032 2991 2086 sollicitum
3045 2031 3307 2096 “"esse,
3344 2037 3399 2083 et
3447 2027 3578 2099 ipsis

2001 2119 2256 2187 operibus
2288 2129 2394 2172 tam
2421 2120 2659 2188 graviter
2702 2119 2954 2174 laborare
2981 2137 2992 2171 :
3028 2120 3222 2173 mirum
3251 2126 3355 2183 est,
3384 2116 3429 2171 si
3473 2132 3574 2186 po-

2004 2208 2132 2263 terit
2158 2210 2374 2263 ostendi
2408 2208 2540 2263 nihil
2571 2212 2686 2265 haec
2707 2210 2890 2263 omnia
2920 2210 3155 2278 operari.

2507 2341 2733 2396 CAPUT
2763 2341 2831 2395 χι
2861 2339 2958 2412 [αι.
2990 2339 3081 2412 x1.

2008 2470 2160 2535 Quod
2204 2470 2400 2523 malum
2454 2481 2500 2525 el
2532 2470 2661 2523 nihil
2711 2487 2813 2523 non
2847 2454 3042 2537 possint
3075 2476 3165 2534 p‘er
3208 2486 3392 2523 nomen
3422 2487 3579 2525 suum

2209 2540 2437 2604 .probari
2466 2540 2660 2608 aliquid
2696 2556 2823 2604 esse,
2849 2541 2938 2590 sed
2962 2539 3113 2608 quasi
3141 2538 3363 2607 aliquid.

2074 2669 2215 2722 Msa.
2263 2668 2399 2723 Puto
2440 2670 2563 2740 quia
2594 2687 2701 2725 non
2758 2670 2829 2724 ita
2858 2672 3175 2745 esinsanns
3205 2671 3300 2705 ’⁸⁸⁸
3342 2682 3401 2726 ιιι
3428 2672 3571 2727 dicat

2004 2756 2139 2811 nihil
2162 2772 2283 2811 esse
2333 2758 2560 2827 aliquid,
2604 2774 2726 2812 cum
2774 2768 2952 2812 tamen
2998 2775 3102 2813 non
3150 2758 3324 2829 possis
3375 2775 3579 2833 negare

2005 2848 2137 2902 nihil
2164 2862 2285 2902 esse
2326 2864 2544 2903 nomen.
2597 2848 2936 2919 Quapropter
2983 2850 3030 2904 si
3083 2850 3216 2905 nihil
3248 2866 3355 2905 non
3400 2859 3579 2922 potest

2002 2937 2232 3006 probare
2286 2935 2378 2967 ⁸⁸⁸⁸
2430 2935 2631 3005 aliquid
2672 2951 2816 3001 esse,
2875 2953 2972 3007 per
3015 2953 3208 2992 nomen
3239 2938 3403 3001 nihil,
3429 2954 3568 3008 quo-

1929 3053 1974 3113 ρ
2007 3024 2166 3079 modo
2190 3020 2425 3113 aestimas
2456 3032 2508 3078 te
2535 3026 2767 3093 probare
2814 3026 3012 3079 malum
3048 3041 3168 3081 esse
3219 3026 3445 3096 aliquid,
3476 3042 3576 3095 per

2005 3128 2199 3167 nomen
2232 3112 2375 3166 mali.
2413 3112 2557 3167 DISC.
2590 3112 2734 3169 Nihil
2761 3114 2871 3185 agit
2891 3117 3222 3185 exemplum,
3249 3119 3394 3188 quod
3423 3118 3571 3172 litem

2003 3203 2099 3257 lite
2124 3202 2367 3258 resolvit.
2395 3202 2528 3256 Nam
2559 3211 2615 3258 et
2641 3205 2743 3258 hoc
2790 3206 2986 3274 ipsum,
3037 3206 3193 3271 nihil,
3227 3208 3413 3262 nescio
3443 3208 3572 3276 quid

2002 3295 2095 3347 sit.
2123 3291 2462 3362 Quapropter
2487 3294 2742 3362 quoniam
2769 3294 2822 3347 in
2865 3295 3111 3349 manibus
3140 3298 3366 3364 quaestio
3395 3306 3478 3350 est
3504 3295 3571 3349 de

2003 3382 2151 3436 malo
2179 3383 2291 3446 "°°,
2320 3384 2461 3450 quod
2489 3384 2623 3439 dicis
2650 3400 2767 3439 esse
2817 3385 2951 3438 nihil
3003 3386 3048 3440 si
3092 3386 3171 3439 vis
3220 3400 3307 3441 me
3351 3386 3569 3448 docere.

2002 3470 2130 3539 quid
2161 3469 2452 3539 intelligam
2481 3486 2603 3524 esse
2623 3470 2820 3551 malum
2848 3473 2963 3536 m',
2991 3472 3122 3526 doce
3155 3488 3239 3526 me
3268 3474 3417 3543 prius
3441 3472 3571 3541 quid

2000 3552 2295 3628 intelligam
2350 3570 2469 3613 esse
2513 3558 2644 3613 nihil
2684 3550 2826 3615 “"7:
2856 3562 3072 3626 deinde,
3119 3561 3184 3631 ad
3222 3561 3324 3614 alia
3373 3560 3569 3631 quibus

1999 3659 2219 3722 propter
2249 3664 2440 3703 nomen
2472 3648 2596 3703 mali
2626 3649 2735 3704 dixi
2765 3664 2850 3704 me
2902 3650 3107 3704 moveri
3139 3650 3204 3703 de
3250 3666 3335 3714 eo,
3374 3659 3431 3703 ut
3467 3650 3566 3703 ali-

2002 3740 2129 3812 quid
2157 3754 2278 3793 esse
2302 3738 2568 3804 videatur,
2606 3740 2975 3808 respondebis.
3010 3730 3150 3794 Μιιο.
3181 3740 3313 3793 Cum
3359 3754 3565 3813 nequa7

2000 3846 2159 3899 quam
2187 3829 2435 3884 diﬂ‘erant
2467 3830 2598 3883 nihil
2628 3845 2748 3885 esse
2784 3838 2857 3887 ,et
2884 3846 2990 3884 non
3022 3830 3225 3901 aliquid
3255 3845 3395 3893 csse,
3430 3844 3563 3898 quo-

2005 3920 2163 3973 modo
2208 3920 2310 3973 dici
2370 3928 2545 3988 potest
2600 3919 2729 3988 quid
2776 3920 2849 3973 sit
2896 3920 3039 3988 quod
3083 3936 3188 3974 non
3229 3930 3315 3975 est
3361 3919 3569 3990 aliquid

2004 4009 2131 4065 “”?
2161 4011 2307 4064 Dtsc.
2364 4009 2421 4063 Si
2468 4024 2572 4063 non
2622 4018 2705 4063 est
2745 4009 2969 4078 aliquid,
3005 4010 3145 4078 quod
3197 4011 3299 4064 hoc
3350 4010 3566 4063 nomine

2000 4100 2365 4169 signiﬁcatur,
2400 4114 2503 4152 non
2550 4098 2815 4167 signiﬁcat
2847 4099 3068 4167 aliquid.
3110 4098 3164 4152 Si
3205 4113 3332 4167 vero
3362 4114 3467 4151 non
3492 4098 3567 4154 sl-

1999 4189 2215 4260 gniﬂcat
2235 4189 2464 4259 aliquid,
2503 4205 2607 4243 non
2634 4199 2719 4244 est
2742 4204 2934 4241 nomen
2962 4202 2977 4239 :
3021 4187 3113 4241 sed
3155 4188 3340 4255 utique
3367 4201 3562 4262 nomen

1998 4288 2102 4345 est,
2152 4284 2460 4349 quanquam
2496 4280 2661 4349 igitur
2712 4278 2891 4332 nullus
2938 4278 3081 4332 dicat
3132 4276 3263 4330 nihil
3305 4292 3425 4332 esse
3458 4275 3562 4332 ali-

1611 4470 1841 4525 usue
1875 4455 2275 4529 LECTIONES.

406 4606 492 4673 ΡΜ
510 4604 736 4673 ldipsum
760 4606 1105 4673 vidi-turum.
1124 4605 1312 4673 Cistcr.
1336 4604 1469 4673 ειη
1478 4606 1577 4657 ich.
1594 4604 1694 4657 hoc
1715 4605 1887 4673 ipsum
1900 4602 2112 4673 videtur
2186 4603 2276 4634 ""'
2295 4602 2365 4673 Ut
2380 4602 2577 4673 asset-is
2596 4617 2723 4673 mss.
2741 4600 2884 4668 quod
2906 4599 3102 4673 as_seris
3137 4668 3149 4673 Α
3178 4599 3269 4631 ¹“⁸
3287 4598 3558 4673 Neehona

330 4666 620 4727 voluntatis
642 4690 765 4727 mu.
793 4672 977 4730 Cist".
1022 4675 1151 4728 Vict.
1184 4674 1240 4737 3,
1275 4672 1334 4727 S.
1368 4672 1528 4725 Micli.
1564 4682 1656 4725 aut
1686 4666 1824 4725 bona
1853 4672 2152 4725 voluntati.
2169 4689 2267 4724 ma.
2308 4671 2440 4725 Vict.
2491 4672 2557 4724 l3
2594 4679 2685 4722 aut
2711 4666 2862 4721 bona:
2894 4668 3182 4737 voluntatis
3211 4685 3306 4720 ms.
3344 4666 3477 4720 Vict.
3501 4667 3560 4732 9,

333 4753 425 4795 aut
455 4740 606 4795 mala:
636 4742 921 4797 voluntatis
996 4744 1087 4775 ⁸⁸⁵⁵
1117 4736 1349 4796 Credere
1375 4742 1625 4805 dicimus,
1656 4742 1827 4809 ipsum
1862 4742 2083 4809 bonum,
2111 4755 2217 4808 quo
2245 4741 2376 4793 ﬁunt
2403 4740 2525 4793 boni
2558 4754 2681 4809 uiis.
2695 4737 2930 4809 _credere
2957 4736 3211 4809 debemus
3238 4750 3359 4789 esse
3388 4736 3559 4809 ipsum

332 4812 535 4879 bonum
579 4825 686 4879 quo
724 4824 849 4865 sunt
897 4812 1019 4865 boni
1097 4812 1185 4844 ⁸³³⁸
1212 4810 1387 4879 Ipsum
1431 4802 1628 4879 malum
1659 4802 1777 4864 esse
1821 4827 1915 4863 ms.
1950 4802 2148 4879 cum;
2176 4809 2330 4879 omit.
2377 4824 2499 4879 esse
2574 4804 2853 4879 ""Facta
2896 4802 3218 4879 luiILjnsta
3252 4820 3375 4857 mss.

335 4878 392 4948 ξ.
430 4870 803 4935 ΜὶεΙιᾮίειεν.
832 4881 970 4935 facta
1001 4890 1110 4945 est,
1133 4870 1275 4947 iusta
1306 4878 1404 4932 fuit
1475 4880 1564 4911 ⁸³⁵⁷
1594 4878 1869 4933 Convertit
1918 4893 1977 4931 se
2027 4880 2091 4932 ad
2137 4877 2313 4948 id‘gns.
2364 4875 2548 4948 (Σίδην.
2593 4875 2735 4948 omit.
2760 4889 2818 4928 se
2894 4874 2988 4948 ""_
2999 4870 3236 4948 Dicimus
3265 4889 3391 4925 mu.
3424 4870 3559 4948 Vict.

335 4945 520 5001 Cister.
559 4950 895 5004 nominamus
973 4951 1060 4981 ηδ’
1086 4941 1255 5003 Minus
1287 4963 1435 5002 mens
1462 4964 1557 5000 ms.
1590 4949 1798 5001 animus
1838 4962 1989 5001 meus
2064 4947 2154 4978 "'°
2187 4945 2311 4999 Mihi
2341 4947 2503 4999 etiam
2532 4941 2724 5066 probat
2756 4958 2879 4995 nm.
2920 4944 3049 4996 mihi
3086 4957 3117 4995 e
3145 4951 3335 4996 contra
3369 4941 3561 5011 probit

337 5014 427 5047 ““
458 5016 799 5066 Sitmiﬁcelur
831 5021 927 5066 lum
955 5036 1075 5066 nm.
1108 5019 1440 5066 simnilicalur
1469 5016 1569 5066 hoc
1645 5018 1733 5049 m'
1762 5017 1871 5066 lluc
1892 5016 2096 5066 scilicet
2123 5032 2249 5066 mss.
2279 5015 2410 5066 haec.
2439 5014 2532 5066 scil
2555 5022 2638 5066 cet
2712 5011 2805 5042 ’⁸⁸³
2836 5010 3026 5066 Utioue
3050 5011 3409 5066 sizniﬁcatnnr
3434 5025 3555 5061 mu.

337 5014 427 5086 “'f
458 5016 799 5086 Signiﬁcetur
831 5021 927 5073 huc
955 5036 1075 5072 nm.
1108 5019 1440 5086 signiﬁcatur
1469 5016 1569 5086 huc
1645 5018 1733 5049 ""
1762 5017 1871 5070 lluc
1892 5016 2096 5071 scilicet
2123 5032 2249 5069 mss.
2279 5014 2532 5086 harmscil

2555 5022 2638 5087 cet
2712 5010 3409 5087 "'_'__l_Jtiquesigniﬁcatunr
3434 5025 3555 5087 (tu.

335 5061 1801 5157 utiquefsiihiﬁc‘ativuinm'3‘:§iuauteruIsigniﬁcatum
1997 5061 2260 5157 siautem
2279 5061 2701 5157 signiﬁcativnm
2747 5061 3128 5157 __‘f_"ANomine'
3142 5078 3413 5157 eluamus.
3447 5075 3558 5129 No-

335 5147 459 5210 men
501 5147 625 5223 ejus
690 5155 782 5187 m‘
811 5155 1305 5226 Occupauanimum
1334 5173 1455 5209 mss.
1491 5147 1628 5207 'l‘ict.
1662 5154 1809 5226 Geni.
1833 5153 1985 5226 Corb.
2035 5154 2155 5226 βα.
2180 5147 2404 5226 occupet
2434 5152 2672 5226 animum
2746 5147 3090 5226 “"_Operum
3120 5147 3555 5226 sollicillnltgrss‘:

336 5215 556 5294 operum
589 5238 718 5278 cura
768 5215 1059 5279 sollicitum.
1104 5215 1217 5257 4""
1269 5225 1335 5278 In
1371 5241 1494 5278 mss.
1525 5225 1626 5277 inci
1665 5226 1702 5276 it
1729 5223 1792 5277 ab
1836 5223 1914 5277 his
1944 5223 2107 5277 verbis
2129 5239 2147 5276 :
2176 5222 2245 5275 Μ.
2293 5215 2428 5276 Puto
2455 5236 2507 5289 (ιι

339 5301 510 5361 potest
552 5292 768 5361 probari
806 5310 905 5347 ms.
948 5293 1132 5348 Ciner.
1164 5294 1295 5348 nihil
1340 5304 1488 5361 potes
1530 5242 1756 5361 probare
1796 5309 1919 5345 mu.
1947 5292 2077 5345 nihil
2103 5301 2256 5361 potes
2284 5291 2507 5361 probare

339 5292 510 5363 potest
552 5292 768 5363 probari
806 5310 905 5347 ms.
948 5293 1132 5348 Ciner.
1164 5294 1295 5348 nihil
1340 5304 1491 5363 potes
1530 5309 1628 5363 pro

2455 5220 2579 5289 quia
2626 5234 2730 5289 non
2756 5232 2817 5274 es
2846 5214 3085 5289 insanus,
3104 5226 3218 5289 etc.
3274 5214 3554 5289 .‘f'ANihll

2582 5289 2673 5322 ¹⁹⁶⁶
2700 5287 2933 5354 Quaestio
2954 5297 3041 5342 est
3073 5281 3143 5339 de
3184 5281 3323 5354 male
3347 5284 3554 5354 inma-

340 5350 494 5415 nibus
521 5350 648 5431 nias.
681 5357 813 5416 Vict.
858 5364 921 5431 de
945 5362 1086 5417 malo
1109 5350 1435 5431 quaastio'est
1483 5350 1546 5416 in'
1562 5363 1805 5415 manibus
1860 5361 1967 5431 f’“
2004 5350 2205 5431 Docere
2236 5350 2370 5431 quid
2390 5361 2453 5431 “si
2499 5358 2695 5413 malum
2714 5350 2869 5431 nisi.
2894 5356 3094 5431 docere
3112 5353 3235 5431 quid
3252 5350 3554 5431 intelligam

339 5444 458 5485 esse
485 5430 679 5484 malum
754 5430 843 5462 “"

870 5415 1335 5501 QuidﬂintEIligiam
1364 5415 1492 5486 esse
1520 5432 1647 5484 nihil
1682 5447 1802 5484 mss.
1855 5430 2071 5501 Vicus
2120 5415 2562 5501 quid‘intelligam
2593 5426 2878 5501 essenihil
2947 5415 3190 5489 ιιιερηίιι
3220 5422 3309 5484 sit,
3338 5415 3555 5486 etquid

342 5514 441 5556 non
472 5499 769 5569 estaliquid
796 5516 915 5554 mu.
944 5500 1067 5569 quid
1094 5503 1161 5555 sit
1191 5497 1327 5569 quod
1355 5516 1459 5557 non
1490 5509 1571 5557 est
1595 5501 1789 5571 aliquid
1822 5516 1918 5555 ms.
1954 5500 2081 5555 Vict.
2106 5497 2151 5573 5"
2166 5499 2298 5567 Quid
2324 5499 2389 5553 sit
2414 5497 2553 5567 quod
2578 5506 2659 5553 est
2683 5497 2881 5565 aliquid
