4226 6206
603 159 705 211 ’559

1111 123 1187 212 ἐ.
1229 156 1523 216 ANSELMI
1562 159 1904 219 murum.
1942 160 2184 216 ancuuz

2298 159 2445 217 ore.
2489 162 2665 216 rans
2707 161 2839 216 1.-
2866 144 3279 219 uocantes.

3712 169 3825 235 διο

599 268 758 331 quid;
793 265 888 319 sed
940 280 1151 338 semper
1181 267 1310 324 nihil
1354 286 1470 325 esse
1519 273 1652 327 nihil
1700 286 1953 340 cogamur
2006 270 2161 324 l‘ateri
2191 274 2486 339 Adiversis
2530 272 2827 331 rationibus
2877 274 3213 345 aliquatenus
3266 275 3531 346 signiﬁcat
3597 293 3728 343 rem,
3772 293 3829 339 et

606 355 724 421 ³³⁵⁸⁸,
772 374 928 412 nemo
953 368 1127 410 tamen
1152 367 1327 425 potest
1355 358 1446 389 ¹⁹⁶⁵
1472 374 1664 413 nomen
1712 358 1862 412 nihili
1900 359 2193 426 signiﬁcav‘

606 451 772 503 tivum
803 464 919 502 esse
948 448 1041 481 ¹⁹⁶⁶
1071 448 1308 515 diﬁiteri.
1338 448 1549 509 Verum.
1575 450 1618 503 si
1648 451 1749 503 hoc
1775 444 1951 517 ipsum
1976 462 2166 502 nomen

604 556 710 593 non
740 536 1007 607 signiﬁcat
1042 539 1195 601 ttihil,
1232 542 1324 591 sed
1358 537 1557 606 aliquid
1582 577 1597 602 ,
1638 539 1690 591 id
1720 539 1861 605 quod
1902 536 2169 605 signiﬁca-

604 639 713 690 tur,
745 628 958 681 videtur
980 630 1266 693 non‘posse
1295 641 1413 681 esse
1440 627 1593 691 nihil,
1622 628 1715 680 sed
1748 627 1915 697 magis
1940 628 2162 695 aliquid.

604 716 662 769 Si
693 731 821 784 ergo
844 717 982 784 quod
1017 715 1348 783 signiﬁcatur
1374 731 1478 768 non
1509 723 1592 768 est
1630 715 1781 779 nihil,
1813 717 1903 768 sed
1931 716 2159 785 aliquid,

603 807 837 877 qualiter
858 820 1040 859 verum
1069 806 1173 856 erit
1203 814 1260 856 ut
1298 802 1430 856 nihil
1469 804 1801 873 signiﬁcetur
1834 804 1922 834 ‘9"
1950 820 2044 872 per
2065 806 2165 861 hoc

602 911 816 959 nomen,
846 895 989 963 quod
1016 904 1100 947 est
1122 894 1288 947 nihil?
1324 893 1531 963 Quippe
1552 894 1596 946 si
1627 907 1752 947 vere
1784 893 1920 947 nihil
1947 894 2161 959 dicitur,

599 999 726 1039 vere
758 985 891 1039 nihil
947 996 1065 1049 est;
1101 994 1151 1038 el
1183 984 1384 1038 idcirco
1436 999 1542 1038 non
1593 985 1924 1052 estaliquid.
1964 983 2161 1052 Quare,

598 1074 646 1127 si
680 1076 823 1142 quod
862 1074 1198 1143 signiﬁcatur
1224 1073 1327 1127 hoc
1365 1074 1601 1136 nomine,
1633 1088 1736 1125 non
1776 1082 1857 1127 cst
1889 1073 2043 1138 nihil,
2071 1075 2162 1128 sed

597 1164 800 1233 aliquid
845 1163 1316 1233 (quemadmodum
1383 1163 1764 1230 consequentia
1814 1163 2024 1216 videtur
2070 1178 2160 1216 os-

599 1246 875 1319 tendere),
932 1252 1067 1305 l'also
1110 1262 1165 1308 et
1214 1252 1504 1321 incongrue
1536 1252 1626 1284 ’³⁸⁸
1663 1260 1883 1306 vocatur
1916 1253 2017 1307 hoc
2067 1267 2163 1306 no-

597 1345 765 1398 mine.
814 1346 885 1397 At
934 1352 1173 1407 econtra,
1224 1345 1269 1397 si
1318 1341 1609 1397 secundum
1636 1342 1894 1415 judicium
1924 1342 2160 1397 omnium

600 1430 716 1496 ‘m,
754 1433 805 1485 id
835 1434 975 1500 quod
1007 1433 1317 1485 nominatur
1351 1431 1483 1485 nihil
1508 1446 1633 1485 vere
1661 1440 1744 1484 est
1774 1431 1930 1500 nihil,
1960 1445 2161 1498 nequa-

597 1534 761 1589 quam
801 1499 883 1573 est
920 1519 1151 1587 aliquid;
1186 1534 1484 1587 usquamne
1515 1520 1727 1579 videtur
1746 1499 1947 1585 aliquid
1972 1532 2162 1571 conse-

2275 361 2501 430 aliquid;
2534 372 2588 417 et
2617 364 2923 420 nullatenus
2973 366 3241 434 signiﬁcat
3287 380 3419 433 rem,
3463 377 3554 422 aut
3583 369 3782 440 aliquid
3808 389 3827 428 :

2270 453 2536 523 signiﬁcat
2580 456 2723 509 enim
2769 458 3109 520 removendo,
3139 468 3192 511 ct
3238 472 3342 512 non
3382 462 3650 531 signiﬁcat
3698 478 3830 519 eon—

2270 542 2557 596 Stilttettdo.
2589 543 2700 597 Hac
2742 544 2949 598 ratione
2987 560 3202 611 nomen,
3232 546 3403 612 .niltil,
3441 551 3581 616 quod
3612 550 3826 619 perimit

2267 644 2426 684 omne
2454 633 2594 700 qu‘od
2627 642 2709 686 est
2735 633 2953 702 aliquid,
2984 643 3037 687 et
3072 636 3396 689 deStruendo
3422 652 3526 691 non
3556 640 3826 707 significat

2266 720 2421 781 nihil,
2451 721 2543 774 sed
2564 720 2796 789 aliquid;
2825 730 2879 789 et
2909 722 3282 777 constituendo
3308 739 3411 777 non
3440 725 3823 795 signiﬁeatali-

2266 809 2413 875 quid,
2444 809 2536 863 sed
2570 809 2722 863 nihil.
2775 808 3108 879 Quapropter
3149 828 3253 866 non
3294 824 3376 867 est
3422 830 3660 879 necesse,
3694 816 3830 871 nihil

2265 914 2384 955 esse
2407 900 2626 969 aliquid,
2654 902 2773 955 ideo
2818 904 2943 971 quia
2972 920 3167 958 nomen
3192 902 3305 975 ejus
3333 907 3600 976 signiﬁcat
3626 907 3830 976 aliquid

2266 990 2377 1054 ‘9",
2411 991 2649 1061 quolibet
2697 994 2890 1059 modo;
2941 994 3036 1047 sed
3078 996 3258 1062 potius
3307 1012 3531 1059 necesse
3578 1005 3661 1051 est
3690 997 3829 1051 nihil

2263 1094 2383 1134 esse
2414 1081 2564 1145 nihil,
2599 1074 2725 1149 quia
2752 1097 2945 1136 nomen
2982 1083 3096 1150 ejus
3119 1085 3385 1154 signiﬁcat
3406 1087 3514 1140 hoc
3542 1086 3701 1140 modo
3729 1086 3829 1139 ali-

2262 1170 2408 1236 quid.
2447 1170 2559 1223 lloc
2610 1170 2793 1239 itaque.
2838 1172 2994 1224 modo
3034 1187 3139 1224 non
3169 1182 3428 1242 repugnat
3469 1173 3663 1227 malum
3696 1172 3832 1229 nihil

2262 1274 2380 1314 esse
2401 1267 2455 1312 et
2477 1259 2806 1314 malinomen
2833 1275 2950 1315 esse
2979 1261 3417 1331 signiﬁcativum;
3439 1264 3481 1316 si
3505 1265 3583 1318 sic
3614 1264 3704 1297 ηπ
3730 1265 3831 1319 ali-

2266 1346 2392 1415 quid
2420 1347 2733 1413 perimendo
2760 1348 3049 1417 signiﬁcat,
3080 1360 3138 1403 ut
3166 1350 3362 1406 nullius
3392 1351 3468 1405 rei
3504 1352 3576 1405 sit
3618 1351 3824 1412 consti-

2263 1429 2486 1489 tutivum
2533 1437 2645 1490 "7‘.
2694 1436 2837 1493 DISC.
2886 1436 3103 1506 Nequeo
3155 1453 3354 1507 negare
3409 1454 3602 1494 nomen
3652 1440 3828 1507 nihili,

2261 1528 2549 1581 secundum
2595 1527 2909 1605 praedictam
2949 1544 2978 1582 a
3032 1540 3082 1583 te
3122 1529 3404 1595 rationem,
3448 1530 3627 1598 aliquo
3666 1532 3831 1585 modo

607 1608 880 1679 quentius,
908 1623 1071 1676 quam
1103 1617 1163 1662 ut
1210 1610 1311 1663 hoc
1359 1609 1532 1677 ipsum
1575 1623 1765 1662 nomen
1793 1607 1925 1660 nihil
1954 1606 2157 1675 signiﬁ-

2264 1619 2568 1687 signiﬁcare
2616 1616 2850 1687 aliquid;
2882 1617 2976 1671 sed
3024 1618 3156 1673 satis
3200 1628 3385 1673 notum
3432 1628 3513 1674 est
3542 1620 3667 1688 quia
3697 1618 3830 1673 illud

597 1709 705 1765 cet,
728 1700 781 1753 id
810 1708 892 1753 est
929 1714 1033 1752 non
1083 1698 1348 1768 signiﬁcet
1389 1699 1480 1734 "7°
1519 1698 1757 1767 aliquid?
1800 1697 1937 1763 Quid
1983 1698 2164 1764 itaque

529 1810 533 1812 ν
595 1802 681 1845 est
710 1790 835 1859 quia
878 1790 979 1843 hoc
1017 1804 1238 1854 nomen,
1290 1789 1537 1843 videlicet
1572 1788 1704 1841 nihil
1750 1803 1856 1841 non
1896 1785 2164 1853 signiﬁcat

596 1881 687 1913 ¹⁹⁷¹
718 1878 871 1943 nihil,
900 1879 993 1932 sed
1026 1878 1259 1947 aliquid;
1290 1891 1346 1932 et
1389 1894 1493 1934 non
1527 1878 1798 1948 signiﬁcat
1818 1876 2039 1944 aliquid,
2070 1875 2164 1928 sed

593 1970 765 2027 nihil?
818 1969 958 2025 ΜΑο.
1012 1969 1261 2024 Forsitan
1310 1984 1415 2023 non
1471 1978 1797 2039 repugnant,
1852 1967 2163 2036 signiﬁcare

594 2062 728 2116 nihil
785 2059 1092 2129 et_aliquid.
1123 2060 1266 2115 Dtsc.
1320 2060 1374 2116 Si
1408 2076 1513 2119 non
1563 2068 1861 2131 repugnant
1890 2077 1905 2113 :
1937 2068 2029 2112 aut
2062 2060 2165 2121 ista

591 2165 701 2206 vox
733 2150 943 2205 diversa
981 2150 1415 2204 consideratione
1465 2151 1733 2220 signiﬁcat
1775 2140 1916 2203 nihil
1963 2159 2018 2203 et
2068 2149 2165 2201 ali-

596 2240 757 2308 quid;
814 2251 908 2295 aut
947 2241 1037 2271 "7’
1073 2228 1395 2294 invenienda
1443 2256 1529 2295 res
1557 2250 1640 2295 est
1675 2240 1875 2309 aliqua,
1933 2253 2051 2306 qua:
2094 2239 2163 2291 sit

597 2330 823 2398 aliquid,
851 2338 911 2384 et
950 2329 1102 2383 nihil.
1144 2329 1281 2384 illac.
1330 2329 1471 2396 Quid
1515 2329 1559 2383 si
1598 2340 1887 2397 utrumque
1933 2328 2163 2381 inveniri

596 2427 798 2487 potest,
827 2416 903 2473 'et
937 2418 1175 2483 diversa,
1227 2418 1434 2472 scilicet
1464 2418 1876 2487 signiﬁcationis
1918 2417 2166 2471 conside-

596 2508 736 2562 ratio
769 2508 822 2561 in
861 2509 963 2561 hoc
991 2508 1224 2571 nomine,
1254 2517 1307 2561 et
1355 2507 1597 2561 eamdem
1628 2523 1745 2562 rem
1792 2520 1910 2560 esse
1938 2506 2160 2575 aliquid,

597 2607 655 2653 et
688 2598 856 2652 nihil?
896 2599 1043 2652 Dtsc.
1078 2588 1376 2667 Utrumque
1422 2598 1609 2652 vellent
1642 2613 1992 2668 cOgnoscere.
2022 2598 2160 2652 MAG.
2191 2642 2196 2647 .

595 2689 821 2745 Constat
858 2688 1113 2756 quoniam
1154 2688 1270 2742 haec
1304 2702 1428 2752 vox,
1460 2687 1668 2742 scilicet
1718 2688 1870 2749 nihil,
1904 2696 2163 2753 quantum

602 2776 675 2830 ad
703 2774 1179 2843 signiﬁcationem,
1231 2774 1535 2829 nullatenus
1582 2773 1760 2828 diﬁ‘ert
1810 2774 1876 2825 ab
1914 2787 1978 2827 eo
2022 2772 2165 2841 quod

602 2869 749 2932 dico,
795 2883 904 2923 non
952 2867 1156 2945 aliquid
1185 2867 1300 2920 "7’.
1342 2866 1485 2919 Nihil
1521 2879 1733 2940 quoque
1772 2865 1873 2917 hoc
1904 2864 2160 2933 apertius,

2264 1704 2487 1775 aliquid,
2516 1706 2657 1775 quod
2706 1706 2807 1759 isto
2853 1706 3012 1761 modo
3055 1707 3158 1761 hoc
3205 1707 3421 1762 nomine
3473 1706 3827 1776 signiﬁcatur,

2262 1811 2369 1849 non
2396 1796 2703 1849 nominatur
2732 1795 2897 1859 nihil;
2940 1810 3038 1849 nec
3060 1811 3182 1850 cum
3210 1797 3456 1851 audimus
3476 1797 3579 1852 hoc
3606 1811 3825 1863 nomen,
3910 1804 3913 1807 '

2267 1884 2562 1953 accipimus
2592 1882 2716 1937 illud
2756 1898 2853 1951 pro
2884 1883 2975 1955 illa
3006 1898 3063 1939 re
3091 1886 3203 1949 ω’,
3234 1901 3397 1954 quam
3437 1884 3511 1938 ita
3534 1884 3821 1954 signiﬁcat.

2263 1973 2397 2029 lllud
2425 1974 2585 2043 igitur
2616 1974 2705 2007 ¹⁹⁸⁰
2736 1987 2939 2041 (ιυωτο,
2971 1988 3071 2041 pro
3094 1989 3199 2042 quo
3228 1976 3329 2030 hoc
3358 1988 3552 2029 nomen
3574 1976 3826 2043 ponitur;

2262 2075 2319 2120 et
2349 2066 2489 2132 quod
2518 2064 2864 2134 intelligimus
2906 2056 3018 2129 "3‘,
3054 2080 3175 2117 cum
3209 2066 3379 2134 ipsum
3412 2066 3659 2120 audimus
3689 2064 3782 2098 Μ’
3809 2080 3825 2117 :

2266 2157 2422 2220 illud,
2454 2154 2694 2223 inquam,
2736 2169 2937 2222 quaero,
2968 2154 3095 2222 quid
3126 2153 3213 2206 sit.
3244 2153 3374 2208 lllud
3412 2154 3554 2207 enim
3599 2155 3701 2208 hoc
3725 2167 3831 2209 no-

2263 2258 2384 2297 men
2417 2242 2629 2311 proprie
2681 2242 2772 2274 ¹⁹⁶³
2801 2241 3098 2310 signiﬁcat;
3144 2249 3198 2294 et
3244 2240 3443 2296 idcirco
3474 2255 3669 2297 nomen
3719 2249 3827 2305 est,

2265 2331 2388 2399 quia
2435 2331 2551 2399 ejus
2584 2330 2999 2397 signiﬁcativum
3035 2336 3117 2381 est
3162 2327 3277 2393 ⁸⁸⁸⁵,
3330 2343 3435 2381 non
3486 2328 3612 2396 quia
3660 2343 3826 2396 supra

2265 2420 2407 2474 dicto
2436 2420 2592 2472 modo
2628 2418 2872 2486 negando
2916 2416 3189 2486 signiﬁcat
3227 2416 3430 2483 aliquid
3457 2433 3469 2468 :
3495 2416 3610 2484 ejus
3634 2415 3861 2483 quippe.

2264 2521 2458 2561 nomen
2503 2515 2609 2570 est,
2654 2521 2756 2575 pro
2783 2504 2935 2573 cujus
2978 2506 3370 2574 signiﬁcatione
3420 2506 3562 2559 inter
3609 2506 3830 2559 nomina

2265 2606 2627 2666 computatur,
2650 2596 2854 2649 et‘illud
2878 2608 3102 2651 vocatur
3122 2596 3272 2651 nihil.
3306 2596 3437 2649 Illud
3466 2611 3669 2666 quaero,
3693 2611 3827 2664 quo-

2267 2688 2425 2741 modo
2454 2687 2524 2740 sit
2549 2687 2772 2756 aliquid,
2797 2686 2843 2739 si
2872 2687 3088 2755 proprie
3116 2694 3337 2740 vocatur
3369 2686 3500 2739 nihil
3520 2687 3819 2753 ;'autqua.

2266 2776 2389 2830 liter
2411 2776 2480 2830 sit
2504 2775 2656 2838 nihil,
2682 2776 2726 2829 si
2752 2790 2947 2828 nomen
2972 2774 3384 2842 signiﬁcativum
3408 2774 3525 2842 ejus
3553 2774 3827 2843 signiﬁcat

2268 2862 2468 2934 aliquid
2505 2865 2619 2928 ηδ’,
2649 2874 2742 2917 aut
2766 2864 3033 2931 quomodo
3057 2850 3199 2916 idem
3226 2864 3296 2917 sit
3323 2862 3545 2930 aliquid,
3576 2872 3632 2915 et
3658 2862 3829 2916 nihil?

596 2973 760 3027 quam
792 2957 935 3037 quod
968 2958 1083 3011 haec
1129 2972 1255 3023 vox,
1288 2956 1497 3011 scilicet
1528 2971 1631 3010 non
1680 2954 1903 3023 aliquid,
1948 2968 2161 3007 omnem
2191 2969 2235 3030 ρ
2266 2953 2398 3009 Illud
2438 2953 2576 3008 idem
2607 2966 2792 3022 quaero
2820 2952 2886 3005 de
2924 2952 3142 3005 nomine
3185 2949 3345 3013 mali;
3383 2958 3437 3002 et
3485 2949 3549 3002 de
3597 2964 3662 3002 eo
3688 2952 3836 3018 quod

599 3066 713 3107 rem
745 3044 960 3118 penims
1010 3057 1067 3102 et
1108 3059 1268 3101 omne
1311 3046 1452 3115 quod
1498 3054 1581 3099 est
1626 3044 1855 3114 aliquid,
1893 3043 2164 3097 intellectu

601 3138 1021 3203 removendum;
1061 3151 1161 3189 nec
1202 3136 1423 3188 omnino
1451 3134 1613 3203 ullam
1652 3148 1787 3197 rem,
1832 3142 1924 3185 aut
1955 3134 2167 3197 penitus

602 3228 747 3296 quod
797 3226 996 3294 aliquid
1045 3224 1117 3285 sit
1141 3225 1193 3277 in
1224 3223 1498 3277 intellectu
1546 3222 1879 3275 retinendum
1924 3220 2034 3284 ""‘,
2068 3235 2163 3274 sua

601 3315 999 3386 signiﬁcatione
1039 3311 1337 3366 constituit.
1371 3310 1474 3364 Sed
1506 3311 1759 3379 quoniam
1815 3309 2041 3362 remotio
2072 3309 2166 3361 ali-

598 3401 753 3470 cujus
785 3402 858 3455 rei
890 3399 1181 3467 signiﬁcari
1210 3399 1509 3453 nullatenus
1529 3408 1703 3468 potest
1724 3399 1824 3452 nisi
1849 3414 1970 3452 cum
1993 3398 2158 3466 signi-

601 3489 852 3544 ﬁcatione
898 3487 1015 3555 ejus
1066 3487 1253 3555 ipsius,
1309 3486 1460 3553 cujus
1511 3486 1843 3554 signiﬁcatur
1893 3482 2161 3538 remotio:

600 3577 781 3634 nullus
801 3578 944 3631 enim
970 3575 1219 3645 intelligit
1246 3574 1374 3644 quid
1405 3574 1669 3643 signiﬁcet
1704 3589 1811 3627 non
1853 3573 2034 3637 homo,
2062 3573 2164 3625 nisi

602 3668 949 3736 intelligendo
974 3667 1102 3735 quid
1133 3668 1200 3721 sit
1228 3666 1391 3720 homo
1428 3684 1438 3718 :
1474 3680 1696 3719 necesse
1722 3673 1801 3718 est
1838 3674 1896 3718 ut
1928 3664 2043 3717 hate
2074 3664 2165 3695 ¹⁹⁷⁸

600 3772 705 3813 vox
735 3772 853 3823 qua:
883 3763 989 3817 est,
1033 3770 1137 3807 non
1169 3754 1393 3821 aliquid,
1425 3753 1751 3807 destruendo
1798 3753 1850 3805 id
1892 3753 2031 3820 quod
2084 3762 2166 3805 est

602 3847 825 3915 aliquid,
860 3847 1125 3915 signiﬁcet
1158 3845 1382 3913 aliquid.
1413 3843 1675 3909 Quoniam
1716 3857 1841 3895 vero
1873 3841 2173 3894 auferendo

600 3951 759 3989 ontne
783 3937 922 4004 quod
946 3946 1027 3987 est
1054 3928 1278 4001 aliquid,
1309 3934 1506 3984 nullam
1544 3932 1813 4001 signiﬁcat
1840 3930 2152 3993 essentiam,

600 4042 762 4100 quam
797 4028 851 4089 in,
876 4025 1143 4080 audientis
1178 4023 1446 4103 intellectu
1473 4018 1805 4074 retinendam
1826 4018 2120 4071 constituat
2149 4036 2161 4071 :

600 4115 808 4172 idcirco
836 4131 959 4180 vox,
995 4130 1098 4169 non
1128 4111 1343 4181 aliquid,
1393 4110 1589 4162 nullam
1626 4122 1758 4171 rem,
1808 4114 1900 4158 aut
1922 4102 2065 4173 quod
2096 4106 2167 4158 sit

602 4204 824 4276 aliquid,
852 4206 1136 4276 signiﬁcat.
1188 4192 1350 4272 Igitur
1381 4203 1493 4255 hzec
1528 4216 1647 4263 vox,
1681 4214 1784 4251 non
1817 4196 2041 4263 aliquid,
2073 4196 2166 4249 .his

2269 3048 2557 3117 signiﬁcat,
2585 3056 2641 3100 et
2690 3046 2834 3113 quod
2884 3045 3084 3099 malum
3122 3044 3446 3109 nominatur.
3492 3042 3631 3096 MAG.
3664 3041 3835 3097 Recte

2269 3138 2495 3206 qureris;
2542 3136 2666 3203 quia
2712 3134 2856 3197 licet,
2905 3134 3239 3201 supraposita
3271 3133 3497 3195 ratione,
3550 3131 3747 3184 malum
3777 3139 3837 3185 et

2266 3226 2402 3282 nihil
2452 3225 2754 3294 signiﬁcent
2802 3224 3035 3291 aliquid,
3098 3231 3275 3279 tamen
3321 3223 3463 3290 quod
3499 3220 3835 3290 signiﬁcatur

2268 3329 2372 3368 non
2396 3322 2478 3367 est
2508 3313 2707 3366 malum
2738 3319 2830 3365 aut
2860 3310 2993 3363 nihil
3028 3309 3122 3342 "“
3149 3326 3162 3361 :
3194 3309 3286 3363 sed
3318 3296 3405 3362 est
3429 3308 3532 3360 alia
3578 3307 3714 3360 ratio
3738 3306 3833 3340 ³⁸⁸⁷

2268 3418 2370 3472 qua
2424 3402 2727 3471 signiﬁcant
2792 3398 3020 3466 aliquid,
3064 3382 3117 3452 et
3163 3397 3303 3466 quod
3366 3397 3698 3466 signiﬁcatur
3748 3405 3838 3457 est

2267 3492 2493 3560 aliquid;
2529 3491 2620 3544 sed
2645 3485 2753 3543 non
2785 3503 2911 3541 vere
2936 3488 3134 3555 aliquid
3164 3486 3276 3550 ⁸³⁸⁸,
3309 3486 3402 3540 sed
3431 3486 3583 3554 quasi
3612 3484 3832 3553 a'iquid.

2270 3582 2431 3635 Multa
2476 3581 2671 3648 quippe
2714 3594 2832 3632 esse
2861 3578 3108 3631 dicuntur
3131 3576 3231 3609 ’⁸⁸³
3257 3576 3550 3631 secundum
3580 3574 3834 3640 formam,

2266 3683 2384 3736 quae
2434 3682 2542 3721 non
2590 3674 2715 3717 sunt
2759 3665 3052 3718 secundum
3099 3679 3261 3718 rem:
3310 3671 3407 3728 ut,
3464 3664 3691 3727 timere,
3744 3677 3837 3718 δὴ

2268 3758 2498 3812 cundum
2552 3755 2775 3809 formam
2825 3755 2994 3818 vocis,
3035 3754 3232 3807 dicitur
3277 3755 3537 3818 activum,
3585 3768 3704 3807 cum
3754 3753 3833 3808 sit

2267 3848 2372 3917 67
2404 3846 2694 3914 passivum,
2727 3844 3020 3897 secundum
3071 3858 3204 3896 rem.
3246 3843 3323 3895 Ita
3370 3857 3582 3910 quoque
3612 3843 3832 3897 accitas

2269 3938 2461 3990 dicitur
2494 3934 2719 4002 aliquid,
2759 3934 3053 4009 secundum
3095 3932 3320 4009 formam
3363 3930 3646 4000 loquendi,
3701 3946 3829 3984 cum

2268 4042 2371 4080 non
2404 4026 2472 4078 sit
2502 4024 2722 4091 aliquid,
2753 4008 3053 4076 secundum
3075 4008 3215 4074 rem.
3248 4021 3398 4075 Sicut
3429 4023 3573 4087 enim
3625 4020 3690 4075 de
3725 4021 3828 4072 ali-

2267 4129 2371 4182 quo
2410 4112 2639 4166 dicimus
2668 4111 2793 4179 quia
2826 4110 2995 4163 visum
3031 4110 3212 4171 habet,
3253 4120 3307 4167 et
3346 4110 3489 4161 visus
3528 4116 3611 4161 cst
3658 4109 3709 4162 in
3734 4122 3832 4172 eo;

2270 4202 2341 4254 ita
2370 4200 2594 4255 dicimus
2622 4199 2745 4269 quia
2769 4198 2929 4252 habet
2953 4197 3265 4261 eiecitatem,
3295 4206 3350 4251 et
3376 4197 3589 4250 caccitas
3639 4204 3723 4248 est
3778 4196 3818 4252 il

1864 4378 2088 4432 ΥΑΒΙΑΞ
2115 4375 2505 4431 LECTlONES.

675 4515 764 4545 ’⁸⁸⁸
791 4511 928 4564 Nihil
955 4526 1093 4574 esse,
1124 4526 1393 4577 cogamur
1414 4508 1567 4561 fateri
1594 4508 1722 4565 nihil
1753 4526 1873 4560 mss.
1914 4507 2039 4559 l’ict.
2066 4508 2180 4560 Bcr.
2207 4507 2351 4561 Gem.
2396 4505 2547 4560 Corb.
2576 4507 2705 4559 nihil
2740 4521 2863 4577 esse
2889 4506 3019 4559 nihil
3045 4504 3473 4577 cogamurl‘ateri
3498 4505 3639 4577 __"“
3666 4501 3836 4559 Nemo

675 4592 775 4636 test
811 4597 935 4631 mss.
970 4595 1124 4632 nemo
1158 4573 1332 4630 tamen
1378 4573 1549 4643 potest
1645 4577 1733 4645 ‘9‘,“
1778 4578 2145 4645 Signilicatuin
2187 4593 2304 4629 esse
2336 4592 2458 4645 mss.
2511 4576 2917 4645 signiﬁcativum
2959 4590 3076 4628 esse
3151 4574 3237 4604 ¹⁹⁶⁷
3376 4573 3702 4645 signiﬁcetur
3733 4587 3833 4630 ms.

659 4656 744 4702 ἑτι.
800 4650 832 4701 6
872 4658 928 4700 ut
968 4648 1097 4699 nihil
1142 4639 1469 4713 signiﬁcetur
1566 4645 1653 4675 ³³⁸⁸
1682 4639 1911 4699 Ιθιιιςρῖτι
1941 4646 2225 4712 incongrue
2270 4661 2366 4695 ms.
2403 4643 2532 4695 Vict.
2558 4639 2609 4696 9.
2642 4644 2773 4713 falso
2811 4644 3175 4713 etincongrue
3268 4641 3356 4672 ‘9"
3381 4639 3645 4713 Iudicium
3675 4654 3836 4693 omne

600 4738 726 4773 mss.
764 4718 1021 4782 judicium
1067 4708 1302 4767 omnium
1383 4713 1545 4765 mold
1586 4728 1688 4763 non
1738 4715 2003 4780 signiﬁcet
2046 4708 2167 4765 mis.
2195 4713 2246 4773 id
2278 4721 2358 4765 est
2388 4727 2497 4782 non
2522 4712 2784 4778 signiﬁcet
2860 4708 3216 4782 “’7’7‘7Videlicet
3266 4725 3368 4782 non
3393 4708 3676 4782 signiﬁcat
3705 4723 3829 4782 mss.

600 4778 845 4840 vidi-licet
893 4785 1018 4836 nihil
1064 4800 1167 4835 non
1218 4782 1482 4847 signiﬁcat
1557 4782 1645 4811 "7'
1680 4778 2010 4847 Aut'aliqnid
2050 4796 2063 4832 :
2100 4792 2189 4833 aut
2224 4780 2763 4847 niss.etaliqttitl,aut
2839 4781 2925 4813 ³⁸⁷³
2945 4780 3078 4832 Dicit
3114 4795 3216 4831 non
3246 4778 3440 4845 aliquid
3468 4794 3590 4847 mss.
3613 4786 3657 4828 et
3701 4778 3832 4828 edit.

604 4858 757 4910 Galli.
804 4855 922 4903 dico
956 4868 1058 4904 non
1085 4845 1292 4917 aliquid
1378 4852 1467 4880 ‘9‘”
1492 4850 1762 4902 lntelleetu
1811 4845 2140 4903 retinendum
2167 4866 2288 4902 mss.
2322 4850 2369 4900 in
2414 4845 2679 4901 intellectu
2705 4849 3059 4917 retinendum
3115 4848 3204 4917 "7"
3226 4848 3452 4917 Necesse
3482 4856 3537 4896 ut
3565 4845 3675 4896 hmc
3704 4859 3827 4917 mss.

604 4939 824 4976 necesse
846 4930 926 4973 est
947 4931 1002 4971 ut
1027 4922 1139 4972 hmc
1175 4912 1188 4917 ’
1214 4920 1306 4950 “7°
1330 4918 1529 4971 Nomen
1562 4918 2040 4985 signiﬁcctaliquil
2072 4937 2193 4971 mss.
2227 4934 2415 4969 nomen
2440 4916 2553 4980 ejus
2582 4918 2841 4985 signiﬁcat
2869 4916 3064 4983 aliquid
3143 4916 3227 4947 ⁸⁵⁷⁷
3257 4914 3644 4985 signiﬁcatum,
3668 4912 3831 4985 sed‘sj

606 5009 731 5043 mss.
762 4989 1195 5057 siguilicativmn,
1228 4988 1272 5039 si
1299 4990 1378 5041 sic
1452 4987 1541 5017 ¹¹³⁷⁸
1566 4979 1666 5057 llic
1693 4989 1744 5057 in
1779 5004 1898 5039 mss.
1932 4979 2033 5057 inc.
2064 5004 2177 5047 cup.
2226 4988 2307 5057 ll.
2349 4986 2412 5037 In
2444 4979 3110 5057 illulOJQIIOlllptlQlllllllllll
3139 4979 3656 5057 nassLQImdmalum
3696 5048 3706 5057 _
3734 4980 3830 5011 “"

602 5060 734 5111 lllml
770 5048 865 5123 pro
895 5057 980 5107 illa
1008 5048 1068 5109 re
1094 5048 1212 5110 mss.
1239 5056 1423 5109 Πίθων.
1448 5058 1591 5107 omit.
1622 5048 1742 5107 illud
1767 5066 1811 5107 et
1845 5070 1900 5107 re
1977 5056 2065 5085 ¹⁹⁸⁰
2091 5056 2215 5106 Illud
2247 5056 2403 5121 igitur
2433 5070 2551 5123 mss.
2580 5053 2762 5104 (λίθων.
2788 5054 2909 5104 illud
2942 5068 3066 5105 vero
3141 5054 3225 5087 *9“
3252 5052 3314 5103 Et
3345 5049 3466 5123 quid
3490 5048 3832 5123 intelligimus
3898 5068 3907 5073 -

607 5144 728 5177 mss.
772 5115 907 5175 'Vict.
933 5134 985 5175 et
1015 5126 1151 5190 quod
1180 5126 1521 5191 intelligimus
1594 5127 1686 5163 ³³⁵³
1708 5124 1839 5178 Cum
1865 5127 2033 5190 ipsum
2065 5115 2305 5174 audimth
2336 5138 2455 5172 mss.
2480 5122 2662 5173 Cisler.
2695 5136 2813 5191 cum
2848 5123 3014 5191 ipsum
3048 5136 3239 5172 nomen
3271 5115 3678 5191 ιιιιείίιιιιιξωυξζ³
3719 5115 3833 5191 [loc

610 5196 825 5244 nomine
851 5183 1060 5257 proprie
1085 5210 1203 5242 mss.
1234 5196 1329 5246 hoc
1350 5183 1541 5245 limum
1570 5194 1779 5258 proprie
1875 5183 1963 5231 {93"
1988 5194 2110 5258 Ejus
2133 5193 2489 5256 signiﬁcatum
2516 5200 2595 5241 est
2621 5206 2740 5241 mss.
2766 5183 2878 5255 «jus?
2910 5190 3319 5258 sigttilicativutn
3342 5194 3421 5239 est
3455 5253 3463 5258 _
3496 5183 3831 5258 ’°“§_Sigttiﬁ-

614 5272 790 5311 ratium
820 5252 1080 5320 signiﬁcat
1126 5262 1252 5311 nihil
1304 5280 1425 5313 mss.
1452 5252 1859 5329 sigttilicativutn
1891 5261 2005 5325 ejus
2026 5252 2291 5329 signiﬁcat
2322 5258 2517 5329 aliquid
2548 5275 2671 5329 mss.
2702 5259 2761 5309 S.
2793 5252 3391 5329 illtclt.'signilicativum
3421 5253 3535 5329 ejus
3565 5252 3831 5329 Signiﬁcat

612 5330 740 5378 nihil
842 5328 931 5358 “3°
954 5329 1294 5395 Signil‘tcatur
1325 5320 1527 5381 tnaluni
1550 5346 1653 5381 non
1680 5340 1759 5381 est
1791 5340 1877 5381 aut
1911 5320 2039 5380 nihil
2068 5320 2189 5379 mss.
2216 5320 2771 5395 Cistof.'signilicatur,
2802 5343 2903 5380 non
2931 5337 3011 5380 est
3038 5320 3235 5377 malum
3266 5332 3356 5395 aut
3386 5323 3511 5395 nihil
3537 5320 3831 5395 Ammjﬁril

614 5405 660 5450 et
691 5398 789 5447 alia
823 5396 959 5447 ratio
989 5388 1107 5448 nias.
1138 5408 1221 5449 est
1251 5398 1349 5449 alia
1387 5399 1517 5449 ratio
1595 5400 1681 5428 ‘9“
1721 5400 1825 5449 Sed
1859 5414 1958 5447 nun
2003 5413 2124 5451 vet'e
2151 5406 2230 5452 est
2263 5388 2609 5463 alitiuid'mss.
2636 5388 2819 5448 Cistér.
2865 5396 2954 5450 sed
2986 5408 3090 5448 non
3113 5390 3459 5463 vet'e‘aliquid
3534 5389 3622 5421 ⁸⁸⁸⁵
3665 5390 3828 5443 Multa

628 5466 836 5539 quidem
868 5465 1110 5517 dicuntur
1149 5482 1265 5517 Mss.
1306 5466 1477 5531 tnnlla
1530 5468 1719 5534 quippe
1749 5467 2008 5535 'dicuntur
2354 5461 2365 5463 “
3246 5461 3250 5465 ’
