4226 6244
583 333 694 393 513
1129 342 1187 395 S.
1231 340 1525 395 ANSELMI
1560 337 1910 393 CAN'IUAR.
1954 332 2273 392 ARClllEP.
2306 332 2457 388 OPP.
2493 329 2671 386 PARS
2709 329 2750 384 Ι.
2792 361 2862 372 --
2902 331 3320 422 DOGMATICA.
3751 337 3854 394 διδ

586 454 757 507 Multa
785 436 1018 521 namque
1049 470 1097 506 ιιι
1125 453 1397 506 communi
1440 453 1711 505 locutione
1763 453 2022 505 dicuntur
2072 454 2143 504 im

2283 447 2432 514 cujus
2456 445 2722 499 commodi
2753 445 2820 499 ad
2852 445 3137 500 volentium
3165 433 3387 515 aliquid,
3433 449 3534 503 nisi
3566 465 3654 518 qut
3705 452 3855 521 prius

587 545 840 613 proprie;
869 545 962 598 sed
987 560 1107 596 cum
1130 553 1342 611 oportet
1369 545 1465 574 ¹⁰⁰³
1497 543 1783 597 medullam
1818 544 2061 597 veritatis
2092 545 2174 596 in-
2278 539 2438 591 liabet
2483 540 2794 589 naturalem
2834 536 3160 591 voluntatem
3203 536 3405 591 vitandi
3455 538 3852 596 inconnnodum

594 635 834 703 qirere,
881 649 1102 688 necesse
1123 645 1207 688 est
1235 635 1702 706 improprietatem
1736 617 2170 706 perturbantem,
2276 640 2366 681 aut
2401 627 2628 681 haben—di
2657 629 3034 692 commodum;
3065 627 3189 706 quia
3233 629 3508 683 voluntate
3558 645 3615 684 se
3675 625 3853 688 movet

590 732 852 792 quantum
878 737 967 776 res
993 725 1197 793 expetit
1223 736 1276 780 et
1303 727 1558 795 possibile
1608 737 1708 790 est,
1742 741 2041 780 secernere.
2095 725 2173 780 15x
2276 719 2341 771 ad
2367 718 2500 771 alias
2525 717 2852 770 voluntates.
2885 717 3028 770 [ηερ.
3062 717 3270 786 Negare
3305 733 3535 788 nequeo.
3581 719 3718 774 MAG.
3757 722 3853 777 Dic

585 829 689 886 qua
718 813 1120 883 improprietate
1149 816 1399 886 loquendi
1429 818 1485 870 lit
1512 827 1566 870 ut
1595 819 1889 886 smpissime
1931 817 2174 870 dicamus

2276 821 2402 875 ergo
2427 806 2550 875 quia
2578 805 2837 874 quidquid
2874 820 2930 858 se
2961 816 3136 859 movet
3159 807 3224 869 ad
3265 808 3567 869 volendum,
3615 810 3762 878 prius
3792 826 3852 864 se
3939 827 3941 829 ‘

585 921 698 962 rem
727 920 916 976 posse,
949 924 1052 961 non
1083 911 1341 976 qttodilla
1371 911 1558 978 possit,
1614 910 1707 963 sed
1759 910 2011 978 quoniam
2064 910 2166 962 alia

580 1008 670 1056 res
692 1006 896 1066 potest;
953 1007 1006 1052 et
1036 1015 1171 1060 rem,
1202 1016 1320 1068 quae
1346 1011 1540 1068 potest,
1573 1017 1677 1054 non
1707 1016 1888 1070 posse,
1919 1001 2170 1070 quoniam

579 1085 684 1152 qlia
712 1100 798 1140 res
824 1102 930 1140 non
955 1098 1132 1155 potest
1160 1107 1173 1142 :
1206 1098 1282 1152 ut,
1315 1090 1358 1142 si
1389 1090 1508 1143 dico
1542 1110 1553 1143 :
1599 1090 1759 1144 Liber
1808 1100 1984 1159 potest
2005 1107 2037 1143 a.
2085 1106 2170 1143 me

532 1173 771 1240 ascrib.,
797 1177 984 1244 utique
1036 1177 1175 1231 liber
1219 1178 1358 1232 nihil
1387 1191 1597 1249 potest,
1655 1183 1748 1234 sed
1807 1196 1903 1250 ego
1953 1196 2169 1249 possunt

574 1263 817 1318 scribere
855 1264 1072 1317 librum.
1103 1267 1318 1320 Etcum
1347 1267 1580 1322 dicimus
1613 1286 1626 1321 :
1687 1270 1794 1323 lste
1847 1285 1952 1322 non
1995 1279 2168 1338 potest

573 1352 719 1405 vinci
782 1353 991 1420 abillo,
1025 1371 1128 1407 non
1158 1355 1301 1409 aliud
1343 1358 1687 1425 intelligimus
1739 1374 1898 1427 quam
1936 1359 2021 1426 ille
2061 1375 2165 1413 non

571 1451 757 1513 potest
775 1445 996 1501 vincere
1016 1447 1205 1508 istum.
1233 1446 1369 1504 llinc
1397 1460 1481 1501 est
1517 1451 1658 1518 quod
1709 1450 1938 1502 dicimus
1997 1450 2165 1511 Deum

572 1534 1095 1604 nonpossealiquid
1138 1536 1237 1587 sibi
1284 1537 1595 1595 adversum.
1654 1547 1747 1592 aut
1800 1552 2162 1607 perversum;

575 1621 834 1688 quoniam
860 1623 938 1678 sic
961 1633 1043 1677 est
1068 1633 1258 1692 potens
1287 1623 1340 1676 in
1370 1625 1704 1680 beatitudine
1727 1635 1780 1680 et
1800 1624 2029 1696 iustitia,
2055 1628 2165 1683 imo

548 1713 832 1780 qnpnism
859 1714 1135 1769 beatitudo
1162 1717 1446 1785 etjustitia
1479 1732 1592 1776 non
1627 1727 1753 1772 sunt
1807 1715 2157 1786 illo'diversa,

2273 897 2386 948 vult
2425 897 2495 949 ita
2529 909 2767 949 movere.
2804 894 2948 948 DISC.
2980 894 3055 947 lta
3085 896 3353 950 est.'MAG.
3385 897 3534 962 Quod
3562 914 3690 966 ergo
3719 899 3849 953 nibil

2270 985 2403 1046 vult,
2434 984 2581 1036 nullo
2621 984 2781 1036 modo
2809 991 2985 1051 potest
3030 998 3089 1038 se
3154 998 3370 1039 movere
3427 988 3488 1041 ad
3541 988 3848 1041 volendum.
3919 1029 3922 1032 .

2272 1074 2415 1128 DISC.
2447 1071 2559 1125 Non
2593 1088 2809 1141 possum
2840 1073 3229 1127 contradicere.
3273 1074 3412 1130 MAG.
3470 1075 3656 1130 Restat
3686 1076 3849 1145 igitur

2271 1175 2328 1218 ut
2360 1165 2445 1217 ille
2479 1163 2726 1238 angelus,
2755 1164 2848 1234 qui
2873 1163 2983 1231 jam
3019 1173 3174 1232 aptus
3206 1164 3379 1218 factus
3399 1176 3482 1219 est
3529 1168 3594 1220 ad
3645 1167 3862 1222 habem-

2272 1257 2392 1307 dam
2416 1251 2770 1318 voluntatem,
2805 1254 2898 1307 sed
2933 1262 3108 1306 tamen
3145 1251 3281 1306 nihil
3329 1251 3468 1316 vult,
3523 1270 3627 1307 non
3677 1253 3846 1323 possit

2270 1346 2470 1399 habere
2498 1347 2728 1414 primam
2755 1344 3089 1398 voluntatem
3117 1360 3144 1396 a
3177 1359 3254 1398 se.
3309 1342 3458 1410 Disc.
3513 1343 3738 1399 Necesse
3767 1354 3846 1401 est

2268 1436 2423 1490 lateri
2455 1451 2542 1489 me
2565 1437 2690 1506 quia
2717 1435 3038 1505 nihilpotest
3063 1449 3158 1506 per
3173 1423 3231 1489 se
3251 1422 3412 1500 velle,
3438 1434 3526 1504 qui
3558 1435 3689 1488 nihil
3715 1427 3840 1489 vult.

2269 1527 2410 1580 Mtte.
2445 1529 2638 1582 Beatus
2668 1515 2850 1584 autem
2881 1545 2987 1583 non
3010 1537 3188 1600 potest
3209 1541 3350 1594 esse,
3381 1526 3422 1590 si
3458 1542 3562 1581 non
3588 1527 3702 1580 vult
3726 1527 3842 1582 bea-

2270 1621 2576 1674 titudinem.
2602 1621 2731 1678 Dico
2761 1620 2939 1676 autem
2969 1637 3113 1676 nunc
3161 1607 3258 1652 "i‘
3281 1618 3696 1684 beatltudinem,
3739 1628 3848 1673 nan

2267 1709 2656 1764 beatitudinem
2683 1725 2806 1765 cum
2825 1704 3058 1784 iustitia,
3089 1710 3184 1764 sed
3210 1723 3372 1780 quam
3397 1707 3583 1762 volunt
3631 1711 3846 1773 omnes,

571 1804 669 1858 sed
695 1820 858 1864 unum
885 1805 1110 1870 bonum,
1137 1808 1216 1868 sic
1242 1817 1323 1861 est
1353 1805 1693 1877 oinuipotens
1715 1809 1768 1863 in
1796 1810 2030 1878 simplici
2062 1812 2157 1866 bo-
2200 1799 2244 1859 B
2274 1801 2434 1854 etiam
2462 1800 2666 1869 injusti.
2695 1799 2897 1856 Omnes
2927 1802 3122 1870 quippe
3155 1797 3338 1854 volunt
3365 1798 3503 1852 bene
3547 1797 3648 1852 tibi
3703 1811 3846 1853 esse.

570 1909 643 1950 no
665 1904 724 1950 ιιι
749 1894 898 1950 nulla
921 1911 1013 1949 res
1037 1897 1208 1966 possit
1234 1899 1377 1966 quod
1409 1910 1597 1953 noceat
1625 1899 1719 1930 '°“
1743 1916 1953 1956 summo
1980 1902 2120 1956 bono
2145 1922 2157 1956 :

569 1983 689 2037 ideo
715 2000 951 2053 namque
978 2001 1086 2039 non
1113 1997 1289 2055 potest
1335 1987 1430 2018 “°"
1472 1990 1744 2059 corrumpi
1781 1991 1861 2044 vel
1919 1995 2158 2046 mentiri.

564 2074 643 2128 tu
682 2091 814 2145 ergo
840 2074 1106 2147 quidquid
1157 2093 1262 2133 non
1298 2088 1401 2143 est,
1447 2088 1737 2148 antequam
1787 2083 1854 2134 sit
1883 2082 1975 2152 sna
2009 2095 2160 2152 poted

565 2172 707 2230 stato
755 2178 877 2225 esse
921 2181 1028 2235 non
1076 2173 1245 2237 potest
1272 2185 1320 2236 ς,
1344 2170 1456 2231 sed,
1512 2172 1556 2222 si
1609 2181 1786 2240 potest
1831 2174 1936 2225 alia
1967 2157 2052 2227 res
2082 2175 2161 2227 fa-

565 2269 696 2334 cere
717 2266 778 2309 ut
803 2256 905 2326 sit,
929 2257 1033 2316 hoc
1062 2261 1221 2313 modo
1250 2258 1422 2317 aliena
1460 2270 1737 2327 potestate
1787 2271 1966 2331 potest
1990 2277 2156 2317 esse.

493 2371 498 2374 ·
553 2331 829 2410 ’ῥυωνίι
861 2357 1042 2403 autem
1089 2350 1334 2420 Pluribus
1360 2352 1533 2406 modis
1564 2354 1724 2407 dividi
1777 2355 1949 2424 Ροδδίί
1974 2364 2159 2424 Ρθίθῃ’

566 2435 641 2488 tia
668 2435 753 2492 vel
785 2436 1124 2507 impotentia,
1190 2440 1292 2492 hoc
1337 2449 1540 2494 tantum
1599 2458 1740 2495 nunc
1790 2442 1879 2495 tibi
1929 2445 2157 2499 suiliciat

566 2524 693 2591 quis
726 2526 892 2579 multa
921 2511 1173 2580 dicuntur
1210 2545 1365 2596 posse
1392 2547 1495 2582 non
1531 2549 1647 2595 sua,
1683 2535 1773 2586 sed
1835 2535 2005 2588 aliena
2059 2552 2156 2603 po-

567 2624 765 2670 testate
788 2625 886 2682 λοι
915 2617 1081 2671 multa
1113 2635 1217 2671 non
1249 2637 1405 2690 posse
1438 2638 1540 2675 non
1575 2639 1692 2685 sua,
1728 2627 1823 2680 sed
1855 2627 1948 2655 "9“
1981 2628 2154 2680 aliena

559 2704 898 2774 impotentia.
932 2705 1008 2760 De
1049 2704 1265 2776 propria
1291 2710 1457 2778 igitur
1484 2720 1761 2779 potestate
1788 2714 2002 2782 loquor,
2032 2730 2152 2768 cum

558 2808 745 2863 quato
773 2794 1076 2870 deangelo,
1106 2813 1265 2866 quem
1325 2815 1519 2851 novum
1569 2803 1848 2870 posuimus
1904 2805 2044 2868 licri,
2101 2813 2154 2858 et

525 2952 531 2956 _
562 2883 827 2944 hactenus
844 2869 960 2955 Iam
982 2902 1104 2940 esse
1129 2887 1355 2952 factum,
1383 2898 1440 2941 ut
1461 2889 1572 2955 jam
1627 2880 1784 2957 aptus
1835 2894 1926 2922 ¹⁰⁰⁷
1960 2894 2025 2945 sit
2084 2896 2150 2947 ad

561 2979 865 3040 habendum
907 2981 1262 3046 voluntatem,
1305 2984 1397 3036 sed
1448 2983 1582 3036 nibil
1639 2984 1816 3039 adhuc
1875 2985 2034 3052 velit;
2081 3003 2148 3041 an

560 3069 674 3138 ipse
701 3071 870 3138 possit
899 3068 996 3139 per
1030 3085 1089 3124 se
1115 3071 1253 3151 velte
1277 3069 1475 3139 aliquid
1506 3080 1558 3126 et
1619 3069 1687 3129 de
1723 3073 1837 3144 ipsa
1891 3076 2024 3130 mihi
2065 3093 2149 3130 re«

557 3159 782 3228 sponde.
814 3160 959 3214 Dtsc.
991 3160 1046 3214 Si
1067 3159 1178 3230 jam
1208 3160 1288 3213 sic
1317 3160 1498 3229 aptu's'
1526 3157 1622 3192 ³⁰⁰⁸
1672 3170 1755 3217 est
1786 3165 1852 3219 ad
1895 3165 2144 3219 volunta-

2266 1889 2502 1957 Excepto
2527 1903 2760 1958 namque
2787 1889 2911 1953 hoc,
2942 1887 3084 1958 quod
3112 1887 3290 1942 omnis
3318 1885 3510 1960 natura
3540 1883 3683 1943 bona
3709 1883 3846 1941 diel-

2266 1966 2385 2045 tur;
2421 1976 2526 2032 duo
2560 1977 2698 2033 bona
2731 1986 2784 2033 et
2806 1980 2910 2032 duo
2938 1979 3023 2034 his
3075 1975 3172 2012 ’⁸⁸⁵
3213 1969 3498 2032 eontraria
3550 1977 3688 2030 mala
3745 1983 3848 2055 us‘u

2264 2071 2519 2123 dicuntur
2545 2084 2559 2122 :
2595 2084 2757 2122 unum
2788 2057 2986 2124 bonum
3020 2077 3122 2132 est,
3157 2068 3296 2137 quod
3327 2065 3421 2099 ““
3447 2067 3645 2122 dicitur
3687 2065 3842 2134 justi-

2267 2158 2358 2221 tia,
2393 2155 2475 2209 cui
2518 2160 2854 2210 “contrarium
2896 2150 3096 2230 malum
3137 2153 3226 2187 “"
3255 2162 3355 2218 est,
3390 2144 3681 2224 iniustitia;
3712 2153 3838 2209 alto

2262 2263 2380 2302 rum
2410 2249 2608 2302 bonum
2630 2258 2730 2312 est,
2762 2249 2904 2316 quod
2935 2247 3064 2303 mihi
3099 2233 3311 2320 videtur
3351 2262 3510 2318 posse
3560 2243 3667 2306 dici
3696 2238 3844 2302 coni-

2261 2338 2511 2402 modum;
2545 2347 2599 2391 et
2654 2339 2783 2394 huic
2825 2341 3023 2394 malmn
3077 2327 3371 2412 apponitur
3422 2333 3843 2395 lncommOdum.

2261 2428 2364 2481 Sed
2391 2429 2654 2498 juStitiatu
2683 2433 2895 2498 quidem
2927 2448 3033 2485 non
3065 2447 3251 2485 omnes
3280 2431 3483 2496 volunt,
3517 2446 3694 2501 neque
3717 2437 3835 2484 Om-

2261 2533 2356 2572 nes
2384 2521 2597 2591 fugiunt
2621 2519 2970 2587 iniustitiam;
3001 2523 3337 2576 Commodum
3363 2535 3491 2574 vero
3521 2536 3624 2573 non
3654 2520 3832 2594 solum

2261 2610 2438 2662 omnis
2464 2601 2744 2680 rationalis
2767 2603 3099 2674 natura,sed
3129 2619 3179 2680 et
3206 2624 3368 2673 omne
3390 2609 3487 2641 ’θυι
3513 2610 3654 2679 quod
3707 2625 3840 2662 sen-

2262 2698 2363 2751 tire
2395 2689 2588 2766 potest,
2621 2697 2768 2760 vult;
2797 2707 2851 2750 et
2879 2697 3010 2761 vitat
3037 2687 3458 2771 incommodam.
3485 2695 3618 2752 Nam
3659 2689 3842 2754 nullus

2259 2775 2408 2851 vult,
2431 2787 2531 2838 nisi
2559 2785 2700 2855 quod
2727 2785 2908 2854 aliquo
2949 2786 3105 2840 modo
3142 2793 3295 2853 putat
3338 2779 3439 2839 sibi
3471 2773 3840 2858 commodum,

2258 2884 2370 2936 llo‘c
2403 2885 2564 2952 igitur
2590 2883 2768 2947 modo,
2803 2882 2938 2936 bene
2965 2882 3064 2934 sibi
3105 2895 3226 2935 esse
3277 2896 3463 2936 onmes
3521 2880 3729 2946 volunt,
3785 2890 3839 2939 et

2257 2974 2394 3026 male
2426 2969 2527 3039 sibi
2557 2986 2676 3034 esse
2704 2972 2912 3025 nolunt.
2942 2971 3016 3024 De
3044 2973 3145 3026 hac
3173 2971 3503 3043 beatitudine
3519 2988 3671 3040 nunc
3689 2974 3835 3037 dico,

2257 3065 2381 3132 quia
2410 3061 2503 3093 ὀη
2533 3062 2711 3116 nullus
2737 3068 2911 3132 potest
2939 3076 3061 3115 esse
3087 3061 3278 3114 beatus
3310 3063 3398 3129 qui
3432 3077 3535 3115 non
3565 3062 3679 3121 vult
3709 3061 3837 3115 bea-

2255 3143 2564 3206 titudinem.
2592 3149 2779 3205 Nullus
2808 3162 3038 3220 namque
3089 3151 3299 3218 beatus,
3348 3159 3525 3221 potest
3577 3166 3697 3205 esse
3743 3160 3836 3207 aut

1209 3210 1369 3305 vdes—ii
1393 3210 1568 3321 quam
1621 3210 2142 3328 νοιῖέξξὶοξξέζῖξο
2177 3210 2219 3266 C
2255 3243 2503 3308 babe’ndo
2533 3243 2674 3311 quod
2699 3257 2805 3296 non
2834 3210 2968 3306 vult,
3002 3251 3093 3294 aut
3122 3256 3226 3295 non
3256 3210 3503 3296 habendo
3530 3244 3671 3312 quod
3696 3244 3833 3296 vult.

556 3356 655 3408 cur
677 3354 774 3412 per
799 3343 860 3397 se
886 3359 995 3398 non
1020 3344 1189 3415 possit
1219 3361 1233 3395 :
1265 3343 1576 3412 quicunque
1601 3346 1742 3398 enim
1788 3355 1946 3415 aptus
1967 3345 2050 3401 est
2078 3349 2143 3402 ad

525 3483 527 3485 ,
555 3432 879 3501 videndum,
903 3442 957 3487 et
984 3432 1183 3487 clausis
1204 3433 1378 3487 oculis
1407 3434 1457 3487 in
1487 3432 1604 3486 luce
1644 3435 1849 3502 positus
1902 3436 2037 3489 nihil
2068 3440 2144 3488 vi-

554 3522 682 3588 det,
705 3530 889 3592 potest
917 3531 1095 3577 tamen
1136 3525 1321 3575 videre
1352 3525 1446 3556 ”°'
1479 3540 1574 3593 per
1627 3539 1683 3577 se
1719 3543 1730 3576 :
1787 3541 1958 3593 quare
2013 3544 2142 3596 ergo

555 3626 664 3669 non
692 3610 880 3667 volens
905 3612 1156 3669 similiter
1195 3612 1288 3643 ’θη
1319 3628 1425 3667 non
1452 3613 1581 3666 velit
1629 3627 1725 3681 per
1751 3629 1828 3677 se,
1863 3616 2003 3667 sicut
2035 3632 2138 3668 non

550 3702 746 3756 videns
781 3709 963 3770 potest
986 3717 1085 3769 per
1108 3715 1169 3754 se
1195 3701 1415 3754 videre?
1447 3701 1580 3753 MAG.
1612 3701 1746 3765 Quia
1791 3701 1877 3753 ille
1928 3718 2031 3754 non
2063 3704 2132 3756 γί-

551 3781 686 3845 dens
712 3790 876 3846 habet
908 3792 1082 3845 visum
1111 3799 1168 3844 et
1192 3791 1554 3866 voluntatem,
1581 3806 1686 3855 qua
1720 3800 1896 3857 potest
1922 3806 2140 3845 movere

550 3881 758 3948 visum;
789 3897 934 3938 nunc
966 3897 1097 3936 vero
1127 3881 1192 3934 de
1218 3881 1314 3918 ὀπί
1338 3881 1448 3944 illo,
1487 3881 1574 3948 qui
1611 3881 1809 3932 nullam
1859 3881 2018 3932 nabet
2047 3897 2139 3936 vo-

551 3971 837 4036 luntstem,
869 3972 1160 4041 loquimur.
1198 3967 1394 4036 Quare,
1436 3972 1701 4038 responde
1735 3972 1886 4034 mihi,
1937 3973 1979 4026 si
2034 3987 2137 4040 qua

552 4077 644 4114 res
673 4062 906 4129 seipsam
939 4072 1114 4117 movet
1140 4063 1206 4116 de
1228 4078 1334 4117 non
1376 4062 1512 4115 velle
1546 4062 1612 4113 ad
1647 4062 1802 4123 velle,
1849 4070 2028 4116 utrum
2058 4065 2137 4117 sic

554 4150 672 4218 ipsa
699 4151 793 4181 ³⁸⁸³
819 4151 948 4204 velit
973 4168 1211 4206 movere.
1242 4153 1352 4221 68
1385 4152 1529 4203 stc.
1564 4149 1617 4202 Si
1654 4151 1842 4204 dixero
1870 4153 1992 4221 quia
2023 4169 2137 4208 mo-

549 4254 745 4300 veatur
777 4261 884 4301 non
913 4247 1119 4311 volens,
1151 4260 1495 4314 consequens
1523 4244 1627 4297 erit
1679 4253 1737 4299 ut
1764 4261 1870 4298 non
1895 4262 1924 4298 a
1953 4263 2011 4301 se
2042 4247 2134 4303 sed

547 4337 618 4394 ab
647 4337 754 4391 alio
777 4348 1076 4400 moveatur,
1101 4338 1204 4392 nisi
1260 4337 1399 4389 forte
1455 4336 1496 4388 si
1546 4337 1666 4404 quis
1707 4338 1885 4390 subito
1935 4339 2135 4393 claudit

551 4430 738 4484 oculos
777 4430 843 4484 ad
877 4431 1040 4485 ictum
1073 4430 1398 4491 venientem,
1427 4436 1519 4480 aut
1548 4429 1590 4481 si
1644 4430 1856 4498 cogitur
1886 4430 2006 4501 quis
2036 4431 2134 4484 ali—

548 4521 1051 4590 quoineommodo,
1101 4518 1485 4588 utvelitquod
1540 4520 1689 4590 prius
1742 4537 1847 4574 non
1893 4521 2128 4574 volebat.

2251 3333 2397 3386 Iliso.
2452 3333 2568 3387 Non
2605 3342 2688 3386 est
2739 3333 3064 3402 negandum.
3117 3329 3252 3385 MAG.
3307 3330 3415 3384 Nec
3465 3332 3656 3393 beatus
3709 3349 3836 3386 esse

2250 3423 2408 3475 cenet
2438 3422 2531 3451 ⁸⁰²⁰
2562 3421 2650 3490 qui
2679 3439 2784 3475 non
2830 3422 2943 3475 vult
2964 3422 3250 3492 justitiam.
3282 3420 3430 3492 piso.
3470 3421 3576 3476 Nec
3606 3423 3706 3476 hoc
3735 3422 3829 3493 uti;

2249 3526 2349 3563 nus
2377 3509 2802 3563 Concedendum.
2835 3536 2838 3544 ’

2836 3669 3086 3734 caput
3105 3669 3246 3722 xm.

2248 3799 2400 3862 Quod
2434 3809 2644 3865 accepta
2686 3800 2798 3852 sola
2853 3799 3116 3853 voluntate
3156 3781 3512 3860 beatitudinis,
3546 3815 3636 3853 nec
3676 3800 3831 3854 aliud

2315 3877 2484 3934 posset
2519 3867 2664 3934 velle,
2707 3885 2798 3938 nec
2827 3869 2973 3923 illam
3000 3886 3102 3922 non
3127 3867 3284 3932 velle;
3311 3879 3356 3938 et
3395 3869 3648 3938 quidquid
3675 3869 3826 3924 vellet

2317 3938 2430 4002 ‘°“,
2464 3954 2564 3991 non
2579 3946 2721 3989 ‘esset
2736 3937 2883 4006 justa
2913 3938 2986 3990 vel
3009 3939 3212 4004 injusta
3247 3937 3506 3991 voluntas.

2315 4069 2457 4123 MAG.
2487 4069 2737 4123 Dicamus
2761 4087 2888 4141 ergo
2920 4075 3087 4125 Deum
3139 4071 3211 4125 illi
3267 4073 3398 4126 dare
3450 4075 3682 4142 primum
3735 4090 3822 4127 so-

2239 4159 2346 4213 lam
2379 4147 2727 4213 beatitudinis
2755 4161 3106 4224 voluntatem,
3139 4170 3192 4214 et
3220 4160 3497 4216 videamus
3526 4179 3589 4216 an
3619 4164 3823 4217 idcirco

2243 4252 2366 4323 quia
2392 4251 2858 4321 accepitaliquam
2896 4252 3243 4314 voluntatem,
3277 4249 3386 4316 jam
3427 4251 3539 4318 ipse
3581 4269 3639 4305 se
3688 4267 3819 4320 pose

2240 4345 2308 4398 sit
2350 4356 2564 4397 movere
2595 4342 2659 4395 ad
2689 4343 2973 4395 volendum
3021 4342 3165 4394 aliud
3195 4356 3357 4410 quam
3411 4341 3553 4410 quod
3607 4343 3821 4411 accepit

2241 4417 2396 4487 velle.
2428 4435 2570 4488 Disc.
2605 4433 2935 4500 Prosequere
2962 4433 3120 4500 ’quod
3150 4432 3414 4500 inempisti
3451 4451 3465 4485 :
3519 4450 3618 4504 ego
3662 4435 3815 4493 enim

2242 4512 2463 4594 paratus
2517 4539 2633 4576 sum
2677 4522 2998 4592 intelligere.
3053 4522 3193 4577 MAG.
3248 4522 3471 4577 Constat
3504 4527 3629 4592 quia
3681 4541 3819 4580 non-

545 4611 746 4665 Nescio
775 4611 919 4666 enim
946 4626 1011 4664 an
1046 4620 1173 4663 tunc
1203 4609 1298 4640 ³⁸⁸³
1332 4610 1480 4678 prius
1511 4627 1569 4663 se
1617 4611 1742 4664 velit
1800 4625 2018 4664 movere
2066 4613 2132 4666 ad
2168 4612 2210 4667 D
2238 4616 2364 4667 dum
2394 4614 2505 4666 vult
2526 4613 2668 4664 aliud
2694 4627 2854 4681 quam
2885 4613 3306 4676 beatitudinem;
3336 4612 3460 4680 quia
3511 4629 3615 4664 non
3666 4613 3815 4668 aliud

547 4704 689 4766 hanc
713 4703 1066 4756 voluntatem.
1097 4699 1235 4754 MAG.
1264 4699 1446 4754 Nullus
1476 4703 1686 4766 cogitur
1713 4702 1794 4753 vel
1830 4702 2024 4756 timore
2048 4703 2135 4765 vel

556 4810 720 4850 sensu
749 4793 977 4861 alicujus
1000 4793 1348 4856 incommodi,
1374 4806 1474 4844 nec
1495 4791 1789 4846 attrahitur
1821 4808 2006 4846 amore
2038 4793 2135 4846 ali-

2238 4704 2446 4771 aecepit
2475 4704 2627 4757 velle.
2661 4702 2802 4758 Disc.
2831 4703 3027 4759 Verum
3058 4714 3142 4757 est
3169 4703 3284 4755 ’°”.
3313 4704 3450 4758 MAG.
3479 4705 3814 4773 Qureroergo

2238 4809 2265 4846 a
2300 4803 2347 4845 te
2376 4811 2441 4845 an
2475 4795 2643 4864 possit
2672 4809 2730 4846 se
2758 4810 2970 4848 movere
2999 4796 3064 4846 ad
3110 4795 3253 4848 aliud
3301 4795 3610 4846 volentium.
3661 4783 3814 4849 Disc.

1829 4904 2064 4957 VARUE
2109 4903 2510 4957 LECTIONES.

624 4999 716 5028 "”
750 4999 853 5051 Sed
890 5007 1066 5053 tamen
1092 5006 1300 5065 0p0ttet
1327 5014 1450 5048 mss.
1478 4998 1567 5064 sed
1596 5013 1717 5048 cum
1744 5005 1976 5064 oportet'
2027 4995 2122 5025 ²⁰⁰⁸
2143 4993 2270 5065 Qum
2299 5003 2486 5065 noceat
2515 5011 2637 5065 mss.
2668 4995 2807 5063 quod
2830 5005 3017 5047 noceat
3091 4996 3186 5025 ²⁰⁰⁵
3209 4995 3328 5065 ldeo
3354 5011 3457 5065 non
3475 5004 3658 5065 potest
3679 5015 3805 5053 mss.

546 5068 669 5121 ideo
697 5082 922 5135 namque
967 5082 1071 5120 non
1102 5061 1277 5135 potest
1349 5066 1443 5127 3°“
1467 5061 1579 5117 Non
1609 5080 1765 5135 posse
1780 5061 1883 5116 'sua
1910 5066 2002 5118 sed
2025 5081 2165 5135 mas.
2189 5063 2316 5135 Vict.
2344 5062 2402 5115 S.
2427 5061 2582 5114 Mirlt.
2613 5061 2716 5115 non
2743 5078 2897 5135 posse
2929 5078 3028 5135 non
3067 5080 3159 5116 sua
3193 5064 3282 5116 sed
3337 5064 3449 5135 ff”?
3475 5062 3541 5116 Ut
3569 5075 3621 5116 et
3649 5080 3810 5134 aptus

541 5137 657 5206 jam
683 5151 803 5187 mss.
833 5132 1033 5206 Vic_1_.ut
1063 5132 1217 5202 aptus
1240 5133 1738 5206 ma.Cister.nt_jam
1769 5143 1922 5206 aptus
1954 5153 1962 5160 ’
2000 5134 2091 5206 ’ξὀθ
2194 5132 2300 5206 jam
2335 5136 2402 5184 sit
2443 5142 2596 5199 aptus
2631 5149 2752 5206 mss.
2779 5132 2821 5183 si
2841 5132 3054 5206 janrsic
3082 5144 3235 5206 aptus
3284 5133 3399 5206 _f°°'
3421 5132 3804 5206 Potesttamen

545 5200 733 5259 'videre
758 5220 883 5255 mss.
913 5202 1041 5256 Vict.
1072 5200 1215 5256 omit.
1243 5216 1417 5256 tamen
1495 5203 1586 5233 ¹⁰¹⁰
1622 5202 1736 5255 Non
1767 5203 1951 5256 volens
1992 5203 2309 5270 simpliciter
2341 5219 2461 5254 mss.
2492 5216 2593 5253 non
2624 5200 2806 5253 volens
2835 5202 3080 5254 similiter
3153 5203 3238 5231 ²⁰¹¹
3284 5203 3384 5252 Nos
3425 5218 3549 5256 vero
3578 5204 3642 5257 de
3674 5221 3804 5260 mss.

542 5292 688 5331 nullo
721 5288 851 5325 vero
879 5272 944 5341 de
1016 5275 1108 5305 '°"
1134 5274 1199 5328 Ut
1223 5274 1298 5326 sic
1335 5273 1444 5341 ipsa
1475 5290 1599 5326 mss.
1629 5282 1804 5323 utrum
1842 5274 1919 5326 sic
1945 5274 2054 5340 ipsa
2135 5271 2230 5300 ¹⁰¹³
2255 5271 2404 5341 Enim
2437 5279 2559 5341 tunc
2588 5287 2709 5341 mss.
2743 5272 2882 5322 enim
2915 5287 2978 5323 an
3017 5281 3139 5324 tunc
3215 5271 3308 5341 ’Ψ
3335 5271 3459 5341 Dico
3487 5271 3628 5325 enim
3659 5289 3805 5330 nunc

542 5361 669 5399 mss.
706 5343 840 5396 Vict.
865 5339 1011 5394 Gem.
1037 5341 1157 5395 Bec.
1187 5339 1498 5395 CorbﬁDico
1533 5352 1710 5393 autent
1749 5356 1891 5394 nunc

544 5485 640 5518 ¹⁰⁸⁸
663 5485 766 5535 Sed
804 5490 855 5535 et
889 5495 1049 5533 omne
1073 5496 1196 5532 mss.
1226 5481 1406 5532 Cister.
1435 5483 1525 5535 sed
1553 5481 1715 5533 etiam
1754 5495 1911 5532 omne

545 5571 661 5611 esse
689 5563 861 5621 potest
893 5550 1238 5621 mss.beatns
1266 5564 1384 5621 esse
1410 5551 1564 5621 debet

1675 5551 1762 5580 ’Μ’
1792 5549 2058 5616 Quidquid
2089 5550 2249 5601 vellet
2285 5564 2379 5599 ms.
2419 5546 2544 5598 Vict.
2595 5548 2624 5601 9
2669 5549 2922 5616 quidquid
2966 5564 3069 5601 non
3097 5549 3250 5602 vellet

2003 5341 2093 5375 ²⁰¹⁸
2119 5340 2380 5411 Dividitur
2399 5341 2458 5411 in
2495 5339 2598 5390 duo
2620 5340 2769 5411 boua'
2790 5350 2841 5392 et
2865 5341 2968 5393 duo
2999 5342 3079 5393 bis
3100 5358 3220 5393 mss.
3253 5340 3467 5411 dicitur.
3500 5341 3610 5393 Duo
3637 5341 3800 5411 bona,

544 5425 600 5466 et
627 5415 731 5464 duo
760 5413 843 5465 his
920 5410 1012 5442 ⁸⁸⁸⁸
1033 5410 1254 5470 Bonum,
1282 5420 1333 5463 et
1363 5412 1504 5479 quod
1537 5428 1659 5463 mss.
1692 5411 1886 5463 bonum
1920 5420 2001 5463 est
2034 5409 2172 5479 quod

2025 5481 2115 5509 ²⁰¹⁹
2140 5478 2291 5531 Nunc
2318 5479 2433 5530 dico
2460 5479 2579 5544 quia
2613 5494 2735 5530 mss.
2763 5478 2942 5530 Cister.
2973 5496 3076 5532 non
3107 5480 3222 5532 dico
3249 5483 3370 5546 quia

2267 5409 2720 5487 ’0‘:(lonlrarium
2755 5411 2947 5487 malum
2979 5427 3100 5462 mss.
3126 5410 3457 5487 contrarium
3482 5419 3572 5487 est
3600 5409 3811 5487 malum-

3482 5479 3574 5509 ¹⁰’⁰
3604 5480 3800 5538 Beatus

3360 5550 3452 5581 ²⁰²²
3479 5547 3544 5603 Μ.
3571 5550 3800 5606 (ὶοιιδιίιι

547 5617 944 5688 ριιίειίιοηόιιιιι
989 5619 1132 5672 aliud
1173 5619 1376 5686 accepit
1405 5619 1558 5670 velle.
1597 5620 1654 5672 D.
1709 5619 1858 5672 Unde
1903 5629 1988 5672 est
2033 5636 2154 5674 mss.
2189 5619 2254 5674 M.
2290 5617 2511 5670 Constat
2558 5619 2681 5686 quia
2713 5618 2946 5672 nondum
2976 5618 3085 5673 vult
3133 5619 3276 5674 aliud
3304 5634 3463 5688 quam
3511 5619 3800 5674 beatitudi-

547 5706 696 5756 nem,
725 5694 848 5752 quia
875 5705 980 5746 non
1007 5689 1151 5745 aliud
1180 5689 1382 5758 accepit
1420 5689 1571 5741 velle.
1608 5688 1669 5741 Β.
1699 5705 1882 5741 vet‘tttu
1913 5701 1990 5742 est
