4226 6234
494 280 596 334 ais
1158 327 1191 347 ,
1425 274 1431 280 δ
1638 273 1908 347 nume.
1950 275 2038 330 ou
2073 249 2576 335 casu'otaaou.
3636 282 3739 344 διο

492 394 719 468 Nequeo
767 395 949 450 videre
985 392 1254 464 quomodo
1284 407 1342 446 se
1395 397 1607 444 moveat
1653 391 1721 445 ad
1769 379 2056 446 volendum
2089 398 2135 454 Α
2165 401 2368 446 tantum
2398 394 2532 448 velle
2557 394 2850 464 posuimus.
2880 397 3024 452 DISC.
3057 396 3132 451 ita
3161 405 3263 455 est.
3322 397 3459 454 MAG.
3507 399 3563 452 Si
3610 419 3738 474 ergo

421 500 424 504 ‘
494 486 636 544 aliud
665 499 825 556 quam
851 483 1265 546 beatitudinem,
1311 481 1400 549 qui
1425 479 1568 535 aliud
1618 495 1722 534 non
1776 482 1872 556 "$3
1923 483 2063 536 γυιι,

493 579 626 636 Nam
669 555 718 634 si
752 575 864 630 vult
906 590 964 628 se
1013 585 1229 630 movere
1267 570 1335 624 ad
1381 570 1524 626 aliud
1578 555 1902 649 volendum,
1952 572 2067 626 vult

492 659 677 739 utique
702 666 849 722 aliud
880 662 997 717 ων.
1027 663 1166 716 illae.
1201 662 1354 716 Sicut
1396 677 1546 732 ergo,
1599 662 1742 716 nulla
1789 661 2066 720 voluntate

490 746 667 816 adhuc
693 757 839 819 data,
868 752 1004 808 nihil
1031 760 1242 821 poterat
1267 768 1363 822 per
1397 769 1456 807 se
1479 753 1614 808 velle
1661 753 1756 787 ²⁰²⁸
1777 793 1793 818 ,
1825 753 1919 819 ita,
1953 753 2066 808 sola

429 863 451 874 κ
491 848 772 902 voluntate
795 839 1146 896 beatitudinis
1172 848 1416 922 accepta,
1445 839 1649 893 nullam
1709 840 1872 894 aliam
1928 857 1958 895 a
2007 855 2066 897 se

489 944 668 1007 potest
695 929 895 986 habere
919 928 1272 984 voluntatem.
1308 928 1452 983 Disc.
1505 927 1583 997 Ita
1617 939 1720 984 est.
1747 929 1889 987 Mm.
1919 929 2079 1000 Non--~

487 1042 558 1086 ne
578 1025 623 1080 si
653 1029 806 1095 putat
833 1021 1094 1090 prodesse
1116 1019 1315 1090 aliquid
1351 1021 1418 1075 ad
1457 1020 1860 1090 adipiscendam
1894 1023 2064 1080 beati-

491 1115 752 1176 tudinem,
781 1119 956 1180 potest
984 1124 1046 1164 se
1073 1125 1288 1164 movere
1316 1110 1382 1163 ad
1410 1108 1692 1164 volendum
1727 1111 1889 1164 illud?
1912 1111 2060 1166 Dtsc.

489 1203 684 1258 Dubito
705 1202 833 1272 quid
866 1201 1245 1272 respondeam,
1297 1216 1420 1254 nam
1466 1201 1512 1254 si
1566 1216 1672 1254 non
1712 1211 1909 1271 potest,
1957 1216 2062 1255 non

486 1293 645 1360 v.dco
666 1293 936 1364 quomodo
961 1290 1090 1346 velit
1110 1292 1202 1324 ⁸⁰¹⁴
1224 1291 1613 1345 beatitudinem
1637 1291 1728 1360 qui
1755 1305 1860 1346 non
1883 1299 2064 1363 potest

445 1434 452 1440 _
489 1380 626 1439 velle
677 1397 791 1452 quo
827 1395 888 1436 se
925 1378 1150 1447 adipisci
1182 1392 1339 1448 posse
1386 1378 1776 1433 beatitudinem
1803 1387 1987 1449 putat;
2014 1378 2069 1435 si

475 1487 618 1539 vero
643 1478 844 1541 potest,
875 1485 982 1525 non
1033 1469 1272 1540 intelligo
1297 1468 1568 1540 quomodo
1599 1485 1704 1524 non
1732 1470 1899 1540 possit
1929 1469 2064 1525 velle

483 1560 650 1618 aliud.
680 1559 821 1617 Msa.
851 1560 955 1627 Qui
981 1559 1097 1614 vult
1124 1559 1326 1629 aliquid
1362 1573 1468 1613 non
1517 1568 1737 1630 propter
1764 1559 1877 1614 rem
1902 1576 2064 1629 quam

459 1656 697 1716 'videtur
725 1653 877 1727 vplle,
903 1653 996 1709 sed
1021 1663 1244 1723 propter
1269 1652 1596 1724 aliud,'quid
1649 1655 1866 1726 proprie
1911 1656 2062 1726 judi-

2169 486 2256 540 ille
2285 485 2399 559 "3’,
2427 486 2517 553 qui
2545 486 2676 539 nihil
2706 485 2862 540 vellet
2899 487 3000 542 nisi
3049 488 3353 552 commoda,
3406 504 3510 543 non
3560 483 3741 559 possm

2169 576 2368 629 habere
2393 575 2602 646 majora
2631 585 2685 630 et
2710 577 2944 641 veriora,
2983 576 3212 632 velletne
3263 577 3472 632 minora
3517 579 3740 648 quibus-

2165 681 2383 736 cunque
2405 669 2481 722 uti
2510 667 2732 737 posset?
2759 669 2902 723 Disc.
2931 668 3045 724 lmo
3068 683 3173 722 non
3225 669 3405 738 posset
3456 684 3562 723 non
3604 668 3744 726 velle

2165 757 2457 826 quamlibet
2482 757 2687 822 inllma,
2725 757 2771 812 si
2800 757 3006 827 majora
3055 759 3148 790 ³⁰³⁶
3194 774 3298 814 non
3346 768 3547 829 posset.
3599 759 3734 818 Mss.

2165 844 2372 913 Nonne,
2401 863 2519 901 eum
2573 849 2732 903 vellet
2783 849 3064 905 commoda
3114 849 3298 904 intima
3345 857 3397 905 et
3442 851 3736 917 immunda,
3804 837 3806 842 ’

2165 940 2362 1010 quibus
2377 939 2762 995 irrationabilia
2778 941 3026 1020 animalia
3040 941 3539 1003 delcctantur,esset
3551 942 3738 997 eadem

2163 1030 2414 1086 voluntas
2442 1029 2636 1101 injusta
2663 1041 2718 1085 et
2747 1031 3152 1100 vituperabilis?
3182 1030 3324 1086 Dtsc.
3353 1030 3628 1097 Quomodo
3656 1033 3737 1086 in-

2163 1116 2308 1184 justa
2333 1129 2425 1172 aut
2451 1119 2890 1188 reprehendenda
2921 1121 3172 1176 voluntas
3198 1131 3376 1186 esset;
3404 1103 3527 1190 quia
3557 1121 3735 1188 vellet,

2163 1209 2306 1274 quod
2331 1221 2435 1260 non
2460 1222 2622 1276 posse
2645 1225 2748 1262 non
2775 1210 2906 1264 velle
2933 1190 3231 1280 accepisset
3258 1213 3385 1266 "‘7?
3437 1212 3576 1268 MAG.
3633 1211 3740 1267 Vo-

2165 1294 2426 1350 luntatem
2457 1304 2644 1371 tamen.
2663 1297 2857 1367 ipsam,
2885 1300 2998 1353 sive
3022 1316 3142 1353 cum
3167 1303 3282 1355 vult
3326 1318 3536 1357 summa
3589 1303 3744 1358 cum-

2163 1385 2343 1448 modo,
2374 1384 2488 1438 sive
2514 1399 2637 1439 cum
2665 1385 2778 1440 vult
2813 1385 3019 1451 intima,
3069 1377 3283 1442 constat
3331 1404 3450 1444 esse
3500 1406 3634 1459 opus
3684 1399 3738 1446 et

2164 1473 2360 1527 donum
2391 1473 2482 1528 Dei
2508 1514 2524 1539 ,
2553 1475 2693 1530 sicut
2719 1486 2801 1532 est
2827 1476 2936 1532 vita
2985 1486 3076 1532 aut
3103 1478 3431 1536 sensibilitas
3464 1518 3480 1544 ,
3530 1487 3586 1535 et
3631 1496 3740 1535 non

2163 1577 2282 1618 esse
2313 1565 2363 1618 in
2393 1579 2452 1620 ea
2501 1566 2598 1597 ’θη
2619 1566 2884 1635 justitiam
2912 1568 3024 1624 sive
3052 1567 3388 1638 injustitiam.
3436 1571 3603 1641 θείας
3624 1570 3741 1627 Non

2163 1664 2248 1709 est
2272 1655 2510 1712 dubium.
2540 1656 2851 1729 Mac.,Ergo
2874 1659 2928 1713 in
2954 1671 3210 1729 quantum
3249 1664 3484 1718 essentia
3533 1672 3614 1719 est
3640 1663 3739 1717 bo-

453 1746 689 1819 ,csndus
716 1750 800 1800 est
820 1743 998 1798 velle?
1033 1759 1100 1798 an
1134 1742 1279 1823 aliud
1333 1744 1478 1816 quod
1526 1745 1726 1800 dicitur
1770 1745 1938 1825 velle,
1991 1762 2060 1802 an
2093 1730 2141 1793 Β
2169 1761 2315 1807 num,
2343 1746 2544 1814 aliquid
2568 1755 2678 1810 est;
2708 1758 2968 1816 quantum
2996 1765 3125 1804 vero
3150 1751 3522 1825 ad,justitiam
3570 1754 3738 1821 perti-
3791 1772 3795 1778 ν

415 1825 423 1830 ’
451 1836 613 1906 .Lujud
642 1846 864 1907 propter
888 1834 1033 1906 quod
1061 1819 1211 1888 vult?
1237 1834 1381 1894 Disc.
1412 1832 1547 1890 lllud
1575 1835 1764 1904 utique
1792 1819 1907 1901 ίθπ,
1934 1851 2060 1906 pro-

477 1935 603 1997 pter
629 1917 771 1994 quod
799 1921 936 1990 vult,
964 1923 1180 1978 videtur
1233 1922 1326 1954 ⁸⁸⁸⁸
1379 1920 1536 1996 velle.
1583 1920 1726 1975 MAG.
1783 1921 1884 1988 Qui
1917 1937 2071 1993 ergo

452 2014 596 2088 ,vult
622 2013 827 2083 aliquid
865 2011 1545 2083 propter‘beatitudinem,
1595 2022 1701 2067 non
1752 2010 1898 2066 aliud
1949 2012 2065 2067 vult

483 2117 646 2174 quam
674 2102 1060 2160 beatitudinem
1087 2121 1102 2158 :
1133 2117 1300 2172 quare
1326 2111 1501 2173 potest
1525 2111 1579 2156 et
1605 2103 1746 2170 quod
1770 2111 1920 2171 putat
1947 2117 2068 2172 pro-

461 2179 646 2268 ﬂesse
678 2190 746 2254 ad
775 2192 1186 2256 beatitudinem,
1213 2200 1269 2248 et
1295 2191 1465 2251 solani
1490 2191 1879 2248 beatitudinem
1908 2192 2061 2249 velle.

484 2281 632 2360 ριρρ.
667 2281 811 2360 Satis
839 2291 923 2339 est
944 2281 1189 2353 planum.
1219 2280 1360 2336 Meo.
1389 2281 1584 2347 Quaero
1618 2283 1802 2360 adhuc
1850 2299 1916 2344 an
1969 2293 2085 2338 aeo‘

469 2356 767 2449 ceptaliac
801 2367 916 2424 sola
949 2367 1228 2424 voluntate
1259 2369 1431 2438 possit
1456 2385 1562 2424 non
1589 2356 1728 2425 velle
1776 2372 2067 2426 beatitudi-

463 2477 623 2537 .uern.
663 2460 807 2516 ϋηο.
861 2459 974 2515 Non
1026 2469 1200 2528 potest
1247 2469 1542 2530 utrumque
1589 2461 1750 2515 simul
1800 2470 1856 2515 et
1901 2461 2060 2525 velle,

479 2561 537 2614 et
559 2568 663 2606 non
694 2549 847 2611 velle.
874 2549 1017 2608 Μλα.
1044 2548 1243 2604 Verum
1276 2560 1402 2604 est.
1438 2550 1543 2606 Sed
1572 2566 1676 2604 non
1730 2551 1832 2605 hoc
1857 2567 2062 2621 quaero,

445 2632 794 2716 .sed'qumro
816 2640 1368 2711 an,,possitdcsercre
1420 2641 1560 2697 hane
1609 2640 1959 2706 voluntatem,
2011 2652 2066 2697 et

462 2741 698 2810 ‘moveru
718 2746 778 2786 se
803 2729 870 2795 de
895 2731 1030 2794 velle
1056 2731 1122 2786 ad
1153 2746 1258 2784 non
1288 2731 1424 2784 velle
1452 2730 1884 2792 beatitudinem?
1910 2732 2058 2786 DlSC.

478 2818 757 2890 Siquidem
780 2817 889 2874 hoc
917 2818 1046 2888 facit
1070 2817 1278 2882 nolens,
1315 2835 1423 2873 non
1474 2819 1588 2887 ipse
1635 2817 1792 2886 facit;
1841 2821 1886 2874 si
1933 2835 2062 2876 vero

475 2891 665 2984 volens
691 2908 807 2974 Μ’,
834 2907 978 2962 aliud
1002 2906 1314 2976 vultquatn
1343 2908 1730 2961 beatitudinem
1763 2925 1779 2974 ;
1828 2895 1923 2965 sed
1951 2925 2060 2964 non

476 3001 594 3056 vult
621 3000 802 3066 aliud;
837 3015 1004 3071 quare
1032 2998 1380 3054 manifestum
1409 3009 1539 3069 puto
1569 3003 1695 3069 quia
1751 2999 2061 3057 nullatenus

477 3079 859 3166 potestper'se
885 3107 990 3149 non
1036 3085 1176 3146 velle
1202 3091 1255 3145 id
1283 3090 1425 3158 quod
1482 3089 1658 3144 solum
1710 3092 1806 3123 ³⁸³⁸
1850 3094 2060 3162 accepit

479 3185 636 3254 velle.
665 3183 806 3239 Hae.
834 3182 979 3237 Bene
1009 3181 1292 3252 intelligis.
1326 3178 1432 3234 Sed
1463 3181 1728 3250 responde
1777 3181 1910 3235 mihi
1965 3184 2061 3241 ad-

474 3260 596 3336 huc
626 3295 640 3331 :
671 3275 726 3332 Si
767 3285 947 3346 potest
964 3289 1074 3328 non
1111 3274 1244 3330 velle
1268 3275 1362 3307 ⁹⁶³¹
1411 3275 1829 3341 beatitudinem,
1856 3286 2059 3345 quanto

470 3359 743 3434 "majorem
769 3380 888 3431 eam
916 3364 1179 3435 intelliget
1200 3363 1293 3434 qui
1334 3363 1470 3419 nihil
1516 3365 1620 3419 nisi
1667 3365 2061 3422 beatitudinem

479 3454 598 3521 vult
618 3465 673 3509 et
692 3470 797 3509 non
827 3462 1006 3523 potest
1032 3469 1138 3506 non
1166 3451 1304 3510 velle
1332 3452 1428 3484 ’⁸³⁸
1455 3452 1886 3508 beatitudinem?
1912 3454 2056 3509 Dtsc.

483 3546 545 3600 Si
573 3560 678 3600 non
708 3553 857 3598 tanto
885 3544 1056 3612 magis
1083 3541 1242 3596 vellet
1276 3541 1664 3598 beatitudinem
1694 3553 1900 3612 quanto
1950 3559 2062 3598 me~

480 3639 681 3707 liorem
707 3627 771 3691 ac
797 3635 1059 3706 majorem
1105 3633 1251 3689 illam
1299 3642 1545 3704 putaret,
1579 3645 1674 3689 aut
1701 3636 1922 3690 Omnino
1953 3652 2058 3690 non

479 3727 646 3782 vellet
672 3727 1058 3791 beatitudinem
1085 3726 1198 3790 ηδ’,
1225 3737 1319 3781 aut
1347 3725 1503 3781 vellet
1529 3726 1902 3796 aliquidaliud
1929 3743 2052 3796 pro-

480 3825 607 3886 pter
634 3813 775 3886 quod
801 3815 1079 3869 meliorem
1108 3814 1302 3880 nollet;
1337 3815 1431 3869 sed
1483 3815 1714 3870 dicimus
1761 3818 1886 3885 quia
1913 3816 2057 3870 illam

482 3906 621 3974 vult,
649 3915 703 3962 et
723 3921 830 3961 non
853 3905 1016 3959 aliud.
1042 3904 1183 3960 Msa.
1205 3897 1332 3959 'Vult
1351 3920 1479 3974 ergo
1493 3920 1615 3960 esse
1637 3905 1830 3962 beatus
1855 3915 2058 3977 quanto

481 3996 648 4052 altius
671 3997 778 4050 hoc
796 4008 918 4048 esse
949 4009 1104 4063 posse
1131 3995 1430 4063 cognoscit.
1459 3994 1602 4049 DISC.
1657 3994 1850 4050 Procul
1898 3994 2061 4049 dubio

484 4085 788 4143 \‘llll.,MLG.
826 4084 968 4153 Ergo
1011 4083 1126 4138 vult
1169 4083 1510 4142 similis,esse
1540 4083 1668 4137 Deo.
1722 4083 1868 4136 Disc.
1916 4083 2060 4138 Nihil

480 4179 738 4250 apertius.
767 4177 905 4232 MAG.
932 4177 1070 4244 Quid
1125 4177 1217 4232 tibi
1245 4178 1505 4231 videtur?
1555 4195 1620 4232 an
1671 4189 1814 4233 esset
1862 4179 2058 4249 injusta

483 4267 582 4301 ’⁸⁸⁸
611 4267 877 4331 voluntas,
907 4267 952 4321 si
981 4267 1082 4321 hoc
1127 4267 1284 4321 modo
1310 4267 1499 4321 similis
1545 4267 1702 4322 vellet
1744 4283 1866 4323 esse
1913 4270 2056 4324 Deo?

485 4356 634 4411 Disc.
661 4353 770 4410 Nec
791 4354 994 4424 justam
1023 4350 1145 4409 volo
1166 4353 1369 4418 dicere,
1398 4356 1525 4424 quia
1555 4356 1713 4411 vellet
1759 4358 1899 4425 quod
1948 4374 2056 4414 non

2167 1847 2259 1890 net
2287 1837 2401 1892 sive
2426 1837 2763 1908 injustitiam,
2788 1854 2887 1895 nec
2912 1840 3050 1896 bona
3079 1854 3181 1898 nec
3205 1841 3343 1899 mala
3361 1843 3623 1899 esLlJisc.
3649 1844 3743 1898 Ni-

2166 1924 2241 1978 liil
2267 1926 2486 1982 clarius.
2518 1926 2655 1983 MAG.
2687 1928 2792 1983 Sed
2821 1945 2924 1984 non
2943 1930 3112 1992 debet
3135 1946 3258 1989 esse
3303 1932 3510 1998 beatus,
3558 1933 3602 1987 si
3633 1948 3740 2005 non

2164 2010 2547 2082 babetjustam
2573 2007 2942 2085 voluntatem;
2997 2019 3104 2077 imo
3134 2035 3240 2074 non
3287 2030 3462 2090 potest
3505 2018 3741 2089 perfecte

2166 2119 2266 2158 nec
2292 2104 2783 2162 laudabiliter'esse
2806 2108 3016 2172 beatus,
3044 2097 3134 2178 qui
3166 2107 3276 2164 vult
3303 2109 3446 2180 quod
3497 2125 3599 2166 nec
3639 2124 3738 2180 po-

2167 2201 2292 2258 test,
2320 2208 2420 2248 nee
2451 2193 2608 2248 debet
2632 2211 2773 2250 esse.
2803 2196 2947 2251 Disc.
2979 2197 3199 2253 Multum
3227 2208 3394 2268 patet.

2753 2306 2980 2372 CAPUT
3014 2307 3156 2362 XIV.

2172 2414 2323 2478 Qum!
2354 2415 2600 2468 similiter
2626 2417 2710 2476 sit,
2750 2418 2798 2469 si
2822 2416 2936 2471 sola
2963 2427 3175 2485 accepta
3201 2426 3276 2472 est
3326 2417 3562 2473 uoluntas
3590 2421 3738 2474 recti-

2241 2485 2482 2568 tudinis:
2521 2486 3129 2568 cuidcircomutmmqtte
3181 2489 3500 2568 voluntatem~
3545 2491 3740 2558 accepit
3835 2555 3840 2564 Ι

2236 2552 2390 2606 sintut
2421 2561 2472 2604 ut
2499 2563 2546 2604 et
2566 2553 2742 2622 justus
2764 2555 2880 2619 ππ,
2908 2565 2953 2606 et
2982 2552 3246 2608 utbeatus
3274 2566 3424 2610 esset.

2236 2640 2376 2694 MAG.
2405 2640 2820 2697 Consideremus
2849 2658 2975 2713 ergo
3003 2644 3068 2697 de
3087 2644 3314 2714 justitiae
3352 2645 3648 2702 voluntate.
3679 2647 3738 2702 Si

2163 2733 2384 2784 daretur
2409 2732 2581 2786 eidem
2611 2733 2806 2803 angelo
2838 2733 2976 2787 velle
3012 2722 3195 2788 solum
3247 2737 3387 2805 quod
3435 2752 3556 2790 eum
3599 2737 3732 2792 velle

2166 2820 2498 2886 conveniret,
2530 2835 2598 2874 an
2623 2833 2803 2891 posset
2831 2821 2972 2875 aliud
3001 2821 3163 2887 velle;
3189 2833 3280 2875 aut
3319 2823 3361 2876 si
3412 2833 3596 2891 posset
3644 2823 3740 2855 '°“

2165 2929 2270 2966 non
2300 2911 2433 2966 velle
2459 2927 2552 2981 per
2576 2927 2655 2978 se,
2684 2913 2825 2982 quod
2855 2913 3153 2982 accepisset
3198 2913 3367 2966 velle‘!
3419 2899 3570 2967 Disc.
3617 2913 3748 2970 Oni-

2169 3002 2295 3065 nino
2321 3005 2461 3072 quod
2489 3003 2717 3058 vidimus
2746 3005 2798 3057 in
2827 3004 3100 3058 voluntate
3124 3003 3494 3072 beatitudinis,
3523 3017 3744 3060 necesse

2087 3064 2132 3126 (ἶ
2164 3107 2246 3147 est
2263 3064 2324 3147 in
2339 3064 2451 3148 liae
2477 3109 2690 3165 quoque
2718 3082 2995 3149 voluntate
3017 3095 3252 3148 evenire.
3287 3091 3424 3148 MAG.
3457 3064 3594 3164 Ergo
3636 3109 3738 3148 nec

2158 3182 2361 3253 justam
2395 3224 2410 3249 ,
2463 3199 2563 3239 nec
2611 3184 2866 3255 injustam
2919 3185 3142 3240 haberet
3193 3183 3539 3238 voluntatem.
3591 3184 3744 3239 Sicut

2164 3273 2307 3327 extim
2333 3274 2404 3327 ibi
2431 3289 2535 3328 non
2565 3283 2709 3330 esset
2733 3276 2982 3328 voluntas
3010 3274 3228 3343 injusta,
3272 3275 3314 3327 si
3344 3273 3502 3326 vellet
3556 3274 3743 3328 incon-

2163 3362 2454 3416 venientia.
2488 3361 2751 3428 Quoniam
2781 3363 2882 3419 boc
2910 3378 3012 3416 non
3063 3372 3248 3432 posset
3295 3377 3398 3416 non
3446 3361 3616 3428 velle;
3668 3364 3743 3418 ita

2161 3452 2250 3507 hic
2285 3452 2330 3506 si
2357 3453 2515 3506 vellet
2559 3453 3015 3516 inconvenientia,
3047 3467 3154 3506 non
3203 3451 3404 3504 idcirco
3455 3451 3546 3482 ’°“
3597 3460 3742 3508 esset

2157 3542 2303 3613 jiista
2330 3543 2604 3607 voluntas;
2636 3529 2890 3612 quoniam
2919 3543 2997 3596 sic
3027 3543 3126 3596 hoc
3152 3541 3470 3609 accepisset,
3524 3552 3580 3597 ut
3633 3557 3741 3597 non

2164 3647 2344 3706 posset
2371 3634 2528 3688 aliter
2553 3631 2709 3687 velle.
2741 3633 2883 3687 Disc.
2908 3631 2985 3686 lla
3017 3643 3119 3686 est.
3151 3631 3286 3686 MAG.
3315 3631 3578 3697 Quoniam
3606 3647 3739 3702 ergo

2164 3743 2265 3783 nec
2293 3725 2629 3781 solummodo
2652 3725 2747 3772 ml
2773 3723 3004 3778 volendo
3039 3723 3450 3786 beatitudinem,
3503 3737 3603 3778 nec
3651 3739 3741 3777 so-

2162 3816 2434 3872 lummodo
2458 3815 2688 3869 volendo
2710 3814 2821 3884 69
2847 3814 2986 3882 quod
3009 3814 3280 3891 convenit,
3303 3829 3422 3867 cum
3449 3827 3514 3867 ex
3545 3827 3739 3866 neces-

2164 3906 2324 3962 sitate
2349 3908 2429 3961 sic
2455 3905 2600 3970 velit,
2624 3904 2801 3973 justus
2828 3904 2912 3958 vel
2940 3903 3174 3972 injustus
3222 3914 3400 3972 potest
3447 3904 3735 3975 appellari;

2164 4012 2263 4051 nea:
2291 4004 2587 4065 potestnec
2614 3995 2770 4048 debet
2795 4007 2915 4046 esse
2952 3993 3146 4046 beatus
3197 3992 3298 4046 nisi
3353 3992 3503 4062 velit,
3548 4002 3605 4045 et
3633 3992 3735 4048 nisi

2158 4088 2302 4156 juste
2327 4085 2453 4141 velit
2479 4104 2491 4138 :
2524 4072 2742 4140 necesse
2768 4095 2849 4139 est
2876 4095 2930 4139 ut
2956 4087 3034 4138 sic
3061 4083 3225 4138 faciat
3254 4084 3393 4138 Deus
3449 4093 3737 4153 utramque
3805 4156 3809 4162 Ι

2162 4177 2492 4231 voluntatem
2519 4176 2573 4230 in
2599 4176 2688 4229 illo
2714 4175 3022 4239 convenire,
3051 4183 3108 4228 ut
3131 4185 3186 4228 et
3210 4175 3398 4228 beatus
3423 4189 3546 4227 esse
3575 4173 3724 4237 velit,

2162 4276 2218 4321 et
2238 4265 2382 4337 juste
2404 4265 2533 4321 velit
2559 4283 2573 4317 :
2604 4275 2869 4334 quatenus
2893 4265 2988 4298 'm
3009 4265 3188 4320 addita
3209 4265 3420 4336 justitia
3471 4266 3549 4319 sic
3599 4274 3738 4319 With

2161 4367 2314 4430 peret
2341 4353 2668 4413 voluntatem
2695 4359 3064 4422 beatitudinis,
3093 4368 3148 4413 et
3199 4368 3406 4413 resecet
3449 4358 3739 4416 voluntatis

480 4449 825 4511 conveniret;
853 4461 950 4501 11εο
977 4444 1249 4514 iniustam.
1279 4446 1402 4514 (illia
1429 4461 1496 4501 ex
1525 4448 1846 4502 ηθεεεείιαιε
1876 4447 2048 4502 vellet.
2165 4420 2462 4516 excessum,
2485 4461 2538 4504 et
2563 4450 2990 4504 excedendinon
3016 4458 3252 4518 amputet
3277 4458 3616 4520 potestatem,
3647 4461 3731 4518 ut,

484 4539 626 4596 me.
653 4538 723 4592 At
745 4553 869 4595 eum
889 4536 980 4607 qui
1007 4535 1120 4590 vult
1141 4535 1528 4590 beatitudinem
1556 4535 1746 4604 solam,
1772 4538 2051 4592 commoda

2163 4556 2286 4596 cum
2316 4552 2410 4609 per
2436 4541 2536 4594 hoc
2560 4541 2684 4609 quia
2714 4540 2853 4594 velet
2883 4541 2975 4572 ’°“
3001 4542 3186 4595 beatus
3201 4556 3340 4604 esse,
3373 4541 3590 4596 modum
3611 4556 3734 4610 pos-

1758 4652 2009 4707 'VARl/E
2045 4653 2444 4709 LECTIONES.

557 4754 653 4790 ⁸⁸⁸⁸
672 4751 805 4816 Quia
835 4749 974 4802 aliud
1005 4763 1110 4800 non
1139 4763 1264 4799 mss.
1298 4746 1386 4814 qui
1416 4746 1558 4798 aliud
1587 4761 1690 4816 non
1765 4746 1860 4816 “9
1886 4746 2031 4816 vim
2055 4747 2238 4815 utique
2267 4745 2406 4798 aliud
2435 4761 2531 4797 ms.
2558 4743 2745 4796 Cister.
2769 4744 2913 4816 omit.
2938 4742 3127 4816 utique
3190 4743 3288 4816 _’°_"
3328 4740 3472 4794 Nihil

1816 4814 1927 4845 ²⁰²⁶·
1942 4811 2092 4881 Quod
2127 4811 2250 4870 v‘elit
2274 4831 2398 4867 mss.
2428 4816 2695 4882 (ιιιυιιιοάο
2726 4813 2852 4865 vel“

2060 4885 2155 4917 '°"
2197 4885 2251 4937 Si
2283 4899 2408 4937 vero
2437 4878 2644 4943 volens,
2673 4882 2814 4935 aliud
2844 4880 2954 4932 vult
2982 4897 3105 4934 mss.
3142 4878 3270 4932 Vict.
3293 4879 3325 4932 9
3357 4879 3400 4933 si
3451 4893 3576 4931 vero
3605 4878 3738 4933 facit

1103 4953 1196 4984 "3°
1220 4953 1297 5023 {id
1330 4954 1470 5023 quod
1502 4944 1826 5023 solumut“.
1859 4953 1907 5006 id
1953 4953 2093 5023 quod
2128 4955 2298 5008 solum
2395 4952 2482 4983 ²⁰³¹
2509 4951 2563 5023 Si
2594 4967 2700 5023 non
2726 4960 2900 5018 potest
2929 4949 3208 5023 nonvelle
3236 4965 3358 5000 mss.
3396 4944 3540 4999 Gem.
3573 4947 3732 5001 (ἐστιν.

483 4840 546 4881 se
589 4815 723 4877 velle
770 4836 893 4872 mss.
926 4816 1065 4870 Nihil
1112 4824 1324 4884 poterat
1368 4830 1464 4882 per
1492 4830 1552 4868 se
1578 4815 1710 4866 velle

482 4893 669 4961 utique
774 4888 866 4961 ’_°"
888 4888 1038 4961 Quod
1061 4884 1406 4961 vult‘videtur
1434 4884 1724 4961 mss._quod
1750 4885 1957 4961 videtur

483 4955 688 5024 volens,
712 4959 823 5014 vult
859 4955 1000 5010 aliud

2958 4813 3049 4842 ²⁰¹⁷
3077 4812 3202 4863 Illud
3237 4813 3416 4878 itaque
3450 4826 3575 4862 mu.
3605 4809 3736 4865 illud

481 5029 608 5082 Bec.
633 5016 688 5083 si.
701 5037 869 5097 potest
887 5024 1028 5097 velle
1057 5040 1184 5097 mss.
1222 5016 1558 5097 l’ictfgister.
1584 5022 1647 5097 S._
1672 5021 1833 5097 Misit.
1864 5023 1905 5077 si
1935 5016 2109 5093 potest
2135 5039 2238 5097 non
2266 5023 2411 5097 velle
2476 5022 2568 5054 ²⁰³³
2592 5021 2705 5073 Non
2729 5016 2904 5097 potest
2959 5016 3233 5097 nisi__vell_e
3263 5033 3388 5097 mss.
3415 5032 3526 5097 non
3559 5024 3735 5097 potest

483 5113 590 5155 non
625 5086 756 5152 velle
829 5095 924 5128 ’⁸³³
959 5093 1188 5148 Omnino
1232 5092 1273 5143 si
1312 5091 1468 5144 vellet
1513 5086 2058 5157 beatitudinemfaut
2086 5093 2242 5146 vellet
2273 5093 2412 5145 aliud
2451 5109 2576 5143 mss.
2607 5092 2956 5143 omninu'non
3001 5086 3155 5139 vellet
3194 5087 3601 5157 beatitudinem,
3639 5095 3734 5139 aut

484 5165 646 5235 vellet
689 5165 890 5235 aliquid
932 5162 1075 5235 aliud

488 5231 651 5290 D.‘lta
682 5229 792 5289 est."
817 5234 885 5286 Μ.
928 5233 985 5286 Si
1030 5245 1157 5300 ergo
1199 5229 1286 5282 ille

487 5305 533 5357 si
565 5302 760 5370 majora
837 5302 928 5333 "’7
951 5301 1063 5354 Non
1093 5298 1249 5370 posse
1274 5299 1406 5354 velle
1435 5301 1727 5368 accepisset
1753 5298 1890 5353 mss;
1911 5317 2015 5354 non
2041 5317 2196 5365 posse
2225 5317 2326 5354 non
2361 5301 2493 5353 velle
2519 5298 2814 5370 accepisset

1188 5161 1282 5230 ’9"
1301 5162 1382 5214 An
1414 5160 1554 5214 esset
1579 5160 1721 5229 justa
1758 5154 1994 5215 nus.'an
2025 5172 2170 5216 esset
2209 5163 2401 5230 injusta
2476 5161 2572 5192 ¹⁰³⁶
2607 5159 2890 5230 Posuimus
2928 5157 2972 5209 si
3014 5172 3143 5230 ergo
3173 5156 3257 5208 ille
3288 5171 3417 5230 me.
3454 5154 3731 5230 posuimus

1387 5231 1480 5260 ²⁰³⁶
1508 5223 1616 5284 Νεό
1655 5232 1813 5284 vellet
1859 5233 2108 5300 quazlibet
2158 5223 2360 5295 intima,
2399 5232 2474 5284 sic
2515 5229 2712 5300 majora
2743 5244 2865 5280 mss.
2889 5240 2998 5300 non
3025 5223 3178 5300 vti-lle
3205 5225 3496 5300 quamlibet
3521 5223 3727 5286 intima,

2887 5295 2983 5327 ¹⁰³⁸
3007 5299 3111 5349 Aut
3142 5311 3242 5347 non
3274 5310 3392 5348 esse
3422 5295 3473 5346 in
3507 5308 3570 5347 eo
3598 5309 3728 5348 mss.

487 5384 539 5428 et
567 5363 668 5426 non
695 5388 813 5427 esse
840 5371 891 5424 in
918 5385 978 5431 ea
1009 5363 1315 5440 ms:_(;ister.
1349 5378 1404 5422 et
1443 5363 1708 5440 non'esse
1743 5370 1794 5423 in
1840 5386 1928 5440 eo
1977 5363 2068 5401 ’θέο
2094 5371 2157 5424 Et
2189 5380 2240 5423 ut
2263 5371 2440 5440 justus
2471 5386 2600 5440 mas.
2645 5363 2700 5420 ut
2723 5374 2776 5419 et
2811 5363 2996 5440 justus
3069 5365 3286 5416 ""Aut
3319 5364 3363 5416 si
3404 5378 3507 5416 non
3546 5372 3732 5440 posset

489 5459 610 5495 inea.
646 5452 738 5496 aut
777 5442 821 5496 si
849 5447 1028 5508 posset
1103 5436 1194 5508 ¹⁰ξ¹
1223 5435 1673 5508 locutivenientia,
1703 5454 1800 5492 nec
1833 5439 2033 5492 ideirco
2063 5458 2186 5494 mss.
2215 5431 2658 5497 inconvenientia.
2691 5431 2954 5508 quoniam
2975 5435 3074 5486 hoc
3103 5450 3205 5508 non
3236 5440 3414 5501 posset
3441 5446 3541 5508 non
3570 5431 3728 5508 velle,

489 5509 562 5564 ita
593 5511 676 5564 hic
709 5514 752 5566 si
776 5505 931 5564 vellet
953 5505 1347 5570 convenientia,
1382 5522 1483 5559 non
1515 5508 1711 5562 idcirco

1813 5510 1905 5540 ³⁸³⁵
1925 5511 2094 5564 Aliter
2123 5509 2278 5564 velle.
2303 5509 2565 5574 Quoniam
2597 5499 2724 5574 ergo
2757 5521 2852 5569 nec
2878 5503 3209 5574 solummodo
3237 5499 3382 5574 uiss.__
3412 5499 3566 5552 aliter
3593 5501 3732 5552 velle

493 5579 551 5631 1).
582 5579 652 5631 ita
683 5591 784 5634 est.
820 5578 889 5631 Μ.
913 5575 1174 5644 Quoniam
1206 5569 1338 5643 ergo
1359 5575 1689 5630 solummodo
1787 5579 1880 5608 ’⁸³³
1921 5579 2050 5634 Esse
2081 5580 2219 5634 velit.
2262 5569 2532 5644 Quatenus
2565 5569 2684 5628 nus:
2734 5591 2852 5628 esse
2881 5574 3022 5634 velit,
3055 5582 3104 5626 et
3125 5571 3264 5640 jus‘lc
3291 5569 3432 5631 \clil,
3463 5577 3729 5636 tluatenus

490 5647 578 5684 am
599 5647 696 5707 p6;
729 5650 828 5705 ιιυυ
856 5646 995 5716 quod
1022 5643 1162 5699 volet
1197 5658 1314 5696 mss.
1343 5661 1436 5714 per
1457 5646 1554 5700 hoc
1582 5647 1705 5713 quia
1734 5648 1868 5702 volet

493 5741 532 5753 "In—

3524 4748 3740 4809 poterat
3798 4763 3802 4766 ‘
3828 4750 3830 4752 ’
