4226 6196
532 175 625 230 547

1064 174 1123 230 S.
1159 170 1454 229 ANSELSII
1485 169 1832 229 CANTUAR.
1867 165 2180 225 ARCHIEP.
2224 164 2371 225 OPP.
2406 169 2584 227 PARS
2617 171 2657 227 1.
2685 162 2755 214 4-
2785 172 3207 231 DOCH.\TiCA.

3649 174 3755 234 3l8

533 286 603 337 sit
626 295 917 347 excedere;
946 299 1041 353 per
1066 285 1167 338 hoc
1192 284 1314 351 quia
1340 281 1483 350 juste
1508 282 1655 339 volet
1679 281 1797 346 “",
1827 296 1931 334 non
1963 278 2091 333 velit
2115 278 2163 339 Α
2191 280 2407 349 quando
2451 260 2701 336 habuisse
2739 290 2795 337 et
2837 297 3051 351 semper
3087 282 3289 337 habere
3330 290 3387 337 ut
3420 283 3612 338 habeat
3645 292 3754 339 tam

534 375 796 428 excedere
827 391 839 427 :
867 380 919 427 et
945 372 1235 435 sicjustam
1261 373 1464 427 habens
1513 360 1863 428 beatitudinis
1909 368 2094 422 volun-

535 468 721 523 tatem,
751 459 917 529 possit
941 469 992 511 et
1017 459 1205 513 debeat
1231 462 1352 513 eSse
1375 460 1565 514 beatus
1596 477 1608 512 :
1637 459 1725 526 qui
1779 472 1881 511 non
1909 455 2094 510 Volet.-

535 550 603 602 do
630 549 771 617 quod
796 560 899 599 non
927 545 1084 599 debet
1107 546 1261 610 velle,
1285 562 1408 602 eum
1439 556 1611 602 tamen
1638 545 1829 613 possit,
1880 559 2092 598 merea-

538 645 623 690 tur
651 644 705 691 ut
730 634 871 703 quod
894 628 1027 688 velle
1053 649 1157 689 non
1185 635 1363 701 debet,
1397 647 1669 702 nunquam
1714 628 1848 687 velle
1893 632 2088 702 possit;

536 734 588 779 et
614 736 826 793 semper
855 724 1359 790 tenendojustitiam
1386 739 1481 793 per
1531 727 1860 778 moderatam
1908 724 2095 778 volun-

534 819 697 866 tatem
724 811 869 867 nullo
894 814 1050 867 modo
1080 814 1338 882 indigeat;
1386 821 1478 867 aut
1505 813 1549 868 si
1600 813 1897 868 deseruerit
1938 812 2095 881 justi-

534 901 661 955 tiam
688 914 785 969 per
811 902 1215 955 immoderatam
1244 900 1595 964 voluntatem,
1624 902 1769 954 omni
1800 904 1956 955 modo
2012 905 2093 956 in-

534 990 713 1059 digeat
734 989 846 1042 ³⁸⁸⁸.
876 990 1014 1042 ῡιδε.
1047 988 1184 1041 Nihil
1211 990 1617 1044 convenientius
1641 990 2089 1060 cogitari'potest.

534 1077 675 1133 “AG.
708 1079 970 1132 Memento
994 1082 1139 1145 quia,
1168 1093 1286 1132 rum
1333 1080 1577 1143 superius
1625 1080 2096 1135 comiderabamus

535 1167 701 1221 solam
730 1166 1080 1222 beatitudinis
1106 1167 1431 1223 voluntatem
1461 1169 1576 1223 sine
1615 1170 1714 1224 hac
1742 1181 1903 1237 meta,
1933 1158 2093 1238 quam

531 1257 853 1322 addidimus,
884 1267 941 1311 ut
963 1259 1061 1313 sub
1088 1257 1197 1312 Deo
1222 1274 1280 1312 se
1305 1268 1571 1323 coerceat,
1600 1261 1908 1315 dicebamus
1949 1261 2001 1314 in
2030 1276 2093 1314 ea

531 1360 635 1400 non
663 1360 780 1400 esse
801 1348 1062 1415 justitiam
1092 1348 1174 1402 vel
1205 1347 1544 1416 injustitiam,
1599 1348 1861 1418 quidquid
1912 1350 2087 1404 vellet.

531 1433 677 1489 Dtsc.
707 1434 845 1489 Bene
872 1436 1109 1490 memini.

951 1519 1179 1577 CAPUT
1217 1520 1311 1574 xv
1352 1521 1474 1593 [al.,
1506 1521 1669 1595 xw].

951 1610 1103 1675 Quod
1121 1612 1335 1680 justitia
1362 1612 1426 1665 ait
1451 1612 1670 1683 aliquid.

604 1699 741 1753 MAG.
788 1700 869 1754 An
924 1708 1079 1769 putas
1124 1701 1325 1769 aliquid
1373 1701 1481 1781 ’⁸⁸⁷⁷
1508 1718 1626 1755 esse
1671 1703 1814 1771 quod
1858 1703 2093 1757 additum

531 1789 702 1842 eidem
753 1788 1013 1866 voluntati
1056 1800 1319 1860 temperat
1358 1791 1502 1845 illam
1549 1792 1661 1854 ³⁸⁸⁸,
1700 1809 1767 1846 ne
1813 1793 1933 1859 plus
1971 1792 2098 1849 velit

530 1883 623 1951 ’ξδ’
652 1898 813 1951 quam
843 1882 977 1936 velle
1004 1893 1236 1953 oportet,
1266 1895 1321 1940 et
1348 1886 1601 1957 expedit?
1634 1888 1775 1943 DISC.
1805 1888 1990 1942 Nullus
2016 1890 2097 1944 in-

528 1973 617 2027 teil
641 1988 770 2043 gens
796 2013 811 2038 ,
853 1973 987 2028 nlbil
1017 1976 1120 2029 hoc
1155 1991 1276 2031 esse
1314 1979 1540 2046 putabit.
1589 1970 1733 2039 “ac.
1774 1977 1922 2041 Hoc.
1963 1980 2096 2036 satis

528 2065 714 2129 credo,
748 2064 1133 2119 animadvertis
1166 2082 1272 2119 non
1299 2066 1441 2120 aliud
1470 2082 1592 2123 esse
1624 2083 1785 2135 quam
1808 2056 2093 2135 justitiam.

527 2151 672 2205 Disc.
739 2150 881 2204 Nihil
930 2151 1071 2206 aliud
1135 2155 1361 2223 cogitari
1422 2164 1618 2225 potest.
1682 2156 1820 2220 Mite.
1879 2157 2095 2211 Certum

507 2249 609 2307 ,est
654 2240 818 2310 igitur
869 2240 1134 2308 justitiam
1186 2260 1306 2299 esse
1346 2244 1567 2315 aliquid.
1616 2247 1757 2301 DISC.
1806 2248 1913 2301 lmo
1944 2248 2097 2302 valde

526 2331 727 2400 aliquid
766 2333 987 2386 bonum.
1026 2332 1161 2388 ΜΑα.
1206 2335 1502 2405 Antequam
1543 2339 1807 2407 acciperet
1832 2337 2096 2405 justitiam

526 2421 702 2486 hanc,
762 2422 1003 2475 voluntas
1059 2423 1146 2477 illa
1198 2425 1427 2479 debebat
1499 2426 1631 2479 velle
1692 2436 1746 2480 et
1799 2443 1904 2481 non
1964 2414 2098 2482 velle

529 2510 824 2565 secundum
864 2509 1160 2575 justitiam?
1189 2514 1331 2567 Dtsc.
1380 2511 1495 2567 Non
1540 2515 1765 2568 debebat
1803 2515 1941 2581 quod
1979 2515 2097 2568 ideo

526 2617 637 2657 non
680 2601 909 2655 habebat
950 2602 1065 2665 '°",
1108 2602 1230 2671 quia
1275 2619 1379 2659 non
1418 2614 1719 2672 acceperat.
1766 2604 1902 2657 MAG.
1940 2604 2096 2657 Post-

436 2731 438 2734 .
525 2705 686 2757 quam
719 2698 899 2744 autent
937 2691 1142 2761 accepit
1188 2692 1279 2722 ⁸⁸⁸⁸
1312 2706 1325 2743 :
1361 2707 1466 2746 non
1499 2692 1711 2747 dubitas
1741 2694 1964 2757 debere,
1996 2693 2096 2758 nisi

530 2776 711 2844 aliqua
738 2777 985 2832 violentia
1018 2779 1266 2834 amittat?
1293 2780 1437 2835 Duc.
1464 2780 1689 2848 Semper
1715 2796 1833 2834 eam
1864 2782 1985 2834 huic
2008 2781 2097 2835 de-

525 2866 640 2920 bito
676 2866 943 2935 alligatam
978 2876 1143 2935 puto,
1176 2868 1289 2923 sive
1330 2876 1512 2923 teneat
1556 2871 1697 2939 quod
1749 2870 1955 2938 accepit
1983 2871 2095 2923 sive

2195 368 2477 423 honestum
2516 368 2713 423 bonum
2758 371 3094 425 convincitur
3138 370 3252 434 ηπ,
3294 386 3451 438 quam
3491 386 3609 439 qua
3654 373 3756 429 hoc

2195 456 2494 526 ""Iipsum
2524 474 2627 511 non
2660 457 2859 512 habere
2889 474 2987 511 nec
3014 458 3209 513 debere
3244 459 3530 528 aliquando
3558 474 3756 529 cogno-

2196 546 2383 600 scitur.
2435 546 2571 600 Mac.
2607 546 2748 600 Bene
2790 545 3097 599 consideras
3132 562 3145 597 :
3177 546 3270 600 sed
3314 545 3450 599 adde
3485 547 3609 601 huic
3655 557 3758 602 tua:

2194 635 2505 697 sententiae,
2538 636 2661 703 quia
2691 643 2890 704 quanto
2922 626 3143 698 natura,
3174 642 3293 703 qtne
3324 634 3425 689 hoc
3451 634 3638 689 habuit
3662 620 3755 669 ²⁶⁸¹

2195 732 2250 778 et
2296 724 2474 791 debet,
2522 731 2855 778 monstratur
2896 721 3236 785 laudabilior,
3292 729 3441 775 tanto
3488 737 3759 791 persona,

2196 829 2315 883 quae
2346 829 2448 866 non
2485 813 2646 867 habet
2678 812 2818 881 quod
2849 812 3038 876 debet,
3074 810 3411 865 convincitur
3436 808 3792 879 vituperabi-i

2196 901 2316 956 lior.
2369 902 2511 956 Dtsc.
2560 902 2915 956 Vehementer
2955 902 3205 956 assentio.
3255 901 3395 955 MAG.
3443 900 3763 957 Discernere

2197 990 2326 1044 mihi
2359 976 2517 1051 bene,
2551 990 2676 1058 quid
2711 990 2779 1044 ibi
2812 998 3075 1045 monstret
3105 989 3200 1021 ““
3226 988 3481 1043 naturam‘
3517 989 3785 1051 laudabis

2196 1072 2341 1141 lem,
2369 1078 2575 1144 etquid
2616 1076 2778 1130 l‘aeiat
2823 1091 3106 1145 personam
3147 1070 3581 1145 vituperabilem.
3608 1078 3757 1132 Dtsc.

2196 1165 2458 1219 Habuisse
2500 1166 2581 1219 vel
2627 1166 2826 1220 debere
2876 1174 3139 1221 monstrat.
3188 1166 3488 1221 naturalem
3531 1166 3762 1236 dignita-

2197 1263 2326 1322 tem,
2357 1265 2410 1310 et
2437 1272 2541 1311 non
2570 1257 2769 1310 habere
2810 1255 2939 1310 facit
2968 1255 3305 1328 personaletn
3348 1255 3768 1321 inhonestatem.

2198 1347 2398 1401 Debere
2431 1348 2574 1400 enim
2605 1347 2720 1410 'm,
2767 1346 2968 1401 factum
2999 1356 3084 1401 est
3114 1347 3189 1403 ab,
3219 1362 3284 1401 eo
3311 1348 3405 1417 qui
3430 1346 3607 1412 dedit;
3652 1362 3764 1403 non

2195 1436 2393 1490 habere
2419 1451 2574 1502 vero,
2622 1435 2820 1489 factum
2859 1444 2946 1491 est.
2986 1436 3054 1490 ab
3085 1436 3199 1504 ipso
3234 1436 3328 1467 ὀη
3367 1436 3458 1504 qui
3505 1435 3762 1491 deseruit.

2194 1529 2317 1584 ideo
2350 1545 2579 1599 namque
2609 1529 2793 1593 debet,
2824 1529 2915 1598 qui
2944 1531 3185 1598 accepit;
3218 1530 3338 1584 ideo
3366 1544 3495 1609 vero
3531 1546 3636 1585 non
3667 1531 3767 1585 ba-

2126 1609 2307 1682 B‘bet,
2340 1620 2459 1686 quia
2495 1620 2734 1673 deseruit
2765 1618 2878 1671 '“i.
2911 1617 3050 1673 hinc.
3088 1619 3203 1673 Non
3239 1634 3369 1689 ergo
3414 1620 3764 1689 reprehendis

2197 1708 2295 1739 ³⁸⁸⁸
2316 1709 2366 1760 in
2394 1708 2506 1779 ipsa
2535 1707 2807 1762 voluntate
2825 1747 2839 1771 ,
2865 1722 2984 1776 qua:
3010 1723 3112 1762 non
3143 1709 3289 1763 stetit
3326 1709 3379 1762 in
3401 1708 3643 1778 justitia,
3671 1708 3765 1763 de-

2196 1796 2323 1850 bere
2371 1796 2667 1865 jnstitiam;
2720 1796 2811 1849 sed
2870 1810 2986 1852 non,
3034 1796 3231 1850 habere
3270 1796 3555 1865 justitiam.
3612 1796 3764 1849 Disc.

2196 1886 2588 1941 (hnttino'nihil
2620 1886 2760 1939 aliud
2793 1887 2861 1961 ibi
2898 1888 3228 1955 reprehendo
3263 1903 3422 1957 quam
3463 1888 3774 1957 absentiam.

2191 1972 2443 2042 justitia,
2474 1974 2589 2027 sive
2615 1989 2718 2030 non
2755 1973 3261 2043 haberejustitiam.
3302 1973 3459 2040 Nam,
3490 1976 3627 2030 sicut
3650 1977 3763 2045 jam

2198 2061 2329 2123 dixi,
2362 2060 2585 2124 debere,
2618 2061 2843 2117 decorat,
2866 2062 2995 2126 ""g
3027 2078 3131 2115 non
3168 2063 3366 2118 habere
3395 2078 3546 2127 vero,
3583 2064 3765 2119 detur-

2196 2160 2320 2220 pat;
2352 2160 2406 2204 et
2434 2166 2539 2219 quo
2572 2152 2739 2219 magis
2771 2150 2893 2204 illud
2924 2152 3106 2216 decet,
3135 2167 3200 2206 eo
3227 2154 3396 2221 magis
3428 2153 3565 2227 istud
3598 2153 3777 2207 dede-.

2199 2249 2279 2291 cet
2313 2252 2326 2291 :
2356 2240 2483 2301 imo,
2514 2254 2617 2291 non
2643 2240 2710 2291 ob
2736 2238 2880 2292 aliud
2908 2239 3231 2293 voluntatem
3254 2240 3395 2295 illam
3423 2240 3670 2307 deturpat
3694 2254 3770 2293 ex

2198 2328 2411 2396 propria
2443 2327 2596 2396 culpa
2631 2342 2733 2380 non
2766 2328 2989 2388 habere,
3022 2342 3180 2401 quam
3209 2327 3332 2400 quia
3375 2327 3515 2380 illam
3548 2329 3767 2381 decorat

2197 2432 2260 2469 ex
2296 2416 2531 2469 bonitate
2566 2416 2745 2469 dantis
2783 2416 2975 2469 debere
3012 2417 3210 2469 habere
3245 2416 3359 2467 ωδ.
3395 2414 3533 2469 MAG.
3576 2415 3768 2471 Nonne

2192 2506 2303 2575 jam
2346 2505 2668 2558 voluntatem
2708 2506 2875 2572 ipsam
2901 2545 2915 2569 ,
2946 2520 3063 2573 qua:
3100 2520 3206 2565 non
3248 2505 3408 2565 habet
3450 2503 3715 2575 justitiam
3742 2544 3777 2571 ρ,

2198 2608 2356 2661 quam
2389 2593 2545 2646 debet
2576 2592 2795 2653 habere,
2820 2592 3026 2667 judicas
3055 2592 3325 2659 injustam,
3358 2601 3411 2645 et
3442 2594 3493 2646 in
3522 2593 3610 2647 illa
3642 2609 3764 2648 esse

2200 2680 2557 2747 injustitiam?
2582 2680 2723 2734 DISC.
2753 2681 2885 2747 Quis
2908 2696 3012 2734 non
3043 2682 3112 2734 ita
3136 2682 3537 2752 judieeti‘ilac.
3569 2684 3624 2738 Si
3654 2700 3765 2740 non

2199 2779 2341 2825 esset
2372 2769 2595 2836 injusta,
2638 2786 2737 2824 nec
2765 2781 2903 2824 esset
2947 2773 2997 2823 in
3030 2772 3115 2824 illa
3158 2773 3410 2841 injustitia
3433 2784 3607 2843 ;,puto
3635 2776 3781 2843 quia.

2199 2858 2332 2915 nihil
2363 2858 2413 2909 in
2449 2873 2510 2909 ea
2542 2858 2978 2923 reprehenderes.
3018 2860 3161 2922 Dtsc.
3183 2859 3332 2914 Nihil
3356 2861 3591 2914 omnino.
3619 2862 3783 2921 ΜΑα..

525 2964 717 3023 sponte
752 2956 981 3010 ἀεεοηι,
1027 2955 1167 3011 Mm,
1201 2956 1366 3011 neue
1391 2938 1602 3026 iudicas
1648 2959 1758 3007 που,
1801 2958 1905 3013 sed
1945 2961 2089 3027 quid,
2122 2938 2167 2999 C
2198 2946 2335 3016 Ergo
2364 2946 2491 3000 nihil
2523 2946 2664 2999 aliud
2693 2946 2746 2999 in
2769 2948 3207 3016 ext-reprehendis
3228 2963 3387 3016 quam
3416 2949 3779 3018 injustitiam,

527 3044 573 3099 si
611 3043 859 3101 voluntas
893 3047 1080 3101 eadem
1105 3046 1369 3115 justitiam
1403 3056 1509 3101 tam
1542 3048 1744 3103 utiliter
1766 3058 1821 3102 et
1860 3057 1965 3102 tam
1996 3063 2096 3102 sa-

527 3136 738 3205 pienter
762 3137 1000 3191 additam
1041 3137 1173 3203 sibi,
1208 3138 1353 3192 nulla
1391 3138 1681 3207 indigentia
1719 3148 1773 3193 et
1808 3139 1949 3193 nulla
1986 3135 2096 3194 vio4

529 3225 694 3278 lentia
718 3236 965 3294 cogente,
990 3229 1223 3293 deserat,
1250 3228 1446 3281 utendo
1475 3236 1664 3296 sponte
1690 3245 1784 3282 sua
1810 3238 2095 3297 potestate,

528 3314 580 3367 id
608 3321 689 3367 est
714 3314 832 3381 plus
858 3314 1083 3367 volentlo
1112 3328 1270 3383 quam
1302 3314 1526 3369 debeat?
1550 3314 1633 3367 An
1679 3314 1973 3369 remanebit
2005 3316 2100 3368 ali-

528 3402 654 3469 quid
700 3402 841 3455 aliud
884 3409 1004 3457 cum
1046 3404 1158 3472 ipsa
1198 3402 1510 3467 voluntate,
1562 3419 1723 3472 quam
1772 3404 1911 3472 quod
1950 3403 2097 3467 prius

530 3490 1003 3544 considerabamus
1043 3503 1167 3544 ante
1204 3491 1624 3545 additamentum
1656 3492 1912 3560 justitiaa?
1948 3491 2093 3543 DISC.

530 3580 796 3646 Quoniam
828 3579 922 3611 ¹⁰⁸³
949 3578 1081 3632 nihil
1111 3578 1253 3631 aliud
1284 3587 1366 3632 est
1408 3578 1644 3631 additum
1672 3595 1831 3648 quam
1855 3578 2095 3645 justitia,

531 3676 778 3738 separata
820 3668 1025 3737 justitia
1070 3668 1199 3723 nihil
1246 3669 1390 3722 aliud
1439 3678 1643 3723 certum
1694 3680 1771 3723 est
1822 3687 2099 3728 remanere

532 3775 693 3827 quam
732 3760 872 3829 quod
912 3760 1059 3825 prius
1097 3768 1252 3825 erat,
1302 3759 1404 3813 nisi
1446 3760 1567 3825 quia
1614 3758 1929 3813 debitricem
1975 3761 2101 3815 fecit

531 3864 651 3903 eam
705 3857 921 3917 accepta
969 3850 1175 3917 justitia
1206 3892 1219 3914 ,
1273 3858 1327 3901 et
1378 3850 1528 3916 quasi
1581 3851 1823 3916 quaedam
1878 3853 2096 3919 pulchra

534 3940 755 4006 vestigia
806 3941 886 3992 sui
940 3940 1156 4007 reliquit
1207 3940 1456 3993 derelicta
1508 3940 1692 3991 eadem
1737 3940 1966 4006 justitia.
2024 3944 2098 3995 Eo

534 4030 676 4082 enim
711 4031 846 4097 ipso,
874 4045 979 4097 quo
1008 4030 1234 4081 debitrix
1259 4029 1481 4095 justitia:
1512 4039 1807 4095 permanet,
1840 4042 2098 4085 monstra-

536 4127 621 4171 tur
665 4118 942 4171 honestate
983 4116 1205 4183 justitia:
1244 4117 1407 4171 fuisse
1455 4121 1722 4169 decorata.
1767 4116 1869 4169 Sed
1904 4128 1957 4171 et
2001 4120 2101 4174 hoc

533 4208 665 4261 satis
695 4208 896 4272 justum
932 4218 1043 4269 est,
1079 4217 1131 4260 ut
1172 4208 1311 4271 quod
1350 4205 1515 4259 semel
1559 4206 1763 4273 accepit
1791 4206 2052 4274 justitiam
2081 4249 2093 4269 ,

2192 3047 2246 3091 et
2280 3040 2403 3105 quia
2450 3036 2645 3103 lujusta
2675 3048 2774 3090 est.
2817 3038 2959 3092 DlSC.
2997 3037 3110 3091 Non
3140 3053 3355 3106 possum
3402 3040 3545 3095 aliud
3596 3044 3756 3111 quid-

2196 3142 2356 3195 quam
2398 3125 2449 3178 in
2480 3141 2542 3179 ea
2579 3127 2989 3195 reprehendere.
3028 3128 3165 3183 Mac.
3200 3128 3257 3182 Si
3288 3144 3416 3197 ergo
3446 3131 3577 3183 nihil
3616 3131 3762 3187 aliud

2196 3220 2267 3273 ibi
2301 3212 2648 3282 reprehendis
2678 3232 2838 3285 quam
2878 3216 3174 3270 absentiam
3213 3216 3503 3283 injustitite,
3533 3229 3587 3274 et
3614 3220 3759 3275 illam

2197 3326 2300 3365 non
2331 3311 2529 3365 habere
2574 3295 2838 3381 justitiam
2863 3348 2878 3372 ,
2907 3307 3044 3361 sicut
3082 3294 3239 3375 paulo
3268 3309 3605 3364 ante‘dixisti
3634 3327 3648 3376 ;
3703 3320 3761 3366 et

2198 3398 2391 3451 iterum
2421 3413 2603 3451 verum
2629 3404 2711 3450 est
2740 3396 2862 3463 quia
2894 3395 3023 3449 nihil
3048 3396 3190 3448 aliud
3215 3396 3561 3463 reprehendis
3592 3398 3643 3451 in
3671 3413 3759 3464 ea,

2198 3503 2357 3556 quam
2390 3488 2441 3540 in
2482 3487 2567 3540 illa
2598 3501 2715 3540 esse
2752 3484 3066 3551 injustitiam
3088 3525 3103 3549 ,
3140 3486 3251 3538 sive
3286 3484 3429 3537 illam
3460 3500 3580 3541 esse
3619 3488 3761 3551 iuju-
3837 3502 3840 3509 ‘

2199 3586 2366 3641 stam;
2427 3578 2599 3643 palam
2632 3576 2860 3643 estquia
2902 3591 3006 3629 non
3037 3574 3178 3643 aliud
3218 3578 3270 3629 in
3304 3578 3390 3631 illa
3420 3588 3503 3632 est
3541 3580 3756 3648 injusti-

2203 3669 2271 3720 tia
2312 3676 2403 3719 aut
2440 3681 2557 3719 esse
2600 3664 2883 3731 injustam,
2928 3679 3087 3734 quam
3132 3666 3368 3721 absentia
3409 3668 3627 3736 justitia:
3668 3678 3762 3722 aut

2201 3774 2303 3811 non
2336 3755 2837 3824 baberejustitiam.
2863 3755 3007 3808 DISC.
3038 3755 3192 3809 Nullo
3221 3758 3375 3810 modo
3402 3770 3623 3825 possunt
3646 3759 3761 3813 base

2199 3864 2318 3903 esse
2348 3848 2576 3901 diversa.
2620 3844 2758 3898 illac.
2799 3843 2948 3898 Sicut
2983 3845 3141 3913 igitur
3168 3846 3407 3899 absentia
3448 3844 3670 3912 justitiae
3705 3858 3764 3903 et

2201 3953 2303 3989 non
2338 3935 2533 3987 habere
2556 3934 2849 4001 justitiam,
2881 3933 3075 3985 nullam
3112 3932 3396 3986 essentiam
3428 3933 3589 3988 habet
3615 3934 3713 3967 ’°“
3741 3979 3757 4003 ,

2203 4025 2271 4078 ita
2314 4023 2589 4091 injustitia,
2621 4029 2674 4074 et
2716 4035 2833 4074 esse
2878 4018 3154 4086 injustum,
3193 4020 3391 4071 nullum
3438 4020 3600 4074 habet
3640 4038 3764 4077 esse

2202 4113 2317 4175 '°“,
2345 4121 2398 4163 ot
2427 4110 2622 4163 idcirco
2654 4124 2756 4162 non
2785 4117 2865 4162 est
2895 4108 3128 4177 aliquid,
3162 4109 3251 4162 sed
3282 4110 3431 4161 nihil.
3466 4110 3608 4163 DISC.
3645 4110 3763 4166 Non
3830 4144 3836 4151 -

2201 4212 2283 4256 est
2317 4200 2727 4265 conscquentius
2754 4198 2971 4265 aliquid.
3001 4196 3137 4250 hinc.
3169 4197 3434 4251 Memento
3462 4199 3621 4253 etiam
3646 4199 3761 4266 jam
3798 4203 3805 4228 ί

532 4312 649 4349 eam
681 4310 892 4362 semper
926 4296 1114 4350 debeat
1144 4297 1256 4356 '°“,
1302 4296 1401 4347 nisi
1436 4294 1695 4346 violenter
1727 4295 1985 4349 amiserit.
2033 4297 2097 4350 Et
2126 4266 2175 4324 Π
2204 4299 2449 4344 constare
2483 4289 2607 4354 quia
2639 4286 2918 4339 recedente
2955 4285 3157 4353 Ιυειίιίίι
3181 4327 3196 4351 ν
3224 4296 3445 4355 θΧεοΡιο
3470 4288 3649 4343 (Ιθιὶῖιο
3674 4290 3765 4360 ,ἰη-

532 4396 676 4441 cerle
705 4388 928 4442 multum
972 4391 1181 4457 dignior
1212 4399 1401 4443 natura
1434 4386 1711 4455 probatur,
1745 4402 1861 4455 qum
1894 4388 1971 4441 vel
2003 4390 2096 4442 ali-

2203 4379 2403 4455 stitize,
2432 4375 2564 4453 nihil
2600 4375 2741 4429 aliud
2772 4375 2844 4428 illi
2879 4376 3139 4429 remansit
3169 4375 3262 4406 ²⁰⁶⁷
3290 4390 3450 4445 quam
3484 4370 3623 4443 quod
3668 4378 3767 4432 ha-

1782 4543 2010 4601 νΑῐιιέε
2054 4538 2455 4598 LECTIONES.
2509 4560 2513 4565 ο

602 4657 695 4689 ’⁸⁵⁸
717 4658 819 4710 Per
837 4658 939 4711 boc
960 4657 1096 4725 quod
1111 4658 1251 4724 jnste
1272 4656 1430 4717 volet,
1450 4655 1699 4709 nonvolet
1722 4675 1843 4709 mss.
1865 4672 1958 4724 pce
1976 4657 2074 4709 hoc
2089 4656 2367 4726 quiajnste
2387 4648 2663 4726 vole_t,non
2684 4646 2808 4726 velit
2881 4644 3213 4726 "Riguus-tino
3234 4644 3461 4726 indigeant
3481 4645 3759 4726 21:5.Vicl.

533 4724 655 4778 (ἔρνη
698 4726 812 4778 Bec.
831 4714 1149 4779 Corbfunnii
1175 4728 1329 4778 modo
1354 4714 1585 4792 indigeat
1656 4726 1747 4794 ξ⁰³⁷
1773 4714 1929 4779 Μ.Ᾱιι
1957 4714 2117 4790 putas"
2137 4714 2473 4794 aliquid,etc.
2497 4717 2578 4794 hic
2599 4717 2781 4794 incipit
2814 4716 3071 4794 argutia.
3093 4717 3143 4764 in
3170 4729 3290 4794 mss.
3311 4782 3322 4794 ‘
3366 4715 3458 4794 ξθδιξ
3481 4714 3764 4794 Temperet

530 4796 671 4847 illam
697 4811 815 4846 mss.
852 4794 983 4846 Vict.
1018 4804 1274 4859 temperat
1302 4794 1442 4847 illaut
1465 4782 1494 4792 ”
1518 4795 1609 4825 ²⁰³⁹
1634 4792 1847 4862 Ne-plns
1870 4782 1992 4846 velit
2020 4811 2113 4845 ms.
2150 4782 2281 4844 i’ic't.
2328 4782 2359 4843 3
2394 4802 2491 4841 nec
2523 4787 2638 4852 plus
2664 4785 2788 4835 velit
2816 4783 3093 4863 ᾖσεν-Ἥρᾳ
3117 4797 3218 4863 non
3242 4782 3465 4863 debebat
3491 4782 3762 4863 "188.3389

531 4880 633 4915 ltntt
669 4864 895 4914 habebat
966 4864 1057 4894 ¹⁰³¹
1085 4849 1368 4926 Postquam
1397 4872 1574 4916 autem
1606 4878 1707 4917 non
1735 4849 1941 4931 accepit
1974 4880 2097 4915 mss.
2128 4869 2410 4931 postquam
2442 4849 2620 4931 autem
2651 4852 2879 4931 accepit“
2917 4851 3200 4931 j°“_.R'ccte
3235 4857 3429 4904 asseris
3468 4867 3589 4903 mu.
3625 4849 3756 4904 Vict.

533 4932 717 4981 (.‘istsr.
749 4932 910 4983 llecte
936 4931 1139 4994 jndiras
1212 4924 1580 4985 “"Justitim?
1616 4924 1880 4996 Quoniaui
1920 4948 2043 4983 mss.
2074 4924 2321 4999 ju'stitim."
2353 4929 2411 4999 l1.
2439 4924 2697 4999 Quoniam

533 5016 627 5065 μω*
656 5002 844 5050 debeat
872 5016 995 5051 mss.
1024 4999 1205 5051 Cistet‘.
1232 5000 1373 5052 (lem.
1401 5002 1520 5053 Περ.
1549 5000 1699 5053 Corb.
1724 5004 1888 5053 omitl.
1916 5016 2135 5052 servare

1042 5069 1321 5132 ’°-"°Qn.nn
1375 5072 1495 5137 quia
1547 5072 1639 5122 hor
1699 5087 1821 5122 mss.
1856 5085 2014 5139 quam
2068 5082 2199 5139 qnze
2238 5069 2337 5139 hoc
2447 5069 2536 5138 ²ξ¹δ⁷
2568 5069 2939 5139 ΙΙιιυιιιξνιίμιοιΙ
2972 5069 3027 5135 ας

2039 5129 2131 5166 ⁹⁸⁵⁹
2158 5136 2367 5187 Habere
2402 5131 2543 5181 enim
2576 5145 2696 5179 mss.
2725 5129 2918 5179 debere
2946 5129 3086 5178 enim

531 5068 932 5117 t'titn'lllt‘t‘rt‘llll‘

532 5137 622 5165 ’³⁵⁸
652 5137 776 5206 quid
806 5136 900 5206 tibi
941 5147 1197 5189 monstret
1230 5155 1351 5189 mss.
1380 5136 1503 5206 Quid
1544 5140 1632 5191 tibi
1667 5136 1925 5191 tnonslret

532 5215 670 5254 ctum
707 5205 771 5254 ab
804 5205 917 5270 ipso
948 5222 1067 5256 mss.
1099 5225 1199 5257 non
1232 5205 1425 5260 habere
1459 5224 1601 5268 vero,
1640 5208 1832 5260 factum
1867 5216 1943 5257 est
1978 5207 2042 5255 ab
2075 5207 2189 5272 ipso

1876 5276 1967 5305 ²⁰⁶³
1994 5264 2201 5326 Ilaliere
2252 5271 2467 5323 decorat
2516 5282 2638 5315 mss.
2668 5267 2858 5315 debere
2899 5264 3111 5314 decorat

539 5274 628 5353 a-oo‘a
657 5273 1034 5353 “aprphcud‘us
1095 5276 1144 5325 in
1177 5293 1297 5327 mss.
1332 5276 1679 5353 rt‘prgltt‘ttdis
1713 5278 1762 5327 itt

536 5342 729 5411 «lubere
779 5340 1075 5411 mss.(.'em.
1111 5344 1225 5395 live.
1259 5340 1411 5395 liot'b'.
1454 5340 1582 5395 Vict.
1630 5346 1803 5397 «lautis
1854 5345 2048 5396 debere
2093 5344 2123 5394 lt

2187 5357 2290 5391 mre
2401 5340 2491 5365 ’0“
2538 5340 2829 5385 lisscntiain
2879 5340 3068 5383 habent
3116 5340 3412 5411 ιιίεξέμιειη.
3447 5340 3552 5405 nec.

1261 5415 1349 5441 ²””’²
1384 5414 1594 5469 δυΙΙυιιι
1640 5413 1832 5465 habent
1873 5430 1988 5465 esse
2027 5428 2118 5463 ms.

2187 5411 2340 5461 Tis'rr.
2402 5405 2596 5457 lzlllilltll
2659 5403 2809 5452 italu-1
2875 5416 2989 5450 esse
3080 5397 3267 5447 “"lbi
3333 5397 3579 5448 remansit
3633 5411 3755 5445 mss.

546 5406 678 5457 Vict.
718 5410 947 5460 t‘sst‘ttliu
1008 5414 1159 5465 ilililt‘l

534 5476 602 5523 ’ΞΗ
640 5479 888 5529 remansit

2794 4922 2885 4950 ’(³⁸³
2909 4919 3199 4981 Justitiam,
3234 4934 3447 4973 servare
3479 4934 3593 4971 eam
3623 4933 3760 4971 sem-

2231 4998 2324 5028 ²⁰⁸⁸
2365 4985 2730 5047 Conmutniter
2772 5005 2896 5041 mss.
2925 4988 3305 5041 convincentur
3345 5004 3467 5040 mss.
3512 4985 3757 5041 S.Mt'clt.

2447 5062 2537 5090 ’(³⁸⁷
2568 5059 2777 5117 Habuit,
2803 5059 2939 5125 quod
2972 5058 3129 5110 debet
3166 5057 3578 5125 mssibahuitet
3599 5054 3759 5125 debet

3152 5134 3153 5137 ‘
3180 5125 3270 5155 ²⁰⁶⁰
3296 5123 3404 5175 Non
3437 5124 3655 5182 habare,
3681 5123 3761 5172 fa-

2264 5202 2351 5231 ²⁰⁰¹
2378 5200 2510 5263 Quia
2542 5198 2772 5247 deseruit
2802 5211 2922 5247 mss.
2963 5193 3088 5245 Vict.
3123 5190 3305 5263 Cisler.
3329 5194 3449 5263 quia
3474 5190 3761 5263 dereliquit

3218 5261 3308 5289 m‘
3344 5261 3526 5312 Daulis
3562 5260 3761 5310 habere

2401 5338 2491 5365 “005'
2538 5334 2829 5385 ltissentiam
2878 5332 3068 5383 habent
3116 5336 3235 5379 mss.
3268 5328 3412 5379 (3cm.
3447 5326 3567 5377 Bcc.
3600 5323 3755 5377 Corlv.
