4226 6196
368 1634 371 1635 ⁷
419 1628 493 1682 tia
528 1644 631 1682 non
660 1628 730 1682 sit
757 1628 899 1681 aliud
933 1642 1095 1696 quam
1133 1627 1369 1680 absentia
1395 1627 1649 1692 justitiae,
1696 1642 1794 1681 nec
1833 1627 1970 1696 inju-

395 4680 531 4739 'titia
596 4700 695 4738 non
746 4688 815 4740 sit

424 180 461 240 3
482 157 540 237 ιο

427 291 589 350 bebat
608 302 729 348 ante
744 300 1041 360 susceptam
1057 290 1338 358 justitiam.
1364 289 1506 351 Disc.
1530 291 1747 345 Constat
1769 292 1969 358 utique.
2000 299 2047 351 Α

426 381 564 439 MAG.
596 385 663 437 At
692 384 886 451 iujusta
919 397 1023 435 non
1051 391 1198 445 erat,
1236 396 1333 435 nec
1370 381 1679 450 injustitiam
1716 381 1974 447 habebat,

425 479 706 540 antequam
745 470 962 523 haberet
992 466 1275 536 justitiam.
1308 468 1448 521 DISC.
1477 466 1611 521 Non.
1641 466 1780 521 MAG.
1816 467 1973 534 Ergo,

424 570 518 615 aut
550 560 833 615 recedente
857 559 1063 627 justitia
1101 558 1212 620 πη,
1246 574 1348 611 nou
1378 567 1461 612 est
1489 558 1540 610 in
1582 557 1664 609 illa
1698 553 1973 622 injustitia,

423 662 522 704 nec
559 656 640 701 est
668 647 889 713 iujusta;
932 653 1022 698 aut
1051 645 1182 698 nihil
1214 653 1295 699 est
1325 644 1607 710 injustitia,
1636 645 1716 698 vel
1746 660 1864 698 esse
1896 645 1975 697 in-

418 736 639 808 justum.
680 739 821 791 Dtsc.
866 735 979 789 Non
1024 744 1200 803 potest
1228 735 1393 788 videri
1439 734 1636 803 aliquid
1675 735 1842 804 magis
1884 748 2001 787 ηιξ-ι

422 830 735 884 cessarium.
765 825 902 880 MAG.
930 825 995 877 At
1017 825 1329 894 injustitiam
1359 826 1498 878 illam
1531 826 1749 887 habere,
1779 832 1833 876 et
1856 820 1977 878 esse

424 916 691 986 injustam,
726 926 843 984 post
875 916 1138 969 desertam
1164 913 1423 980 justitiam
1456 914 1785 968 concessisti.
1828 913 1978 968 Disc.

421 1005 531 1062 lino
576 1022 681 1061 non
720 1012 933 1073 possum
965 1018 1069 1059 non
1105 1004 1306 1056 videre.
1338 1002 1474 1057 MAG.
1519 1002 1658 1056 Nihil
1708 1002 1867 1071 igitur
1895 1009 1974 1054 est

424 1095 720 1164 injustitia,
747 1094 829 1147 vel
859 1109 976 1149 esse
1016 1093 1290 1159 injustum.
1342 1094 1481 1146 DISC.
1527 1092 1845 1146 Credeutem
1891 1084 1977 1145 me

419 1184 593 1240 fecisti
624 1185 762 1239 scire
794 1185 934 1253 quod
966 1185 1212 1237 nesciens
1235 1182 1539 1237 credebam.

994 1293 1220 1349 CAPUT
1260 1292 1394 1347 XVI.
1438 1282 1441 1285 ’

491 1386 643 1450 Quod
672 1385 928 1454 iujustitia
962 1400 1062 1437 non
1090 1389 1170 1464 sit
1191 1385 1301 1465 ξοξθ,
1338 1386 1435 1438 nisi
1464 1385 1695 1436 absentia
1724 1383 1907 1436 debita:
1970 1439 1975 1443 ,

1074 1466 1312 1521 justum.

489 1540 627 1596 MAG.
656 1540 886 1595 Estimo
914 1548 967 1594 te
986 1538 1099 1606 jam
1127 1554 1468 1615 cognoscere,
1493 1556 1612 1594 cum
1639 1540 1734 1571 “7°
1758 1540 1969 1608 injusti—

414 1726 558 1771 stum
584 1710 701 1770 esse
724 1715 867 1769 aliud
888 1730 1047 1784 quam
1075 1730 1179 1769 non
1212 1714 1405 1770 habere
1425 1715 1709 1782 justitiam,
1740 1730 1837 1771 cur
1864 1733 1968 1771 non
2002 1714 2007 1719 ’

415 1816 542 1861 ante
572 1806 778 1872 datam,
824 1806 917 1860 sed
958 1816 1078 1875 post
1108 1806 1416 1860 derelictam
1437 1807 1741 1873 justitiam,
1782 1806 1966 1860 eadem

396 1893 655 1948 absentia
695 1893 917 1962 justitia:
944 1903 1168 1948 vocetur
1211 1894 1505 1961 injustitia,
1544 1903 1597 1947 et
1626 1909 1727 1947 non
1776 1894 1971 1950 habere
2028 1912 2033 1925 ί

414 1978 677 2049 justitiam
697 2023 711 2047 ,
744 1982 813 2037 sit
839 1981 1088 2049 injustum
1116 1997 1254 2046 esse,
1285 1992 1338 2036 et
1379 1984 1449 2037 sit
1477 1993 1759 2051 utrumque
1791 1998 1971 2053 reprc-

424 2072 682 2124 bensibile
712 2089 723 2123 ε
760 2087 862 2123 non
899 2072 1041 2124 enim
1084 2086 1298 2139 propter
1324 2073 1463 2125 aliud
1489 2113 1502 2135 ,
1549 2074 1648 2126 nisi
1692 2074 1815 2141 quia
1866 2089 1967 2127 non

418 2162 637 2216 dedecet
667 2163 854 2216 abesse
878 2160 1139 2229 justitiam
1159 2202 1172 2226 ,
1204 2163 1304 2215 nisi
1337 2163 1423 2216 ubi
1454 2164 1610 2218 debet
1652 2179 1791 2219 esse.
1822 2164 1972 2218 Sicut

416 2252 562 2309 enim
591 2254 786 2315 virum,
811 2252 900 2320 qui
929 2254 1158 2306 nondum
1187 2254 1340 2306 debet
1371 2254 1566 2309 habere
1596 2256 1835 2321 barbam,
1866 2272 1968 2311 non

418 2339 638 2393 dedecet
668 2356 771 2393 non
798 2340 1017 2404 habere,
1040 2354 1161 2394 cum
1189 2355 1313 2395 vero
1331 2340 1443 2407 jam
1469 2343 1623 2397 debet
1649 2344 1864 2404 habere,
1893 2345 1972 2397 in-

417 2429 668 2483 decorum
689 2438 771 2481 est
795 2443 897 2483 non
920 2429 1140 2491 habere,
1164 2430 1237 2482 ita
1260 2441 1523 2495 naturam,
1548 2446 1665 2499 qua:
1687 2447 1791 2486 non
1814 2434 1975 2487 debet

416 2517 615 2574 habere
647 2519 906 2588 justitiam
930 2559 947 2594 ,
982 2534 1088 2572 non
1117 2520 1379 2573 deformat
1419 2536 1523 2575 non
1555 2521 1786 2585 habere;
1829 2523 1970 2577 illam

415 2622 566 2674 vero,
591 2623 709 2676 qua:
734 2607 932 2661 habere
955 2608 1136 2673 debet,
1170 2609 1485 2661 dehonestat
1522 2625 1623 2662 non
1651 2609 1848 2665 habere
1873 2629 1886 2664 :
1920 2620 1974 2665 et

414 2708 616 2767 quanto
655 2698 824 2765 magis
864 2697 1057 2751 debere
1088 2698 1283 2751 habere
1321 2699 1409 2729 ²⁰⁷¹
1435 2737 1451 2761 ,
1492 2698 1698 2752 virilem
1740 2700 1973 2754 ostendit

418 2796 659 2841 naturam
684 2787 797 2849 '°",
830 2797 975 2839 tanto
1008 2788 1175 2853 magis
1204 2802 1306 2839 non
1334 2787 1548 2850 habere,
1576 2787 1737 2840 {cedat
1764 2789 1970 2843 virilem

416 2876 661 2948 ﬁguram.
686 2874 827 2929 Disc.
850 2874 1181 2928 Suilicienter
1202 2876 1352 2929 video
1374 2877 1680 2944 injustitiam
1706 2892 1806 2931 non
1829 2894 1967 2942 esse,

415 2966 517 3019 nisi
549 2964 840 3018 absentiam
863 2962 1103 3029 juStitias,
1136 2964 1226 3017 ubi
1256 2964 1411 3018 debet
1440 2980 1557 3019 esse
1585 2966 1817 3033 justitia.

810 3049 1035 3106 CAPUT
1072 3051 1208 3107 xvu
1251 3052 1373 3123 [al.,
1402 3053 1567 3124 xw].

416 3138 526 3199 Cur
558 3140 785 3193 desertor
813 3139 1023 3208 angelus
1062 3157 1163 3193 non
1196 3142 1355 3207 possit
1398 3140 1565 3195 redire
1604 3143 1672 3195 ad
1692 3143 1973 3213 justitiam.

491 3225 628 3281 MAG.
669 3227 799 3279 Cum
841 3228 1113 3295 posuimus
1132 3228 1236 3279 ."7’
1264 3228 1429 3284 solam
1460 3229 1778 3283 voluntatem
1810 3232 1975 3284 beati-

422 3319 623 3371 tudinis
651 3316 871 3385 p'rzet'ato
898 3316 1087 3386 angelo
1121 3317 1238 3370 dari
1276 3318 1393 3381 “1",
1424 3319 1653 3372 vidimus
1686 3335 1805 3373 eum
1843 3320 1973 3373 nihil

416 3410 659 3478 potuisse
688 3408 797 3477 7o
820 3406 951 3460 velle
982 3406 1145 3459 aliud.
1177 3408 1321 3462 Dtsc.
1355 3410 1555 3476 Aperte
1584 3409 1813 3463 vidimus
1837 3411 1978 3477 quod

417 3498 570 3552 dicis.
610 3496 746 3549 MAG.
788 3497 871 3549 An
907 3497 1101 3563 modo,
1147 3498 1399 3553 derelicta
1448 3499 1651 3567 justitia
1700 3509 1752 3558 et
1797 3516 1973 3554 rema-

417 3596 580 3640 nente
640 3584 723 3638 illa
786 3586 896 3638 sola
948 3586 1040 3616 ²⁰⁷³
1086 3587 1379 3652 voluntate,
1405 3604 1523 3657 qua:
1570 3589 1718 3657 prius
1770 3588 1974 3655 fuerat,

415 3673 800 3737 beatitudinis,
873 3681 1048 3741 potest
1106 3675 1243 3728 idem
1302 3677 1541 3730 desertor
1602 3676 1667 3730 ad
1729 3677 1974 3733 volunta-

366 3808 387 3821 χ
418 3769 525 3814 tem
572 3760 791 3827 justiti-aa
836 3763 1014 3816 redire
1062 3777 1155 3830 per
1203 3779 1261 3817 se
1304 3768 1369 3818 ad
1414 3782 1573 3834 quain
1623 3787 1726 3824 non
1773 3774 1973 3841 potuit,

414 3858 701 3917 antequam
743 3851 979 3917 daretur,
1020 3853 1236 3906 venire?
1277 3856 1420 3921 Disc.
1460 3856 1563 3912 Sed
1609 3862 1765 3915 modo
1810 3866 1975 3918 multo

416 3938 641 3990 minus:
677 3947 798 3991 tunc
834 3938 975 3991 enim
1020 3940 1324 3996 conditione
1370 3953 1571 3999 natura:
1619 3963 1723 4001 non
1763 3962 1974 4019 poterat

414 4025 650 4089 habere;
685 4041 823 4079 nuuc
862 4041 987 4080 vero
1023 4028 1210 4081 merito
1239 4045 1451 4098 quoque
1477 4033 1643 4102 culpae
1685 4051 1787 4087 non
1818 4038 1977 4093 debet

412 4112 635 4166 habere.
666 4114 803 4168 MAG.
834 4114 982 4168 Nullo
1010 4132 1136 4185 ergo
1165 4119 1321 4171 modo
1366 4129 1540 4188 potest
1587 4125 1780 4178 habere
1816 4126 1974 4193 justi-

1548 177 1823 234 DlALOG.
1867 177 1951 232 DE
1987 177 2159 232 CASU
2203 178 2481 233 DIABOLI.

3518 177 3627 233 550

2448 289 2672 346 CAPUT
2708 289 2865 344 xvm
2909 289 3028 362 [al.,
3063 285 3246 357 xvu].

2083 399 2349 463 Quomodo
2377 399 2545 453 malus
2578 400 2794 469 angelus
2825 416 2881 469 se
2914 400 3309 469 feritrinjustum
3331 440 3345 462 ,
3385 398 3619 469 etibouus

2146 486 2200 521 se
2221 470 2421 536 justum
2453 485 2471 521 :
2498 479 2542 522 et
2570 467 2706 536 quod
2729 467 2896 522 malus
2921 470 2996 519 sic
3018 468 3155 521 debet
3185 470 3289 522 Deo
3315 468 3509 535 gratias
3528 484 3620 536 pro

2147 534 2336 617 bonisn
2359 553 2473 603 qua:
2505 534 2699 604 accepit
2720 575 2735 601 ,
2768 538 3100 600 “deseruit;
3141 538 3271 590 sicut
3304 534 3495 602 bonus,
3534 534 3614 604 qui

2146 615 2354 659 servavit
2384 615 2609 671 accepta.

2145 716 2282 769 MAG.
2324 715 2509 768 Nonne
2554 714 2727 781 aliquo
2764 710 2920 767 modo
2963 712 3077 777 ὀνο,
3114 712 3196 775 vel
3248 727 3368 766 cum
3399 711 3613 766 haberet

2074 806 2187 867 ηπ,
2227 805 2400 874 potuit
2430 805 2541 871 ipse
2570 802 2669 855 sibi
2701 801 2828 856 dare
2850 799 3152 868 justitiam?
3179 802 3319 855 Dtsc.
3349 801 3619 866 Quomodo

2074 890 2378 961 potuisset?
2428 888 2563 943 MAG.
2611 888 2858 944 Pluribus
2892 890 3075 953 modis
3128 888 3352 942 dicimur
3406 889 3621 944 facere:

2073 982 2299 1035 dicimur
2319 983 2459 1033 enim
2491 979 2663 1033 facere
2687 978 2907 1046 aliquid,
2939 994 3061 1033 cum
3084 993 3202 1032 esse
3225 975 3449 1033 facimus
3478 993 3621 1042 rem;

2072 1080 2123 1123 et
2154 1086 2272 1123 cum
2309 1069 2484 1122 facere
2512 1082 2791 1137 possumus
2820 1076 2875 1120 ut
2909 1083 3013 1121 non
3042 1067 3133 1130 sit,
3164 1056 3217 1119 et
3247 1081 3346 1120 non
3378 1052 3633 1121 facimus.

2073 1160 2183 1213 Hoc
2215 1162 2393 1227 itaque
2419 1158 2573 1214 modo
2596 1158 2765 1228 pomit
2796 1158 2907 1225 ipse
2928 1157 3025 1211 sibi
3052 1158 3178 1211 dare
3196 1156 3477 1225 justitiam,
3500 1157 3627 1224 quia

2070 1248 2243 1317 potuit
2270 1247 2367 1299 sibi
2397 1246 2608 1298 auferre
2636 1256 2774 1307 eam,
2803 1252 2857 1296 et
2880 1243 3053 1310 potuit
3080 1257 3183 1296 non
3217 1241 3425 1296 auferre
3452 1259 3463 1293 :
3495 1256 3630 1309 quo-

2074 1336 2229 1389 modo
2255 1334 2358 1395 ille,
2388 1334 2474 1400 qui
2504 1332 2650 1386 stetit
2672 1332 2722 1384 in
2750 1330 2973 1384 veritate
2996 1331 3046 1383 in
3074 1344 3177 1398 qua
3201 1329 3372 1382 factus
3394 1335 3494 1391 est,
3519 1342 3629 1383 non

2070 1425 2218 1486 fecit,
2253 1439 2371 1476 cum
2397 1420 2605 1490 potuit,
2649 1430 2705 1475 ut
2734 1435 2849 1474 eam
2890 1435 2992 1495 non
3024 1419 3279 1484 haberet;
3320 1428 3373 1472 et
3405 1419 3477 1473 ita
3509 1433 3627 1473 eam

2072 1512 2182 1580 ipse
2214 1510 2314 1563 sibi
2343 1509 2522 1572 dedit,
2554 1517 2610 1562 et
2640 1517 2806 1562 totum
2849 1507 2950 1561 hoc
2978 1522 3006 1559 a
3039 1507 3147 1559 Deo
3190 1506 3391 1573 accepit
3424 1524 3436 1558 :
3469 1507 3534 1558 ab
3564 1520 3628 1559 eo

2003 1614 2045 1671 Β
2073 1600 2215 1653 enim
2247 1604 2568 1666 acceperunt
2595 1596 2751 1651 ambo
2778 1596 2871 1627 ¹⁰⁸⁰
2896 1596 3114 1659 habere,
3143 1603 3197 1647 et
3217 1609 3373 1662 posse
3404 1603 3584 1647 tenere
3610 1634 3625 1659 ,

2071 1698 2125 1742 et
2152 1703 2306 1755 posse
2333 1688 2599 1741 desert-re.
2643 1683 2755 1740 Hoc
2780 1685 3022 1739 ultimum
3067 1684 3185 1738 ideo
3212 1682 3350 1738 Deus
3388 1682 3535 1736 dedit
3570 1691 3630 1735 ut

2071 1782 2289 1844 possent
2333 1775 2431 1828 sibi
2482 1773 2609 1829 dare
2654 1771 2831 1842 aliquo
2872 1760 3029 1826 modo
3055 1770 3340 1839 justitiam.
3385 1768 3441 1822 Si
3484 1770 3627 1823 enim

2072 1865 2217 1920 nullo
2251 1864 2406 1920 modo
2445 1879 2564 1921 eam
2608 1863 2705 1917 sibi
2753 1870 2969 1931 possent
3000 1858 3212 1915 auferre
3236 1900 3251 1925 ,
3298 1859 3440 1912 nullo
3472 1860 3629 1913 modo

2071 1965 2289 2026 possent
2313 1954 2410 2009 sibi
2434 1954 2586 2015 dare.
2612 1953 2708 2016 Qui
2735 1967 2864 2023 ergo
2890 1951 2991 2005 hoc
3014 1950 3172 2007 modo
3194 1948 3293 2003 sibi
3324 1949 3465 2002 dedit
3487 1962 3627 2009 eam,

2072 2048 2172 2101 hoc
2214 2045 2385 2114 ipsum
2423 2058 2453 2098 a
2494 2044 2603 2098 Deo
2638 2043 2831 2113 accipit
2880 2050 2935 2096 ut
2988 2040 3086 2115 sibi
3138 2054 3257 2093 eam
3306 2040 3458 2092 daret
3516 2037 3628 2091 "8‘.

2072 2133 2436 2189 Dtsc..Video
2491 2134 2616 2204 quia
2674 2146 2776 2186 non
2827 2130 3117 2185 auferendo
3168 2138 3456 2199 potuerunt
3529 2128 3630 2180 sibi

2072 2226 2200 2278 dare
2223 2223 2516 2292 justitiam;
2548 2222 2640 2277 sed
2669 2222 2803 2276 alter
2830 2221 2927 2274 sibi
2962 2220 3125 2286 dedit,
3157 2219 3290 2275 alter
3318 2218 3415 2270 sibi
3444 2218 3629 2269 ahstu-

2074 2313 2155 2366 lit.
2184 2314 2318 2367 MAG.
2358 2314 2515 2367 Vides
2540 2325 2666 2381 ergo
2690 2313 2798 2364 Deo
2821 2324 3006 2379 parent
3045 2324 3137 2363 eos
3180 2309 3373 2362 debere
3405 2308 3631 2376 gratiam

2072 2401 2185 2465 ¹⁰⁸²,
2214 2411 2470 2470 quantum
2497 2400 2562 2453 ad
2590 2399 2683 2430 ⁸θ³³
2704 2399 2995 2453 bonitatem
3024 2398 3211 2466 ipsius,
3243 2412 3341 2450 nec
3362 2395 3630 2475 diabolum

2074 2491 2193 2543 ideo
2220 2492 2395 2543 minus
2420 2490 2615 2543 debere
2644 2489 2752 2542 Deo
2778 2487 3033 2549 reddere,
3062 2486 3201 2555 quod
3232 2486 3324 2539 Dei
3362 2496 3475 2546 est;
3506 2484 3631 2553 quia

2073 2580 2172 2632 sibi
2196 2578 2411 2631 abstulit
2433 2579 2572 2646 quod
2595 2578 2732 2632 Deus
2757 2576 2923 2639 dedit,
2956 2584 3009 2628 et
3037 2574 3206 2629 noluit
3226 2575 3467 2642 accipere
3488 2573 3634 2641 quod

2077 2669 2216 2722 Deus
2243 2666 2453 2721 obtulit.
2487 2666 2630 2721 Disc.
2666 2665 2852 2721 Video.
2882 2666 3016 2718 MAG.
3049 2664 3269 2732 Semper
3294 2660 3456 2735 igitur
3478 2663 3635 2718 debet

2072 2758 2181 2811 Deo
2228 2758 2429 2825 gratias
2476 2772 2633 2827 agere
2682 2754 2856 2809 malus
2900 2755 3119 2823 angelus
3167 2769 3264 2821 pro
3308 2740 3635 2807 beatitudine

2075 2859 2232 2913 quam
2256 2846 2356 2899 sibi
2383 2845 2633 2908 abstulit;
2657 2845 2796 2898 sicut
2816 2843 2986 2897 bonus
3007 2856 3103 2911 pro
3127 2850 3187 2910 ea
3212 2858 3369 2910 quam
3396 2842 3493 2895 sibi
3524 2842 3635 2911 ipse

2000 2922 2044 2981 C
2076 2935 2242 2988 dedit.
2272 2934 2417 2988 Dtsc.
2452 2934 2793 2987 Verissimum
2819 2942 2919 2985 est.
2944 2932 3081 2984 MAG.
3106 2930 3338 2985 Aistimo
3362 2931 3485 2999 quia
3513 2930 3632 2982 ani-

2076 3023 2367 3075 madvertis
2398 3024 2563 3075 Deum
2596 3021 2737 3076 nullo
2768 3022 2923 3075 modo
2954 3020 3318 3089 possei'acere
3345 3019 3632 3086 injustum,

2076 3112 2177 3166 nisi
2210 3102 2461 3182 injustum
2493 3128 2599 3165 non
2639 3111 2881 3166 faciendo
2908 3110 3138 3180 justum,
3174 3126 3293 3163 cum
3324 3112 3489 3178 possit
3518 3110 3633 3163 "3‘.

2078 3203 2207 3256 Nam
2239 3214 2360 3257 ante
2400 3210 2674 3269 acceptam
2698 3200 2957 3269 justitiam
2996 3201 3171 3255 nullus
3207 3209 3289 3254 est
3317 3199 3521 3265 justus,
3550 3200 3634 3252 vel

2075 3292 2337 3359 injustus;
2381 3301 2434 3345 et
2468 3291 2644 3345 nullus
2684 3300 2801 3359 post
2840 3301 3112 3359 acceptam
3144 3290 3410 3357 justitiam
3452 3291 3519 3344 sit.
3552 3290 3637 3343 in-

2072 3380 2268 3448 justus,
2303 3381 2402 3432 nisi
2433 3390 2621 3448 Sponte
2650 3382 2855 3436 deserta
2877 3379 3102 3447 justitia.
3132 3379 3282 3434 Sicut
3306 3393 3431 3449 ergo
3462 3381 3632 3434 bonus

2077 3470 2292 3538 angelus
2315 3469 2441 3523 fecit
2466 3484 2522 3524 se
2543 3456 2891 3537 justum,non
2920 3468 3207 3522 auferendo
3232 3468 3329 3522 sibi
3346 3462 3629 3535 justitiam,

2082 3572 2215 3612 cum
2244 3559 2448 3626 potuit,
2498 3557 2568 3611 ita
2619 3557 2759 3611 Deus
2802 3557 2994 3611 malum
3038 3556 3277 3622 angelum
3326 3556 3452 3608 facit
3496 3556 3627 3623 inju-

2076 3657 2215 3698 stum
2260 3644 2374 3708 “3",
2414 3661 2518 3698 non
2555 3645 2820 3698 reddendo
2854 3645 2902 3696 ei
2941 3643 3237 3712 justitiam,
3284 3656 3402 3695 cum
3440 3642 3625 3711 possit.

2076 3736 2219 3789 Disc.
2251 3735 2429 3790 Facile
2458 3735 2813 3804 cognoscitur.

2648 3841 2871 3905 CAPUT
2912 3840 3048 3895 XIX.

2078 3951 2228 4017 Quod
2255 3950 2517 4015 voluntas,
2549 3951 2599 4002 in
2628 3960 2873 4016 quantum
2903 3956 3007 4011 est,
3042 3947 3228 4000 bonum
3270 3930 3365 4010 sit,’
3400 3958 3445 3999 ct
3484 3948 3625 4001 nulla

2582 4036 2657 4071 res
2689 4018 2879 4069 malum
2913 4019 2976 4068 sit
3011 4017 3124 4067 ³⁸⁸⁸.

2144 4128 2283 4182 MAG.
2328 4129 2626 4182 Redeamus
2662 4126 2727 4180 ad
2772 4126 3247 4179 considerationem
3299 4126 3619 4188 voluntatis;

415 4198 546 4253 “am
574 4215 603 4251 ³
634 4215 691 4253 se
714 4242 728 4266 ν
761 4217 879 4254 cum
909 4218 1011 4255 "0"
1044 4204 1204 4256 habel
1228 4206 1517 4273 itiSliiiam;
1546 4211 1668 4277 quia
1700 4227 1794 4265 nec
1821 4224 1969 4266 antc-
2002 4236 2044 4288 ι)
2068 4229 2123 4272 et
2172 4221 2578 4274 reminiscamur
2624 4219 2759 4286 quod
2815 4219 3213 4270 consideramus
3238 4256 3251 4280 ,
3297 4217 3622 4269 voluntatem

409 4300 575 4353 quam
603 4302 721 4340 eam
751 4290 976 4363 accipiat
1006 4290 1120 4352 ²⁰⁷⁶,
1156 4307 1254 4344 nec
1280 4304 1557 4361 postquam
1589 4313 1705 4348 eam
1738 4299 1970 4353 deseruit

411 4372 527 4425 ”".
558 4374 700 4428 Dtsc.
733 4375 846 4429 Non
880 4377 1036 4431 debet
1062 4377 1257 4445 aliquid
1288 4382 1483 4435 habere
1516 4401 1543 4435 a
1575 4400 1656 4438 se.

2076 4310 2279 4363 scilicet
2314 4308 2979 4373 beatitudinis,quidquid
3020 4306 3177 4367 velit,
3219 4323 3322 4360 non
3358 4322 3474 4359 esse
3512 4322 3623 4358 ma-

2074 4396 2213 4461 lum,
2250 4400 2341 4451 sed
2383 4412 2501 4451 esse
2534 4397 2727 4450 bonum
2768 4397 2980 4462 aliquod
3014 4396 3127 4460 "‘7,
3164 4404 3445 4463 antequam
3481 4397 3621 4452 acci-

1710 4517 1935 4575 VARIAS
1975 4524 2370 4583 LECTIONES.
2432 4588 2433 4593 η

480 4618 571 4695 fw
592 4618 696 4670 Aut
749 4620 1336 4705 recedente"iniustitia
1403 4643 1523 4677 mss.
1556 4625 1616 4679 S.
1646 4626 1802 4704 Misit.
1838 4641 1924 4684 aut
1974 4649 2017 4687 rt

2001 4637 2251 4705 ccedente
2291 4637 2497 4705 jnslitia
2578 4637 2669 4667 ²⁰⁶⁹
2701 4636 2815 4705 Non
2861 4636 3113 4705 injustitia
3162 4635 3401 4705 sit_mss.
3459 4634 3622 4697 injus-

408 4769 534 4807 Ccre
600 4768 718 4806 cum
786 4755 990 4821 justitia

409 4889 702 4961 posuiunis,
731 4893 946 4961 etc._ltic
972 4895 1144 4959 incipit
1190 4907 1338 4961 caput
1385 4897 1466 4949 17.

410 4971 538 5035 ηιηἶ
570 4956 655 5008 illa
702 4961 813 5035 sola
844 4959 847 4961 ’
924 4956 1205 5035 ’°7‘_‘_Eam_
1240 4956 1463 5035 accepit.
1510 4982 1631 5018 mss.
1664 4956 1889 5035 accipiat

408 5024 605 5098 tundo,
631 5034 732 5077 etc.
764 5030 815 5079 in
845 5045 966 5079 mss.
994 5029 1074 5098 Ii_ic
1105 5030 1280 5093 incipit
1317 5024 1466 5098 caput
1492 5034 1577 5087 18.
1688 5024 1794 5066 ’θ’θ’
1820 5039 1858 5089 (Ι

606 4768 718 4839 cum
760 4760 990 4839 justitia
1282 4760 1448 4839 Debet
1488 4761 1687 4839 habere
1728 4760 1870 4839 Vittss.
1919 4760 2071 4822 'Vict.
2140 4770 2282 4823 Gem.
2352 4772 2470 4824 Bec.
2535 4772 2688 4823 Corb.
2730 4774 2921 4823 debere
2971 4773 3162 4823 habere

409 4823 643 4874 ostendit
689 4833 929 4875 naturain
975 4842 1071 4877 ms.
1132 4826 1261 4879 Vict.
1312 4830 1342 4881 9
1401 4830 1569 4883 virilis
1612 4834 1845 4884 ostendit
1884 4846 2073 4888 natura

1580 4898 1674 4929 ³⁰⁷⁸
1697 4901 1896 4975 Angelo
1940 4905 2068 4957 dare
2120 4923 2240 4975 mss.
2289 4918 2335 4959 et
2379 4898 2502 4962 edi}.
2548 4906 2699 4961 Cotlt.
2734 4898 2941 4975 'Angclo
2990 4908 3098 4959 dari
3138 4964 3139 4967 η

1998 4975 2090 5003 ²⁰⁷⁷
2127 4974 2257 5026 Eam
2304 4976 2499 5028 deserit
2540 4992 2663 5026 mss.
2711 4973 2852 5028 omit.
2880 4992 2993 5028 eam
3088 4975 3179 5005 ²⁰⁷⁸
3221 4973 3398 5025 Nonne
3444 4973 3619 5037 aliquo

1865 5056 1949 5110 um
1996 5042 2107 5109 ipse
2156 5043 2374 5095 haberet
2422 5060 2515 5094 ms.
2544 5042 2726 5095 Cister.
2761 5045 2899 5095 omit.
2952 5044 3061 5110 ipse

915 4690 1006 4768 ’ξπ
1032 4690 1210 4768 [ﬁliani
1258 4704 1313 4768 te»
1361 4708 1683 4768 cognoscere
1723 4694 1854 4762 jam,
1900 4703 2038 4766 quod
2092 4718 2210 4755 cum
2257 4690 2379 4757 niss.
2441 4705 2567 4757 Vict.
2610 4705 2752 4757 Gem.
2784 4690 3103 4754 ReciCurb.
3150 4714 3197 4754 te
3239 4702 3345 4767 jam
3403 4690 3598 4768 cogitas

3274 4772 3365 4799 ¹⁰⁷¹
3409 4770 3620 4823 Virtlcm

2184 4840 2276 4869 ²⁰⁷³
2304 4840 2433 4892 Cum
2463 4841 2745 4906 possimus,
2768 4848 2874 4891 ctc.
2908 4856 3027 4891 mss.
3065 4848 3111 4888 et
3157 4838 3276 4889 ιἰΙῘΙ.
3302 4838 3453 4888 Colit.
3488 4838 3618 4892 Cum

2184 4924 2240 4956 ts.
2289 4918 2335 4956 et
2379 4911 2502 4956 edit.
2548 4906 2699 4956 Colit.
2743 4909 2941 4956 Anuelo
2990 4908 3098 4956 dari
3201 4906 3403 4956 2“milhi
3450 4906 3618 4956 Solum

3252 4920 3290 4934 "’
3317 4920 3403 4957 ιιιιι
3450 4920 3620 4961 Sllllilll

3166 5043 3256 5072 "3°
3295 5043 3619 5108 At‘t‘Cpcruttt

409 5090 568 5177 titillat)
592 5096 722 5177 tutis.
752 5107 800 5177 et
848 5096 1153 5177 edit;_Cot/t.
1182 5090 1497 5177 acet-perunt
1528 5098 1681 5177 multo
1753 5106 1847 5177 ’ἢν
1868 5106 1929 5177 In
1956 5090 3014 5177 mis:ﬁco-itiin'utitvttr'jivt'tucedensvcaput,”
3034 5090 3124 5142 ῖ⁰⁸¹
3150 5111 3247 5161 Eos
3278 5090 3616 5173 halicrrc‘tzra:

412 5164 538 5245 tiam
568 5171 781 5245 intraret
804 5165 923 5214 edit.
952 5164 1110 5245 {iet/ti
1130 5181 1219 5239 eos
1245 5168 1443 5245 debere.
1464 5173 1687 5245 gratiam
1760 5176 1854 5245 ξ⁰⁸³
1882 5174 2145 5239 Quantum
2179 5179 2243 5229 ad
2269 5196 2363 5231 ms.
2394 5180 2451 5233 S.
2474 5164 2635 5231 ἈΙὶεΙι.
2668 5164 2922 5245 ιμιτιιιιιιίη
2948 5181 3013 5233 ad
3088 5180 3180 5209 ’°"
3204 5178 3339 5230 Deus
3366 5164 3613 5242 ἰιῲιέίηιη

409 5225 559 5310 (Maii;
580 5231 792 5293 ιιιιθηιιο
822 5245 923 5310 ΙΙῼΙΙ
952 5225 1314 5310 Ῑίιξίιλυριξιιιι.
1342 5225 1495 5303 (luetii
1523 5237 1721 5310 justum
1753 5225 1925 5295 facere
2168 5225 2363 5298 JtEs'I'éi
3031 5248 3202 5298 onmia

3309 5246 3396 5274 ’⁸⁸⁵
3422 5245 3614 5297 Malunt

408 5293 686 5380 illigata".
726 5299 966 5380 angulum
997 5293 1121 5380 facit
1153 5293 1401 5380 injustuin
1435 5293 1555 5380 mss.
1581 5307 1727 5380 Δι’ἱει.
3253 5314 3342 5343 ¹⁰⁸⁶
3363 5293 3613 5377 lit-quau:

410 5369 530 5449 tum,
555 5366 866 5449 sit,'lbonur_n
893 5366 1243 5449 estactnuilla
1269 5387 1350 5424 t‘cs
1377 5375 1518 5449 maia
1551 5376 1616 5426 sit
1646 5393 1762 5430 mss.
1789 5379 1852 5449 in
1881 5390 2134 5446 quantum
2164 5390 2263 5445 est,
2292 5366 2485 5436 bonum
2516 5366 2868 5449 sitiet—inulla
2898 5366 2990 5437 rc;
3013 5384 3204 5437 malum
3232 5383 3300 5435 sit
3372 5366 3613 5435 ’W'Esse

408 5429 605 5485 bonum
630 5433 838 5508 aliquod
870 5436 1154 5512 ηισξαηνίιτ.
1184 5437 1310 5491 Cist.
1346 5458 1461 5494 esse
1508 5442 1698 5496 bonum
1752 5429 1948 5515 aliquid
