4226 6276
54 0 63 1 ί
90 0 111 1 ν
138 0 141 3 η
182 0 187 1 ν
210 0 519 13 —r~——--—.__.-.___.
556 6 587 15 ,,
646 6 651 15 ι
750 8 755 9 ,

398 8 827 19 imi-74.

132 18 161 19 ”
208 28 213 29 γ
308 22 315 23 ί
346 21 433 27 ηη
464 24 479 33 ς
522 32 527 35 ν
566 26 595 27 η
780 30 815 35 ιν
836 11 1711 47 τ’ςγῖ-ὶ-τεηττεεή-μεντιτα-ημ-ννκηηυκμη,,ᾘ
1758 36 1769 51 ν,
1798 38 1883 51 ’,ἣν
2022 44 2039 53 μ
2060 46 2177 57 *Μ’

549 278 647 334 581

1082 285 1475 342 ΞῘΑΝΞΕΜΜ
1500 287 1849 345 (ΞΔΝΤΗΔΒ.
1900 291 2096 347 AllClli

2192 298 2221 347 ⁵.
2262 297 2412 354 Oi’i’.
2459 299 2637 356 PARS
2677 304 2715 357 ι.
2744 334 2812 345 --
2836 306 3253 370 ΒΟΟΜΑΊἸΟᾹ.

3686 326 3799 383 εδει.

545 394 660 461 piat
692 394 974 497 justitiam:
1005 396 1560 497 .llnd‘e.consequitur
1595 404 1719 497 quia
1769 420 1890 458 cum
1923 405 2125 460 deserit
2154 413 2199 467 Ἀ
2226 414 2534 487 consensit?
2566 418 2708 471 DISC.
2744 416 2881 473 Nihil
2906 420 2995 475 hic
3024 436 3322 494 repugnare
3348 432 3443 463 ’°”
3471 435 3679 492 videtur
3707 454 3805 497 veor

546 495 823 555 acceptam
845 486 1104 555 justitiam
1131 490 1194 556 (si
1221 489 1406 542 eadem
1436 494 1669 546 essentia
1697 503 1798 558 est,
1829 511 1950 563 qua:
1978 498 2125 564 prius

541 578 685 641 erat)
722 569 1034 631 honum‘est
1060 577 1277 645 aliquod
1306 579 1423 645 κω,
1456 590 1719 649 quantum
1756 587 1819 637 ad
1854 586 1955 638 hoc
1984 588 2123 653 quod

543 675 660 730 est;
700 675 956 737 quantum
989 683 1116 723 vero
1146 670 1213 722 ad
1249 671 1351 724 hoc
1382 672 1509 740 quia
1547 673 1754 742 justitia
1788 691 1906 741 qua:
1940 675 2036 729 fuit
2071 678 2121 731 in

543 754 653 820 illa,
688 772 791 809 non
822 764 939 822 est,
990 758 1186 830 dicitur
1218 761 1356 813 mala
1398 774 1448 815 et
1490 753 1707 829 injusta.
1750 763 1881 816 Nam
1912 766 1954 819 si
1990 767 2122 820 velle

539 844 651 899 Deo
674 846 901 900 similem
934 841 1071 903 es'se'.
1104 849 1299 902 malum
1325 860 1491 911 esset,
1524 851 1690 904 Filius
1713 853 1800 905 Dei
1830 869 1933 907 non
1962 856 2120 909 vellet.

537 934 731 990 similis
769 936 1065 995 esse'Patri
1098 956 1112 994 :
1146 950 1236 995 aut
1274 940 1407 993 velle
1438 944 1703 1009 quaslibet
1735 945 1945 1000 intimas
1972 948 2119 1000 voln-

534 1032 731 1092 ptates,
762 1031 1158 1092 εειθιιιιδιψης
1192 1029 1327 1083 mala
1359 1029 1629 1083 diceretur
1658 1032 1900 1086 voluntas
1931 1034 2113 1088 bruto~

535 1046 731 1092 pultes,
762 1046 1033 1082 essential
1096 1046 1158 1092 u;
1192 1046 1327 1083 maia
1359 1046 1629 1083 (ηοω-ειμι·
1658 1046 1900 1086 votuntas
1931 1046 2112 1088 Drttl0~

535 1128 658 1169 rum
683 1046 1155 1192 animaliumjsﬂed
1183 1135 1281 1173 nec
1302 1120 1548 1176 voluntas
1574 1122 1696 1177 Filii
1734 1124 1823 1177 Dei
1846 1135 1928 1179 est
1954 1125 2112 1192 mala,

535 1204 660 1274 quia
685 1181 1085 1294 estjusta/uec
1109 1208 1353 1265 voluntas
1383 1213 1709 1266 irrationalis
1736 1214 1872 1268 mala
1898 1216 2114 1283 dicitur,

532 1296 661 1364 quia
691 1313 794 1349 non
824 1306 907 1351 est
933 1298 1147 1365 iniusta.
1177 1296 1600 1369 Uudtﬁequitur
1631 1304 1827 1358 nullam
1867 1307 2112 1359 volunta-

532 1394 640 1439 tem
687 1402 810 1442 esse
840 1389 1064 1451 malum.
1094 1393 1189 1445 sed
1228 1389 1346 1445 esse
1382 1392 1579 1445 bonum
1610 1394 1661 1447 in
1707 1404 1966 1463 quantum
1997 1405 2110 1461 est,

527 1475 656 1543 quia
686 1491 824 1546 opus
856 1478 951 1531 Dei
983 1488 1095 1543 est;
1133 1494 1229 1531 nec
1258 1478 1359 1531 nisi
1390 1479 1440 1530 in
1470 1489 1732 1547 quantum
1761 1490 1842 1535 est
1876 1481 2067 1548 injusta
2092 1523 2108 1547 ,

530 1567 729 1621 malam
756 1585 874 1623 esse
900 1570 993 1608 ³⁹⁶⁹
1022 1588 1034 1621 :
1066 1577 1120 1622 et
1145 1571 1398 1637 quoniam
1430 1572 1571 1624 nulla
1609 1588 1693 1626 res
1726 1568 1861 1626 mala
1893 1575 2110 1638 dicitur,

529 1657 634 1711 nisi
663 1659 800 1712 mala
836 1661 1083 1714 voluntas
1107 1700 1119 1721 ,
1153 1669 1248 1713 aut
1278 1670 1495 1730 propter
1524 1662 2068 1718 malam'voluntatem
2090 1704 2105 1727 ,

2229 502 2394 557 ritati.
2430 506 2565 561 Μλς.
2597 509 2728 563 Cum
2775 512 2941 581 igitur
2974 514 3509 589 diaboluskconvertit
3547 529 3795 585 volunta-

2227 602 2332 649 tem
2364 596 2431 649 ad
2459 600 2727 685 quodnon
2754 603 2958 668 debuit,
2985 614 3038 659 et
3062 607 3237 676 ipsum
3268 610 3416 675 velle,
3447 622 3502 666 et
3531 615 3643 682 ipsa
3670 633 3795 672 con~

2224 686 2404 740 versio
2448 686 2545 740 fuit
2588 689 2824 758 aliquid;
2858 702 2913 747 et
2953 704 3128 750 tamen
3170 699 3380 753 nonnisi
3422 716 3453 753 a
3492 702 3600 756 Deo
3639 712 3696 768 et
3726 705 3803 761 de

2224 774 2315 827 Dei
2351 776 2622 831 voluntate
2649 774 2845 848 aliquid
2880 782 3086 848 habuit,
3115 790 3365 855 quoniam
3396 806 3492 845 nec
3531 795 3669 849 velle
3694 796 3796 851 alio'

2222 866 2370 932 quid,
2404 883 2503 922 nec
2541 884 2757 925 movere
2796 858 2969 940 potuit
2997 875 3358 941 voluntatem.
3404 882 3505 935 nisi
3538 882 3628 936 illo
3668 899 3789 953 per-

2221 954 2491 1018 mittente,
2521 957 2611 1023 qui
2657 955 2785 1011 fecit
2814 974 3000 1015 omnes
3030 962 3124 994 ¹¹⁰⁰
3154 974 3375 1021 naturas
3413 971 3800 1028 substantiales

2220 1052 2274 1099 et
2317 1042 2670 1102 accidentales
2696 1088 2714 1113 ,
2766 1051 3098 1109 universales
3131 1063 3187 1109 et
3229 1056 3530 1115 individuas
3570 1062 3685 1117 "“.
3729 1062 3791 1120 In

2218 1142 2476 1201 quantum
2506 1136 2651 1188 enim
2684 1136 2933 1192 voluntas
2956 1178 2971 1202 ,
3003 1147 3057 1194 et
3093 1144 3376 1198 conversio
3401 1186 3416 1205 ,
3457 1148 3571 1202 sive
3612 1146 3789 1206 motus

2186 1221 2505 1277 voluntatis
2547 1232 2631 1278 est
2673 1224 2871 1292 aliquid
2898 1266 2914 1291 ,
2954 1228 3153 1282 bonum
3190 1239 3305 1294 est.
3352 1242 3405 1285 ct
3446 1234 3547 1300 Dei;
3574 1245 3655 1289 est
3680 1248 3708 1300 ς’
3733 1234 3785 1290 lu

2216 1322 2473 1380 quantum
2499 1329 2631 1368 vero
2645 1314 2851 1383 iustitia
2872 1326 3041 1383 caret,
3071 1320 3187 1375 sine
3212 1337 3315 1391 qua
3342 1328 3461 1377 esse
3485 1296 3589 1380 min
3610 1325 3787 1391 debet,

2216 1416 2321 1454 non
2353 1396 2670 1471 simpliCiter
2704 1406 2900 1461 malum
2929 1448 2943 1471 ,
2975 1409 3067 1462 sed
3097 1409 3299 1479 aliquid
3330 1412 3527 1467 malum
3556 1428 3634 1471 est
3679 1436 3692 1471 :
3734 1423 3797 1471 et

2215 1491 2355 1558 quod
2391 1491 2587 1545 malum
2616 1504 2718 1557 est,
2752 1510 2856 1549 nou
2888 1496 3004 1563 Dei,
3031 1500 3124 1553 sed
3155 1499 3402 1565 volentis,
3431 1501 3548 1557 sive
3572 1520 3797 1561 moven—a

2216 1584 2284 1637 tis
2313 1583 2635 1637 voluntatem
2664 1586 2760 1619 ²¹⁰¹
2787 1595 2887 1641 est.
2936 1586 3175 1658 Simplex
3210 1590 3406 1661 quippe
3437 1593 3632 1647 malum
3657 1635 3673 1660 ,
3704 1603 3787 1650 est

2214 1672 2505 1740 iujnstitia;
2527 1677 2782 1743 quoniam
2812 1691 2917 1729 non
2939 1683 3022 1729 est
3050 1677 3192 1732 aliud
3214 1694 3375 1747 quam
3398 1680 3621 1744 malum,
3643 1683 3787 1750 quod

528 1755 591 1799 ut
628 1746 801 1801 malus
848 1748 1039 1813 homo,
1087 1758 1143 1801 et
1178 1748 1313 1801 mala
1358 1751 1499 1803 actio
1532 1766 1544 1803 :
1576 1750 1705 1804 nihil
1753 1762 1834 1807 est
1873 1753 2110 1821 apertius
2142 1737 2185 1789 Β
2214 1737 2343 1815 nihil
2373 1737 2881 1836 est.VA-liquidvero
2907 1737 3333 1822 “".malum.est
3358 1779 3572 1835 natura,
3597 1737 3822 1839 iii-qus.t

527 1849 689 1903 quam
728 1835 928 1890 nullam
967 1852 1080 1890 rem
1115 1852 1234 1892 esse
1280 1838 1477 1891 malum
1509 1840 1630 1901 ’m,
1676 1855 1773 1894 nec
1818 1839 1957 1895 aliud
1988 1856 2107 1897 esse

524 1926 723 1980 malum
762 1943 922 1996 quam
957 1930 1256 1984 absentiam
1292 1931 1513 1999 jnstitim
1537 1930 1807 1986 derelicta:
1835 1933 1887 1986 in
1921 1932 2110 1986 volun-

525 2023 655 2083 tate,
685 2027 777 2071 aut
804 2019 858 2073 in
888 2018 1064 2087 aliqua
1092 2034 1152 2074 re
1181 2030 1401 2090 propter
1432 2020 1626 2076 malam
1652 2021 2004 2076 voluntatem.
2028 2009 2083 2113 /

1124 2130 1353 2187 CAPUT
1390 2130 1508 2185 XX.

522 2218 801 2285 Quomodo
829 2219 970 2274 Deus
994 2220 1154 2289 faciat
1182 2219 1350 2273 mulas
1372 2230 1417 2274 et
1441 2220 1726 2275 voluntates
1749 2221 1841 2253 ²⁰⁹¹
1868 2231 1914 2277 et
1936 2224 2102 2277 actio—
2146 2246 2150 2250 ·

790 2306 879 2343 nes
906 2307 925 2343 :
955 2301 1000 2343 et
1031 2289 1291 2364 quomodo
1317 2290 1642 2359 accipiantur
1662 2293 1725 2343 ab
1753 2308 1833 2344 eo.
1867 2295 1870 2299 ’

590 2379 737 2433 Dtsc.
772 2378 863 2431 Sic
890 2386 979 2431 tua
1004 2379 1296 2448 diSputatio
1322 2378 1482 2442 veris,
1513 2376 1566 2431 et
1596 2381 1918 2436 necessariis
1946 2396 2104 2449 aper-

518 2470 700 2538 tisque
728 2470 1024 2524 rationibus
1047 2480 1433 2524 concatenatur
1455 2480 1512 2523 ut
1534 2472 1676 2525 nulla
1705 2475 1933 2537 ratione;
1958 2475 2100 2544 quod

515 2562 676 2625 dicis,
719 2563 938 2617 dissolvi
980 2578 1139 2632 posse
1186 2563 1396 2617 videam
1438 2582 1451 2617 :
1497 2564 1597 2618 nisi
1639 2566 1761 2633 quia
1812 2566 1963 2619 video
1999 2567 2100 2619 ali-

513 2652 644 2727 quid
679 2652 777 2715 ²⁰⁹⁸η
801 2650 1059 2720 consequi
1080 2692 1094 2719 ,
1123 2652 1265 2720 quod
1297 2668 1395 2706 nee
1423 2652 1524 2708 dici
1561 2654 1761 2707 debere
1788 2654 1881 2684 ²⁰⁹³
1902 2655 2097 2719 credo,

512 2757 613 2796 nec
643 2742 917 2811 quomodo
945 2758 1050 2796 non
1079 2742 1150 2797 sit
1178 2743 1272 2773 '°"
1297 2743 1341 2799 si
1370 2758 1495 2798 vera
1523 2754 1647 2798 sunt
1671 2760 1789 2813 quae
1810 2745 1965 2807 dicis,
1992 2760 2096 2799 non

512 2832 690 2885 video.
724 2831 856 2885 Nam
881 2833 927 2886 si
955 2833 1089 2888 velle
1114 2846 1231 2887 esse
1256 2834 1486 2887 similem
1514 2836 1643 2897 Deo,
1669 2851 1772 2887 non
1804 2836 1971 2899 nihil,
1998 2851 2098 2890 nec

508 2920 744 2980 malum.
789 2923 882 2976 sed
913 2922 1181 2991 quoddam
1216 2924 1411 2976 bonum
1443 2934 1555 2987 est;
1602 2926 1810 2979 nonnisi
1840 2926 1907 2981 ab
1947 2942 2037 2989 eo,
2066 2941 2096 2980 a

509 3022 618 3080 quo
644 3015 730 3065 est
762 3027 922 3065 omne
959 3012 1099 3080 quod
1131 3022 1213 3066 est
1253 3014 1368 3075 ‘m,
1400 3012 1595 3066 ‘habcri
1644 3016 1835 3080 potuit.
1884 3014 1938 3066 Si
1970 3030 2097 3083 ergo

2209 1862 2291 1906 est
2326 1852 2581 1921 injustitia
2607 1894 2623 1919 ,
2662 1855 2785 1923 quia
2832 1865 2917 1910 est
2944 1856 3144 1926 aliquid
3172 1867 3231 1912 et
3266 1858 3407 1914 aliud
3437 1874 3597 1928 quam
3643 1861 3786 1935 injur-

2209 1940 2356 1993 stitia
2380 1981 2395 2005 ,
2426 1956 2545 2009 quin
2587 1942 2786 1995 malum
2813 1953 2870 1997 et
2896 1942 3031 1998 nihil
3067 1952 3167 1998 est.
3201 1943 3379 2010 Quare
3405 1947 3547 2015 quod
3580 1945 3789 2019 aliquid
3822 2006 3825 2007 ,

2208 2038 2309 2091 est,
2338 2045 2366 2081 a
2399 2029 2508 2083 Deo
2536 2030 2614 2093 tit,
2642 2042 2695 2086 et
2722 2031 2813 2084 Dei
2840 2021 2920 2086 est
2944 2048 2960 2098 ;
2991 2018 3135 2102 Quod
3174 2049 3302 2087 vero
3325 2035 3457 2088 nihil
3486 2044 3589 2101 est,
3620 2037 3673 2092 id
3698 2044 3795 2093 est.
3826 2106 3827 2109 η

2206 2119 2439 2184 malum,
2471 2121 2538 2175 ab
2568 2120 2765 2188 injuste
2798 2122 2887 2186 tit,
2925 2131 2980 2176 et
3004 2122 3133 2197 ejus;
3156 2132 3255 2178 est.
3296 2125 3440 2180 Disc.
3481 2126 3633 2192 Quod
3660 2126 3787 2197 qui»

2204 2205 2325 2261 dem
2349 2208 2502 2263 Deus
2531 2220 2749 2270 naturas
2779 2225 2955 2264 rerum
2997 2210 3236 2265 omnium
3276 2210 3436 2266 faciat
3459 2254 3475 2281 ,
3505 2212 3779 2270 latendum

2204 2312 2316 2364 est;
2343 2302 2482 2369 quod
2509 2316 2632 2354 vero
2661 2302 2898 2372 singulas
2922 2303 3161 2357 actiones
3184 2318 3560 2372 perversurum
3589 2303 3783 2360 volun-

2204 2400 2404 2455 talum,
2438 2392 2579 2445 velut
2612 2389 2782 2460 ipsum
2824 2408 3047 2461 pravum
3092 2402 3295 2447 motum
3323 2393 3643 2459 voluntatis,
3670 2408 3790 2465 quo:

2204 2483 2317 2555 ipsa
2352 2478 2487 2536 mala
2516 2483 2761 2537 voluntas
2788 2498 2846 2537 se
2880 2492 3086 2545 movet,
3118 2482 3298 2545 faciat,
3326 2482 3789 2551 quisconcedat!

2203 2571 2343 2627 MAG.
2375 2571 2513 2638 Quid
2541 2573 2755 2639 mirum,
2794 2571 2837 2625 si
2866 2572 3092 2626 dicimus
3124 2570 3289 2624 Deum
3318 2569 3499 2626 facere
3539 2570 3777 2641 singulas

2202 2661 2470 2731 aetiones,
2504 2676 2624 2728 quae
2662 2661 2796 2713 tiunt
2833 2660 2968 2712 mala
2998 2658 3275 2713 voluntate
3298 2698 3316 2722 ,
3359 2674 3478 2713 cum
3510 2656 3777 2713 fateamur

2201 2749 2295 2780 'm
2323 2763 2445 2802 eum
2492 2749 2671 2802 facere
2700 2746 2938 2817 singulas
2973 2747 3332 2811 substantias,
3371 2762 3491 2815 qua:
3522 2746 3653 2801 fiunt
3691 2745 3785 2801 ιιι-ι

2196 2839 2339 2908 iusta
2387 2820 2664 2892 voluntate
2716 2845 2773 2892 et
2821 2837 3102 2891 inhonesta
3157 2835 3409 2890 actione?
3456 2833 3786 2894 Disc.'Non.

2201 2926 2374 2979 habeo
2400 2925 2528 2993 quid
2557 2924 2924 2979 coritradicam
2948 2940 2963 2976 :
2988 2923 3185 2992 quippe
3211 2938 3309 2977 nec
3333 2938 3530 2992 negare
3554 2937 3783 2993 possunt

2200 3031 2327 3069 vere
2354 3014 2554 3084 aliquid
2579 3029 2699 3069 esse
2725 3013 2821 3046 ¹¹⁰⁸
2841 3013 3136 3085 quamlibet
3160 3012 3425 3067 actionem
3441 3016 3464 3077 ;'
3482 3028 3584 3067 nec
3610 3012 3772 3075 fateri

505 3099 731 3166 angelus
760 3114 864 3153 non
898 3098 1083 3152 habuit
1110 3101 1252 3169 quod
1285 3116 1389 3154 non
1421 3101 1659 3169 accepit,
1698 3104 1838 3169 quod
1871 3103 2089 3166 habuit,
2122 3094 2163 3150 C
2198 3106 2316 3159 volo
2340 3120 2441 3158 non
2467 3104 2582 3158 ﬂeri
2610 3120 2639 3158 a
2666 3104 2796 3169 Deo,
2819 3103 2964 3173 quod
2990 3117 3117 3157 vere
3145 3102 3379 3171 aliquam
3404 3102 3566 3157 habet
3586 3116 3773 3158 esseno

508 3188 577 3242 ab
615 3189 703 3242 illo
732 3190 938 3258 accepit
962 3206 991 3245 a
1020 3205 1126 3258 quo
1158 3190 1362 3244 habuit.
1393 3189 1530 3255 Quid
1562 3199 1740 3243 autem
1771 3191 1837 3243 ab
1863 3190 1970 3259 .illo
2004 3206 2095 3245 ac-

512 3278 700 3345 cepit,
736 3281 877 3346 ψιθό
913 3278 1017 3333 ἰιιει
1044 3296 1152 3333 non
1195 3280 1379 3334 dedit?
1416 3278 1595 3344 Quare
1640 3295 1698 3334 se
1736 3281 1925 3335 habuit
1959 3281 2096 3336 velle

505 3384 631 3423 esse
664 3370 894 3425 similem
940 3370 1051 3425 Deo
1079 3410 1095 3436 ,
1134 3370 1255 3425 ideo
1295 3370 1517 3436 habuit,
1566 3372 1691 3440 quia
1742 3371 1885 3426 Deus
1928 3372 2092 3427 dedit.

504 3456 647 3512 MAG.
684 3458 823 3523 Quid
870 3460 1064 3511 mirum
1092 3498 1107 3522 ,
1140 3459 1184 3513 si
1221 3458 1669 3527 quemadmodum
1716 3459 1854 3514 Deus
1896 3460 2095 3514 dicitur

500 3547 765 3600 inducere
792 3546 886 3579 ¹⁰⁹⁶
918 3547 969 3601 in
1002 3549 1377 3613 tentationem,
1407 3550 1621 3617 quando
1665 3564 1769 3603 non
1804 3550 1994 3604 liberat
2024 3550 2091 3604 ab

501 3650 565 3691 ea
596 3635 691 3668 "9’
720 3676 734 3699 ,
769 3638 840 3689 ita
875 3636 1110 3690 fatemur
1158 3653 1280 3692 eum
1314 3639 1441 3692 dare
1474 3639 1803 3697 voluntatem
1854 3639 2089 3704 malam,

502 3743 611 3783 non
643 3728 980 3796 prohibendo
1009 3743 1128 3782 eam
1168 3744 1291 3784 cum
1336 3738 1515 3799 potest
1547 3749 1558 3783 :
1604 3731 1933 3800 praesertim,
1965 3744 2089 3784 cum

444 3860 449 3861 ν
500 3818 743 3887 potestas
788 3818 995 3873 volendi
1033 3808 1293 3887 quidlibet
1332 3821 1426 3851 ’m
1475 3821 1685 3875 nonnisi
1733 3822 1799 3873 ab
1842 3820 1931 3873 illo
1978 3819 2089 3873 sit?
2126 3864 2136 3869 -

500 3909 649 3963 Dtsc.
681 3909 789 3962 lloc
817 3909 975 3964 modo
1002 3926 1105 3962 non
1138 3911 1347 3965 videtur
1373 3926 1491 3965 esse
1521 3910 1918 3964 inconveniens.
1947 3908 2085 3963 ΜΑο.

499 3999 558 4053 Si
584 4015 712 4067 ergo
734 4001 879 4054 datio
903 4016 1007 4055 nou
1032 4002 1248 4055 estsine
1268 4002 1579 4070 acceptione
1601 4016 1615 4053 :
1637 4001 2089 4068 quemadmodum

497 4106 605 4165 non
646 4092 899 4146 inusitate
930 4093 1128 4146 dicitur
1172 4095 1331 4155 dare,
1361 4104 1416 4147 ct
1452 4095 1541 4162 qui
1578 4105 1765 4162 sponte
1801 4090 2084 4159 concedit,

497 4189 554 4233 et
584 4180 673 4247 qui
708 4195 811 4233 non
858 4181 1204 4249 approbando
1233 4183 1524 4249 permittit,
1560 4184 1629 4235 ita
1658 4197 1763 4234 non
1792 4181 2085 4251 incongrue

497 4273 748 4339 accipere
777 4272 994 4330 dicitur.
1022 4282 1075 4324 et
1101 4274 1189 4339 qui
1221 4288 1477 4326 concessa
1510 4274 1755 4341 suscipit,
1781 4282 1836 4327 et
1863 4274 1951 4342 qui
1984 4272 2085 4325 illi-

495 4363 605 4417 cita
638 4362 935 4432 praesumit.
985 4364 1128 4417 DISC.
1168 4363 1275 4418 Nec
1311 4366 1697 4434 incongruum,
1726 4381 1825 4420 nec
1860 4366 2086 4419 inusita-

2198 3195 2347 3248 tiam.
2381 3192 2563 3262 Neque
2592 3194 2698 3249 ista
2724 3203 2816 3247 tua
2850 3193 2991 3261 ratio
3016 3191 3308 3257 ullomodo
3334 3200 3555 3247 accusat
3577 3191 3779 3263 Deum,

2194 3294 2285 3339 aut
2325 3286 2548 3337 excusat
2577 3283 2889 3337 diabolum?
2928 3282 3032 3337 sed
3066 3281 3488 3344 omnino,Deum
3529 3282 3631 3353 71
3673 3297 3771 3360 eir-

2194 3386 2364 3454 Cusat,
2396 3384 2452 3428 et
2480 3374 2754 3429 diabolum
2783 3382 3026 3429 accusat.
3057 3368 3163 3428 sed
3195 3372 3385 3427 vellem
3414 3374 3557 3428 scire
3587 3381 3771 3429 utrum

2192 3464 2333 3519 idem
2366 3464 2609 3519 desertor
2638 3463 2860 3533 angelus
2890 3462 2993 3517 ista
3022 3463 3090 3516 de
3115 3476 3172 3517 se
3198 3461 3554 3531 prtesciverit.

2774 3569 3001 3626 CAPUT
3039 3570 3181 3625 XXI.

2194 3664 2345 3728 Quod
2373 3652 2542 3715 malus
2570 3660 2783 3731 angelus
2812 3677 2915 3713 non
2939 3661 3106 3729 potuit
3133 3656 3377 3729 prwsclre
3419 3677 3475 3715 se
3517 3675 3776 3717 casurum

2918 3745 3048 3785 €888.

2261 3822 2400 3877 MAG.
2432 3821 2569 3877 Cum
2621 3821 2822 3891 quieris
2849 3831 3028 3875 utrum
3089 3821 3178 3876 ille
3216 3821 3478 3890 angelus,
3509 3822 3600 3891 qui
3653 3836 3764 3877 non

2190 3916 2338 3967 stetit
2411 3913 2461 3967 in
2510 3914 2781 3977 veritate,
2840 3912 3174 3981 praesciverit
3224 3927 3283 3967 se
3325 3914 3449 3967 esse
3508 3927 3775 3969 casurum

2187 4002 2284 4033 “°°
2303 4043 2315 4066 ,
2347 4001 2760 4054 discernendum
2785 3986 2867 4055 est
2891 4000 2958 4054 de’
2979 4015 3083 4069 qua
3110 4000 3333 4053 scientia
3363 4000 3531 4055 dicas.
3556 3998 3688 4054 Nam
3712 4001 3774 4055 si

2188 4092 2253 4149 de
2284 4090 2370 4143 illa
2401 4088 2624 4142 scicntia
2660 4089 2947 4156 quaeritur,
2977 4103 3097 4157 quae
3127 4103 3233 4142 non
3263 4098 3347 4143 est
3374 4089 3476 4143 nisi
3516 4090 3607 4120 ἰον
3634 4103 3761 4145 eum

2187 4191 2333 4235 certa
2356 4181 2562 4234 ratione
2594 4178 2793 4249 aliquid
2825 4179 3168 4250 intelligitur,
3203 4180 3424 4233 omnino
3460 4178 3763 4249 respondeo

2187 4288 2292 4325 non
2325 4286 2479 4341 posse
2502 4270 2626 4324 sciri
2649 4270 2743 4301 ¹¹⁰⁸
2770 4270 2910 4338 quod
2934 4277 3111 4338 potest
3135 4284 3238 4322 non
3262 4283 3402 4323 esse.
3434 4270 3583 4336 Quod
3612 4269 3767 4323 enim

2188 4378 2291 4415 non
2323 4376 2443 4415 esse
2470 4368 2647 4429 potest
2668 4374 2789 4413 esse
2820 4374 3157 4428 nequaquam
3186 4368 3331 4413 certa
3365 4367 3539 4426 potest
3581 4356 3761 4427 colligi

497 4461 608 4505 tum
639 4430 768 4505 inihi
812 4453 1023 4506 videtur
1059 4454 1200 4521 quod
1230 4452 1382 4505 dicis.
1424 4430 1562 4507 Mite.
1610 4452 1747 4519 Quid
1787 4469 1915 4520 ergo
1946 4453 2080 4507 dici-
2115 4430 2160 4483 D
2187 4454 2413 4512 ratione.
2443 4450 2784 4519 Quapropter
2803 4447 3496 4503 constatillumuullatenus
3520 4448 3763 4517 potuisse

492 4559 616 4598 tuus
645 4553 830 4596 contra
870 4545 1151 4596 veritatem
1178 4584 1191 4606 ,
1225 4543 1267 4595 si
1300 4542 1529 4596 dicimus
1557 4557 1679 4596 eum
1718 4542 1963 4596 diabolus
1989 4555 2081 4597 vo-

493 4633 593 4685 luit
633 4634 773 4701 quod
802 4648 906 4686 non
938 4634 1141 4695 delaiit,
1173 4632 1268 4683 hoc
1304 4630 1449 4683 illaut
1478 4641 1533 4684 et
1562 4646 1591 4683 a
1620 4630 1728 4685 Deo
1763 4632 2038 4700 accepisse
2061 4670 2076 4695 ,

492 4724 617 4790 quia
650 4722 792 4778 Deus
824 4724 1065 4790 permisit
1092 4738 1105 4785 ;
1140 4731 1193 4775 et
1237 4734 1344 4773 non
1372 4721 1663 4789 accepisse,
1696 4722 1821 4790 quia
1854 4720 1941 4774 ille
1970 4736 2074 4775 non

2183 4542 2434 4611 prtescire
2463 4554 2645 4592 casum
2669 4553 2823 4592 suum
2844 4578 2857 4601 ,
2888 4553 3047 4606 quem
3082 4552 3299 4592 necesse
3339 4553 3444 4592 non
3481 4547 3598 4592 erat
3637 4550 3773 4592 esse

2182 4631 2421 4685 futurum
2453 4630 2567 4679 ἠδ.
2592 4628 2861 4682 Ponamus
2894 4627 3036 4682 enim
3068 4643 3174 4680 nou
3206 4627 3371 4681 fuisse
3400 4627 3633 4679 futurum
3661 4640 3760 4679 ca-

2162 4737 2300 4776 .sum
2329 4719 2508 4784 illum;
2548 4734 2615 4771 an
2641 4718 2820 4786 itaque
2843 4727 2999 4786 putas
3028 4717 3264 4787 przesciri
3290 4716 3526 4786 potuisse
3548 4754 3561 4777 ,
3588 4715 3634 4770 si
3674 4713 3761 4768 tu-

1769 4855 1996 4912 VARUE
2034 4852 2436 4914 LECTIONES.

568 4992 663 5023 "3'
686 4992 815 5044 Erat
834 4992 1029 5044 bonum
1071 4988 1305 5056 aliquod.
1340 5005 1463 5041 mss.
1492 4999 1635 5048 erat,
1672 4990 1870 5043 bonum
1893 5000 1975 5043 est
1997 4989 2195 5058 aliquid

1632 5060 1721 5090 ²⁰⁹¹
1758 5059 1922 5111 Malas
1953 5053 2257 5111 voluntates
2288 5074 2412 5110 mss.
2465 5055 2637 5108 malas
2668 5064 2721 5107 et
2746 5053 3045 5107 voluntates

498 5063 593 5101 "9°
640 5060 983 5116 Essemalam
1029 5077 1153 5112 mss.
1189 5074 1305 5113 esse
1338 5059 1532 5111 malum

500 5129 727 5203 vidcoal
753 5129 877 5203 quid
912 5130 949 5203 ,ρ
986 5130 1078 5160 ³⁸⁸³
1102 5128 1209 5203 Nec
1231 5128 1334 5183 dici
1366 5128 1559 5203 debere
1585 5145 1710 5182 mss.
1740 5127 1795 5181 S.
1816 5126 1978 5182 Mich.
2004 5130 2107 5183 dici
2140 5144 2243 5203 non
2273 5127 2502 5203 debere‘
2551 5126 2683 5203 ff”:
2708 5126 2987 5203 Quomodo
3028 5138 3134 5177 non
3165 5131 3289 5203 sunnt
3336 5138 3477 5203 mss.

2067 5198 2207 5267 quod
2252 5205 2341 5267 est
2356 5265 2383 5267 η
2411 5195 2504 5225 ¹⁰⁹⁸
2551 5194 2755 5267 Dicitur
2783 5192 3186 5267 inducere-mss.
3214 5194 3352 5267 Deus
3372 5192 3571 5267 dicitur
3601 5192 3757 5244 indu-

500 5218 605 5259 non
639 5202 709 5253 sit
781 5199 873 5229 ²⁰⁹⁸
905 5198 1073 5253 Omne
1114 5201 1336 5262 bonum,
1387 5198 1527 5264 quod
1572 5211 1656 5253 cst
1692 5214 1815 5251 mss.
1854 5214 2015 5252 omne

499 5288 622 5326 cere
698 5267 791 5307 ²⁰⁹⁷
812 5266 1031 5323 Liberat
1056 5269 1120 5321 de
1146 5285 1207 5322 ea
1239 5261 1364 5322 mss.
1396 5261 1585 5322 liberat
1607 5269 1671 5319 ah
1692 5283 1752 5319 ea
1832 5268 1929 5298 ὀνε
1956 5261 2176 5321 Volendi
2209 5265 2460 5334 quailibet
2499 5261 2867 5334 mss._volendi
2888 5261 3147 5334 quidlibet

2302 4987 2397 5019 ’⁸⁸⁸
2440 4985 2634 5051 lnjusta
2661 5000 2861 5038 ma.um
2893 4998 3013 5038 esse
3042 5000 3165 5037 mss.
3192 4984 3387 5051 iujtlsta
3416 4983 3607 5037 malam
3633 4997 3759 5040 esse

2302 5074 2412 5108 ηδε.
2465 5055 2637 5108 malas
2668 5064 2721 5107 et
2746 5053 3045 5107 voluntates
3143 5055 3237 5085 “9’
3265 5054 3431 5108 Video
3457 5053 3597 5107 aliud
3626 5070 3759 5108 mu.

3334 5068 3431 5106 tICO
3457 5068 3597 5107 anno
3626 5070 3759 5110 πω.

2556 5125 2672 5156 ιοθδ
2708 5123 2987 5189 Quomodo
3028 5138 3134 5177 non
3165 5131 3289 5178 sunt
3336 5138 3460 5175 mss.
3488 5123 3759 5191 quomodo

3249 5262 3341 5291 ὀνο
3366 5258 3509 5314 Nihil
3539 5260 3642 5313 hoc
3666 5274 3759 5315 re-

497 5354 742 5411 pugnari:
766 5354 889 5391 n'ss.
916 5337 1046 5391 nihil
1074 5338 1158 5391 hic
1183 5346 1483 5406 repugnare
1556 5336 1767 5458 "°°9ai
1802 5336 1927 5390 lecil
1950 5352 2138 5391 omnes
2160 5327 2258 5388 ms.
2284 5333 2470 5387 Cisler.
2506 5333 2595 5401 qui
2629 5332 2757 5385 facit
2779 5327 2967 5385 omnes
3040 5331 3131 5360 ²¹⁰¹
3160 5330 3223 5383 Et
3249 5327 3597 5407 individuales
3625 5344 3756 5382 mss.

498 5422 554 5458 at
589 5408 888 5458 individuus
960 5409 1051 5438 ²²⁰²
1088 5408 1447 5458 Voluntatem.
1482 5425 1605 5458 mss.
1710 5407 1796 5458 εει.
1824 5405 1944 5458 Bec.
1985 5405 2129 5458 Gem.
2165 5404 2319 5457 Corb.
2352 5414 2397 5455 et
2437 5401 2581 5455 Edit.
2616 5401 2770 5455 Goth.
2815 5401 3139 5454 voluntatem
3164 5410 3265 5452 est.
3344 5399 3437 5429 m’
3454 5396 3610 5451 Aliud
3626 5411 3756 5450 vero

498 5408 554 5463 et
589 5408 888 5461 individuus
960 5409 1051 5438 ⁹²⁰²
1088 5408 1447 5462 Voluntatem.
1482 5425 1605 5461 mss.

1710 5407 1796 5459 εει.
1824 5405 1944 5460 Bec.
1985 5405 2129 5460 Gem.
2165 5404 2319 5457 (ἐστιν.
2352 5414 2397 5455 et
2437 5401 2581 5455 Edit.
2616 5401 2770 5455 Goth.
2815 5401 3139 5454 voluntatem
3164 5410 3265 5452 est.

3344 5399 3437 5429 m’
3454 5396 3610 5451 Aliud
3626 5411 3764 5450 vero

500 5497 626 5534 mss.
664 5478 876 5547 Aliquid
920 5493 1048 5533 vero
1122 5478 1213 5508 “°‘
1248 5479 1377 5532 Cum
1407 5480 1637 5532 fatentur
1680 5493 1800 5528 mss.
1823 5492 1942 5547 cum
1964 5477 2229 5547 fateamur
2297 5473 2389 5503 ³¹⁰⁸
2409 5472 2541 5525 Vere
2558 5472 2699 5525 aliud
2722 5486 2838 5547 esse
2861 5468 3348 5547 mss._v_'e_re_alquid
3376 5481 3495 5520 esse
3525 5535 3539 5547 .
3565 5464 3761 5547 ξωξθ

500 5565 619 5601 «esse
654 5564 904 5603 casurum
932 5566 1026 5602 ms.
1089 5549 1273 5601 Cister.
1306 5554 1445 5600 omit.
1492 5562 1610 5602 esse

1720 5547 1809 5576 πλοῖ
1841 5546 1956 5611 Qua
1989 5563 2092 5599 nou
2126 5545 2224 5597 nisi
2254 5560 2374 5596 mss.
2403 5559 2521 5611 qua:
2543 5557 2645 5595 non
2677 5552 2755 5593 (‘9!
2789 5541 2886 5592 llisi

2999 5539 3090 5569 ²¹⁰⁸
3136 5535 3252 5593 Non
3277 5552 3433 5608 posse
3464 5535 3589 5591 sciri
3626 5537 3758 5590 edit.

504 5618 656 5671 (.‘ntle.
685 5635 787 5672 nou
820 5634 976 5689 posse
1003 5620 1141 5675 scire
1218 5618 1308 5647 ⁹¹⁰τ¹
1332 5617 1559 5673 Necesse
1590 5632 1693 5672 non
1722 5627 1839 5671 erat
1866 5608 2113 5670 Tuturum
2152 5631 2271 5666 mss.
2307 5608 2522 5668 necesse
2563 5629 2664 5666 nea
2695 5621 2802 5665 erat
2840 5623 2955 5662 esse
2993 5608 3225 5662 futurum
