4226 6208
488 240 590 304 δῶ

1628 198 1901 295 statos.
1952 238 2040 291 DE
2084 236 2261 292 casu
2299 234 2595 306 btsztl.

3615 235 3720 296 356

490 369 641 414 turus
667 372 771 410 non
795 356 947 410 erat?
973 353 1112 408 Disc.
1149 352 1372 405 Videtur
1420 365 1525 403 non
1577 366 1730 417 posse
1766 352 2000 419 przcsciri
2022 390 2039 414 ,
2072 358 2117 412 Α
2146 364 2265 402 cmn
2296 351 2626 417 przescientia
2670 350 2997 405 voinntatem
3036 351 3269 407 babebat
3301 350 3590 429 aliquando
3628 368 3726 409 eno

485 446 626 516 quod
652 450 829 515 potest
857 444 1092 501 futurum
1120 455 1225 493 non
1254 453 1403 502 esse;
1464 452 1563 492 nec
1601 452 1757 506 posse
1791 452 1895 490 non
1924 452 2047 492 esse

486 532 750 597 futurum,
777 533 920 601 quod
950 529 1247 601 praescitur.
1281 528 1385 583 Sed
1409 529 1727 582 reminiscor
1750 542 1887 581 nunc
1908 526 2048 581 illius

486 608 853 679 famosissima
908 618 1217 689 quaestionis
1268 618 1335 671 de
1385 613 1721 685 praescientia
1774 616 1954 669 divina
1993 623 2049 669 et

482 712 651 775 tibero
679 709 937 781 arbitrio,
967 707 1209 776 quamvis
1223 706 1365 760 enim
1398 704 1878 759 tantaauctoritate
1902 713 2050 757 asse-

484 808 663 866 ratur,
735 810 792 852 et
844 806 988 851 tanta
1044 804 1289 850 teneatur
1348 794 1578 848 utilitate
1637 802 1697 846 ut
1742 793 2048 853 nullatenus

480 897 698 959 propter
717 887 879 941 ullam
903 884 1295 939 ltumattam'm
1323 884 1582 937 rationem
1604 884 1951 937 dubitandum
1980 883 2050 937 sit

484 980 719 1035 divinam
757 976 1147 1047 pmscientiatn
1177 982 1232 1030 et
1257 975 1483 1029 liberum
1518 976 1799 1027 arbitrium
1832 973 1930 1027 sibi
1967 990 2050 1025 ηια-

482 1067 652 1119 vicem
677 1064 988 1119 consentire
1012 1103 1026 1127 ,
1063 1073 1240 1115 tamen
1266 1072 1523 1129 quantum
1564 1061 1630 1113 ad
1659 1061 1881 1114 rationis
1914 1076 2047 1117 cone-

440 1174 447 1189 ε
482 1154 861 1210 aiderationem
891 1169 1010 1222 quae
1038 1152 1284 1215 videtur,
1314 1160 1521 1219 spectat
1548 1150 1634 1190 ²¹ι¹
1655 1190 1669 1211 .
1719 1150 2049 1204 insociabili-

483 1250 566 1295 ter
597 1240 844 1298 videntur
882 1238 1203 1312 dissentire:
1240 1226 1380 1291 unde
1426 1240 1672 1307 videmus
1710 1238 1803 1268 ²¹¹¹
1846 1238 1899 1290 in
1949 1238 2050 1290 bac

484 1330 771 1402 quaestione
800 1329 1085 1383 nonnullos
1112 1329 1195 1383 sic
1226 1329 1278 1382 in
1317 1344 1478 1381 unam
1505 1338 1710 1396 partem
1746 1316 2045 1394 vergentes,

482 1422 541 1471 ut
564 1406 789 1472 alter’ant
815 1404 1033 1472 otnnino
1060 1416 1313 1470 deserant
1336 1417 1431 1449 ¹¹¹⁸
1455 1458 1470 1482 ,
1529 1417 1668 1469 unda
1717 1416 2048 1470 inlidelitaﬁs

482 1508 861 1575 submergente
889 1506 1013 1570 ωδ,
1055 1506 1264 1573 perire;
1307 1505 1506 1567 multos
1550 1520 1709 1568 vero,
1749 1505 1891 1557 velut
1921 1520 2049 1565 con-

484 1593 665 1658 trariis
692 1583 865 1647 ventis
895 1578 1019 1647 hinc
1057 1591 1181 1646 inde
1205 1598 1391 1646 contra
1438 1593 1666 1659 invicem
1697 1593 2045 1647 sustentando

482 1682 893 1750 quassantibus,
927 1681 1243 1749 periclitari.
1275 1679 1407 1734 Cum
1430 1694 1558 1733 vero
1576 1679 1816 1733 divinam
1843 1688 2052 1734 constet

482 1769 576 1803 ³ι¹⁸
594 1770 978 1838 prtescientiam
1005 1785 1122 1824 esse
1144 1771 1405 1833 omnium,
1428 1784 1546 1839 qum
1569 1768 1701 1822 ﬁunt
1721 1767 1889 1824 libero
1911 1769 2053 1822 arbi-

482 1859 609 1925 trio,
640 1875 737 1913 nec
758 1850 966 1929 aliquid
991 1861 1183 1915 borum
1210 1860 1305 1891 “"’
1332 1860 1402 1914 sit
1430 1874 1496 1911 ex
1526 1858 1868 1922 necessitate,
1912 1856 2053 1911 nihi-

484 1947 713 2001 lominus
743 1950 952 2002 videtur
975 1964 1130 2018 posse
1158 1966 1262 2003 non
1285 1964 1403 2003 esse
1433 1948 1667 2001 futurum
1687 1987 1703 2012 ,
1743 1948 1889 2023 quod.
1912 1961 2052 2016 prat-

484 2036 671 2090 scitur.
703 2035 842 2090 liae.
896 2036 1143 2114 Breviter,
1185 2037 1398 2113 interim
1450 2035 1552 2091 ltoc
1592 2023 1887 2105 respondeo
1935 2034 2087 2088 “".'

482 2119 825 2181 Pmcientia
849 2126 939 2179 Dei
970 2140 1073 2179 non
1108 2126 1322 2194 preprie
1350 2125 1545 2179 dicitur
1570 2123 1935 2192 pnescicntia:
1966 2121 2052 2177 cui

485 2214 627 2268 enim
655 2212 831 2267 omnia
854 2228 1065 2292 semper
1092 2221 1216 2267 sunt
1246 2212 1523 2283 pmsentia
1541 2252 1557 2278 ,
1592 2227 1696 2266 non
1726 2212 1886 2281 habet
1906 2211 2055 2264 l'utu-

486 2307 669 2358 rortitn
690 2303 1111 2369 prmscientiam,
1127 2303 1218 2358 sed
1240 2302 1580 2371 praesentium
1598 2299 1903 2354 scientiam.
1917 2298 2053 2353 Cum

484 2403 613 2471 ergo
640 2395 740 2447 alia
772 2393 846 2448 sit
888 2394 1023 2463 ratio
1044 2384 1109 2448 de
1153 2392 1484 2464 praascientia
1516 2392 1735 2457 futurae,
1781 2406 1942 2460 quam
1986 2390 2061 2449 de,

486 2484 761 2553 persentis
803 2485 877 2537 rei
926 2484 1179 2551 scientia;
1231 2496 1335 2557 non
1388 2490 1472 2548 est
1520 2494 1743 2536 necesse
1778 2480 2050 2563 divinam

487 2574 906 2641 przscientiam,
933 2568 1182 2637 et‘illatn,
1210 2574 1277 2628 de
1303 2588 1409 2641 qua
1450 2571 1741 2640 quterimus
1765 2610 1780 2635 ,
1807 2571 2054 2623 eamdem

488 2659 688 2716 habere
712 2654 1171 2730 Consequentiam.
1203 2654 1348 2717 nise.
1378 2660 1646 2714 Assentio.
1678 2658 1816 2713 MAG.
1844 2656 2053 2711 Redea-

488 2764 611 2804 mus
638 2750 705 2804 ad
737 2749 910 2815 illam,
961 2765 1079 2819 quae
1112 2758 1231 2805 erat
1281 2750 1333 2803 in
1378 2748 1657 2813 manibus,
1684 2748 2061 2816 quarstionem.

484 2836 634 2892 Dtsc.
684 2835 867 2903 Placet
911 2837 1051 2906 quod
1089 2838 1240 2893 dicis.
1284 2832 1386 2891 Sed
1412 2852 1477 2890 eo
1506 2846 1661 2903 pacto
1689 2874 1705 2898 ,
1753 2841 1818 2891 'ut
1840 2849 1961 2886 cum
1987 2833 2055 2887 de

487 2926 617 2991 illa,
648 2927 797 2996 cujus
826 2927 1147 2981 mentionem
1174 2926 1274 2980 l‘eci
1302 2926 1393 2958 “"
1413 2965 1428 2991 ,
1448 2925 1748 2992 quaesiero,
1802 2923 1927 2976 mihi
1962 2937 2053 2976 re-

485 3015 749 3097 spondere
772 3015 911 3083 quod
946 3016 1067 3069 inde
1104 3017 1245 3080 Deus
1271 3015 1365 3069 tibi
1403 3012 1704 3083 dignabitur
1729 3010 2044 3074 ostendere,

2149 437 2307 491 ﬂendi
2334 454 2347 501 ;
2374 437 2485 506 jam
2515 440 2623 507 ipsa
2656 438 2793 492 mala
2830 441 3104 495 voluntate
3130 443 3415 497 ceciderat.
3445 443 3591 498 Dtsc.
3616 443 3722 501 Pa-

2150 526 2401 594 tethuod
2453 527 2606 580 dicis.
2659 527 2796 580 ΜΑο.
2850 526 2965 580 Non
3012 529 3192 597 itaque
3228 528 3454 584 volendo
3484 530 3720 595 enim.
3792 541 3796 544 ‘

2148 615 2295 681 prius
2321 614 2475 667 scivit
2501 630 2558 668 se
2582 628 2828 667 caSurum
2854 630 3013 683 quam
3043 614 3238 670 cecidit
3259 614 3377 670 ²⁸⁸¹.
3407 615 3554 671 Diae.
3602 610 3721 673 Noti

2149 712 2323 771 potest
2345 701 2542 771 aliquid
2574 702 2729 768 objici
2756 703 2849 737 ω’
2876 702 3204 756 conclusioni
3242 711 3363 758 ιυω.
3395 700 3535 757 MAG.
3580 704 3651 757 At
3673 704 3720 759 si

2149 784 2244 823 ³³⁷³³
2275 792 2593 861 praesciebat
2617 806 2674 845 se
2710 806 2961 846 casurum
2985 830 3001 853 .
3034 800 3088 849 et
3109 790 3359 854 nolebat,
3384 799 3591 846 tantum
3616 792 3719 845 mi-

2149 897 2238 937 ser
2272 894 2389 936 erat
2418 882 2649 936 dolendo
2677 890 2935 951 quantum
2966 889 3109 933 stare
3139 880 3372 934 volebat.
3411 880 3555 934 Dtsc.
3610 878 3717 935 Ne-

2148 972 2263 1042 gari
2289 987 2393 1025 non
2425 980 2618 1040 potest.
2655 971 2791 1023 ΜΑο.
2830 972 2897 1023 At
2924 978 3073 1023 tanto
3123 967 3317 1038 justior
3361 979 3482 1024 erat
3517 981 3719 1039 quanto

2150 1061 2323 1129 magis
2340 1061 2547 1113 volebat
2576 1070 2748 1122 stare,
2785 1070 2839 1112 ct
2875 1058 2979 1127 quo
3007 1070 3123 1113 erat
3162 1059 3379 1128 justior,
3403 1074 3470 1114 eo
3493 1061 3722 1116 debebat

2148 1165 2269 1204 esse
2325 1149 2547 1202 felicior.
2616 1143 2763 1203 Dtsé.
2824 1149 2937 1203 Non
2981 1149 3076 1179 "“
3134 1144 3309 1217 potest
3344 1150 3545 1219 negari.
3578 1150 3716 1207 MAG.

2149 1240 2289 1307 Ergo
2322 1240 2364 1291 si
2396 1239 2622 1291 nolendo
2651 1240 2965 1306 prtesciebat
2991 1252 3052 1293 se
3080 1252 3331 1293 casurum
3353 1276 3369 1303 ,
3420 1248 3569 1292 tanto
3604 1248 3722 1295 erat

2148 1326 2397 1382 miserior
2425 1366 2441 1391 ,
2479 1334 2677 1392 quanto
2715 1324 2943 1379 debebat
2993 1340 3110 1380 esse
3150 1318 3399 1381 filieio‘r:
3434 1327 3573 1391 quod
3612 1342 3720 1382 non

2148 1417 2417 1472 convenit.
2456 1416 2599 1470 Dtsc.
2638 1415 2712 1471 Ita
2741 1415 2956 1484 quidem
2983 1418 3233 1497 conseqpi
3266 1430 3461 1485 negare
3485 1431 3719 1484 nequeo;

2149 1508 2242 1560 sed
2265 1506 2367 1559 hoc
2401 1520 2538 1573 saepe
2564 1520 2668 1559 non
2694 1503 2863 1558 solum
2886 1504 3003 1558 sine
3039 1504 3468 1559 inconvenientia
3490 1548 3505 1571 ,
3544 1507 3639 1560 scd
3666 1514 3723 1569 et

2151 1582 2485 1648 laudabiliter
2506 1602 2562 1648 et
2588 1592 2817 1662 superna
2848 1594 3018 1662 gratia
3045 1593 3157 1649 ﬁeri
3174 1594 3514 1660 cognoscitur
3538 1612 3551 1647 :
3587 1596 3722 1648 mul-

2157 1681 2317 1736 toties
2391 1682 2532 1735 enim
2602 1691 2660 1735 ut
2717 1694 2891 1749 pauca
2945 1682 3011 1736 de
3061 1682 3408 1742 incommodis
3449 1684 3720 1751 justorum

2153 1785 2566 1825 commemorem
2585 1811 2599 1836 ,
2632 1777 2831 1838 quanto
2857 1770 2976 1837 quis
2985 1770 3180 1837 justior
3201 1779 3317 1834 est,
3350 1779 3498 1825 tanto
3521 1772 3723 1837 majore

2154 1857 2352 1919 doloris
2382 1858 2748 1924 compassione
2787 1857 2853 1910 de
2890 1858 3063 1927 alieno
3100 1872 3229 1913 casu
3280 1857 3524 1912 adicitur.
3568 1859 3721 1927 Sa-pe

2152 1943 2313 1999 etiam
2339 1944 2433 1977 ἠ’
2455 1953 2599 2007 eu‘m,
2622 1945 2714 2014 qui
2739 1945 2993 2014 majorem
3011 1944 3173 2001 habet
3194 1945 3450 2015 injustitia
3471 1957 3726 2001 constan-
3775 1942 3778 1949 ’

2155 2036 2313 2101 tiam,
2346 2036 2588 2089 videmus
2616 2028 2683 2089 ab
2703 2034 2913 2104 iniustis
2934 2034 3307 2091 immaniorem
3324 2037 3431 2104 pati
3462 2026 3577 2103 "",
3600 2052 3723 2105 perg-

2153 2124 2442 2179 secutionis
2468 2125 2796 2202 instantiam.
2841 2124 2977 2187 Mtte.
3025 2123 3139 2178 Non
3169 2132 3259 2178 est,
3278 2120 3466 2180 eadem
3495 2128 3636 2179 ratio
3665 2127 3720 2179 in

2156 2214 2491 2280 hominibus,
2533 2223 2589 2281 et
2625 2214 2678 2268 in
2724 2212 2813 2283 illo
2864 2213 3076 2283 angelo.
3110 2211 3394 2267 Hominum
3440 2214 3583 2267 enim
3625 2212 3719 2243 ¹¹²⁷

2150 2313 2375 2366 natura,
2405 2312 2624 2372 propter
2644 2312 2919 2373 peccatum
2949 2302 3105 2372 primi
3145 2302 3401 2371 parentis,
3422 2299 3536 2370 jam
3564 2302 3722 2359 innu-

2156 2389 2493 2443 merabilium
2527 2390 2980 2443 incommodorum
3013 2390 3149 2443 facta
3188 2398 3271 2443 est
3318 2389 3624 2458 pas~ibilis=
3654 2404 3723 2444 ex

2153 2494 2255 2549 qua
2287 2480 2636 2547 passibilitate
2665 2478 2845 2532 multis
2875 2478 3047 2532 modis
3076 2479 3247 2549 gratia
3277 2479 3431 2533 nubis
3466 2488 3722 2549 operatur

2155 2569 2736 2637 incorruptibilitatem.
2767 2569 2855 2623 llle
2888 2583 3047 2639 vero,
3088 2568 3262 2623 adhuc
3303 2568 3448 2622 nullo
3496 2581 3721 2639 peccato

2152 2636 2514 2729 praecedente,
2540 2657 2765 2725 alicujus
2788 2660 2910 2712 mali
2949 2636 3054 2713 non
3080 2659 3354 2712 meruerat
3377 2636 3718 2729 “'V’,vpassic-

2154 2763 2297 2802 nem.
2336 2746 2477 2801 Dtsc.
2503 2746 2823 2801 Satisfecisti
2854 2746 3141 2813 olijcctioni
3186 2761 3339 2815 mea}.
3388 2746 3544 2802 Patet
3574 2749 3720 2803 enim

2154 2838 2247 2875 ³¹²⁹
2278 2839 2403 2907 quia
2429 2838 2543 2892 hmc
2574 2840 2687 2907 ipsa
2716 2840 2855 2893 ratio
2884 2840 3023 2911 sicut
3072 2849 3285 2908 separat
3306 2841 3377 2895 ab
3410 2841 3528 2910 ipso
3578 2843 3721 2899 male

2153 2929 2344 2997 angelo
2394 2928 2478 2981 sui
2540 2935 2697 2981 casus
2762 2929 3148 3000 praescieutiam
3244 2930 3319 2984 ita
3377 2930 3724 2989 nihilomiqu

2156 3030 2364 3069 omnem
2393 3026 2635 3084 segregat
2662 3016 2987 3084 opinionem.
3019 3018 3156 3073 MAG.
3196 3019 3287 3073 Est
3323 3030 3377 3073 et
3400 3022 3544 3075 aliud
3572 3025 3720 3091 quod

488 3120 596 3160 non
627 3120 841 3161 renuas.
870 3106 1035 3161 Valde
1062 3120 1290 3172 namque
1318 3103 1620 3177 necessaria
1651 3109 1733 3155 est
1758 3101 1875 3169 ejus
1907 3100 2051 3154 solu-
2081 3118 2123 3173 α
2157 3102 2286 3156 mitti
2312 3102 2444 3155 satis
2468 3104 2681 3156 videtur.
2698 3104 2981 3157 ostendere
3011 3105 3154 3158 nullo
3196 3106 3352 3159 utodo
3374 3123 3516 3161 eum
3562 3114 3719 3164 suam‘

482 3194 663 3259 tim-si
681 3196 794 3265 jam
826 3199 892 3249 ab
920 3195 1097 3265 aliquo
1140 3191 1277 3246 facta
1330 3201 1442 3257 est,
1494 3198 1585 3244 aut
1637 3190 1680 3244 si
1724 3189 2051 3243 liatz‘l’ateor

483 3284 630 3358 enim
670 3284 904 3341 nondum
943 3284 1182 3347 alicubi,
1228 3292 1447 3352 excepta
1489 3277 1665 3334 divitia
1696 3282 2047 3344 auctoritate,

487 3374 573 3428 cui
594 3373 963 3435 indubitanter
989 3373 1147 3430 credo
1172 3408 1192 3439 ,
1244 3388 1328 3427 me
1378 3371 1568 3439 legisse
1595 3371 1886 3432 rationem,
1934 3383 2051 3435 quae

486 3462 617 3517 mihi
661 3463 926 3518 subiceret
971 3463 1037 3517 ad
1090 3446 1327 3534 ejusdem
1374 3459 1654 3516 solutionis
1699 3458 2048 3519 intellectum.

485 3548 627 3605 Hac.
659 3548 789 3603 Cum
826 3550 891 3602 ad
929 3549 1072 3604 illam
1103 3550 1404 3612 veniemus,
1454 3548 1501 3602 si
1536 3549 1676 3602 forte
1701 3546 2007 3601 venerimus
2034 3585 2050 3611 ,

487 3638 597 3692 erit
614 3638 750 3691 sicut
778 3638 915 3692 Deus
943 3637 1109 3692 dabit.
1138 3637 1289 3692 Nunc
1330 3646 1507 3691 autem
1530 3676 1546 3701 ,
1603 3635 1853 3704 quoniam
1888 3642 2050 3703 Supra

486 3728 663 3798 posita
684 3729 890 3782 ratione
915 3735 1063 3797 patet
1085 3735 1381 3797 apostatam
1403 3726 1648 3797 angelum
1680 3741 1787 3778 non
1817 3724 2052 3793 potuisse

488 3812 741 3888 praescire
769 3817 977 3871 ruinam
1006 3832 1155 3871 suam
1183 3858 1198 3883 ,
1248 3832 1310 3872 ea
1350 3816 1682 3887 prmscientia
1707 3837 1726 3880 -,
1772 3830 1932 3884 quam
1971 3814 2051 3869 rei

487 3905 784 3959 necessitas
821 3904 1100 3973 sequitur:
1136 3906 1526 3974 accipe'adImc
1556 3904 1713 3958 aliam
1747 3903 2008 3958 rationem
2033 3943 2049 3968 ,

487 4006 610 4061 qna:
632 4006 735 4045 non
756 3991 923 4070 solum
950 3992 1315 4062 praescientia,
1369 3994 1463 4047 sed
1498 4002 1555 4047 et
1579 3992 1932 4055 aestimatione
1961 4000 2054 4045 aut

488 4081 726 4148 quanbet
754 4080 1056 4149 suspicione
1114 4097 1270 4138 suum
1316 4097 1438 4136 eum
1489 4082 1833 4152 praesensisse
1868 4096 2050 4135 casum

482 4164 742 4225 excludit.
766 4174 909 4227 Dtsc.
955 4172 1067 4226 Hoc
1085 4181 1341 4242 exspecto
1371 4172 1485 4225 ¹¹¹⁹.
1519 4170 1657 4230 MAG,
1704 4170 1760 4225 Si
1784 4171 1974 4224 adhuc
2001 4172 2052 4224 in

486 4251 934 4315 bona'voluntate
978 4268 1122 4315 stans
1145 4242 1457 4330 pmsciebat
1507 4274 1566 4313 se
1620 4274 1905 4323 casurum,
1958 4268 2053 4313 aut

488 4345 703 4401 volebat
759 4357 817 4402 ut
864 4349 934 4404 ita
978 4350 1169 4417 ﬂeret,
1221 4358 1313 4405 aut
1364 4364 1470 4404 non
1509 4348 1719 4404 volebat
1746 4348 1861 4401 ²¹¹⁰.
1904 4349 2049 4403 Dtsc.

489 4432 666 4489 Unum
693 4438 879 4493 horum
902 4452 1121 4493 necesse
1148 4446 1232 4493 est
1273 4453 1457 4493 verum
1505 4452 1646 4493 esse.
1690 4437 1826 4492 MAG.
1879 4436 1982 4491 Sed
2007 4439 2053 4497 si

2147 3202 2279 3247 ante
2304 3195 2575 3261 potavisse
2603 3192 2833 3246 futuram
2852 3195 3366 3261 praevaricationem.
3398 3196 3602 3267 Nempe
3627 3199 3718 3232 m‘

2151 3288 2239 3332 aut
2265 3289 2504 3333 coactam
2536 3280 2867 3349 putavisset,
2917 3289 3008 3333 aut
3046 3291 3431 3349 spontaneam;
3480 3288 3576 3339 sed
3619 3302 3718 3342 nec

2152 3366 2418 3421 ullatenus
2446 3376 2562 3420 erat
2589 3367 2727 3420 unde
2757 3381 2815 3421 se
2842 3366 3132 3436 aliquando
3159 3371 3273 3437 cogi
3306 3371 3675 3439 suspicaretur
3695 3410 3714 3438 ,

2152 3454 2509 3524 necquandiu
2535 3454 2701 3507 voluit
2728 3454 2780 3507 in
2807 3457 3035 3510 veritate
3056 3471 3402 3524 perseverare
3424 3459 3530 3514 ullo
3560 3464 3720 3516 modo

2152 3555 2341 3615 putare
2370 3546 2541 3613 pontit
2586 3559 2643 3599 sc
2674 3546 2787 3599 sola
2828 3547 3099 3601 voluntate
3156 3547 3299 3601 illam
3356 3548 3711 3606 deserturum.

2153 3637 2324 3704 Supra
2356 3650 2586 3705 namque
2629 3635 2741 3705 jam
2788 3645 3139 3691 monstratum
3162 3650 3243 3693 est
3268 3654 3390 3693 eum
3413 3678 3431 3705 ,
3478 3643 3715 3700 uuaudiu

2151 3736 2354 3780 rectam
2387 3725 2713 3781 voluntatem
2749 3726 2969 3792 habuit,
3026 3728 3078 3782 in
3122 3728 3221 3783 ltac
3273 3728 3388 3797 ipsa
3440 3729 3717 3786 voluntate

2146 3815 2382 3869 voluisse
2432 3829 2791 3883 perseverum.
2848 3816 3183 3885 Quapropter
3248 3817 3481 3873 volendo'
3535 3828 3717 3877 tenere

2150 3912 2587 3973 perseveranter,
2608 3905 2748 3973 quod
2776 3905 3020 3967 tenebat;
3053 3906 3196 3960 nullo
3223 3908 3379 3981 modo
3398 3908 3554 3962 video
3575 3910 3716 3964 unde

2153 3992 2415 4059 potuisset
2436 3990 2516 4044 vel
2544 3992 2835 4061 suspicari,
2893 3993 3034 4045 nulla
3070 3993 3171 4046 alia
3223 3993 3509 4049 accedente
3550 4009 3716 4049 causa

2153 4080 2262 4133 sola
2288 4095 2348 4135 se
2376 4081 2501 4134 illud
2530 4081 2867 4134 deserturum
2897 4082 3190 4136 voluntate.
3239 4082 3352 4135 Non
3386 4078 3523 4153 nego
3562 4082 3713 4141 illum

2151 4171 2373 4225 scivisse
2399 4170 2522 4239 quia
2557 4169 2736 4238 posset
2760 4179 2965 4222 mutare
2993 4171 3345 4236 voluntatem,
3377 4185 3535 4239 quam
3570 4180 3715 4227 tene-

2152 4262 2274 4326 bat;
2305 4259 2543 4315 seddico
2588 4258 2732 4313 illum
2779 4274 2882 4313 non
2934 4262 3173 4327 potuisse
3222 4270 3410 4329 putare
3439 4260 3563 4330 quia
3610 4260 3712 4315 ali-

2153 4350 2368 4418 quando
2389 4388 2404 4413 ,
2433 4349 2575 4402 omni
2607 4348 2708 4401 alia
2734 4358 2976 4402 cessante
3002 4364 3165 4402 causa
3193 4389 3207 4413 ,
3254 4358 3443 4417 sponte
3481 4357 3716 4404 mutaret

2153 4440 2517 4506 voluntatem,
2573 4452 2731 4508 quam
2784 4446 3195 4505 perseveranter
3250 4445 3431 4491 tenere
3479 4437 3716 4493 volebat.

1750 4570 1983 4625 VARUE
1997 4569 2422 4665 "LECTIONES.

551 4682 654 4715 ‘m
672 4680 889 4752 Propter
944 4684 1229 4739 humanam
1258 4700 1383 4738 mss.
1425 4695 1643 4752 propter
1672 4682 1829 4735 ullam
1874 4674 2163 4738 humanam

2268 4681 2363 4711 ἰη
2388 4680 2607 4735 Videtur
2630 4672 2873 4747 spectare
2913 4696 3036 4733 mu.
3068 4678 3198 4732 Vict.
3225 4678 3348 4731 Bec.
3383 4674 3527 4731 Gem.
3554 4664 3709 4733 σοι-ἂ.

487 4760 539 4804 et
578 4752 701 4803 edit.
730 4747 881 4823 Goth.
906 4754 1132 4823 videtur.
1163 4760 1371 4823 spectat
1426 4747 1736 4823 :7"‘:'UlltieA
1776 4752 2030 4823 videmus
2072 4767 2168 4815 ms.
2219 4748 2409 4823 Cist‘er.
2463 4752 2601 4802 unde
2647 4757 2702 4803 et
2751 4750 3045 4823 videmus“
3081 4747 3174 4823 ‘_”
3220 4748 3354 4823 Otnlt
3386 4761 3417 4823 _s
3448 4747 3713 4823 hdfscraut
3788 4758 3793 4763 '

487 4833 617 4871 tuas.
669 4822 884 4875 omnino
926 4821 1175 4874 deSerant

491 4887 807 4953 submergcn
817 4898 865 4942 te

489 5023 811 5075 mentionem
839 5022 965 5077 fecit

492 5089 774 5162 Quam
818 5092 1034 5146 caderet
1085 5111 1207 5146 mss.
1257 5109 1414 5162 quam
1464 5089 1658 5147 cecidit

530 4887 896 4959 tibtgergcnte
970 4889 1060 4919 ¹¹¹⁸
1082 4888 1213 4959 (lum
1250 4905 1376 4959 ergo
1404 4898 1612 4945 constet
1639 4890 1767 4941 mss.
1787 4886 1978 4959 gister.
2003 4900 2276 4959 cum‘vero
2306 4894 2511 4959 constet

490 4953 586 4986 ²²¹⁷
608 4952 953 5026 Respondebo
976 4974 1098 5010 mss.
1130 4958 1230 5026 boc
1262 4952 1590 5026 respondebo
1623 4974 1748 5009 mss.
1776 4957 1835 5009 S.
1854 4956 2013 5008 Mirh.
2051 4964 2096 5006 et
2121 4954 2440 5026 Cis_ter._lioc
2463 4953 2758 5026 respondeo

1072 5025 1162 5082 ’Ψ
1189 5026 1298 5079 Hoc
1333 5025 1550 5093 accepto
1580 5042 1704 5076 mss.
1735 5028 1835 5078 boc
1864 5036 2089 5093 expecto

1766 5095 1859 5124 ¹⁸²²
1885 5090 2039 5145 Aliud
2089 5090 2249 5159 obiici
2300 5109 2423 5151 mss.
2475 5090 2672 5157 aliquid
2727 5091 2882 5159 objici

1287 4823 1379 4853 ³¹¹⁸
1426 4821 1576 4876 Unde
1614 4819 1937 4875 infidelitatis
2002 4813 2123 4872 sua:
2152 4820 2526 4886 subnzcrgentc
2578 4833 2705 4886 mss:
2743 4827 2803 4886 et
2840 4817 2942 4886 edit
3003 4813 3157 4869 Galli.
3206 4817 3343 4886 unda
3384 4815 3715 4872 inﬁdelitatis

2614 4883 2708 4927 ³⁸³⁸
2728 4884 2880 4935 Aliud
2908 4886 3096 4937 Itorutn
3130 4901 3254 4938 mss.
3286 4885 3481 4953 aliquid
3516 4887 3707 4939 borum

2868 4953 2960 5015 ’δ’
2982 4954 3302 5006 Mentiuncnt
3334 4952 3558 5006 fecimus
3581 4970 3705 5007 mss.

2199 5023 2290 5055 ¹¹²⁰
2316 5022 2507 5085 Fierct,
2536 5032 2628 5072 aut
2657 5022 2867 5083 nolebat
2897 5040 3018 5074 mss.
3055 5024 3203 5075 licrst
3233 5030 3323 5073 aut
3351 5035 3454 5072 non
3498 5021 3709 5075 volebat

2200 5091 2249 5143 ci
2300 5109 2423 5142 mss.
2475 5090 2672 5143 aliquid
2727 5091 2882 5143 obiici
2991 5092 3089 5123 ⁸¹¹⁸
3105 5093 3179 5143 Ac
3230 5091 3271 5143 si
3316 5089 3544 5142 27183.31.
3566 5090 3635 5141 At
3662 5092 3707 5143 si

491 5155 589 5229 ’_‘“
609 5158 873 5229 Quantum
897 5164 1077 5229 magis
1103 5171 1246 5216 stare
1275 5155 1508 5223 volebat,
1539 5171 1592 5213 et
1616 5178 1732 5229 quae
1764 5174 1878 5214 erat
1913 5162 2130 5228 justiur,
2157 5155 2221 5213 eo
2250 5159 2475 5229 debebat
2499 5155 2619 5229 esse
2656 5155 2900 5213 fwlicior.
2930 5161 2988 5229 i).
3016 5159 3196 5225 negari
3225 5174 3371 5229 non
3401 5168 3593 5229 potest.
3629 5158 3701 5212 M.

493 5226 570 5281 Ac
598 5236 742 5279 tanto
778 5226 972 5295 justior
1003 5224 1145 5292 erat,
1181 5242 1378 5297 quanto
1419 5229 1587 5295 magis
1621 5224 1829 5282 volebat
1873 5224 2045 5291 st'arc;
2087 5239 2140 5281 et
2182 5244 2289 5295 quo
2318 5236 2433 5280 erat
2456 5224 2670 5297 iustior,
2710 5242 2773 5278 eo
2805 5228 3027 5281 debebat
3067 5224 3185 5280 esse
3218 5224 3458 5297 fzelicior.
3501 5227 3561 5279 Ι).
3600 5242 3705 5281 non

492 5309 614 5347 mss.
643 5294 894 5365 quantum
928 5305 1067 5348 stare
1096 5294 1323 5351 Volebat.
1360 5300 1419 5352 D.
1451 5294 1634 5365 negari
1685 5314 1789 5350 non
1842 5308 2036 5365 potest.
2069 5297 2135 5349 Μ.
2168 5294 2251 5365 At
2284 5306 2430 5349 tanto
2470 5295 2663 5365 justior
2691 5304 2827 5365 erat,
2860 5304 3059 5363 quanto
3097 5298 3265 5361 magis
3305 5294 3514 5365 volebat
3558 5306 3706 5349 stare

494 5371 548 5413 et
573 5375 676 5429 quo
702 5363 1044 5426 cratjnstior,
1076 5380 1139 5417 eo
1170 5366 1392 5418 debebat
1427 5362 1545 5419 esse
1571 5366 1815 5418 fmiicior.
1843 5362 1909 5419 D.
1941 5382 2042 5418 non
2110 5365 2206 5395 ³¹¹⁸
2231 5364 2381 5431 Βωρο
2418 5366 2558 5417 cnim
2584 5362 2703 5416 mas.
2736 5362 2888 5431 Sa-pe
2914 5367 3075 5417 etiam

494 5445 618 5501 mss.
649 5432 1012 5501 itntnauioretn
1040 5434 1144 5501 pati

3173 5365 3266 5395 ""
3312 5361 3563 5431 Maiorem
3595 5366 3706 5431 pati

1218 5436 1307 5465 ⁸³³⁷
1344 5435 1581 5487 Hominis
1604 5434 1744 5486 enim
1777 5451 1899 5487 mss.
1931 5435 2203 5486 hominum
2233 5435 2373 5487 enim
2448 5433 2541 5465 ²¹²³
2572 5433 2849 5487 luvencrat
2895 5450 3017 5487 mss.
3063 5441 3333 5487 meruerat
3406 5433 3499 5464 ""
3548 5431 3709 5488 Patet

390 5504 397 5511 '
497 5496 632 5556 ,‘ttitu
660 5512 785 5557 mu.
818 5496 999 5553 (ἐξίοιεν.
1032 5496 1171 5555 omit.
1223 5504 1363 5555 enim
1437 5503 1526 5535 “3°
1578 5501 1774 5571 Nempe
1814 5513 1870 5557 ut
1906 5519 2029 5555 mss.
2064 5518 2095 5555 n

2151 5516 2253 5571 npc
2296 5510 2387 5553 aut
