4226 6202
547 292 655 350 555

1038 0 1317 15 +‘.--~—~—_-.——v-
1332 0 1589 13 τνςιινψγιο-
1614 0 1727 11 4.-ι...-.-
1746 0 1963 11 φημι-...ιιι
1980 0 2005 7 4-.
2026 0 2121 9 ﬁ-..

1080 290 1137 343 S.
1187 283 1477 341 ANSEL‘dI
1516 282 1859 340 CANTUAR.
1906 281 2218 337 ARClllBP.
2256 279 2403 336 OPP.
2448 280 2647 335 PAﬂS.
2689 279 2727 332 l.
2762 309 2827 319 —
2866 281 3317 338 DOGMATICA.’

3650 283 3754 344 356

551 405 699 459 Disc.
724 401 824 468 Qui
875 399 1151 469 diligenter
1188 397 1434 465 intelligit
1479 395 1616 464 quod
1645 394 1811 456 dicis.
1860 400 2103 462 patenter
2128 426 2176 483 Δ
2205 396 2442 444 tuturum
2472 390 2597 453 ³⁸³⁸,
2656 397 2747 442 aut
2797 391 2839 443 si
2885 391 3057 445 factus
3102 392 3332 447 nondum
3391 380 3552 449 homo
3602 366 3754 465 erat“,

549 495 694 547 videt
719 490 839 560 quia
864 489 1004 542 nullo
1034 489 1191 541 modo
1216 488 1354 542 scire
1376 487 1454 539 vel
1480 493 1667 553 putare
1691 485 1861 553 potuit
1881 482 2102 551 angelus

550 580 721 635 malus
752 594 807 631 se
831 576 1093 629 facturum
1126 574 1266 643 quod
1302 573 1443 628 male
1463 572 1608 627 fecit.

1106 684 1333 740 CAPUT
1371 682 1532 738 XX’ll.

552 796 701 863 Quod
723 796 863 849 scivit
885 812 937 847 se
958 810 1060 846 non
1085 796 1264 845 debere
1288 790 1409 863 velle
1429 789 1523 863 hoc
1543 789 1679 859 quod
1696 788 1909 842 valendo
1932 804 2105 855 pecca-

860 867 926 917 vit
944 882 961 927 ;
991 874 1037 915 et
1068 863 1245 915 debere
1264 861 1439 928 puniri
1468 860 1514 911 si
1542 868 1792 926 peccaret.

619 978 727 1032 Sed
750 987 806 1030 et
830 978 929 1029 hoc
950 975 1065 1025 volo
1094 980 1152 1025 ut
1194 971 1396 1041 pari‘er
1422 969 1707 1033 ostendas,
1747 968 1790 1021 si
1843 967 2003 1022 scivit
2046 982 2105 1021 se

549 1078 656 1120 non
687 1067 877 1118 debere
902 1061 1034 1115 velle
1062 1060 1203 1129 quod
1226 1058 1619 1128 pmvaricaudo
1652 1056 1836 1110 voluit.
1870 1055 2011 1112 Mss.
2047 1056 2102 1109 In

550 1156 651 1208 hoc
671 1154 910 1207 dubitare
947 1166 1051 1205 non
1074 1150 1259 1211 debes,
1313 1148 1357 1201 si
1401 1161 1559 1217 supra
1589 1145 1730 1200 dicta
1773 1144 2101 1199 consideras.

550 1240 606 1293 Si
634 1229 773 1291 enim
803 1238 1060 1291 nescisset
1081 1249 1138 1287 se
1165 1247 1267 1286 non
1297 1232 1492 1285 debere
1536 1230 1673 1283 velle
1719 1229 1859 1297 quod
1910 1229 2105 1297 injuste

549 1329 744 1391 voluit,
774 1330 1069 1397 ignorasset
1096 1339 1155 1377 se
1174 1323 1366 1376 debere
1388 1320 1715 1373 voluntatem
1738 1326 1918 1372 tenere
1943 1332 2103 1385 quam

547 1421 799 1479 deseruit.
829 1421 1164 1488 Quapropter
1182 1430 1278 1479 nec
1304 1415 1479 1485 justus
1505 1421 1649 1468 esset
1697 1412 1953 1473 tenendo,
2007 1425 2104 1465 nec

551 1513 775 1581 injustas
799 1510 1095 1564 deserendo
1116 1505 1410 1572 justitiam,
1448 1518 1606 1571 quam
1642 1501 1922 1555 neseiissct
1950 1514 1966 1553 :
1999 1500 2105 1553 imo

465 1584 469 1587 ⁸
546 1619 646 1659 nec
674 1613 883 1673 poterat
912 1618 1014 1653 nun
1045 1589 1179 1652 velle
1207 1596 1499 1666 plusquam
1528 1593 1790 1653 habebat,
1820 1591 1863 1644 si
1897 1590 2101 1644 nescie-

547 1695 640 1747 bat
682 1692 955 1747 scdebere
1004 1702 1131 1741 esse
1175 1686 1478 1741 contentum
1528 1696 1594 1735 eo
1622 1680 1761 1749 quod
1803 1686 2100 1747 acceperat.

545 1779 817 1847 Denique,
848 1776 1086 1845 quia'm
1119 1776 1190 1828 ita
1222 1770 1494 1826 rationalis
1521 1779 1637 1823 erat
1666 1766 1884 1821 utnulla
1910 1779 2102 1835 repro-
2135 1749 2175 1810 Β

547 1869 825 1925 biberetnr
846 1867 922 1920 uti
958 1867 1189 1927 ratione,
1246 1874 1349 1916 non
1380 1860 1661 1929 ignorabat
1713 1857 1838 1926 quid
1884 1856 2103 1912 deberet

548 1956 630 2011 vel
653 1972 754 2009 non
784 1952 1164 2009 deberetvclle.
1192 1952 1331 2003 Diae;
1356 1949 1794 2001 Rationemtuam
1814 1958 1915 1998 non
1948 1944 2102 1999 video

546 2044 1000 2116 posseiulirmari;
1031 2042 1121 2095 sed
1141 2049 1317 2092 tamen
1336 2037 1457 2091 inde
1480 2036 1608 2090 mihi
1634 2035 1842 2088 videtur
1862 2033 2101 2101 quaedam

546 2133 677 2203 oriri
706 2132 944 2201 quaestio.
974 2131 1029 2184 Si
1053 2130 1192 2183 enim
1216 2128 1419 2182 sciebat
1437 2141 1494 2181 se
1516 2139 1619 2178 non
1634 2124 1831 2178 debere
1853 2123 2105 2179 deserere

549 2222 691 2293 quod
720 2220 1222 2290 acceperat,utiqne
1256 2214 1815 2289 sciebatnihilominus
1838 2221 1893 2268 si
1914 2214 2105 2268 debere

549 2302 757 2380 puniri,
796 2312 839 2364 si
870 2302 1155 2364 desereret.
1185 2303 1459 2371 Quomodo
1483 2305 1642 2374 igitur
1686 2312 1875 2371 sponte
1934 2303 2107 2371 potuit

548 2397 684 2473 velle
708 2399 845 2452 unde
868 2400 1028 2451 miser
1049 2403 1219 2457 esset,
1261 2394 1353 2463 qui
1378 2402 1658 2462 acceperat
1686 2390 2108 2459 inscpambilitet‘

552 2489 688 2545 velle
715 2498 773 2547 ut
802 2490 985 2543 beatus
1007 2496 1149 2543 esset
1176 2486 1290 2539 “3’.

1042 2638 1051 2641 -
1106 2615 1329 2673 CAPUT
1368 2614 1549 2670 XXIII.

552 2718 702 2783 Quod
749 2733 849 2771 non
886 2717 1058 2770 debuit
1094 2716 1225 2768 scire
1265 2715 1387 2781 quia
1424 2715 1468 2793 si
1509 2720 1769 2781 peccaret,
1815 2712 2101 2783 puniretur.

622 2827 763 2879 Mm.
794 2826 947 2880 Sicut
966 2833 1168 2878 certum
1193 2831 1275 2877 est
1313 2821 1666 2890 quia‘debere
1712 2835 1772 2875 se
1812 2820 2021 2891 puniri,
2059 2820 2103 2874 si

494 2888 497 2891 Ἴ
550 2923 830 2982 peccaret,
866 2914 1112 2980 ignorare
1149 2923 1251 2963 non
1289 2888 1495 2975 potuit;
1523 2908 1596 2961 ita
1623 2908 1747 2975 quia
1786 2888 2104 2975 puniretur,

551 3004 596 3055 si
626 3010 904 3070 peccaret,
950 3002 1089 3056 scire
1134 3014 1238 3052 non
1267 2998 1465 3052 debuit.
1498 2997 1642 3051 DISC.
1694 2997 1967 3063 Quomodo
2001 2997 2103 3052 hoc

557 3093 821 3163 ignoravit
847 3132 861 3155 ,
893 3092 935 3144 si
969 3092 1040 3144 ita
1079 3088 1352 3144 rationalis
1374 3096 1517 3149 erat,
1550 3096 1607 3142 ut
1643 3084 1759 3155 ejus
1779 3087 2103 3145 rationaliter.
2131 3080 2174 3140 C

554 3199 659 3236 non
683 3181 1050 3248 ,impcdirctur
1078 3179 1353 3231 veritatem
1403 3190 1752 3245 cognoscere,
1786 3174 1928 3229 sicut
1962 3190 2103 3245 saepe

554 3280 737 3325 nostra
772 3268 1079 3336 impeditur,
1108 3266 1210 3335 7a
1243 3273 1500 3334 gravante
1519 3263 1611 3295 ³⁸³³
1630 3262 1959 3333 corruptibili
1986 3279 2106 3319 cor-

551 3361 725 3428 pore?
757 3358 891 3411 MAG.
931 3358 1060 3421 Quia
1091 3354 1365 3407 rationalis
1403 3360 1553 3417 erat,
1597 3350 1768 3421 potuit
1803 3350 2107 3421 intelligere

557 3450 679 3518 quia
704 3448 870 3515 juste,
926 3448 970 3499 si
1016 3452 1286 3513 peccaret,
1337 3442 1629 3511 puniretur.
1664 3439 1809 3502 Sed,
1858 3443 2107 3508 quoniam

548 3530 748 3605 judicia
786 3536 875 3589 Dei
923 3539 1148 3604 abyssus
1190 3532 1353 3586 multa
1411 3531 1504 3563 ἠδ
1544 3528 1713 3596 (Paul.
1745 3544 1903 3595 xxxv,
1935 3532 2011 3598 Ἰ),
2055 3538 2107 3583 et

554 3622 949 3691 investigabiles
976 3623 1072 3674 vim
1099 3622 1213 3689 ejus
1244 3620 1413 3689 (Rom.
1438 3635 1515 3683 XI,
1544 3618 1634 3689 55)
1653 3658 1667 3681 ,
1696 3620 2107 3691 nequivitcomo

554 3714 883 3782 prehendere
903 3726 968 3763 an
996 3712 1133 3764 Deus
1160 3708 1357 3763 faceret
1381 3708 1522 3776 quod
1546 3707 1689 3773 justo
1708 3706 1884 3763 facere
1906 3715 2103 3775 posset.

556 3801 661 3852 Sed
696 3808 749 3851 ct
778 3799 821 3851 si
848 3800 966 3865 quis
995 3798 1137 3850 dicat
1173 3796 1294 3864 quia
1338 3795 1640 3849 nullatenus
1674 3792 1893 3847 credere
1937 3786 2093 3861 potui

554 3887 720 3940 Deum
751 3895 1051 3939 creaturam
1083 3900 1231 3938 suam
1262 3893 1475 3951 prepter
1504 3881 1617 3948 ejus
1642 3881 1849 3950 culpam
1881 3879 2109 3935 damna-

557 3985 735 4029 turum
765 4017 778 4037 ,
809 3992 966 4043 quam
1000 3985 1141 4028 tanta
1165 3975 1509 4028 suahouitate
1526 3974 1759 4026 fecerat:
1789 3969 2104 4039 pra-sonitu,

530 4081 673 4131 ,cutn
704 4065 902 4117 nullum
937 4064 1231 4133 exemplum
1273 4063 1496 4129 justitiu:
1546 4059 1851 4115 ulciscentis
1898 4059 2107 4127 injusti—

558 4157 685 4208 tiam
717 4156 1107 4222 prteccssissct,
1144 4165 1197 4208 et
1224 4165 1398 4207 certus
1425 4163 1565 4206 esset
1589 4156 1863 4210 numerum
1882 4189 1899 4216 ,
1925 4152 1974 4203 in
2005 4166 2108 4218 quo

558 4247 629 4298 illi
667 4246 787 4298 facti
820 4255 971 4298 erant
1004 4246 1129 4310 "3",
1187 4245 1273 4312 qui
1328 4245 1432 4296 Deo
1470 4243 1570 4296 Irui
1616 4242 1908 4299 deberent,
1963 4248 2107 4293 tanta

554 4334 816 4402 sapientia
845 4349 962 4387 esse
990 4335 1342 4399 praestitutum
1372 4351 1383 4383 :
1415 4341 1501 4394 ut,
1551 4331 1686 4383 sicut
1723 4328 1853 4382 nihil
1879 4328 2111 4381 habebat

556 4422 916 4490 superﬂuum,
972 4423 1041 4474 ita
1081 4423 1125 4473 si
1160 4423 1487 4473 minueretur
1538 4418 1878 4483 imperfectus
1930 4426 2106 4477 esset;

553 4529 652 4566 nec
685 4524 787 4564 tam
817 4512 1125 4580 pneclarnm
1169 4526 1299 4577 Opus
1337 4511 1423 4563 Dei
1470 4523 1530 4561 ex
1579 4506 1750 4573 aliqua
1788 4514 1942 4572 parte
1985 4520 2106 4573 per—

556 4617 867 4653 mansurum
918 4599 1329 4667 itupcrl‘cctutn;
1397 4612 1493 4649 nec
1566 4596 1667 4646 ulla
1725 4595 1925 4645 rat’oue
1973 4593 2107 4645 scire

556 4690 798 4757 possetsi
829 4692 985 4741 homo
1026 4689 1131 4753 jam
1188 4686 1357 4740 factus
1406 4694 1564 4747 erat,
1613 4684 1773 4735 Deum
1826 4683 2106 4732 humanam

558 4792 802 4832 naturam
834 4795 925 4846 pro
953 4779 1190 4845 angelica
1214 4820 1227 4840 ,
1280 4788 1368 4828 aut
1393 4775 1683 4844 angelicam
1714 4788 1808 4841 pro
1840 4774 2067 4826 humana
2089 4808 2103 4831 ,

557 4870 599 4921 si
626 4869 857 4930 raderet,
887 4869 1290 4921 sulistituturum
1322 4884 1333 4916 :
1360 4866 1447 4919 sed
1482 4866 1657 4933 potius
1682 4876 2107 4928 unamquamque

559 4950 615 5011 iu
644 4960 721 5021 id,
756 4958 818 5009 ad
852 4960 988 5024 quod
1015 4959 1147 5011 facta
1175 4966 1288 5009 erat
1310 4995 1324 5021 ,
1352 4971 1444 5024 pro
1467 4970 1523 5009 se
1543 4995 1555 5018 ,
1588 4970 1688 5005 non
1712 4968 1809 5020 pro
1832 4952 1931 5003 alia
1957 4950 2112 5002 resti—

2205 481 2369 533 multo
2399 481 2574 533 minus
2596 490 2784 547 putare
2813 489 2989 547 posset
3013 481 3079 533 ad
3108 468 3505 538 subtitutionem
3535 486 3757 544 alterius

2203 580 2408 624 natura:
2437 570 2582 622 illum
2612 584 2730 622 esse
2765 568 3089 623 faciendum.
3126 569 3215 633 Si,
3265 570 3515 645 inquam,
3564 573 3759 644 aliquis

2204 661 2303 715 boe
2331 661 2514 721 dicat,
2558 673 2676 727 qua:
2730 658 3156 713 inconvenientia
3205 658 3386 713 inest?
3432 658 3578 716 Disc.
3626 660 3758 719 Mihi

2202 750 2418 817 quidem
2449 750 2658 804 videtur
2697 751 2866 818 magis
2900 748 3267 804 convenientia
3313 765 3475 820 quam
3509 746 3762 823 inconve-

2203 840 2424 894 nientia.
2454 838 2593 892 Mm.
2628 837 2925 892 Redeamus
2961 839 3053 869 ¹¹³⁷
3082 840 3148 892 ad
3176 839 3279 893 hoc
3305 840 3447 908 quod
3480 836 3757 908 dixeram,

2203 927 2350 981 illum
2376 928 2609 990 scilicet,
2651 928 2789 983 hanc
2813 942 2916 981 non
2947 928 3194 983 debuisse
3229 928 3426 984 habere
3455 929 3757 992 scientiam.

2204 1017 2259 1071 Si
2289 1019 2431 1071 enim
2471 1017 2718 1073 scivisset
2746 1056 2761 1079 ,
2823 1033 2929 1072 non
2983 1029 3163 1087 posset
3212 1017 3399 1077 volens
3449 1027 3505 1075 et
3558 1019 3763 1077 habnt!

2204 1106 2586 1160 beatitudinem
2618 1115 2808 1175 sponte
2836 1105 2970 1159 velle
3000 1104 3138 1159 unde
3177 1104 3339 1160 miser
3362 1113 3508 1161 esset
3539 1123 3554 1160 :
3594 1120 3759 1175 quare

2204 1210 2308 1248 nou
2339 1189 2701 1261 essctjtistus,
2736 1210 2837 1248 non
2876 1192 3098 1248 valendo
3149 1194 3291 1262 quod
3342 1210 3448 1249 non
3474 1177 3759 1264 'deberet,

2204 1282 2452 1351 quoniam
2490 1277 2590 1335 neu
2616 1292 2793 1351 posset
2820 1282 2975 1337 veile.
3036 1283 3138 1337 Sed
3168 1292 3221 1337 et
3251 1284 3352 1339 hac
3388 1284 3600 1340 ratione
3634 1301 3757 1342 con-

2204 1373 2378 1425 sidera
2410 1381 2585 1424 utrum
2630 1372 2803 1433 scire,
2849 1374 2989 1441 quod
3020 1373 3217 1441 quaeris
3243 1412 3258 1437 ,
3316 1372 3593 1429 debuerit:
3634 1389 3759 1432 nam

2204 1461 2248 1513 si
2297 1461 2539 1523 sciisset,
2594 1471 2687 1515 aut
2729 1471 3032 1530 peccasset,
3090 1470 3182 1533 aut
3210 1462 3363 1515 non?
3404 1463 3545 1518 Disc.
3586 1463 3759 1520 Unum

2206 1546 2396 1603 horum
2422 1560 2581 1604 esset.
2615 1549 2753 1619 huc.
2810 1551 2865 1603 Si
2912 1551 3137 1619 praevisa
3179 1561 3324 1606 tanta
3372 1568 3528 1622 pmna
3556 1592 3571 1618 ,
3611 1550 3762 1609 utilia

2204 1640 2497 1709 indigentia
2526 1647 2582 1693 et
2608 1639 2748 1693 nulla
2777 1655 2835 1695 re
2855 1650 3078 1710 cogente
3105 1653 3382 1711 peccasset
3407 1659 3421 1707 ;
3465 1652 3614 1698 tanto
3649 1656 3761 1698 ma-

2204 1734 2285 1801 gis
2307 1732 2603 1802 puniendus
2633 1722 2803 1786 esset.
2832 1732 2977 1785 DISC.
3019 1732 3095 1786 Ita
3133 1744 3237 1786 est.
3278 1732 3415 1786 Mss.
3476 1732 3592 1788 Non
3633 1748 3763 1803 ergo

2204 1820 2316 1875 haec
2338 1818 2669 1888 przescjentia
2692 1818 2767 1871 illi
2790 1820 3129 1888 expediebat.
3151 1820 3293 1873 Disc.
3321 1818 3456 1873 Vere
3476 1828 3766 1889 peccaturo

2205 1924 2311 1963 non
2345 1909 2657 1977 expediebat
2679 1909 2926 1978 praescire
2950 1923 3181 1977 poenam.
3216 1910 3353 1965 MAG.
3381 1909 3545 1980 ,Quod
3579 1909 3624 1963 si
3656 1924 3760 1963 non

2201 1996 2512 2068 peccasset,
2547 2006 2642 2051 aut
2659 1997 2771 2051 sola
2803 1998 2938 2050 bona
2982 1998 3255 2053 voluntate
3304 2014 3411 2053 non
3455 2008 3761 2068 peccasset,

2202 2096 2295 2142 aut
2320 2088 2510 2144 timore
2538 2101 2725 2156 pene.
2758 2086 2899 2141 Diae.
2926 2085 3070 2141 Nihil
3089 2082 3234 2141 aliud
3254 2088 3358 2142 diei
3384 2095 3585 2157 potest.
3616 2084 3761 2142 Μισ.

2204 2175 2309 2232 Sed
2352 2176 2603 2247 quoniam
2652 2192 2756 2231 non
2813 2177 3047 2231 cavisset
3096 2186 3375 2247 peccatum
3415 2177 3530 2233 solo
3580 2189 3765 2231 amore

2170 2346 2171 2349 η
2198 2266 2446 2341 iustitiae,
2474 2268 2589 2338 ipso
2618 2281 2778 2337 opere
2807 2268 3148 2349 monstravit.
3183 2267 3324 2322 DISC.
3376 2267 3491 2323 Non
3548 2276 3635 2323 est
3672 2268 3765 2321 du-

2204 2360 2371 2414 bium.
2418 2359 2559 2414 the.
2608 2360 2665 2413 Si
2714 2373 2843 2414 vero
2897 2346 3097 2414 timore
3133 2360 3401 2424 cavisset,
3460 2372 3564 2413 non
3617 2364 3763 2413 esset

2202 2449 2398 2519 justus.

2585 2516 2813 2615 eaeor
2850 2545 3019 2613 xxiv
3044 2557 3138 2630 [σι.
3166 2555 3375 2629 xxm].

2277 2667 2427 2737 Quod
2458 2670 2613 2725 etiam
2638 2670 2802 2723 bonus
2830 2669 3042 2738 angelus
3076 2670 3172 2722 hoc
3210 2669 3340 2721 scire
3366 2682 3465 2720 non
3493 2665 3688 2721 debuit.

2275 2786 2418 2857 Disc.
2475 2784 2656 2838 Palam
2702 2790 2781 2838 est
2813 2781 2910 2815 ’δ”
2961 2781 3104 2858 nullo
3144 2776 3300 2835 modo
3354 2794 3475 2834 cum
3518 2778 3766 2835 debuisse

2204 2874 2344 2930 Scire
2370 2875 2623 2927 indictum
2648 2872 2746 2925 sibi
2775 2871 2868 2903 ἰδ’
2900 2884 3107 2939 pinnam
3132 2882 3283 2923 suum
3312 2879 3615 2924 secuturam
3643 2885 3768 2939 pec-

2206 2942 2403 3017 catum:
2437 2961 2816 3031 Sedquoniam
2847 2972 2901 3014 et
2926 2976 3047 3013 eum
3073 2960 3167 2990 "‘°
3197 2960 3442 3028 angelum
3467 2959 3557 3027 qui
3587 2958 3760 3024 stetit,

2240 3066 2402 3109 tcum
2423 3053 2511 3122 qui
2545 3069 2649 3106 non
2680 3052 2821 3105 stetit
2858 3054 2908 3104 in
2948 3052 3171 3105 veritate
3193 3090 3207 3113 ,
3244 3049 3360 3118 pari
3386 3049 3605 3103 scientia
3627 3064 3766 3118 prm-

2208 3133 2347 3199 ditos
2379 3144 2432 3196 in
2453 3141 2623 3212 prima
2650 3139 2951 3194 conditione
2983 3133 3249 3192 credimus
3274 3178 3289 3201 ,
3327 3151 3430 3190 non
3470 3137 3624 3189 video
3666 3151 3765 3191 cur

2200 3233 2280 3299 illi
2317 3242 2502 3303 negata
2526 3232 2598 3285 sit
2622 3230 2843 3284 scicntia
2876 3230 3005 3294 ista,
3046 3228 3130 3281 cui
3173 3238 3278 3281 tam
3306 3236 3460 3281 tenax
3493 3225 3595 3281 erit
3624 3226 3765 3281 bona

2206 3320 2451 3377 voluntas
2478 3332 2536 3374 ut
2560 3318 2826 3374 suiliceret
2868 3319 2932 3372 ad
2965 3317 3257 3372 cavendum
3294 3327 3591 3384 peccatum.
3620 3314 3762 3368 Mite.

2206 3413 2321 3467 Non
2353 3398 2526 3467 tamen
2557 3422 2737 3482 posset
2757 3450 2772 3474 ,
2804 3424 2906 3465 nec
2927 3410 3147 3463 deberet
3165 3418 3507 3463 contemnere
3525 3422 3762 3476 poenam,

2207 3517 2363 3572 quam
2387 3501 2724 3570 prmseiissct.
2756 3502 2896 3554 Dtsc.
2927 3499 3015 3553 Sic
3044 3499 3271 3553 videtur.
3300 3489 3435 3553 hinc.
3463 3498 3611 3551 Sicut
3633 3512 3765 3567 ergo

2205 3589 2352 3645 solus
2378 3588 2761 3657 amorjustitia:
2780 3603 2795 3651 ;
2817 3587 2887 3640 ita
2903 3587 3072 3651 solum
3093 3586 3273 3640 odium
3301 3599 3472 3653 ptume
3495 3583 3766 3641 sulliceret

2207 3673 2272 3729 ad
2295 3690 2397 3729 non
2430 3675 2772 3743 peccandum.
2809 3676 2950 3728 DISC.
2981 3672 3121 3727 Nihil
3164 3672 3390 3741 planius.
3430 3672 3567 3728 MAG.
3620 3673 3765 3727 Duas

2208 3763 2365 3833 igitur
2398 3762 2666 3815 habuisset
2690 3774 2877 3817 causas
2908 3774 3010 3814 non
3056 3758 3308 3829 peccandi
3340 3778 3353 3812 :
3394 3774 3552 3813 unam
3598 3762 3765 3815 liene-

2205 3861 2344 3906 stam
2361 3860 2418 3903 et
2434 3850 2636 3913 utilem;
2660 3849 2879 3903 alterum
2894 3865 2998 3904 non
3013 3850 3287 3903 honestam
3318 3846 3407 3879 "“
3430 3857 3483 3902 et
3496 3848 3761 3912 inutilem,

2208 3941 2258 3995 id
2285 3949 2371 3996 est
2398 3952 2629 3993 antorem
2667 3937 2888 4004 Iustitia:
2920 3949 2972 3994 et
2999 3938 3179 3991 odium
3227 3921 3436 4007 praue
3474 3936 3603 3991 Nam
3654 3952 3759 3990 non

2208 4038 2286 4082 est
2314 4030 2593 4085 honestum
2620 4027 2711 4061 ¹¹⁵²
2749 4028 2861 4083 solo
2884 4028 3010 4081 odio
3039 4042 3209 4095 pmuae
3256 4042 3359 4081 nou
3401 4041 3665 4096 peccare;
3705 4036 3768 4081 et

2211 4116 2275 4170 ad
2309 4132 2409 4170 non
2446 4115 3007 4186 peccandumJnItile
3047 4125 3129 4170 est
3182 4116 3361 4168 odium
3410 4130 3609 4183 parum,
3667 4115 3763 4169 ubi

2209 4209 2355 4264 solus
2381 4221 2527 4262 amor
2542 4207 2762 4275 justitize
2791 4205 3003 4267 sullicit.
3048 4207 3187 4259 Dtsc.
3222 4204 3334 4258 Non
3359 4214 3441 4259 est
3471 4204 3608 4273 quod
3638 4220 3764 4273 pos-

2210 4301 2309 4355 sim
2336 4297 2582 4363 objioere.
2616 4295 2751 4351 Nae.
2788 4295 2921 4360 Quid
2945 4295 3108 4363 ergo?
3136 4292 3318 4348 Nonne
3344 4293 3514 4347 multo
3545 4293 3765 4348 nitidius

2144 4388 2189 4441 Ι)
2214 4393 2385 4463 placet
2407 4391 2523 4460 ejus
2543 4387 2963 4460 perseverantia,
2993 4401 3113 4440 cum
3138 4386 3225 4439 illa
3253 4384 3364 4439 sola
3384 4378 3761 4452 perseverandi

2213 4493 2371 4534 causa
2393 4480 2598 4531 videtur
2628 4476 2678 4528 in
2704 4473 2966 4541 illo,.quac
2992 4474 3138 4527 utilis
3177 4480 3261 4526 est
3304 4480 3359 4525 et
3385 4472 3606 4524 honesta
3634 4469 3762 4538 quia

2212 4582 2533 4639 spontanea,
2564 4582 2719 4639 quam
2751 4565 2795 4620 si
2830 4563 2984 4618 simul
3005 4577 3123 4618 sese
3149 4562 3235 4615 illa
3260 4561 3566 4614 ostenderet
3588 4599 3603 4622 ,
3641 4573 3766 4627 qua:

2212 4662 2413 4716 inutilis
2459 4668 2510 4714 et
2554 4658 2865 4717 inhonesta,
2914 4656 3036 4723 quia
3066 4651 3364 4707 necessaria
3408 4647 3762 4717 intelligitur?

2213 4753 2303 4784 “"3
2327 4753 2465 4806 Dtsc.
2498 4746 2583 4803 Sic
2611 4725 2754 4814 patet
2784 4743 2924 4810 quod
2950 4742 3115 4805 dicis,
3147 4751 3203 4793 ut
3242 4738 3379 4808 quod
3433 4736 3587 4805 paulo
3637 4744 3763 4790 ante

2218 4843 2453 4897 volebam
2472 4852 2591 4893 eum
2618 4834 2853 4895 scivisse,
2874 4846 3011 4884 nunc
3029 4832 3283 4900 gaudeam
3308 4843 3427 4880 cum
3452 4822 3759 4887 nescivisse;

2218 4937 2337 5004 quia
2365 4945 2501 4985 nunc
2521 4924 2757 4982 eamdem
2782 4936 2903 4975 eum
2920 4934 3116 4989 negare
3139 4934 3239 4973 non
3264 4930 3543 4985 possumus
3562 4913 3762 4968 habere

1814 5060 2040 5115 VARIAE
2118 5045 2504 5111 LECTIONES.

631 5169 719 5197 "3‘
761 5167 995 5233 Denique
1050 5164 1169 5230 quia
1216 5161 1610 5233 mss._Dc_niqtte
1652 5157 1915 5233 quoniam

561 5256 625 5306 gn
651 5248 757 5287 ~ule
789 5252 912 5306 mss.
963 5243 1218 5299 gravante

564 5288 690 5358 Tum.
721 5316 864 5357 esset
898 5288 1255 5353 in'nuiuerum
1289 5300 1339 5351 in
1374 5313 1478 5364 quo
1507 5297 1579 5349 illi
1614 5294 1737 5347 iacti
1770 5300 1922 5344 erant
1972 5288 2085 5364 _““

562 5389 668 5425 t'lt‘.
706 5390 824 5423 mss.
861 5372 1028 5424 inest?
1063 5371 1118 5421 υ.
1157 5370 1280 5421 mihi
1332 5363 1547 5433 quidem
1598 5363 1965 5433 videturAtuag

562 5444 743 5496 Ρ;ι1;ιιιι
774 5451 874 5501 est,
901 5452 1004 5492 etc.
1043 5440 1090 5490 in
1122 5455 1242 5489 mss.
1274 5426 1363 5487 mu;
1385 5434 1561 5497 incipit
1614 5438 1765 5495 caput
1804 5426 1869 5479 94

565 5531 686 5562 "MS.
722 5512 973 5577 quoniam
1002 5520 1053 5560 et
1095 5524 1217 5577 erant
1290 5506 1377 5535 ²¹’⁶¹
1425 5504 1757 5577 Inhonestum
1802 5512 1924 5574 mss.

2026 5151 2116 5181 ¹’³’
2166 5144 2315 5201 Unde
2361 5142 2545 5193 beatus
2608 5140 2745 5201 esset
2788 5145 2910 5181 mss.
2950 5137 3008 5181 ut
3046 5128 3233 5201 beatus
3284 5131 3424 5201 esset

1321 5209 1539 5282 ’l’ir‘iiei'
1559 5209 1719 5279 mult'a
1753 5240 1875 5275 mss.
1913 5220 2000 5274 Dei
2032 5220 2253 5282 abyssus
2283 5209 2445 5262 multa
2561 5209 2654 5231 “"'

2101 5274 2425 5338 llestitntum
2453 5289 2572 5325 mss.
2590 5274 2958 5338 restituturum

1972 5357 2015 5407 is
2062 5325 2456 5405 ciii'Céiii'éiii‘aki,
2497 5355 2653 5408 quam
2696 5333 3157 5408 inconvenientia.‘
3184 5325 3594 5408 IlLAlte‘deamus

1944 5394 2035 5455 ῗῖἶδ
2480 5394 2571 5460 nis.
2600 5406 2783 5458 Cisler.
2812 5404 3029 5475 inditam
3062 5400 3159 5475 sibi
3208 5395 3323 5475 f‘”
3349 5394 3606 5475 Quoniam

1960 5464 2409 5543 cm§1"'iio'c".”i.6n
2442 5482 2715 5533 honestam
2791 5473 2882 5504 ἰδ’
2910 5470 3023 5525 Non
3055 5470 3183 5524 satis
3208 5464 3489 5519 honesturn
3524 5470 3606 5515 εει
3634 5471 3761 5507 πω.
3846 5484 3860 5496 -

3532 5116 3623 5150 ’⁸³³
3656 5113 3760 5167 lieL

2561 5199 2654 5231 ’⁸⁵⁵
2680 5199 2832 5253 Esset
2864 5210 3135 5253 numerus,
3180 5193 3231 5245 in
3261 5207 3366 5257 quo
3416 5187 3575 5242 futuri
3604 5192 3764 5236 erant

3032 5264 3123 5292 “3’
3154 5261 3323 5314 lucst?
3344 5258 3434 5312 sed
3459 5256 3759 5310 redeamus.

3043 5333 3077 5349 ,υ
3186 5328 3225 5349 ιι
3301 5325 3590 5349 u-.l..-.....-
3668 5318 3763 5349 IIII

1288 5581 1430 5645 patet
1463 5572 1512 5622 in
1541 5585 1662 5619 mss.
1695 5565 2025 5617 continuatur
2054 5566 2201 5627 caput
2228 5556 2295 5607 ίὶό

3586 6140 4121 6184 1‘5“
