4226 6224
427 288 529 344 357

1583 277 1845 334 DIAI.OG.
1884 278 1968 330 DE
1993 277 2169 331 CASU
2207 278 2488 332 DIABOLL

3544 279 3648 337 358

429 394 735 457 scientiam,
769 396 936 461 jquam
1003 394 1112 462 ipso
1166 392 1339 463 angeli
1404 392 1675 460 peccantis
1730 389 1973 456 exetnplo
2001 396 2046 451 Λ
2078 392 2295 442 daturus
2328 398 2445 441 erat
2486 390 2621 441 Dens
2648 388 2892 442 eamdem
2934 389 3209 443 scientiam
3242 391 3434 443 merito
3456 404 3638 458 perse—

427 488 670 555 ignorare
693 502 794 539 non
823 492 1010 551 potest.
1035 482 1168 535 MAG.
1196 482 1343 546 Quod
1366 495 1501 532 nunc
1527 489 1748 546 uterque
1772 478 1977 530 scilicet

427 575 595 628 bonus
615 574 830 641 angelus
859 583 911 625 et
935 571 1138 630 malus,
1180 579 1357 623 certus
1385 576 1469 620 est
1505 568 1625 633 quia
1678 566 1832 635 talem
1866 566 1981 619 cul-

428 678 546 729 pam
578 660 700 713 talis
724 662 961 726 sequitur
990 674 1141 725 postia
1165 674 1177 720 ;
1210 658 1347 709 sicut
1373 656 1593 709 scientia
1620 664 1700 708 est
1722 655 1980 707 ambobus

428 749 667 809 diversa,
716 750 784 799 ita
822 757 901 800 est
931 748 1163 801 scientia:
1185 760 1345 799 causa
1377 760 1480 797 non
1510 744 1727 808 eadem,
1778 753 1829 795 et
1862 743 1981 795 linis

428 834 719 889 dissimilis.
745 834 873 887 Nam
897 835 1036 901 quod
1070 834 1156 885 ille
1193 834 1294 886 scit
1323 834 1437 900 ipso
1467 833 1546 885 sui
1582 832 1979 899 experimento,

426 922 525 976 huc
566 923 662 975 istc
707 902 891 975 didicit
919 921 1030 974 solo
1062 921 1281 975 alterius
1333 922 1573 990 exemplo
1607 936 1621 973 :
1658 922 1749 973 sed
1781 920 1867 972 ille
1893 918 1981 972 illo

427 1011 585 1064 modo
606 1011 728 1073 ωδ.
768 1009 889 1078 quia
918 1025 1019 1064 non
1051 1013 1444 1076 perseveravit;
1496 1011 1596 1062 iste
1648 1008 1753 1060 alio
1784 1008 1938 1060 modo
1966 1046 1981 1071 ,

428 1100 546 1167 quia
596 1100 997 1166 perseveravit..
1061 1099 1435 1167 Quam-apter,
1506 1101 1645 1153 sicut
1712 1099 1781 1152 illi
1849 1114 1981 1167 quo-

428 1190 570 1242 niam
601 1189 1018 1257 vituperabiliter
1055 1206 1157 1242 non
1195 1191 1575 1256 perseveravit,
1618 1189 1838 1242 scientia
1886 1205 1982 1243 sua

428 1275 598 1328 estad
626 1277 996 1329 contumeliam
1029 1276 1119 1306 "‘5
1144 1294 1158 1339 ;
1193 1278 1258 1328 ita
1287 1278 1370 1330 isti
1394 1276 1641 1344 quoniam
1667 1276 1759 1307 "“
1803 1292 1983 1338 perse-

425 1366 663 1429 veravit,
714 1364 935 1417 scientia
985 1380 1077 1417 sua
1131 1375 1213 1417 est
1260 1366 1349 1396 ²¹⁸⁷
1398 1366 1460 1417 ad
1498 1365 1737 1431 gloriam.
1771 1363 1825 1416 Si
1854 1378 1982 1433 ergo

428 1450 514 1503 isti
547 1449 637 1481 ’Μ
666 1450 860 1503 dicitur
880 1442 988 1503 hoc
1011 1450 1139 1511 solo,
1186 1449 1308 1518 Quia
1334 1453 1470 1503 hanc
1500 1438 1659 1503 liabet
1682 1449 1979 1514 scientiam,

428 1538 532 1591 iam
565 1551 784 1606 peccare
807 1551 909 1589 non
937 1552 1117 1604 posse;
1171 1539 1301 1590 satis
1326 1546 1466 1606 patet
1507 1538 1657 1605 quia,
1710 1537 1848 1589 sicut
1873 1538 1984 1604 gloo

428 1628 570 1681 riosa
607 1637 689 1680 est
719 1627 937 1680 scientia
960 1642 1076 1693 quae
1098 1642 1163 1679 ex
1194 1627 1443 1681 laudabili
1471 1626 1868 1695 perseverantia
1902 1635 1982 1680 est

2081 478 2363 537 verantizc,
2393 475 2495 527 alio
2528 475 2682 527 modo
2706 475 2819 528 sine
2841 476 3067 543 alicujus
3105 477 3345 530 cadentis
3371 478 3639 546 exemplo.

2082 565 2266 617 Nntlns
2295 565 2434 616 enim
2465 566 2605 617 dicet
2637 564 2730 594 ²¹⁸³
2759 563 2923 617 Deum
2957 580 3059 618 non
3094 566 3199 618 alio
3228 568 3384 620 modo
3409 570 3647 635 potuisse

2084 654 2285 720 angelis
2328 652 2439 704 suis
2471 655 2608 705 lianc
2663 654 2791 705 dare
2843 667 2902 706 se
2925 654 3141 706 entiam.
3201 654 3505 721 (litin-ergo
3558 655 3645 710 illc

2084 743 2363 811 peccavit,
2392 742 2636 809 exemplo
2656 740 2769 807 ejus
2794 742 2955 793 istum
2999 742 3177 795 docuit
3212 743 3355 809 quod
3391 745 3647 797 docturus

2083 842 2230 895 erat;
2283 847 2385 885 non
2411 830 2753 899 impotentia,
2803 831 2923 899 quia
2970 829 3077 884 alio
3100 832 3256 885 modo
3296 848 3400 886 mn
3430 834 3646 900 potuit;

2086 922 2176 974 sed
2210 922 2410 990 majore
2445 920 2678 989 potentia
2707 958 2723 981 .
2765 935 2866 987 qua
2924 922 2987 974 de
3031 920 3171 974 maio
3224 920 3420 974 bonum
3464 921 3646 977 facere

2085 1010 2286 1079 potuit,
2336 1019 2522 1063 utnec
2550 1008 2744 1062 malum
2776 1007 3136 1063 inordinatum
3183 1010 3232 1063 in
3276 1013 3647 1074 regnoromni-

2086 1096 2316 1163 potentis
2363 1096 2638 1165 sapientia?
2692 1104 3052 1163 permaneret.
3093 1096 3232 1149 Dtsc.
3296 1096 3478 1151 Placet
3514 1097 3647 1150 mitti

2087 1184 2238 1238 valde
2272 1185 2411 1251 quod
2444 1186 2595 1240 dicis.
2627 1184 2765 1238 MAG.
2812 1184 2966 1239 Patet
3016 1184 3195 1253 itaque
3222 1185 3269 1239 si
3292 1185 3460 1240 bonus
3488 1188 3593 1256 ang
3624 1212 3650 1227 -

2087 1274 2169 1327 lus
2195 1276 2295 1327 hoc
2319 1275 2431 1327 solo
2465 1274 2574 1341 jam
2605 1281 2826 1339 peccare
2855 1288 2956 1326 non
2989 1282 3197 1342 posset,
3240 1276 3360 1341 quia
3390 1276 3491 1328 scit
3524 1289 3647 1342 p-c-

2087 1369 2261 1414 catum
2287 1360 2407 1415 mali
2432 1360 2600 1429 angeli
2625 1375 2837 1429 poenam
2866 1368 3102 1415 secutam
3134 1370 3294 1423 esse;
3338 1374 3445 1430 quo
3472 1369 3592 1414 taan
3611 1376 3646 1415 ιι

2085 1450 2195 1504 haec
2226 1450 2534 1518 impotentia
2558 1464 2661 1505 non
2693 1450 2761 1503 illi
2788 1461 2927 1505 esset
2974 1449 3505 1504 addmminutionem
3536 1449 3650 1503 lar-

2086 1537 2165 1589 dis
2189 1536 2313 1601 “5‘;
2355 1537 2447 1591 sed
2479 1538 2545 1591 ad
2570 1538 2843 1603 pnrmium
2875 1544 3101 1589 servata:
3122 1534 3362 1602 iustitiae.
3404 1535 3509 1611 Sed
3538 1537 3648 1589 scis

2085 1624 2207 1690 quia
2238 1639 2401 1692 supra
2434 1623 2625 1677 claruit
2648 1633 2777 1677 euin'
2820 1623 3017 1677 idcirco
3055 1637 3277 1689 peccare
3309 1638 3411 1676 non
3444 1637 3599 1691 posse
3629 1663 3647 1690 ,
3673 1648 3675 1651 ί

427 1726 766 1785 comparata;
807 1717 883 1769 sic
910 1718 973 1767 ad
1003 1716 1223 1783 gloriam
1252 1724 1335 1769 est
1362 1717 1669 1783 impotentia
1703 1716 1978 1783 peccandi,
2017 1721 2059 1774 Β
2086 1712 2335 1779 quoniam
2379 1712 2571 1765 merito
2614 1711 3027 1778 perseverantia
3081 1710 3217 1763 adeo
3251 1720 3533 1782 provectus
3555 1709 3649 1742 ⁸³³⁸

428 1820 546 1874 quae
584 1820 650 1858 ex
693 1805 919 1874 gloriosa
968 1806 1188 1859 scientia
1221 1813 1305 1859 est
1330 1815 1477 1857 nata.
1526 1804 1977 1870 Quemadmodum

429 1892 745 1963 ergo.malus
771 1893 988 1962 angelus
1005 1893 1380 1961 vituperandus
1403 1901 1505 1955 est,
1534 1894 1655 1961 quia
1685 1907 1786 1945 non
1807 1900 1983 1960 potest

428 1973 495 2036 ad
513 1981 768 2049 justitiam
800 1982 1004 2046 redire;
1028 1982 1098 2035 ita
1122 1982 1220 2035 iste
1248 1981 1538 2035 laudandus
1568 1988 1676 2045 est,
1716 1981 1837 2049 quia
1877 1995 1981 2033 non

428 2078 599 2139 potest
622 2070 788 2123 abire.
820 2069 968 2124 Sicut
993 2071 1134 2124 enim
1161 2069 1246 2122 ille
1267 2069 1376 2136 jam
1403 2070 1578 2123 redire
1614 2084 1717 2122 non
1767 2078 1976 2137 potest,

427 2160 563 2228 quia
577 2158 688 2213 sola
717 2158 852 2212 mala
876 2159 1145 2213 voluntate
1171 2159 1331 2223 abiit;
1364 2160 1442 2212 sic
1468 2159 1566 2212 iste
1583 2156 1691 2224 jam
1717 2158 1862 2211 abire
1878 2172 1980 2210 non

430 2252 639 2315 potest,
672 2246 793 2314 quia
822 2246 931 2299 sola
977 2233 1113 2300 bona
1143 2246 1414 2301 voluntate
1460 2247 1768 2315 permansit.
1801 2245 1980 2298 Palam

431 2332 593 2403 igitur
620 2343 701 2386 est
732 2334 856 2401 quia
892 2334 1029 2386 sicut
1058 2333 1129 2387 illi
1158 2350 1257 2393 non
1280 2323 1436 2402 posse
1458 2347 1773 2402 recuperare
1795 2375 1812 2398 ,
1841 2333 1982 2402 quod

430 2420 695 2487 deseruit,
721 2430 802 2475 est
822 2435 975 2489 poma
1000 2422 1203 2491 peccati
1226 2461 1240 2485 ,
1269 2416 1345 2475 ita
1376 2422 1500 2475 huic
1523 2438 1626 2476 non
1654 2436 1807 2491 posse
1834 2421 1985 2476 dese-

431 2523 553 2564 rere
571 2510 707 2579 quod
737 2510 896 2564 tenuit
916 2507 932 2576 ,
955 2518 1036 2564 est
1056 2512 1329 2577 praemium
1352 2509 1595 2578 iustitia.

994 2615 1217 2685 CAPUT
1254 2617 1417 2672 xxv.

432 2724 584 2793 Quod
606 2728 691 2781 ille
714 2730 913 2789 etiamsi
936 2732 1031 2781 hoc
1052 2728 1159 2781 solo
1194 2729 1388 2781 dicitur
1413 2727 1528 2793 jam
1560 2744 1677 2798 non»
1699 2745 1842 2793 posse
1865 2746 1981 2798 pec-

408 2840 411 2841 ν
502 2814 620 2849 care
642 2837 658 2863 ,
687 2800 808 2864 quia
842 2812 976 2848 mine
1004 2800 1148 2849 habet
1173 2799 1304 2847 hanc
1331 2797 1597 2849 scientiam
1621 2796 1710 2828 ἰδ’
1749 2814 1812 2851 ex
1854 2796 1980 2851 casu

460 2889 466 2894 ’
493 2865 715 2924 diaboli,
767 2876 936 2916 tanien
958 2864 1033 2915 illi
1063 2865 1126 2916 sit
1153 2865 1219 2916 ad
1245 2864 1482 2933 gloriam.

498 2970 661 3024 Valde
684 2970 901 3041 pulchra
927 2981 1069 3026 esset
1086 2972 1248 3041 hujus
1270 2972 1507 3026 scientia:
1529 2980 1687 3039 atque
1716 2971 1981 3048 impoten-

2087 1808 2169 1851 est
2188 1839 2200 1858 ,
2234 1808 2289 1850 ιιι
2312 1800 2433 1867 jam'
2462 1814 2567 1853 non
2610 1799 2789 1853 videat
2814 1799 2940 1867 quid
2967 1798 3088 1867 plus
3116 1795 3250 1850 velle
3280 1808 3459 1865 queat.
3504 1797 3647 1853 Dtsc.

2086 1883 2223 1938 Nihil
2248 1884 2444 1939 excidit
2473 1900 2658 1939 eorum
2677 1899 2797 1953 quae
2824 1900 3007 1953 supra,
3038 1884 3248 1945 ratione
3272 1882 3647 1952 investigante,

2084 1974 2443 2044 comperimus
2465 2014 2481 2041 ,
2510 1990 2541 2030 a
2568 1975 2825 2029 memoria
2856 1988 2991 2027 mea.

2562 2104 2666 2173 73
2704 2100 2930 2158 CAPUT
2968 2099 3154 2155 χχιι.

2086 2211 2224 2276 Quid
2262 2212 2529 2266 horremus
2555 2212 2649 2245 ²¹⁸⁶
2692 2212 2875 2265 audito
2917 2211 3122 2264 nomine
3151 2210 3279 2263 mali
3300 2220 3384 2280 ιρι
3424 2210 3549 2280 quid
3569 2211 3651 2278 {a-

2156 2282 2328 2334 0.1""
2358 2297 2531 2351 opera.
2555 2296 2676 2351 quia
2690 2280 2883 2351 dicitur
2902 2280 2996 2311 ²¹⁸⁶
3023 2280 3285 2347 injustitia
3318 2277 3509 2347 facere,
3531 2277 3649 2332 cunt

2150 2352 2260 2417 ipsa
2287 2359 2333 2402 et
2375 2348 2575 2402 malum
2603 2348 2733 2402 nihil
2759 2350 2846 2401 sil.
3086 2418 3087 2421 η

2156 2459 2262 2513 Sed
2298 2474 2417 2513 cum
2446 2458 2692 2513 omnibus
2720 2457 3102 2533 quaestionibus
3132 2457 3265 2511 meis
3287 2455 3673 2525 'satislceeris,’

2084 2547 2210 2601 illud
2242 2548 2415 2600 adhuc
2439 2556 2690 2615 exspecto
2711 2545 2907 2613 aperiri
2942 2546 3066 2613 quid
3092 2544 3327 2614 sitquod
3343 2549 3433 2582 ἠ’
3463 2549 3648 2603 horre-

2083 2652 2203 2689 mus
2248 2635 2429 2687 andito
2459 2634 2674 2692 nomine
2706 2633 2860 2698 mali;
2888 2641 2942 2686 et
2976 2631 3103 2700 quid
3130 2632 3294 2687 faciat
3318 2646 3649 2705 opera,qtm

2083 2722 2393 2791 injustitia,
2426 2736 2543 2788 qua;
2581 2720 2777 2773 malum
2825 2729 2928 2783 est,
2968 2715 3183 2773 videtur
3234 2719 3433 2786 facere,
3480 2729 3557 2787 ut,
3589 2720 3646 2775 in

2067 2822 2314 2879 raptore,
2354 2811 2407 2863 in
2458 2810 2737 2863 libidinoso
2774 2823 2893 2861 cum
2944 2807 3142 2860 malum
3188 2807 3321 2862 nihil
3363 2810 3455 2863 sit.
3504 2807 3641 2865 Msa.

2082 2900 2322 2955 Breviter
2352 2900 2445 2953 tibi
2485 2898 2779 2967 respondeo
2803 2896 2916 2948 “".
2948 2895 3167 2961 Malum,
3194 2898 3334 2967 quod
3364 2908 3446 2952 eat
3486 2896 3649 2965 justi-

2084 2990 2175 3054 tia,
2204 3003 2418 3057 semper
2442 2987 2572 3041 nihil
2598 2995 2715 3049 est;
2742 2985 2935 3039 malum
2965 2999 3112 3047 vero,
3152 2986 3292 3053 quod
3319 2992 3402 3039 est
3446 2984 3652 3039 incom-
3678 3044 3679 3047 η

427 3060 518 3149 ii?
544 3067 633 3113 W3
659 3060 758 3112 55m
786 3060 1191 3149 (Olllempluuoi
1221 3060 1266 3149 Si
1292 3060 1733 3149 quemadmedum
1760 3044 1979 3130 άεεετίει
2007 3044 2049 3101 c
2084 3044 2339 3137 modius:
2357 3065 2643 3143 aliquando
2668 3044 2976 3127 sinedubio
3003 3081 3084 3125 est
3100 3044 3269 3149 nihil,
3305 3082 3361 3125 ut
3398 3073 3643 3137 caelus;

428 3148 548 3202 ideo
566 3150 714 3201 bono
745 3147 931 3216 angelo
960 3148 1143 3201 eadem
1164 3145 1396 3219 scientia
1422 3155 1478 3201 et
1500 3147 1832 3217 impotentia,
1858 3151 1983 3221 quia

425 3237 820 3307 perseveravit"
855 3234 1222 3303 contigissent.
1270 3234 1387 3288 Non
1433 3233 1576 3289 enim
1622 3220 1717 3289 eas
1761 3220 1983 3304 adeptus

428 3338 550 3377 esse
573 3323 808 3384 videtur,
859 3322 981 3389 quia
1029 3322 1141 3389 ipse
1172 3316 1689 3389 perseveravitm';
1721 3323 1814 3377 sed
1856 3328 1981 3392 quia

428 3414 673 3473 desertor
700 3426 802 3465 non
832 3412 1211 3479 perseveravit.
1242 3411 1379 3485 Msa.
1411 3410 1465 3464 Si
1495 3411 1567 3464 ita
1599 3421 1681 3466 est
1721 3422 1778 3466 ut
1819 3413 1980 3480 dicis,

425 3502 661 3571 gaudere
690 3509 864 3569 potest
886 3500 1055 3555 bonus
1088 3488 1305 3571 angelus
1332 3499 1404 3556 ἄρ’
1441 3515 1565 3573 casu
1602 3505 1857 3570 spectatae
1889 3517 1985 3556 au-

430 3588 562 3660 géli,
588 3597 767 3658 utpote
792 3590 875 3644 cui
905 3590 1218 3659 expediebat
1245 3599 1301 3643 ut
1324 3588 1410 3645 ille
1438 3590 1655 3645 caderet
1682 3607 1697 3656 ;
1729 3592 1980 3659 quoniam

429 3693 462 3732 a
484 3680 654 3747 leptus
680 3686 763 3732 est
807 3679 944 3733 hanc
976 3680 1287 3745 scientiam,
1326 3694 1431 3747 qua
1463 3694 1561 3734 nec
1588 3680 1812 3749 peccare
1835 3720 1851 3745 ,
1884 3695 1981 3735 nec

429 3766 593 3820 miser
607 3780 724 3820 esse
745 3766 971 3834 amplius
992 3766 1184 3835 possit;
1206 3782 1315 3821 non
1332 3769 1454 3836 quia
1480 3769 1589 3835 ipse
1608 3770 1981 3841 benememit,

431 3854 527 3909 sed
558 3855 680 3923 quia
707 3855 843 3910 alius
867 3856 1003 3909 male
1027 3855 1222 3910 meruit
1248 3872 1261 3908 :
1312 3870 1429 3924 qua:
1463 3856 1639 3910 omnia
1668 3866 1791 3911 sunt
1817 3857 1999 3923 nimia,

432 3944 760 3999 absurditate
779 3944 955 4013 plena.
988 3943 1133 3998 Disc.
1164 3942 1377 4010 Quanto
1414 3944 1698 4000 absurdius
1725 3945 1937 3998 videtur
1961 3986 1978 4011 ,

432 4034 571 4090 sicut
606 4044 659 4088 tu
695 4044 959 4090 monstras
982 4074 998 4099 ,
1042 4035 1203 4088 stanti
1258 4034 1447 4106 angelo
1502 4034 1775 4104 profuisse
1800 4050 1981 4089 casum

431 4118 720 4194 peccantis;
750 4134 895 4179 tanto
918 4124 1086 4193 magis
1114 4126 1477 4179 necessarium
1508 4123 1602 4157 ‘m
1626 4132 1708 4179 est
1727 4134 1786 4178 ut
1806 4135 1989 4197 osten-_

430 4215 531 4267 (las
548 4213 705 4268 istum
731 4229 832 4268 non
866 4213 984 4268 ideo
1009 4214 1257 4283 adeptum
1280 4214 1400 4269 esse
1421 4214 1724 4277 scientiam,
1773 4216 1840 4269 de
1878 4230 1981 4285 qua

430 4303 609 4372 agitur
633 4342 648 4368 ,
693 4304 817 4372 quia
855 4302 942 4357 ille
968 4303 1226 4371 peccavit.
1274 4303 1411 4359 Mss.
1452 4303 1564 4358 Non
1606 4305 1765 4359 debes
1802 4305 1982 4359 dicere

2084 3166 2371 3234 aliquando
2393 3171 2475 3216 est
2504 3154 2741 3231 aliquid,"
2757 3169 2817 3215 ut
2852 3160 3072 3215 tristitia
3115 3167 3168 3213 et
3196 3159 3367 3215 dolor.
3401 3152 3481 3227 Et,
3506 3160 3648 3214 hanc

2081 3251 2738 3317 incommoditatem,quae
2771 3260 2854 3302 est
2879 3248 3101 3315 aliquid,
3130 3259 3345 3318 semper
3381 3249 3506 3303 odio
3546 3249 3645 3301 ita-

2079 3339 2291 3392 bemus.
2322 3335 2656 3402 Cumjtaque
2696 3335 2941 3388 audimus
2982 3344 3176 3388 nomen
3208 3335 3368 3397 mali;
3402 3349 3504 3388 non
3530 3346 3667 3387 ma-'

2080 3426 2189 3480 lum
2239 3425 2381 3493 quod
2445 3423 2574 3477 nihil
2615 3431 2726 3488 est,
2772 3422 3065 3486 timemus;
3120 3421 3213 3476 sed
3260 3423 3470 3475 malum
3505 3421 3648 3491 quoi

2034 3558 2045 3564 .
2081 3512 2282 3581 aliquid
2309 3520 2412 3576 est,
2435 3511 2575 3579 quod
2598 3510 2896 3564 absentiam
2938 3510 3069 3563 boni
3098 3510 3375 3579 (sequitur.
3402 3508 3536 3566 Nam
3564 3510 3649 3563 in-

2042 3666 2049 3670 Α
2076 3601 2339 3670 justitiam
2377 3610 2431 3655 ει
2459 3600 2778 3662 οωοίιειιιιιι,
2807 3602 2927 3668 qua:
2977 3599 3178 3654 malum
3215 3608 3273 3655 et
3312 3598 3446 3653 nibil
3490 3608 3644 3661 sunt,

2081 3687 2581 3759 sequunturg’multa
2608 3688 3099 3755 incommoda,quae
3124 3682 3323 3741 malum
3351 3698 3421 3741 et‘
3450 3687 3646 3757 aliquid

2081 3784 2203 3831 sunt
2227 3793 2240 3828 ε
2263 3764 2316 3829 et
2338 3776 2451 3829 haec
2471 3783 2594 3828 sunt
2622 3790 2739 3842 quae
2758 3774 3037 3829 bet-remus
3059 3775 3241 3830 audito
3261 3774 3476 3830 nomine
3498 3771 3643 3851 mali.

2081 3867 2213 3933 Cum
2244 3875 2422 3941 autem
2446 3864 2675 3919 dicimus
2710 3865 2835 3932 quia
2889 3862 3151 3932 iniustitia
3209 3863 3345 3917 facit
3382 3865 3646 3932 rapinam,

2081 3963 2173 4009 aut
2195 3953 2409 4008 caecitas
2438 3950 2569 4007 facit
2593 3952 2860 4007 hominem
2886 3953 3078 4008 cadere
3112 3955 3162 4005 in
3187 3951 3419 4012 foveam,
3450 3966 3648 4019 nequa-
3700 3994 3703 3995 ν

2082 4054 2241 4117 quam
2281 4039 2677 4110 intelligendum
2717 4050 2800 4119 est
2845 4041 2986 4109 quod
3005 4034 3287 4111 Linjustitia
3318 4048 3410 4093 aut
3439 4038 3648 4093 caecitas

2082 4130 2281 4185 faciant
2300 4129 2495 4198 aliquid
2529 4145 2545 4194 ;
2576 4130 2668 4181 sed
2698 4130 2838 4198 quod
2861 4130 2904 4184 si
2928 4130 3136 4197 iustitia
3160 4129 3249 4160 ²¹⁶¹
3294 4138 3439 4182 esset
3466 4129 3518 4181 in
3555 4142 3647 4181 vo-

2082 4218 2305 4282 iuntate,
2361 4228 2415 4270 ct
2467 4216 2611 4272 visus
2655 4219 2707 4271 in
2750 4217 2944 4283 oculo,
2982 4233 3079 4273 nec
3102 4220 3286 4286 rapina
3315 4216 3501 4280 ﬁeret,
3543 4230 3645 4269 nec

2082 4324 2240 4369 casus
2266 4313 2317 4366 in
2346 4312 2571 4365 foveam.
2624 4306 2751 4362 Tale
2770 4316 2871 4370 est,
2924 4322 3045 4363 cum
3092 4307 3357 4360 dicimus:
3386 4304 3643 4358 Absentia

433 4390 553 4447 ideo
574 4392 767 4447 bonum
790 4391 1033 4462 angelum
1062 4394 1131 4446 ad
1174 4393 1448 4449 scientiam
1492 4394 1778 4463 profecisse
1816 4396 1979 4461 bane,
2013 4373 2064 4433 Ῑ)
2086 4399 2427 4464 gubernaculi
2458 4399 2681 4468 impellit
2709 4412 2897 4452 navem
2936 4398 2987 4449 in
3032 4395 3301 4464 scopulos,
3330 4405 3420 4447 aut
3458 4395 3646 4446 absen-

433 4482 557 4550 quia
586 4481 756 4537 malus
784 4483 1060 4551 peccavit;
1089 4483 1181 4537 sed
1211 4484 1405 4537 bonum
1434 4483 1677 4554 angelum
1710 4484 1832 4539 ideo
1853 4498 1980 4552 pro-

433 4564 625 4625 fecisse
659 4570 725 4623 ad
767 4570 907 4625 lianc
936 4570 1214 4624 scientiam
1252 4571 1491 4641 exemplo
1533 4571 1805 4639 cadentis,
1857 4573 1981 4641 quia

433 4652 524 4712 ille
549 4658 788 4727 peccarit
811 4659 926 4715 ²¹⁸².
956 4658 1012 4713 Si
1034 4660 1176 4715 enim
1206 4670 1393 4715 neuter
1430 4671 1729 4730 peccasset,
1769 4664 1979 4732 utrique

2090 4486 2159 4537 tia
2189 4485 2320 4541 freni
2349 4486 2478 4542 facit
2501 4489 3035 4558 equumciscurrere
3060 4501 3079 4539 :
3100 4486 3241 4553 quod
3267 4499 3370 4537 non
3393 4491 3474 4536 est
3502 4479 3645 4535 afiud
3728 4513 3733 4517 ~

2085 4590 2243 4643 quam
2282 4578 2324 4629 si
2355 4578 2771 4648 gubernaculum
2810 4579 3021 4631 adesset
3068 4575 3188 4627 navi
3219 4573 3309 4604 ’⁸⁸³
3344 4580 3397 4626 et
3433 4571 3643 4624 lreuum

2082 4679 2241 4734 equo,
2271 4682 2366 4721 nec
2406 4669 2549 4721 venti
2590 4683 2776 4722 navem
2829 4666 3180 4737 impellerent,
3195 4676 3292 4719 nec
3330 4677 3495 4730 equus
3530 4659 3645 4713 dis-

1792 4766 2021 4823 VARlA-I
2064 4770 2459 4827 LECTIONES.

504 4856 599 4889 "“
625 4856 716 4912 Ille
743 4856 794 4911 id
822 4869 886 4911 eo
928 4857 1084 4911 modo
1105 4872 1228 4910 mss.
1257 4856 1342 4913 ille
1369 4858 1460 4911 illo
1489 4857 1645 4912 modo

436 4993 479 5025 Il
485 4994 527 5026 δ’

1746 4858 1838 4930 “if
1862 4860 1945 4913 Ad
1989 4876 2200 4930 pcenam
2228 4880 2348 4916 mss.
2376 4864 2440 4916 ad
2463 4864 2838 4918 contumeliam

435 4924 525 5001 isti
551 4928 799 5001 quoniam
870 4922 962 5001 “_"
986 4926 1233 5001 _Scientia
1270 4935 1352 5001 est
1380 4941 1476 4981 ms.
1509 4926 1698 5001 Cister.
1748 4928 1970 5001 scientia
1990 4922 2097 5001 'sua
2126 4941 2208 4985 est
2280 4932 2372 4963 m'
2404 4932 2458 4985 Si
2491 4947 2619 5001 ergo
2650 4933 2733 4985 ille
2758 4949 2882 4987 mss.
2928 4932 3054 4985 Vict.
3085 4931 3267 4984 Cister.
3310 4922 3352 4983 si
3386 4944 3513 5001 ergo
3542 4927 3645 4981 iste

588 4940 799 4981 uontstn
870 4940 960 4957 ιη’
1000 4940 1233 4980 Setentta
1270 4940 1352 4980 est
1380 4941 1476 4981 ms.
1509 4940 1698 4981 hister.
1748 4940 1970 4997 petentia
2006 4946 2097 4985 sua
2126 4941 2208 4985 est
2280 4940 2372 4963 '“'
2404 4940 2458 4985 Si
2491 4947 2596 5001 ergt

551 4940 689 5061 Bitia
738 5009 880 5065 nunc
915 4992 1078 5065 habet
1100 4995 1381 5065 scientiam
1428 5012 1551 5048 mss.
1588 4996 1711 5065 quia
1764 5012 1905 5049 nunc
1944 5000 2106 5053 habet
2152 5003 2291 5054 lianc
2320 5002 2596 5054 scientiam

2946 4865 3039 4899 ““
3070 4863 3159 4917 Sic
3183 4861 3266 4915 isti
3297 4860 3384 4929 qui
3418 4856 3645 4929 munita

2702 5002 2794 5032 ²¹⁵⁰
2826 5002 2957 5067 Quia
2997 5002 3110 5069 ipse
3152 4997 3509 5069 perseveraVit
3544 5012 3641 5048 ms.

435 5052 618 5138 Cisler.
663 5064 806 5138 omit.
839 5064 949 5132 ipse
1010 5061 1111 5138 _'“’_‘
1141 5062 1290 5115 Sicut
1334 5072 1387 5116 tu
1428 5052 1722 5138 monui-as,
1758 5080 1937 5138 casum
1962 5052 2245 5136 peccantis
2272 5052 2461 5138 angeli
2484 5068 2750 5138 profuisse
2777 5052 3173 5124 stan‘tiﬁalanto
3200 5068 3366 5134 magis
3399 5077 3645 5138 necesse:

439 5130 574 5206 [ium
615 5146 709 5206 ius.
748 5130 949 5206 curaq._
979 5130 1118 5184 sicut
1162 5140 1514 5206 tu_monstra_s
1546 5136 1707 5187 stanti
1752 5137 1937 5206 angelo
1975 5130 2237 5205 profuisse
2285 5130 2814 5206 casum-peccantis,
2847 5148 2995 5192 tanto
3036 5138 3204 5206 magis
3234 5130 3449 5188 necesse
3509 5132 3643 5206 __’_'“

435 5196 684 5274 Qadentis
726 5200 847 5274 quia
897 5200 984 5274 ille
1022 5199 1636 5274 peccavit“33¢s_.__Cist_er.
1671 5196 1909 5274 catlen'tis
1940 5196 2061 5274 quia
2100 5207 2185 5261 ille
2213 5224 2315 5261 non
2346 5196 2586 5274 peccarit

2686 5208 2778 5239 ¹¹⁸³
2804 5199 2999 5260 Nullus
3022 5199 3161 5259 enim
3191 5206 3323 5257 dicit
3352 5220 3471 5255 mss.
3509 5199 3642 5253 Vict.

435 5262 617 5342 Hister.
652 5262 826 5321 nullus
845 5262 1167 5342 [enimjdice‘t
1256 5267 1347 5342 ξηξ
1382 5268 1723 5338 Minutionem
1755 5272 1924 5326 laudis
1958 5262 2083 5329 'mss.
2111 5262 2535 5331 immunilionem
2569 5277 2742 5331 laudis
2834 5278 2924 5309 ’³⁸⁵
2966 5277 3007 5328 Α
3056 5274 3614 5342 Deoperfectusmss.

437 5333 570 5402 adeo
611 5344 892 5402 provectus

435 5401 647 5456 videtur
690 5419 811 5456 mss.
862 5418 981 5501 l’lla‘.
1032 5404 1229 5457 dicitur

435 5471 725 5501 naM-“Inus
822 5474 863 5501 Π
896 5473 911 5501 ι
941 5473 1043 5501 amt
1076 5473 1117 5501 .ςῖ
1150 5473 1227 5501 ἰηι.

434 5471 749 5543 responde
822 5474 863 5504 "

434 5542 552 5591 sent
578 5554 701 5592 mss.
725 5540 837 5595 'lta'c
858 5542 1003 5595 omit.

990 5337 1083 5412 “'1
1122 5334 1277 5412 Quod
1328 5333 1609 5412 [terremus
1658 5358 1779 5412 mss.
1835 5341 1971 5407 Quid
2002 5344 2281 5399 horremus
2355 5347 2445 5377 ³³⁸⁷
2494 5345 2629 5411 Quid
2665 5345 2824 5400 faciat
2853 5361 2975 5397 mss.
3009 5344 3134 5412 quid
3166 5333 3294 5396 facit

1104 5406 1312 5485 gitur)”
1333 5406 1424 5437 ’³⁵³
1451 5407 1601 5473 Quod
1630 5409 1699 5485 sit
1742 5406 1883 5485 quod
1917 5427 2041 5485 _mss.
2082 5416 2208 5483 quid
2239 5417 2307 5468 sit
2336 5416 2477 5483 quod

896 5473 911 5503 ¹
941 5473 1044 5562 Sed
1076 5473 1117 5528 si
1141 5473 1350 5542 justitia
1398 5491 1520 5562 mss:
1551 5479 1641 5532 sed
1679 5473 1817 5548 quod
1844 5482 1885 5532 si
1912 5473 2114 5549 jttStitia

3396 5340 3487 5369 sua
3518 5340 3648 5390 ονε

2580 5346 2629 5398 id
2665 5345 2824 5400 faciat
2853 5361 2975 5397 mss.
3009 5344 3134 5412 quid
3166 5340 3294 5396 facit
3396 5340 3487 5369 ²¹⁸⁸
3518 5340 3647 5403 Qua

2573 5415 2665 5445 ¹¹⁶⁰
2696 5416 2816 5467 Tibi
2860 5413 3191 5482 respondebo
3217 5426 3337 5482 mss.
3382 5406 3518 5482 Vict.
3541 5410 3647 5482 tibi

2224 5484 2315 5516 ³⁸⁸⁵³
2343 5478 2503 5538 Abest
2535 5484 2654 5538 navi
2681 5501 2803 5537 mss.
2840 5478 3046 5539 adesset
3075 5482 3215 5534 navi.
3249 5479 3377 5543 Qua:
3403 5478 3446 5530 si
3488 5478 3645 5530 ades-
