4226 6190
444 157 547 212 3b!

1583 156 1721 213 CER
1765 157 1942 211 DlilIS
1980 154 2185 212 HOMO.
2219 187 2281 197 —
2320 155 2449 210 LIB.
2491 156 2529 209 ι.

3564 158 3671 212 δα

447 270 560 323 vius
588 283 746 338 quam
797 268 986 322 vellem
1015 284 1130 321 sum
1161 279 1403 327 coactus.
1440 277 1497 318 ut
1539 267 1704 335 potui,
1748 282 1998 319 consnm-
2028 269 2073 325 Α
2113 265 2226 317 sine
2269 266 2376 320 illo.
2428 267 2481 318 In
2530 262 2764 341 secundo
2810 270 2987 317 autem
3016 262 3153 316 libro
3204 262 3467 323 similiter,
3513 265 3668 332 quasi

446 370 608 410 mare.
639 355 770 409 Nam
809 355 979 424 plura,
1012 370 1131 423 qua:
1168 353 1331 417 tacui,
1378 353 1721 407 inseruissem
1749 361 1805 405 et
1848 353 2000 405 addi-

446 444 663 507 dissem,
707 442 754 497 si
792 440 861 512 in
887 444 1065 511 quiete
1106 450 1161 495 et
1206 456 1442 511 congruo
1479 442 1651 508 spatio
1693 440 1818 493 illud
1872 440 2001 494 mihi

445 530 601 585 edere
622 531 881 586 licuisset.
908 532 963 584 In
1009 547 1197 601 magna
1239 533 1383 585 enim
1427 531 1606 585 cordis
1632 529 2000 592 tribulatione.

443 633 602 687 quam
633 622 771 673 unde
816 630 871 674 et
912 635 1011 675 cur
1037 635 1226 688 passus
1255 620 1358 673 sim
1402 619 1550 673 novit
1594 619 1762 682 Deus,
1794 618 1921 672 illud
1948 619 2000 671 in

445 710 632 779 Anglia
660 710 751 741 ²¹⁸¹
782 719 997 781 rogatus
1035 709 1253 779 inempi,
1285 717 1339 763 et
1364 709 1417 763 in
1446 708 1697 778 Capuana
1726 707 2001 776 provincia

444 800 761 872 peregrinus
810 801 1037 870 perfeci.
1067 802 1220 866 Quod
1263 801 1553 855 secundum
1603 801 1905 863 materiam,
1936 801 2001 853 de

442 894 547 955 qua
573 890 774 943 editum
806 899 911 953 est,
930 886 1038 942 Cur
1056 889 1191 943 Deus
1224 890 1375 942 homo
1405 890 1692 953 nominavi,
1716 898 1768 942 et
1788 888 1841 942 in
1871 892 2002 942 duos

443 975 652 1031 libellos
688 977 930 1031 distinxi.
974 978 1211 1043 Quorum
1260 977 1406 1046 prior
1444 978 1657 1045 quidem
1708 978 1998 1031 infidelium

444 1064 806 1132 respuentium
829 1064 1189 1120 Christianam
1218 1066 1398 1130 fidem,
1434 1067 1556 1135 quia
1590 1067 1783 1129 rationi
1814 1076 2001 1136 putant

443 1149 590 1204 illam
636 1161 953 1222 repugnare,
1006 1153 1245 1209 continet
1295 1155 1622 1221 ohjectiones
1666 1164 1721 1209 et
1766 1156 1998 1209 ﬁdelium

372 1232 379 1237 ’
443 1240 851 1307 responsiones:
875 1258 938 1295 ac
963 1244 1174 1297 tandem
1199 1253 1404 1298 remoto
1430 1245 1643 1299 Christo
1666 1244 1838 1313 (quasi
1871 1228 2005 1297 nun-

443 1343 605 1394 quam
636 1331 834 1397 aliquid
880 1331 1041 1385 fuerit
1070 1334 1135 1385 de
1175 1334 1283 1401 illo)
1332 1333 1521 1401 probat
1572 1334 1869 1387 rationibus
1911 1350 2003 1388 ne—

440 1418 693 1472 cessariis
732 1433 854 1481 esse
884 1420 1222 1488 impossibile
1270 1421 1434 1475 ullum
1486 1422 1758 1475 hominem
1803 1421 1995 1475 salvari

2110 355 2237 407 nihil
2256 356 2458 409 sciatur
2476 355 2540 410 de
2562 355 2796 417 Christo,
2815 363 3143 407 monstratur
3164 366 3270 408 non
3295 354 3467 407 minus
3483 364 3668 422 aperta

2109 444 2312 497 ratione
2338 453 2392 498 et
2408 444 2626 497 veritate
2650 452 2896 497 naturam
2915 441 3200 495 humanam
3230 442 3295 494 ad
3323 442 3424 495 hoo
3453 440 3665 503 institu-

2110 541 2216 585 tam
2261 547 2400 596 esse,
2432 542 2491 586 ut
2544 534 2831 600 aliquando
2881 534 3283 587 immortalitate
3340 528 3672 586 beata'totus

2108 618 2286 685 homo,
2315 621 2364 673 id
2392 629 2476 674 est
2506 622 2558 675 in
2591 637 2816 689 corpore
2844 632 2897 676 ct
2943 622 2996 675 in
3025 622 3202 675 anima
3228 623 3319 653 ¹¹⁸²
3347 622 3619 676 frueretur
3653 638 3667 674 :

2110 723 2171 764 ac
2197 725 2415 765 necesse
2441 727 2557 765 esse
2593 721 2646 765 ut
2680 714 2779 766 hoc
2818 714 2909 766 fiat
2932 714 2995 767 de
3027 713 3263 778 homine,
3286 723 3501 781 propter
3525 713 3669 781 quod

2106 796 2279 853 factus
2311 808 2422 861 est;
2457 800 2550 854 sed
2593 801 2803 869 nonnisi
2841 816 2937 870 per
2967 801 3237 855 hominem
3288 801 3474 865 Deum,
3505 809 3667 869 atque

2106 900 2171 939 ex
2223 889 2540 941 necessitate
2586 889 2798 968 omnia,
2831 904 2948 956 qua:
2999 889 3064 942 de
3119 888 3333 942 Christo
3376 889 3667 949 credimus,

2108 973 2220 1028 fieri
2248 985 2511 1042 oportere.
2536 976 2699 1030 -llanc
2748 976 3208 1045 praefatinnculam
3257 992 3378 1030 cum
3418 977 3669 1044 capitulis

2108 1066 2270 1119 totius
2299 1067 2495 1134 operis,
2536 1082 2744 1131 omnes,
2784 1068 2873 1136 qui
2921 1068 3113 1121 librum
3142 1069 3282 1122 hunc
3313 1067 3671 1119 transcribere

2108 1156 2303 1230 volent,
2338 1167 2461 1211 ante
2487 1156 2602 1225 ejus
2633 1159 2973 1227 principium,
2996 1168 3052 1213 ut
3089 1158 3383 1228 prtefigant,
3413 1156 3623 1225 postulo
3649 1172 3667 1212 :

2106 1256 2368 1311 quatenus
2420 1248 2470 1300 in
2526 1248 2889 1316 cujuscunque
2939 1263 3129 1301 manus
3172 1246 3395 1310 venerit,
3433 1248 3585 1314 quasi
3616 1246 3668 1299 iu

2105 1330 2219 1399 ejus
2266 1332 2439 1386 fronte
2469 1334 2686 1402 aspiciat
2714 1336 2759 1388 si
2794 1335 2919 1403 quid
2951 1334 3004 1388 in
3036 1343 3146 1389 toto
3173 1350 3398 1403 corpore
3424 1336 3495 1388 sit
3527 1334 3669 1402 quod

2105 1434 2211 1475 non
2242 1420 2517 1475 desoiciat.
2868 1470 2869 1473 η
3149 1412 3163 1422 ’

3420 1599 3651 1623 Μ

836 1811 858 1842 .
978 1736 981 1737 θ
1076 1720 1129 1762 ²
1276 1840 1281 1845 ,
1390 1711 1398 1719 ⁷
1550 1751 1898 1838 1.1mm
1976 1749 2457 1865 PRIMUS.

1968 1903 2272 1915 a—w

948 1978 1174 2034 CAPUT
1212 1978 1498 2051 PRIMUM.

432 2158 433 2161 η
710 2085 941 2151 Quaestio
976 2087 1040 2139 de
1063 2104 1163 2155 qua
1188 2097 1346 2140 totum
1376 2104 1502 2156 opus
1522 2089 1724 2157 pendet.

508 2174 661 2244 Stepe
685 2183 737 2228 et
758 2176 1147 2229 studiosissime
1176 2177 1273 2205 ’³⁸³
1301 2192 1329 2228 a
1357 2176 1538 2230 multis
1568 2185 1783 2245 rogatus
1806 2191 1922 2229 sum
1950 2185 2004 2230 et

441 2266 643 2328 verbis,
672 2275 725 2319 et
751 2265 974 2327 litteris,
1002 2276 1264 2333 quatenus
1290 2264 1567 2333 cujusdam
1597 2268 1909 2334 qna-stiunis
1940 2268 2004 2321 de

443 2353 549 2407 fide
573 2361 755 2407 nostra
777 2354 1031 2418 rationes,
1065 2368 1197 2422 quas
1225 2354 1369 2408 soleo
1396 2357 1718 2424 "espondere
1757 2372 2001 2426 quaeren-

442 2440 605 2502 tibus,
652 2441 921 2494 memoria:
967 2440 1252 2494 scribendo
1292 2442 1723 2497 commendarem
1754 2444 1847 2475 ““
1876 2462 1889 2495 :
1918 2444 2000 2497 di-

440 2539 573 2583 cunt
598 2532 741 2583 enim
769 2531 867 2585 sibi
911 2529 1121 2599 placere
1170 2546 1280 2594 eas,
1308 2539 1361 2585 et
1407 2532 1741 2585 arbitrantur
1789 2532 2001 2588 satisfa-

434 2612 583 2674 cere.
614 2618 763 2684 Quod
804 2609 1125 2688 petuntm',
1166 2634 1272 2673 non
1324 2626 1380 2672 ut
1409 2635 1505 2689 per
1545 2621 1805 2673 rationem
1843 2623 1910 2675 ad
1940 2620 2012 2674 η-.

360 2736 369 2741 ε
438 2708 564 2763 dem
602 2709 891 2772 accedant,
930 2708 1021 2761 sed
1061 2717 1119 2761 ut
1168 2724 1375 2773 eorum,
1403 2724 1520 2777 qua:
1569 2710 1814 2774 credunt,
1849 2712 2003 2767 intel-

434 2796 581 2851 lectu
612 2806 664 2851 et
709 2798 1153 2864 contemplatione
1194 2798 1523 2853 delectentur
1550 2800 1643 2831 ²¹⁸⁶
1675 2840 1689 2865 ,
1719 2810 1773 2854 et
1814 2808 1868 2853 ut
1896 2803 2002 2856 sint

436 2896 697 2954 quantum
728 2896 949 2954 possunt
970 2887 1084 2952 "5",
1116 2889 1287 2955 parati
1332 2901 1543 2956 semper
1568 2891 1635 2942 ad
1676 2891 1999 2943 satisfactio-

437 2991 563 3029 nem
591 2974 735 3029 omni
766 2976 1002 3045 poscenti
1031 2991 1089 3051 se
1116 2978 1373 3031 rationem
1403 2979 1467 3033 de
1495 2994 1576 3043 ea,
1606 2994 1726 3046 qure
1764 2980 1815 3031 in
1850 2980 2000 3033 nobis

434 3074 673 3134 est,spe.
689 3065 855 3132 Quam
883 3066 1227 3134 quaestionem
1251 3066 1419 3121 solent
1449 3076 1502 3121 et
1534 3068 1876 3122 inlitlelesm‘
1909 3086 2002 3124 no-

435 3156 544 3220 bis,
579 3157 978 3223 simplicitatem
1023 3157 1384 3211 Christianam
1414 3159 1563 3225 quasi
1613 3160 1813 3212 fatuam
1862 3161 2001 3213 deri-

439 3240 649 3303 dentes,
676 3244 908 3310 ohjicere
934 3284 946 3303 ,
980 3253 1033 3295 et
1065 3244 1244 3297 fideles
1270 3244 1417 3296 multi
1448 3245 1497 3297 in
1543 3246 1704 3299 corde
1745 3261 1957 3299 versare
1984 3266 1996 3299 :

2038 1984 2080 2037 Β
2107 1981 2411 2049 dignabitur
2445 1984 2675 2053 aperire,
2731 1988 3034 2055 petentibus
3083 1990 3383 2045 ostendere.
3425 1991 3486 2045 Et
3531 2008 3664 2063 quo-

2109 2070 2250 2123 niam
2279 2085 2340 2124 ea
2373 2072 2484 2137 ωδ,
2516 2088 2634 2141 qum
2663 2076 3251 2147 perinterrogationem
3278 2070 3667 2149 etresponsioo

2108 2172 2228 2211 nem
2278 2157 2688 2230 investigantur,
2726 2163 2908 2217 multis
2950 2174 3005 2217 et
3055 2166 3290 2220 maxime
3337 2154 3667 2225 tardioribus

2108 2245 2333 2314 ingeniis
2363 2249 2531 2316 magis
2573 2258 2777 2317 patent,
2813 2261 2866 2304 et
2896 2252 3015 2306 ideo
3063 2254 3181 2323 plus
3230 2256 3664 2323 placent:unum

2109 2336 2203 2367 ³³⁸⁸
2235 2353 2300 2391 ex
2358 2338 2457 2393 illis
2513 2342 2602 2408 qui
2653 2342 2755 2397 hoc
2804 2341 3063 2411 flagitant,
3111 2346 3199 2414 qui
3234 2346 3372 2401 inter
3398 2348 3533 2403 alios
3586 2350 3667 2402 in-

2104 2428 2335 2481 stantius
2375 2428 2441 2480 ad
2486 2430 2587 2483 hoc
2613 2446 2697 2485 me
2726 2431 2980 2485 sollicitat
3005 2432 3119 2497 'm,
3148 2435 3406 2503 accipiam
3452 2451 3664 2491 mecum

2104 2517 2465 2585 disputantem
2490 2524 2507 2572 ξ
2536 2518 2592 2572 tit
2632 2519 2767 2575 Boso
2791 2531 3017 2590 quaerat,
3048 2532 3104 2577 et
3134 2523 3408 2579 Ansefmus
3439 2540 3665 2596 respon-

2100 2605 2225 2658 deat
2244 2606 2345 2661 hoc
2377 2607 2550 2662 modo.

2709 2679 2935 2736 CAPUT
2981 2680 3043 2734 Il.

2174 2787 2445 2849 Quomodo
2480 2791 2780 2859 accipienda
2808 2800 2926 2843 sunt
2949 2807 3009 2844 ea
3064 2808 3181 2860 quia
3204 2793 3421 2845 dicenda
3453 2780 3608 2847 sunt.

2170 2875 2294 2930 Bos.
2341 2878 2488 2933 Sicut
2529 2890 2708 2934 rectus
2744 2882 2877 2934 ordo
2913 2882 3078 2951 exigit
3117 2890 3174 2935 ut
3211 2882 3473 2950 profunda
3505 2884 3662 2941 Chri-

2100 2964 2288 3017 stianzn
2324 2963 2445 3018 fidei
2495 2966 2797 3027 credamus,
2836 2968 3146 3035 priusquam
3176 2983 3237 3021 ea
3276 2984 3660 3037 priesumamus

2102 3052 2311 3106 ratione
2357 3054 2653 3117 discutere,
2699 3054 2770 3106 ita
2809 3056 3124 3124 negligentia
3164 3058 3290 3112 mibi
3317 3061 3546 3126 videtur,
3590 3064 3660 3127 si,

2103 3150 2381 3209 postquam
2422 3142 2725 3196 confirmati
2757 3159 2939 3198 sumus
2989 3145 3041 3198 iu
3089 3146 3211 3213 lldc,
3242 3162 3346 3202 non
3382 3147 3658 3219 studemus

2101 3229 2561 3296 quod'credimus
2617 3231 2933 3300 intelligere.
2985 3226 3321 3303 Quapropter
3366 3239 3653 3307 quoniam,

439 3346 547 3399 qua
579 3331 783 3385 scilicet
832 3331 1037 3384 ratione
1079 3330 1157 3385 vel
1198 3334 1515 3387 necessitate
1548 3336 1683 3389 Deus
1705 3337 1870 3409 homo
1924 3336 1991 3401 fa-
2028 3310 2072 3369 Ο
2102 3334 2155 3409 επ

2051 3310 2072 3368 3
2102 3319 2270 3387 gratia
2314 3318 2404 3373 Dei
2442 3318 3016 3387 przeveniente,‘fldem
3053 3333 3248 3378 nostra:
3282 3327 3662 3395 redemptionis

436 3426 559 3473 ctus
592 3419 689 3483 sit,
719 3429 769 3473 et
800 3430 971 3472 morte
1001 3434 1116 3485 sua,
1136 3421 1275 3473 sicut
1297 3437 1392 3475 nos
1416 3423 1852 3479 cretlinttis“"et
1879 3441 2003 3487 con-

441 3508 677 3583 fitemur,
716 3511 911 3563 mmnlo
943 3509 1100 3561 vitam
1126 3510 1430 3564 reddiderit.
1457 3512 1588 3565 Cum
1622 3514 1723 3567 hoc
1764 3524 1856 3567 aut
1910 3532 2005 3582 per

440 3595 601 3648 aliam
624 3610 925 3664 personam,
958 3598 1069 3651 sive
1096 3598 1386 3664 angelicam
1404 3636 1419 3663 ,
1442 3600 1554 3653 sive
1578 3601 1864 3655 humanam
1889 3605 1999 3667 “9°,

439 3686 671 3739 aut-sola
710 3687 980 3742 voluntate
1002 3687 1179 3742 facere
1208 3690 1461 3758 potuerit,
1495 3691 1560 3744 de
1581 3707 1683 3759 qua
1712 3694 2003 3759 qucestione

440 3788 547 3826 non
578 3773 746 3829 solum
781 3776 1020 3843 litterati,
1053 3780 1143 3833 sed
1184 3779 1344 3833 etiam
1374 3778 1631 3835 illitterati
1670 3782 1817 3835 multi
1850 3798 1993 3851 quae-

440 3873 573 3924 runt
620 3872 674 3917 et
720 3866 981 3920 rationem
1027 3870 1141 3935 ejus
1185 3870 1512 3934 desiderant,
1554 3870 1814 3935 Quoniam
1869 3886 1996 3940 ergo

439 3952 595 4008 multi
626 3954 689 4007 de
718 3956 815 4009 hac
847 3959 1059 4011 tractari
1088 3959 1355 4027 postulant
1383 3959 1511 4025 “‘l‘,
1541 3968 1594 4014 et
1626 3960 1819 4025 licetvin
1850 3976 1995 4029 qua:-

440 4045 609 4099 rcudo
637 4047 727 4077 ²¹”
752 4048 899 4101 valde
943 4048 1181 4102 videatur
1227 4048 1456 4109 difficilis
1482 4090 1495 4114 ,
1532 4050 1581 4102 in
1620 4050 1870 4104 solvendo
1912 4060 1993 4103 ta-

442 4149 565 4186 men
594 4136 839 4189 omnibus
868 4146 947 4189 est
982 4138 1348 4205 intelligibilis,
1379 4149 1433 4191 et
1473 4148 1687 4206 propter
1710 4137 1990 4191 utilitatem

439 4224 772 4293 rationisque
810 4227 1259 4293 pulchritudinem
1290 4228 1382 4285 ³¹⁹³
1438 4229 1702 4290 amabilis.
1735 4228 1991 4293 Quamvis

438 4328 471 4364 a
505 4316 702 4368 sanctis
742 4314 989 4369 Patribus
1018 4318 1156 4379 inde,
1194 4319 1333 4385 quod
1375 4318 1625 4371 sufﬁcere
1671 4319 1881 4381 debeat,
1914 4320 1993 4372 di-

2102 3407 2180 3461 sic
2208 3414 2334 3475 puto
2363 3422 2447 3461 me
2489 3416 2701 3469 tenere,
2747 3417 2803 3461 ut
2831 3409 2991 3462 etiam
3029 3410 3073 3464 si
3108 3411 3253 3465 nulla
3285 3414 3489 3469 ratione
3523 3419 3663 3485 quod

2102 3498 2264 3551 credo
2302 3497 2502 3566 possim
2530 3498 3011 3565 comprehendere,
3046 3501 3179 3554 nihil
3215 3510 3391 3556 tamen
3418 3504 3487 3557 sit
3522 3506 3662 3572 quod

2102 3600 2187 3639 me
2210 3585 2276 3639 ab
2307 3585 2421 3653 ejus
2452 3585 2703 3639 firmitate
2733 3587 2901 3640 Valeat
2936 3589 3199 3642 evellere:
3230 3604 3257 3641 a
3293 3599 3343 3643 te
3379 3601 3501 3659 pcto
3529 3592 3657 3646 mihi

2102 3677 2295 3745 aperiri
2319 3676 2479 3746 quod,
2513 3685 2569 3729 ut
2590 3678 2712 3739 scis,
2739 3678 2918 3746 plures
2947 3694 3151 3733 mecum
3175 3687 3395 3749 petunt:
3432 3695 3534 3751 qua
3566 3694 3657 3735 ne-

2105 3768 2354 3822 cessitate
2394 3766 2594 3820 scilicet
2622 3775 2678 3819 et
2724 3768 2928 3821 ratione
2964 3768 3123 3833 Deus,
3164 3783 3286 3822 cum
3314 3770 3385 3822 sit
3420 3769 3660 3840 omnipo-

2105 3866 2244 3927 tens,
2293 3855 2644 3909 humilitatem
2679 3863 2735 3907 ct
2778 3855 3141 3911 infirmitatem
3175 3856 3423 3910 humanae
3455 3868 3661 3913 natura:

2103 3962 2198 4015 pro
2265 3946 2376 4014 ejus
2435 3946 2831 4017 restauratioch
2886 3945 3253 4012 assumpserit.
3324 3946 3450 3999 Aas.
3506 3947 3658 4013 Quod

2104 4042 2299 4108 quaeris
2345 4055 2371 4090 a
2412 4055 2512 4099 me,
2556 4052 2714 4106 supra
2755 4050 2838 4088 me
2872 4045 2979 4097 est,
3013 4046 3068 4088 ct
3111 4035 3306 4089 idcirco
3345 4037 3533 4099 altiora
3574 4037 3663 4091 me

2105 4136 2334 4181 tractare
2359 4128 2516 4180 timeo
2545 4141 2609 4179 ne
2640 4126 2793 4187 forte,
2815 4138 2934 4175 cum
2962 4123 3359 4191 putaverit,aut
3385 4124 3545 4175 etiam
3575 4125 3655 4176 γί-

2064 4270 2070 4277 ,
2101 4219 2239 4270 derit
2267 4218 2458 4284 aliquis
2484 4232 2566 4268 me
2597 4229 2700 4267 twn
2736 4210 2834 4264 sibi
2873 4211 3207 4273 satisfacere,
3238 4209 3358 4277 plus
3387 4211 3660 4265 existimet

2099 4309 2175 4361 rci
2210 4309 2487 4360 veritatem
2521 4306 2648 4363 mihi
2685 4306 2913 4358 deficere
2944 4317 3101 4370 quam
3128 4298 3449 4353 intellectum
3475 4315 3651 4353 meum

432 4410 587 4455 .ctnm
618 4404 715 4465 sit,
753 4414 923 4459 tamen
948 4407 1013 4460 de
1039 4406 1123 4459 illa
1157 4376 1259 4475 75
1288 4408 1505 4470 curabo,
1533 4408 1672 4474 quod
1701 4407 1827 4460 mihi
1854 4408 1992 4461 Deus
2030 4376 2074 4431 υ
2102 4406 2155 4451 at

2051 4378 2166 4451 ’ad
2211 4414 2326 4453 eam
2385 4396 2692 4466 capiendam
2747 4409 2850 4449 non
2895 4389 3152 4446 snlIicere.
3203 4388 3324 4443 Bos.
3378 4387 3492 4442 Non
3554 4388 3654 4442 hoc

1706 4511 1933 4567 VARUE
1974 4509 2365 4570 LECTIONES.

514 4618 602 4650 ²¹⁸ι
632 4619 768 4673 Deus
795 4591 884 4672 :‘iu
952 4621 1135 4689 Anglia
1185 4637 1306 4674 mss.
1354 4631 1402 4673 et
1452 4620 1533 4672 c:f.
1564 4618 1716 4671 Colit.
1775 4621 1911 4676 Deus
1941 4638 1953 4675 :
2002 4622 2127 4676 illud
2183 4626 2233 4675 in
2266 4620 2448 4739 Anilia
2524 4617 2615 4647 ²¹⁸²
2646 4616 2711 4669 Ει
2740 4616 2791 4669 in
2822 4616 2994 4668 anima
3024 4631 3122 4667 ms.
3178 4613 3363 4668 Cister.
3397 4624 3449 4668 et
3476 4616 3651 4667 anima

518 4686 537 4717 ⁸
598 4687 844 4739 Studiose
888 4706 1011 4739 mss.
1069 4688 1253 4739 Cister.
1305 4686 1447 4739 Gem.
1496 4688 1616 4739 Bec.
1650 4687 1792 4739 Jofu.
1824 4688 1879 4739 S.
1914 4691 2072 4739 Mich.
2108 4702 2152 4739 et
2192 4692 2313 4739 edit.
2378 4688 2507 4739 ‘otlt.
2539 4684 2926 4738 stndiosissin'ie
3000 4681 3093 4712 ⁸¹⁸⁸
3116 4683 3493 4736 Commcndem
3527 4700 3651 4737 mss.

440 4686 537 4759 Ἰν
598 4687 844 4759 δέυάἕοεε
888 4706 1011 4759 tgna.
1040 4686 1253 4741 'Cister.
1305 4686 1447 4741 Gem.
1496 4687 1792 4759 Bec._.l_afy,
1824 4688 1879 4759 S.
1914 4691 2072 4744 Mich.
2108 4702 2152 4743 et
2192 4692 2313 4743 edit.
2351 4686 2507 4759 ἰξοιΙι.
2539 4686 2926 4759 sttuliosjssime
3000 4686 3093 4759 ’Ψ
3116 4686 3407 4759 Commerui

1730 4744 2071 4813 Krbitrantur
2100 4760 2197 4811 sibi
2232 4757 2563 4810 satisfacere.
2601 4753 2749 4818 Quod
2783 4758 3037 4818 appetuut
3066 4767 3189 4803 mss.
3230 4763 3275 4805 et
3327 4751 3453 4802 «fit.
3494 4752 3650 4804 com.

450 4751 586 4823 νίέί·
619 4753 685 4807 Ρ·
709 4758 771 4820 ίί·
802 4765 847 4808 ει
889 4756 1045 4823 Joly.
1092 4758 1521 4810 commendarem
1598 4756 1690 4786 ³³⁸⁸

2400 4688 2507 4740 οιΙι.
2539 4684 2926 4738 stndiosissin'ie
3000 4681 3093 4712 "“
3116 4683 3493 4736 Commendem
3527 4700 3651 4737 mss.

446 4818 782 4891 arbitrantnr
806 4818 1139 4877 satisfacere.
1164 4826 1312 4889 Quod
1336 4832 1522 4891 petunt
1596 4824 1689 4858 ’³⁸⁸
1716 4824 1989 4880 lntellectu
2019 4841 2069 4879 et
2098 4827 2427 4880 delectentur
2453 4820 2897 4891 contemplatione
2920 4836 3057 4891 ms_s_._
3086 4818 3220 4891 Vict.
3238 4818 3465 4891 doli/,3.
3490 4820 3650 4891 git-fi.

436 4901 493 4944 et
542 4891 666 4942 edit.
702 4889 854 4943 Galli.
884 4892 1146 4945 intellectu
1178 4904 1232 4944 et
1270 4889 1719 4960 contemplatione
1758 4893 2091 4948 delectentur
2163 4895 2255 4925 “8"

2288 4885 3126 4959 Quantmnpossintmss;Vict.
3159 4885 3280 4953 Jolg
3308 4896 3367 4959 et
3388 4888 3447 4940 S.
3484 4885 3649 4939 Mich.

440 4968 952 5030 qttantum__p055ttut
1024 4960 1114 4991 "“
1143 4960 1326 5030 Solent
1352 4952 1592 5030 infideles
1614 4976 1738 5012 mss.
1777 4972 1825 5013 et
1878 4963 2000 5016 edit.
2027 4962 2175 5015 Galli.
2207 4952 2379 5016 solent
2411 4969 2463 5030 et
2489 4952 2727 5010 infideles
2801 4956 2891 5030 “ff
2925 4956 3077 5009 Sicut
3102 4969 3201 5030 nos
3222 4952 3496 5030 credimus
3523 4971 3650 5008 mss.

441 5022 493 5077 et
547 5026 667 5078 edit.
694 5022 1018 5097 G'otlt._omit.
1048 5043 1141 5097 nos
1196 5028 1303 5097 7""
1334 5030 1463 5079 Cum
1499 5028 1609 5097 hazc
1650 5039 1741 5079 aut
1772 5043 1867 5096 per
1910 5031 2069 5083 aliam
2104 5044 2383 5097 personam
2424 5028 2541 5097 sive
2586 5041 2680 5094 per
2720 5022 3041 5097 angelicam,
3070 5022 3182 5074 sive
3224 5034 3320 5097 per
3362 5022 3648 5097 humanam

440 5108 569 5145 mu.
598 5103 643 5145 et
693 5096 817 5146 edit.
850 5094 1001 5147 Catii.
1034 5096 1163 5148 Cum
1196 5096 1293 5147 hoc
1320 5104 1411 5146 aut
1434 5110 1526 5160 per
1558 5096 1625 5146 al.

1660 5095 1871 5166 person.
1899 5099 2009 5152 sive
2050 5095 2363 5166 angelicam,
2390 5096 2501 5166 sive
2532 5095 2816 5166 humanam

2892 5090 2981 5120 ""
3006 5090 3283 5154 Quomodo
3306 5104 3435 5155 ergo
3459 5091 3524 5143 de
3546 5090 3647 5142 hac

444 5163 594 5234 multi
627 5172 853 5234 tractare
884 5166 1148 5234 postulout
1176 5179 1307 5234 mss.
1321 5172 1366 5213 et
1408 5158 1528 5214 edit.
1552 5158 1706 5234 Gotjt.
1734 5165 1995 5228 Quoniam
2028 5158 2154 5234 ergo
2191 5166 2337 5217 multi
2365 5166 2426 5215 de
2448 5165 2557 5234 hac
2587 5162 2801 5234 tractari
2830 5159 3102 5234 postulant
3158 5159 3268 5234 ,ξω
3297 5159 3444 5211 Licet
3475 5158 3646 5234 ίιιλιι-

443 5229 700 5302 quirendo
726 5225 1153 5302 utss.rCister.hS.
1188 5231 1411 5302 illic/net
1452 5225 1777 5302 reditnGotlf.
1802 5235 1908 5285 sint
1932 5236 1981 5286 in
2009 5225 2296 5302 quinendo
2369 5233 2461 5263 ³⁸⁵³
2495 5232 2839 5302 llalinnisqttc
2864 5227 3313 5302 pulchritrutincm
3346 5242 3467 5302 mss.
3509 5225 3644 5302 Vict.

442 5309 491 5347 et
522 5297 660 5364 July,
695 5309 747 5350 ct
781 5300 1223 5367 pulchrittuliuem
1254 5301 1493 5353 veritatis
1566 5299 1663 5328 ’m
1692 5300 1968 5363 Quomodo
1995 5295 2055 5354 ea
2092 5318 2213 5355 mss.
2242 5318 2286 5353 et
2335 5304 2457 5353 edit.
2484 5300 2636 5353 Colla.
2669 5300 2919 5367 quoniaut
2952 5311 3013 5348 ea
3089 5296 3181 5326 ²³⁹⁵
3209 5295 3329 5367 hic!)
3367 5296 3489 5367 plus
3527 5296 3641 5362 pla.

443 5375 551 5435 cel,
580 5363 737 5416 unum
765 5363 883 5418 ιῐιεε.
912 5381 956 5419 et
1010 5370 1131 5418 edit.
1172 5366 1321 5419 Colit.
1356 5369 1473 5420 ideo
1500 5368 1615 5435 plus
1646 5368 1884 5433 placent;
1930 5386 2090 5424 unum
2130 5385 2195 5425 cx
2226 5372 2327 5423 illis
2400 5370 2491 5398 “9‘
2522 5368 2600 5419 Mc
2628 5363 2913 5417 anllicitml
2940 5382 3063 5415 mss.
3104 5374 3149 5413 et
3203 5363 3327 5413 edit.
3372 5363 3521 5413 (iolla.
3554 5381 3645 5419 me

443 5434 688 5487 sollicitat

798 5527 1057 5586 Ρηιοι.
1097 5529 1355 5589 CLVIII.

3148 5524 3219 5579 12
