4226 6250
606 305 714 359 367

1139 301 1196 355 S.
1238 299 1529 355 ANSELMI
1567 295 1912 353 CANTUAR.
1955 293 2272 351 ARCUIEP.
2303 291 2450 347 OPP.
2490 287 2667 344 PARS
2705 289 2743 340 l.
2778 316 2848 325 -—
2889 283 3309 340 DOGMATICA.

2683 149 2691 175 l

3729 284 3832 339 368

600 413 788 467 Nonne
827 413 918 468 Dei
951 413 1334 481 omnipotentia
1377 411 1469 443 ¹¹³⁹
1511 418 1699 480 regnat
1744 407 1972 478 ubique?
2015 408 2158 473 Quos
2187 411 2231 467 Α
2263 403 2391 455 tioni
2423 400 2701 466 subjacere
2722 396 2886 466 juste,
2919 408 2973 452 ct
3001 398 3168 452 Deum
3192 396 3453 481 hocjustc
3478 397 3828 464 permittere:

601 504 760 558 modo
787 518 918 573 ergo
949 503 1210 571 indigebat
1239 501 1397 561 Deus,
1438 510 1496 554 ut
1532 499 1596 553 ad
1625 501 1944 554 vincendum
1977 499 2163 553 diabo‘

601 596 711 649 lum
743 596 809 649 de
841 593 977 649 cmlo
1015 591 1394 646 descenderet?
1424 589 1547 645 llaec
1575 590 1729 643 nobis
1755 588 1998 642 inﬁdeles
2031 587 2163 654 obji-

601 704 724 744 cere
750 703 904 758 posse
930 685 1195 738 videntur.

1195 767 1421 824 CAPUT
1462 765 1567 819 VII.

602 882 752 948 Quod
783 883 981 935 nullan:
1018 877 1252 948 diabolus
1275 875 1489 948 habequ
1505 875 2162 948 justitiamedamus/io—

665 951 856 1004 minent
884 962 969 1003 :et
992 965 1150 1018 quare
1172 947 1407 1018 videatur
1435 943 1678 1018 habuisse
1703 944 1819 1010 ω’,
1843 956 1890 998 et
1919 960 2012 1000 cur
2025 943 2160 997 Deus

667 1020 763 1073 hoc
785 1019 936 1072 modo
971 1010 1225 1070 hominem
1264 1010 1557 1066 liberarerit
1587 1015 1700 1066 ³³³³.

667 1109 774 1164 Sed
795 1119 850 1163 et
882 1095 1005 1166 illud
1041 1107 1182 1175 quod
1225 1107 1404 1160 dicere
1439 1106 1692 1170 solemus,
1722 1105 1898 1172 {Deum
1927 1104 2157 1167 scilicet,

597 1197 848 1252 debuisse
881 1195 1029 1264 prius
1052 1210 1147 1263 per
1162 1194 1426 1261 justitiam
1456 1203 1641 1247 contra
1676 1191 1947 1246 diabolum
1978 1206 2157 1260 agere,

595 1292 656 1337 ut
682 1284 929 1338 liberaret
959 1283 1253 1349 hominem,
1289 1297 1445 1351 quam
1486 1297 1580 1350 per
1621 1282 2029 1347 fortitudinem;
2081 1292 2155 1348 ut,

597 1389 717 1428 cum
748 1374 992 1428 diabolus
1018 1389 1160 1436 eum.
1193 1374 1242 1427 in
1275 1388 1383 1442 quo
1410 1373 1554 1426 nulla
1594 1373 1784 1426 mortis
1821 1381 1941 1426 erat
1972 1387 2157 1437 causa,

592 1474 648 1517 et
675 1464 766 1532 qui
803 1463 944 1517 Deus
967 1472 1100 1524 erat,
1128 1463 1418 1527 occideret,
1450 1461 1596 1530 juste
1623 1470 1970 1530 potestatem,»
1996 1477 2156 1530 quam

593 1567 758 1623 super
791 1562 1102 1623 peccatores
1141 1551 1390 1616 habebat,
1419 1552 1721 1616 amitteret;
1754 1551 1988 1619 alioquin
2019 1551 2157 1618 inju-

593 1651 729 1696 stam
756 1642 1057 1696 violentiam
1097 1641 1311 1696 iecisset
1339 1641 1410 1694 illi
1439 1639 1554 1705 ω’,
1584 1641 1838 1708 quoniam
1863 1640 2008 1709 juste
2035 1655 2160 1708 pose

593 1732 807 1786 sidebat‘
835 1733 1125 1797 hominem,
1156 1747 1314 1800 quem
1351 1746 1454 1786 nou
1482 1731 1594 1799 ipse
1629 1730 1892 1785 violenter
1920 1741 2153 1785 attraxe—

589 1827 699 1883 rat,
737 1820 829 1874 sed
859 1821 999 1874 idem
1043 1793 1202 1875 homo
1235 1835 1294 1875 se
1327 1793 1624 1889 sponte'ad
1661 1819 1805 1873 illum
1834 1820 2151 1884 contulerat,
2189 1793 2229 1845 Β

591 1923 698 1963 non
737 1909 890 1963 video
917 1925 1076 1979 quam
1108 1910 1212 1963 vim
1243 1909 1490 1964 habebat.
1523 1909 1678 1974 Nam,
1711 1909 1755 1962 si
1783 1909 2026 1962 diabolus
2060 1909 2153 1939 ““

590 2009 684 2053 aut
713 2001 874 2053 homo
911 2014 1039 2054 suus
1074 2007 1215 2054 esset
1250 2008 1342 2052 aut
1382 1998 1602 2053 alterius
1635 2013 1794 2066 quam
1826 1998 1942 2062 Dei,
1971 2006 2061 2050 aut
2100 2000 2151 2052 in

587 2090 692 2142 alia
734 2104 894 2158 quam
944 2089 997 2142 in
1042 2088 1135 2144 Dei
1181 2099 1447 2157 potestate
1491 2096 1750 2150 maneret,
1787 2087 2022 2143 rfersitan
2053 2088 2155 2142 hoc

589 2168 736 2234 recte
761 2180 1068 2234 diceretur:
1102 2194 1223 2233 cum
1257 2188 1433 2234 autem
1464 2178 1707 2233 diabolus
1741 2190 1833 2232 aut
1860 2178 2021 2232 homo
2047 2194 2150 2231 non

588 2269 661 2323 sit
687 2270 787 2324 nisi
816 2269 908 2325 Dei
939 2269 1052 2335 ωδ,
1082 2277 1139 2324 ει
1163 2278 1315 2324 extra
1349 2277 1668 2338 potestatem
1684 2269 1777 2323 Dei
1805 2277 1994 2322 neuter
2026 2282 2155 2322 con-

585 2361 764 2425 sistat,
795 2373 955 2429 quam
984 2373 1201 2413 causam
1230 2358 1412 2413 debuit
1437 2359 1576 2414 Deus
1601 2372 1760 2428 agere
1787 2373 1911 2412 cum
1941 2373 2059 2420 suo,
2085 2358 2152 2410 de

588 2465 709 2514 suo,
741 2451 798 2504 in
820 2463 936 2512 suo,
967 2450 1070 2503 nisi
1112 2439 1182 2503 ut"
1209 2463 1424 2504 servum
1463 2463 1620 2503 suum
1666 2449 1903 2518 puniret,
1933 2447 2022 2516 qui
2053 2461 2152 2500 suo

587 2552 847 2593 conservo
869 2553 1211 2593 communem
1253 2539 1538 2592 Dominum
1587 2539 1857 2603 deserere,
1895 2546 1951 2591 et
1993 2537 2058 2590 ad
2093 2552 2153 2590 se

586 2627 943 2694 persuasisset
982 2628 1228 2686 transire,
1263 2642 1326 2680 ac
1364 2627 1592 2681 traditor
1616 2627 1918 2695 fugitivum,
1950 2626 2036 2679 fur
2064 2624 2148 2678 l‘u-

588 2729 700 2767 rcm
747 2731 867 2768 cum
921 2715 1063 2768 furto
1118 2717 1326 2768 Domini
1381 2716 1461 2768 sui
1514 2715 1876 2784 suscepisset?
1919 2715 2153 2783 Uterque

587 2822 819 2876 namque
864 2806 947 2860 fur
990 2805 1307 2876 erat;’_cum
1353 2807 1510 2870 alter,
1555 2806 1726 2859 altero
1774 2804 2149 2875 perSuadente.

584 2897 818 2965 seipsum
864 2898 1087 2950 Domino
1133 2912 1230 2961 suo
1275 2897 1569 2950 iurabatur.
1601 2895 1737 2960 Quid
1777 2895 1917 2949 enim
1956 2893 2153 2962 justius

585 2987 701 3042 fieri
752 2995 977 3055 posset,
1027 2987 1107 3040 sic
1152 2987 1254 3040 hoc
1295 2987 1434 3040 Deus
1477 2984 1707 3039 faceret?
1745 2985 1852 3038 Aut
1896 2985 1942 3038 si
1987 2985 2148 3052 judex

582 3077 820 3130 omnium
862 3076 1298 3130 Deus'hominem
1324 3075 1402 3129 sic
1437 3089 1764 3143 possessum,
1797 3074 1861 3127 de
1885 3083 2149 3140 potestate
2181 3115 2221 3170 ϐ

586 3176 693 3219 tam
749 3165 941 3233 injuste
990 3165 1333 3235 possidentis,
1383 3164 1467 3219 vel
1516 3163 1583 3218 ad
1634 3163 1959 3232 puniendum
2004 3162 2151 3215 illum

584 3256 743 3309 aliter
771 3271 931 3324 quam
957 3249 1053 3324 per
1082 3255 1376 3318 diabolum,
1402 3254 1484 3308 vel
1510 3254 1576 3307 ad
1602 3252 1928 3322 parcendum
1953 3251 2026 3305 illi
2050 3252 2154 3324 eri-

587 3356 737 3414 peret
785 3363 796 3398 :
841 3360 959 3414 quae
1004 3332 1120 3399 hate
1170 3344 1427 3411 injustitia
1475 3342 1654 3397 esset?
1699 3339 1954 3406 Quamvis
2010 3341 2151 3393 enim

587 3434 909 3502 homojnste
934 3448 963 3486 a
990 3432 1205 3486 diabolo
1237 3442 1611 3501 torqueretur;
1645 3432 1756 3500 ipse
1787 3439 1967 3483 tamen
1997 3430 2151 3485 illum

583 3525 680 3564 t'"
715 3522 914 3592 injuste
956 3522 1258 3591 torquebat.
1303 3523 1472 3576 Homo
1508 3537 1738 3592 namque
1781 3531 2056 3577 meruerat
2099 3531 2155 3575 ut

595 3615 901 3682 puniretur,
933 3628 1030 3667 nec
1068 3614 1135 3667 ab
1171 3612 1276 3666 ullo
1307 3613 1711 3666 convenientius
1752 3628 1909 3682 quam
1955 3615 2021 3667 ab
2067 3614 2153 3666 illo

584 3703 673 3757 cui
715 3711 1059 3757 consenserat
1093 3710 1150 3754 ut
1187 3712 1455 3770 peccaret.
1490 3701 1692 3755 Diaboli
1727 3718 1854 3756 vero
1902 3704 2150 3756 meritum

588 3793 790 3846 nullum
829 3800 964 3857 erat,
992 3799 1051 3844 ut
1076 3791 1290 3858 puniret
1319 3807 1333 3842 τ
1360 3791 1466 3843 imo
1497 3791 1597 3844 hoc
1633 3800 1781 3844 tanto
1813 3789 2042 3844 faciebat
2072 3792 2153 3843 in-

585 3885 799 3948 iustius,
829 3892 1030 3952 quanto
1063 3898 1167 3936 non
1199 3883 1263 3935 ad
1306 3883 1405 3935 hoc
1440 3897 1622 3936 amore
1657 3880 1879 3947 justitire
1910 3883 2154 3935 traheba-

587 3985 707 4037 tur;
751 3973 844 4027 sed
888 3973 1140 4025 instinctu
1195 3971 1412 4024 malitite
1449 3970 1836 4038 impellebatur.
1882 3969 2014 4022 Nam
2053 3971 2150 4024 hoc

582 4079 694 4115 non
728 4061 974 4122 faciebat,
1009 4059 1376 4127 Dcojnhcutc,
1400 4061 1490 4113 sed
1513 4059 2036 4128 incomprehensibili
2069 4075 2150 4113 sa-

588 4150 783 4216 pientia
831 4165 947 4211 sua,
980 4165 1083 4217 qua
1127 4149 1260 4201 mala
1295 4151 1453 4201 etiam
1487 4149 1577 4181 ’³³⁸
1606 4149 1740 4202 bene
1769 4149 2000 4210 ordinat,
2033 4165 2152 4216 per-

587 4242 850 4293 mittente.
880 4240 940 4293 Et
960 4249 1087 4308 puto
1112 4239 1249 4302 illus,
1271 4240 1358 4306 qui
1381 4238 1648 4292 diabolum
1674 4239 1906 4305 aliquam
1930 4240 2152 4305 opinan-

587 4342 673 4382 tur
701 4329 898 4383 habere
938 4330 991 4382 in
1036 4328 1354 4396 possidendo
1395 4327 1610 4382 homine
1655 4329 1744 4358 ""7
1771 4327 2052 4393 justitiam,
2085 4327 2150 4380 ad

2269 501 2322 544 et
2358 491 2560 544 idcirco
2582 498 2769 555 putant
2795 488 3065 542 diabolum
3098 487 3237 539 illam
3263 477 3409 552 jus’te
3434 486 3651 541 inferre.
3693 487 3828 540 Con-

2269 578 2423 647 tingit
2441 573 2588 631 enim
2629 578 2770 630 idem
2816 576 3012 644 aliquid
3050 574 3276 630 diversis
3313 575 3831 629 considerationibus

2269 680 2389 721 esse
2433 666 2636 734 justum
2665 673 2720 719 et
2747 664 3029 733 iniustum;
3062 672 3119 716 et
3155 665 3223 716 ob
3253 663 3354 716 hoc
3392 677 3422 715 a
3459 677 3562 715 nou
3591 663 3686 694 ²²δ⁸
3713 663 3826 717 (ιίΙίο

2268 765 2458 824 genter
2483 756 2815 810 intuentibus
2842 762 3010 808 totum
3037 751 3240 830 justum
3275 762 3367 806 aut
3406 751 3661 820 injustum
3683 752 3828 820 judi-

2267 847 2398 900 cari.
2445 846 2637 900 Evenit
2678 846 2820 898 enim
2857 852 2916 897 ut
2959 843 3154 911 aliquis
3195 843 3532 897 innocentem
3567 844 3831 912 percutiat

2266 936 2482 1006 injuste,
2519 937 2660 989 unde
2690 934 2803 1002 ipse
2823 932 2966 1001 juste
2999 932 3204 1004 percuti
3244 941 3547 997 mereatur;
3579 937 3621 986 si
3651 943 3827 988 tamen

2263 1041 2550 1094 percussus
2577 1026 2852 1080 vindicare
2872 1039 2931 1080 se
2954 1024 3045 1054 ἰδ’
3067 1038 3172 1076 non
3199 1022 3356 1076 debet
3377 1032 3428 1076 et
3454 1023 3686 1090 percutit
3710 1038 3830 1091 per-

2262 1119 2552 1172 cutientem
2581 1131 2657 1177 se,
2692 1115 2887 1184 injuste
2923 1114 3026 1168 hoc
3057 1111 3203 1166 facit.
3228 1111 3352 1166 Haec
3374 1103 3534 1178 igitur
3555 1114 3830 1180 percussio

2261 1223 2322 1262 ex
2348 1216 2500 1277 parte
2528 1205 2941 1276 ,repercutientis
2971 1204 3074 1238 ’πα
3097 1203 3292 1272 injusta
3317 1210 3422 1275 est,
3450 1201 3572 1270 quia
3604 1201 3827 1277 non-de-

2261 1295 2374 1349 buit
2401 1310 2458 1349 se
2482 1295 2787 1358 vindicare;
2816 1307 2882 1347 ex
2914 1302 3062 1360 parte
3084 1305 3209 1372 vere
3240 1289 3477 1359 percussi
3503 1288 3668 1357 justa,
3698 1290 3822 1360 quia

2261 1382 2454 1452 injuste
2511 1383 2818 1452 percutiens
2877 1381 3018 1450 juste
3069 1380 3274 1448 percuti
3333 1380 3548 1433 meruit.
3602 1379 3828 1433 Diverso

2260 1474 2426 1542 igitur
2473 1473 2666 1527 intuitu
2709 1472 2854 1540 justa
2900 1479 2953 1526 et
3003 1470 3197 1539 injusta
3257 1457 3341 1526 esi
3400 1469 3586 1538 eadem
3639 1470 3823 1533 actio,

2259 1563 2381 1631 quia
2409 1562 2721 1632 contingere
2758 1560 2847 1592 ¹¹⁵¹
2891 1569 3071 1629 potest
3101 1560 3181 1613 ab
3221 1550 3326 1613 alio
3359 1558 3586 1626 judicari
3621 1559 3824 1627 justam

2260 1660 2487 1712 tantum.
2538 1653 2605 1704 ab
2651 1649 2756 1702 alio
2804 1646 3076 1716 injustam.
3130 1646 3243 1700 Hoc
3283 1647 3466 1714 itaque
3512 1646 3669 1706 modo
3708 1646 3827 1700 dia-

2259 1737 2412 1791 bolus
2477 1736 2673 1791 dicitur
2728 1734 2873 1802 juste
2926 1749 3122 1789 vexare
3183 1735 3278 1765 ""
3330 1733 3641 1795 hominem;
3693 1735 3820 1803 quia

2257 1829 2398 1882 Dens
2447 1828 2551 1896 hoc
2593 1828 2736 1896 juste
2796 1824 3081 1896 permittit,
3133 1832 3187 1878 et
3235 1825 3393 1878 homo
3434 1823 3535 1878 hoc
3593 1823 3822 1892 77111-

2257 1910 2603 1984 ste‘patitur.
2642 1915 2747 1969 Sed
2795 1924 2851 1969 et
2891 1916 2991 1969 hoc
3044 1913 3184 1982 quod
3224 1913 3386 1967 homo
3423 1910 3575 1978 juste
3605 1911 3700 1943 ³⁸⁵³
3740 1911 3825 1964 di—

2255 1994 2588 2074 citur'pati,
2653 2019 2758 2071 non
2816 2019 2913 2058 sua
2968 2001 3173 2070 justitia
3221 2002 3366 2070 juste
3413 2001 3613 2054 dicitur
3667 2000 3820 2069 pati,

2255 2097 2346 2150 sed
2381 2097 2507 2164 quia
2531 2097 2750 2164 punitur
2778 2093 2939 2162 justo.
2961 2093 3164 2162 judicio
3188 2092 3300 2148 Dei.
3334 2093 3404 2146 At
3433 2092 3477 2146 si
3506 2092 3826 2146 obtenditur

2255 2186 2668 2255 chirographum
2708 2184 2836 2236 illud
2868 2183 3065 2237 decreti
3113 2182 3274 2250 quod.
3299 2181 3582 2235 adversum
3612 2195 3710 2234 nos
3735 2180 3822 2233 di.

2254 2277 2327 2330 cit
2355 2275 2641 2344 Apostolus
2683 2273 2844 2326 fuisse
2876 2313 2891 2336 ,
2935 2280 2989 2326 et
3029 2286 3123 2340 per
3154 2281 3379 2324 mortem
3431 2269 3629 2324 Christi
3672 2269 3823 2324 dele-

2257 2375 2366 2419 tum
2398 2379 2518 2419 esse
2551 2363 2834 2432 (Colman
2858 2401 2873 2426 ,
2912 2361 2998 2430 M)
3019 2400 3035 2426 ,
3060 2369 3113 2414 et
3146 2369 3299 2429 putat
3334 2359 3524 2428 aliquis
3553 2374 3650 2429 per
3691 2357 3824 2413 illud

2255 2453 2543 2523 signiﬁcari
2573 2454 2695 2522 quia
2725 2452 2994 2515 diabolus,
3021 2452 3172 2518 quasi
3223 2451 3323 2505 sub
3359 2449 3633 2518 cujusdam
3674 2451 3821 2519 pacti

2255 2545 2614 2613 chirographo
2635 2543 2704 2596 ab
2719 2543 2947 2596 homine
2973 2539 3116 2608 juste
3152 2548 3277 2594 ante
3307 2539 3611 2607 passionem
3656 2539 3824 2616 Chri:
3875 2580 3880 2584 .
3969 2547 3974 2552 '

2255 2636 2322 2688 sti
2343 2644 2654 2701 .peccatum,
2681 2631 2824 2684 velut
2851 2645 3066 2684 usuram
3092 2629 3248 2698 primi
3274 2629 3479 2697 peccati
3509 2627 3650 2696 quod
3696 2641 3825 2695 per-

2255 2723 2423 2777 suasit
2448 2722 2670 2787 homini,
2700 2731 2749 2776 et
2778 2735 2984 2790 poenam
3004 2721 3203 2788 peccati
3234 2719 3490 2787 exigeret,
3519 2727 3577 2771 ut
3604 2731 3698 2786 per
3717 2717 3824 2771 hoc

2262 2813 2528 2882 justitiam
2579 2826 2728 2866 suam
2774 2823 2935 2879 super
2981 2808 3251 2864 hominem
3290 2809 3532 2862 videatur
3566 2807 3823 2876 probare,

2255 2916 2590 2969 nequaquam
2637 2901 2707 2953 ita
2761 2900 3164 2966 intelligendum
3200 2907 3348 2967 puto.
3399 2898 3607 2967 Quippe
3635 2897 3824 2952 chiro-

2255 2991 2514 3060 graphum
2554 2989 2680 3042 illud
2710 3004 2813 3043 non
2843 2998 2925 3043 est
2951 2988 3178 3052 diaboli;
3222 2987 3346 3056 quia
3399 2986 3820 3056 chirographum

2255 3082 2454 3135 dicitur
2491 3080 2690 3135 decreti
2722 3071 2753 3142 ;’
2798 3080 3072 3133 decretum
3129 3087 3307 3131 autem
3367 3076 3494 3128 illud
3539 3091 3644 3130 non
3695 3084 3821 3129 erat

2257 3168 2476 3230 diaboli,
2506 3168 2599 3222 sed
2627 3168 2740 3220 Dei.
2772 3167 2925 3221 Justo
2981 3181 3211 3232 namque
3253 3164 3458 3233 judicio
3493 3165 3583 3218 Dei
3631 3164 3820 3226 decre-

2258 3249 2366 3309 tum
2391 3265 2508 3310 erat
2537 3298 2551 3323 ,
2593 3265 2647 3309 et
2692 3257 2844 3324 quasi
2894 3256 3250 3324 chirographo
3300 3251 3675 3308 conﬁrmatum
3699 3256 3818 3318 ωδ,

2256 3354 2314 3398 ιιι
2346 3346 2507 3399 homo
2543 3345 2631 3412 qui
2655 3353 2845 3414 sponte
2872 3353 3188 3412 peccaverat
3215 3383 3229 3406 ,
3263 3358 3362 3397 nec
3384 3351 3661 3412 peccatum
3711 3358 3822 3398 nec

2254 3448 2466 3503 poenam
2501 3433 2702 3502 peccati
2743 3447 2838 3502 per
2869 3446 2926 3486 se
2948 3432 3118 3485 vitare
3165 3425 3347 3499 posset
3373 3449 3386 3484 :
3417 3440 3498 3484 est
3524 3432 3663 3484 enim
3709 3432 3824 3498 spi-

2255 3524 2613 3587 ritusvadena,
2664 3533 2838 3575 etnon
2895 3522 3092 3574 rediens
3147 3522 3318 3589 (Psal.
3372 3521 3710 3589 vavn,59);
3771 3531 3822 3573 et

2253 3615 2340 3683 qui
2362 3614 2486 3682 facit
2513 3622 2775 3681 peccatum
2803 3625 2979 3663 servus
3009 3619 3081 3663 est
3113 3611 3308 3677 peccati
3335 3607 3517 3677 (Jonn.
3548 3608 3820 3679 vrtt,'54);

2254 3718 2352 3757 nec
2381 3701 2469 3770 qui
2497 3699 3010 3770 peccat,impunitus
3048 3697 3203 3753 debet
3244 3696 3581 3759 dimitti,nisi
3604 3697 3838 3751 miseri?

2253 3791 2432 3845 cordia
2458 3789 2722 3856 peccatori
2743 3777 2956 3855 'parcat,
2987 3796 3042 3841 et
3080 3801 3200 3839 eum
3233 3784 3422 3838 liberet
3459 3797 3522 3837 ac
3568 3785 3820 3839 reducat.

2256 3879 2614 3945 Quamobrem
2647 3890 2741 3944 per
2763 3877 2864 3929 huc
2891 3875 3305 3943 chirographum
3339 3873 3540 3926 nullam
3583 3874 3820 3927 inveniri

2255 3981 2408 4033 posse
2437 3965 2910 4032 diabolijustitiam
2937 3963 2988 4015 in
3019 3961 3253 4014 hominis
3289 3960 3571 4014 vexatione
3592 3962 3822 4015 credere

2254 4057 2524 4108 debemus.
2558 4056 2791 4122 Denique
2814 4055 2951 4106 sicut
2978 4053 3029 4105 in
3054 4053 3189 4104 bono
3212 4050 3402 4120 angelo
3430 4050 3571 4102 nulla
3594 4052 3824 4105 omnino

2254 4153 2336 4197 est
2387 4144 2676 4212 injustitia;
2726 4144 2797 4194 ita
2850 4148 2900 4195 in
2957 4129 3097 4195 malo
3144 4139 3238 4170 ³³⁸⁸
3276 4139 3415 4192 nulla
3479 4147 3559 4192 est
3601 4138 3823 4206 penitus

2253 4236 2488 4301 justitia.
2519 4233 2658 4286 Nihil
2689 4233 2849 4300 igitur
2875 4239 3006 4285 crat-
3035 4232 3084 4284 in
3116 4229 3344 4293 diabolo,
3371 4243 3467 4282 cur
3493 4229 3629 4281 Deus
3685 4241 3821 4280 cou-

2257 4337 2336 4380 tra
2393 4326 2538 4379 illum
2589 4325 2654 4376 ad
2700 4323 3030 4376 liberandum
3085 4320 3350 4382 hominem
3415 4317 3609 4372 suanti
3664 4317 3822 4371 forti-

585 4421 686 4472 hoc
716 4419 836 4471 inde
864 4418 1078 4481 adduci,
1110 4419 1232 4487 quia
1258 4419 1434 4470 vident
1472 4417 1740 4470 hominem
1769 4417 1962 4470 diaboli
1995 4432 2153 4478 vexa-
2185 4435 2228 4491 υ
2257 4417 2440 4469 tudine
2466 4430 2566 4469 non
2604 4413 2840 4467 deberet.

1862 4577 2088 4628 VARle
2124 4575 2515 4629 LECTIONES.

653 4716 746 4797 "f’
763 4714 953 4797 _Nonue
992 4713 1081 4765 Dci
1106 4714 1483 4797 oinnlipoten't‘ia
1519 4713 1761 4797 1713.],on
1781 4713 2504 4797 nonnellensomnipoteulia
2543 4705 3203 4797 ’1‘”Die-iturhabuissevel
3230 4706 3684 4797 νῑιιεηιυβιειςιιτ
3716 4703 3830 4756 hoc

589 4783 1030 4837 modohominem
1061 4799 1183 4834 mss.
1222 4771 1367 4834 Gem.
1400 4782 1520 4833 Bcc.
1549 4793 1594 4834 et
1634 4771 1764 4832 Vict.
1795 4783 2037 4835 videatur
2061 4771 2326 4845 habuisse,
2358 4791 2408 4833 et
2439 4796 2534 4832 cur
2569 4780 2706 4831 Deus
2731 4781 2826 4830 itUt:
2850 4779 3003 4828 niodo
3027 4776 3409 4845 hominemms.
3431 4771 3552 4845 Joly
3576 4772 3827 4845 videatur

588 4851 862 4905 habuisse.
896 4861 948 4903 et
985 4867 1080 4903 cur
1126 4854 1262 4904 Deus
1304 4852 1574 4904 hominem
1649 4853 1736 4880 ""‘
1778 4851 2052 4905 Liberaret
2097 4869 2217 4904 mss.
2261 4839 2386 4902 Vict.
2432 4848 2737 4900 liberaverit
2813 4848 2902 4875 “3’
2941 4846 3174 4914 Fecisset
3209 4843 3278 4914 illi
3319 4859 3414 4893 ms.
3456 4839 3826 4914 Joly‘l'ecisse

592 4921 666 4973 illi
745 4921 836 4950 ³³⁵³
869 4921 997 4972 Nam
1038 4922 1080 4972 si
1117 4921 1225 4981 ipse
1252 4921 1496 4973 diabolus
1526 4937 1647 4973 mss.
1689 4937 1809 4972 nam
1849 4921 1890 4973 si
1927 4921 2166 4973 diabolus
2244 4919 2335 4949 ’ω
2376 4918 2484 4968 Nisi
2517 4917 2604 4968 Dei
2639 4933 2732 4966 ms.
2771 4915 2892 4981 Joly
2925 4914 3023 4965 nisi
3064 4914 3112 4963 in
3143 4912 3234 4962 Dei
3265 4918 3550 4981 potestate
3599 4907 3691 4936 ’m

597 4936 665 4973 1111
745 4936 836 4950 “"
869 4936 997 4972 nam
1038 4938 1080 4972 Sl
1117 4936 1225 4974 rise
1252 4936 1496 4973 (ttanolus
1526 4937 1647 4973 mss.
1689 4937 1809 4972 nam
1849 4937 1889 4973 SI
1927 4936 2166 4973 t‘ttttDOIus
2245 4936 2335 4949 “"
2376 4936 2484 4968 NSI
2517 4936 2604 4968 UCI
2639 4936 2732 4966 ms.
2771 4936 2892 4981 JOty
2926 4936 3023 4965 ιιιδι
3064 4936 3112 4963 ιιι
3144 4936 3234 4962 uel
3265 4936 3526 4976 pou-sinu:
3724 4936 3821 4958 ulc

597 4999 771 5042 tamen
805 5004 924 5042 eum
953 4991 1076 5039 mss.
1113 4936 1244 5040 ilict.
1273 5000 1317 5040 et
1343 4988 1465 5056 .Ioly
1491 4999 1535 5041 et
1569 4991 1750 5040 (Σξδιρν.
1796 4991 1906 5056 ipse
1941 5000 2115 5043 tamen
2158 4990 2302 5040 illum
2380 4987 2469 5016 ²²³⁶
2502 4987 2627 5049 Quae
2657 4985 2791 5056 nulla
2823 4986 2981 5036 etiam
3015 4997 3137 5032 mss.
3178 4994 3279 5044 qua
3305 4977 3446 5056 _m_ala
3483 4976 3641 5028 etiam

589 5057 919 5109 l’nssidcndo
945 5058 1158 5111 homine
1189 5075 1309 5109 mss.
1344 5043 1473 5109 νίεῖ.
1500 5071 1543 5109 et
1569 5057 1623 5110 S.
1653 5043 1825 5110 Illic/1..
1839 5061 2157 5126 possidendo
2188 5059 2457 5110 hominem
2513 5043 2629 5126 "’9‘?
2652 5052 2729 5126 0h
2753 5055 2851 5105 hoc
2875 5061 2960 5103 aut
2987 5065 3088 5101 non
3118 5043 3238 5126 mss.
3268 5049 3332 5099 ob
3359 5048 3457 5098 hoc
3489 5059 3514 5095 a
3541 5058 3643 5126 non

595 5126 890 5177 Percussus
921 5128 1028 5190 (qui
1066 5142 1169 5179 non
1201 5127 1357 5178 debet
1403 5143 1459 5179 se
1489 5129 1763 5180 vindicare
1795 5111 2058 5194 percutiat
2097 5144 2217 5178 mss.
2267 5139 2552 5193 percussus
2583 5122 2852 5174 vin’dirare
2882 5136 2947 5194 _se_
2979 5135 3080 5170 non
3105 5118 3380 5194 _dcbel,.et
3419 5113 3660 5194 percutit
3703 5111 3825 5194 1‘”

595 5178 1023 5260 llupercntichtis
1067 5213 1190 5247 mss.
1241 5194 1371 5246 Vict.
1421 5178 1464 5246 et
1497 5178 1996 5264 Jolyrpcrctitientis
2069 5197 2157 5225 ¹¹³¹
2188 5178 2353 5259 ρυῖιιιι
2393 5194 2698 5257 contingere
2745 5189 2982 5264 ms.Jely
3030 5187 3149 5264 quia
3188 5178 3498 5264 contingere
3568 5181 3660 5210 ²²⁵²

590 5248 804 5330 quoque
834 5264 991 5314 modo
1020 5264 1261 5316 diabolus
1293 5280 1394 5316 non
1420 5266 1562 5330 juste
1589 5248 1803 5317 “ilicitnr
1829 5280 2018 5316 vexare
2049 5282 2168 5317 mss.
2199 5248 2304 5316 hoc
2335 5265 2511 5325 itaque
2549 5248 2984 5330 nimiodiahnln}
3028 5248 3222 5307 dicitur
3262 5248 3402 5330 juste
3435 5248 3822 5330 _vcxare”_’.’:'

595 5315 764 5382 l'lnm'o
796 5333 892 5384 hoc
919 5332 1058 5397 juste
1102 5349 1224 5383 mss.
1491 5315 1535 5386 et
1571 5315 1841 5385 sQMic/n
1869 5315 2199 5401 lioniojnstc
2273 5334 2363 5361 ’³⁵³
2403 5315 2782 5397 (ἷιιγιωενιινιιο
2836 5327 3208 5380 Conlirnmtuut
3255 5315 3376 5374 odit.
3435 5318 3609 5372 Venet.
3653 5315 3816 5369 1547.

591 5403 1022 5467 thyrographnm
1050 5405 1422 5454 conlirniatnin
1503 5407 1595 5433 “5"
1625 5403 1676 5453 In
1709 5405 1846 5454 malo
1868 5419 1986 5455 mss.
2017 5404 2085 5452 ita
2115 5403 2163 5454 in
2194 5401 2328 5452 malo
