4226 6196
419 287 519 343 569
1181 343 1183 345 ,

396 386 404 391 ’
974 401 1210 459 CAPUT
1264 404 1390 457 an

418 533 688 598 Quomodo
720 532 835 587 licet
863 534 1103 599 humilia,
1136 552 1252 603 qum
1271 536 1489 589 dicimus
1517 540 1581 590 de
1621 540 1844 604 Christo,
1873 560 1973 597 non

486 614 773 669 pertineant
797 604 863 655 ad
898 604 1239 665 divinitatem,
1292 615 1464 659 tamen
1490 608 1589 639 ²²⁸⁶
1613 611 1976 665 inconveniens

487 671 719 724 ridentur
747 670 1040 737 inﬁdelibus
1070 688 1131 725 ea
1155 673 1219 723 de
1246 672 1333 724 illo
1358 674 1461 726 dici
1484 679 1771 731 secundum
1799 681 1972 732 homi-

483 755 642 791 nem:
672 749 719 790 et
760 740 896 805 unde
945 737 1047 793 illis
1089 743 1323 795 videnlur
1352 743 1443 774 “"
1474 746 1611 798 idem
1667 746 1819 801 homo
1872 766 1974 802 non

426 834 429 835 ν
484 821 666 876 sperne
685 816 923 861 mortuus
945 824 1071 862 esse.

485 938 617 992 Aac.
646 938 904 995 Sullicere
932 940 1086 996 nobis
1128 942 1285 997 debet
1322 944 1389 997 ad
1417 947 1681 1002 rationem
1732 948 1980 1004 voluntas

417 1027 537 1090 Dei,
575 1044 698 1082 cum
720 1028 920 1096 aliquid
947 1028 1095 1097 facit,
1136 1031 1262 1086 licet
1299 1048 1405 1086 non
1448 1035 1727 1091 videamus
1771 1051 1870 1091 cur
1907 1038 1978 1091 ita

416 1116 546 1176 velit
565 1117 660 1156 9'“
688 1116 990 1173 :~-\toluntas
1036 1134 1269 1190 namque
1291 1122 1385 1177 Dei
1415 1139 1689 1193 nunquam
1738 1136 1823 1181 est
1847 1128 1977 1181 irra-

417 1200 711 1262 tiona‘bilis.
741 1206 867 1262 Bos.
908 1208 1102 1263 Veram
1133 1219 1236 1274 est,
1271 1212 1313 1264 si
1346 1222 1557 1266 constat
1582 1215 1744 1268 Deum
1773 1215 1824 1268 id
1847 1215 1979 1270 wlle

418 1296 561 1349 unde
600 1297 779 1365 agitur
808 1315 823 1348 :
871 1312 1205 1367 nequaquam
1236 1303 1396 1354 enim.
1428 1305 1783 1371 acquiescant
1819 1306 1976 1360 nmlti

415 1384 587 1442 Deum
631 1390 830 1457 aliquid
878 1390 1030 1455 velle,
1080 1392 1127 1446 si
1158 1392 1349 1445 rationi
1411 1406 1709 1462 repugnare
1772 1395 1981 1449 videtur

416 1478 532 1531 'm.
554 1479 681 1535 Axs.
703 1477 839 1556 om
880 1481 976 1534 tibi
1008 1481 1218 1534 videtur
1240 1496 1538 1550 repugnare
1588 1484 1807 1550 rationi,
1857 1499 1977 1538 eum

419 1569 590 1623 Deum
641 1586 705 1625 ea
745 1571 977 1631 voluisse
1020 1572 1253 1626 fatemur
1296 1589 1415 1642 quae
1458 1576 1525 1629 de
1564 1577 1679 1645 ejus
1730 1578 2012 1633 incarna-'

416 1658 567 1714 tione
584 1660 883 1713 credimus.
909 1659 1035 1715 Bos.
1063 1660 1381 1716 Utbreviter
1402 1664 1573 1718 dicam
1604 1679 1619 1716 :
1644 1665 1975 1719 Altissimum

1533 296 1667 352 con
1710 300 1885 355 DEUS
1926 302 2136 360 nono.
2165 336 2233 346 -
2262 305 2389 361 ue.
2432 305 2477 359 l.
2526 287 2535 291 “

2005 419 2050 471 A
2077 415 2193 481 t-jus
2216 427 2377 486 atque
2400 416 2705 483 justitiam?
2735 414 2859 468 Axs.
2890 413 3031 467 Deus
3062 412 3222 466 Pater
3252 427 3356 466 non
3384 416 3637 481 quemad—

3537 301 3642 355 370

2082 508 2296 560 modum
2328 507 2527 561 videris
2548 505 2864 574 intelligere,
2888 504 3157 558 hominem
3191 504 3335 557 illum
3370 502 3644 569 tractavit,

2080 605 2174 650 aut
2224 597 2561 650 innocentem
2594 609 2689 663 pro
2741 602 2968 647 nocente
3019 594 3179 647 morti
3230 594 3468 648 tradidit.
3526 594 3642 647 Non

2080 683 2225 740 enim
2245 700 2367 740 eum
2396 686 2620 739 invitum
2648 684 2715 737 ad
2757 691 2985 737 mortem
3015 683 3101 737 ille
3123 674 3318 754 coegit,
3351 694 3445 738 aut
3473 685 3646 739 occidi

2081 772 2361 842 permisit;
2411 776 2505 829 sed
2552 774 2693 829 idem
2744 773 2858 844 ipse
2894 781 3087 841 sponte
3114 789 3226 827 .sua
3275 775 3368 805 ²¹⁶⁶
3414 784 3643 831 mortem

2082 866 2360 932 sustinuit,
2389 874 2449 920 ut
2473 866 2717 920 homines
2766 865 3029 937 salvaret.
3064 863 3191 920 Bos.
3256 866 3479 921 Etiamsi
3536 881 3644 919 non

2083 955 2328 1017 invitum,
2355 953 2613 1023 quoniam
2642 953 2927 1007 voluntati
2974 940 3159 1008 Patris
3209 956 3481 1009 consensit
3529 954 3646 1021 ω’.

2078 1044 2472 1113 quodammodo
2492 1050 2666 1097 tamen
2690 1042 2843 1095 illnm‘
2853 1042 3089 1112 coegisse
3104 1042 3316 1097 videtur
3337 1043 3651 1112 prmcipien‘

2081 1134 2169 1187 do.
2197 1134 2401 1188 Dicitur
2444 1133 2586 1187 enim
2614 1132 2739 1202 quia
2783 1130 3032 1189 Christus
3074 1132 3364 1187 humiliavit
3406 1135 3641 1203 semetip-

2050 1262 2051 1265 η
2080 1241 2195 1279 sum
2219 1263 2235 1289 ,
2259 1224 2427 1293 factus
2458 1222 2696 1276 obediens
2744 1222 2890 1276 Patri
2916 1237 3077 1291 usque
3099 1222 3167 1275 ad
3218 1232 3453 1287 mortem,
3513 1239 3647 1277 mor-

2080 1323 2180 1367 tem
2193 1325 2363 1367 autem
2381 1313 2570 1366 crucis.
2587 1309 2807 1379 Propter
2829 1312 2967 1380 quod
2995 1322 3042 1365 et
3079 1311 3218 1365 Deus
3242 1311 3389 1364 illum
3402 1313 3649 1366 exultauit

2081 1402 2299 1472 (Philip.
2318 1419 2378 1466 tt,
2415 1403 2575 1471 8);et
2595 1401 2721 1471 quia
2752 1401 2932 1454 didicit
2970 1400 3310 1454 obedientiam
3340 1418 3404 1454 ea:
3424 1402 3503 1454 his
3532 1418 3651 1472 qua:

2078 1506 2263 1559 passus
2284 1500 2357 1544 est
2413 1489 2599 1557 (Hebr.
2623 1490 2845 1561 v,8),et
2861 1490 2986 1557 quia
3006 1489 3222 1558 prapria
3251 1488 3389 1542 Filio
3425 1507 3521 1544 suo
3549 1508 3650 1544 non

2081 1582 2300 1651 pepercit
2314 1580 2492 1643 Pater,
2514 1580 2606 1633 sed
2628 1596 2720 1648 pro
2745 1580 2887 1633 nobis
2901 1579 3138 1633 omnibus
3165 1578 3382 1631 tradidit
3395 1579 3490 1610 ’³⁸⁸
3502 1580 3651 1634 illum

2081 1670 2261 1741 (Rom.
2287 1688 2403 1738 vm,
2424 1670 2536 1741 32).
2567 1670 2633 1724 Et
2657 1670 2796 1723 idem
2822 1669 2987 1723 Filius
3009 1670 3137 1724 dicit
3161 1688 3173 1722 :
3197 1669 3318 1724 Non
3335 1671 3450 1724 veni
3472 1669 3652 1724 volun-

410 1750 483 1802 ad
510 1760 618 1804 tam
656 1750 873 1804 humilia
895 1751 1167 1815 inclinari,
1190 1753 1609 1821 omnipotentem
1668 1756 1868 1825 aliquid
1897 1757 1976 1809 fa-
2005 1764 2050 1824 Β
2081 1770 2236 1815 tatem
2261 1760 2425 1815 meum
2457 1761 2646 1828 facere,
2676 1759 2766 1813 sed
2795 1758 3113 1813 voluntatem
3156 1759 3268 1827 ejus
3297 1760 3386 1829 qui
3408 1760 3547 1813 misit
3573 1776 3652 1814 me

414 1853 544 1893 cere
563 1852 683 1893 cum
708 1846 859 1893 tanto
884 1839 1087 1894 labore.
1109 1842 1236 1895 Aas.
1262 1841 1364 1907 Qui
1412 1844 1512 1897 hoc
1539 1845 1722 1897 dicunt
1748 1861 1850 1899 non
1897 1846 1980 1899 in-

418 1928 664 1997 telligunt
709 1929 851 1996 quod
907 1930 1195 2003 credimus.
1254 1930 1496 1984 Divinam
1547 1933 1691 1986 enim
1728 1942 1975 1988 naturam

337 2035 340 2038 ’
414 2016 621 2086 absque
644 2017 805 2073 dubio
835 2018 1552 2088 asserimusimpassibilem,
1585 2037 1684 2075 nec
1712 2022 1980 2077 ullatenus

415 2121 582 2176 posse
606 2122 635 2173 a
675 2122 774 2164 sua
806 2108 1121 2163 celsitudine
1162 2110 1469 2176 humiliari,
1523 2125 1620 2165 nec
1652 2111 1705 2165 in
1735 2127 1801 2167 eo
1836 2114 1978 2181 quod

413 2183 745 2263 vultit'aeerc,
787 2198 991 2253 labore.
1017 2198 1122 2254 Sed
1164 2198 1447 2254 Dominum
1490 2198 1671 2255 Iesum
1706 2201 1979 2257 Christum
2022 2238 2028 2245 ς

416 2287 649 2342 dicimus
684 2288 851 2342 Deum
892 2302 1102 2353 verum,
1138 2297 1192 2341 et
1226 2304 1411 2343 verum
1459 2291 1758 2357 hominem;
1816 2307 1977 2346 unam

415 2392 702 2448 personam
752 2378 804 2431 in
842 2379 1049 2432 duabus
1097 2368 1426 2443 naturis,-et
1474 2381 1607 2434 duas
1666 2392 1886 2436 naturas
1928 2384 1979 2435 in

420 2482 526 2519 una
554 2480 802 2535 persona.
827 2466 1183 2535 Quapropter,
1209 2482 1330 2520 cum
1384 2468 1613 2524 dicimus
1663 2468 1830 2533 Deum
1881 2470 1978 2523 ali-

422 2553 552 2621 quid
579 2554 777 2607 humile
824 2564 923 2608 aut
970 2554 1240 2607 inﬁrmum
1276 2554 1409 2623 pati,
1444 2571 1551 2608 non
1600 2556 1701 2627 hoc
1738 2557 1983 2627 intelligi-

425 2644 552 2696 ntus
581 2640 872 2697 secundum
920 2642 1304 2697 sublimitatem
1348 2644 1690 2713 impassibilis
1740 2654 1977 2709 naturai;

416 2731 517 2786 sed
563 2733 859 2786 secundum
914 2731 1280 2786 inﬁrmitatem
1349 2733 1595 2788 humanze
1665 2735 1981 2790 substantiae

419 2836 582 2890 quam
607 2822 856 2888 gerebat;
889 2830 945 2875 et
976 2821 1054 2875 sic
1067 2822 1397 2876 nostmﬁdei
1424 2824 1566 2878 nulla
1600 2826 1736 2879 ratio
1759 2827 1979 2881 obviare

418 2910 786 2976 cognoscitur.
820 2910 912 2965 Sic
931 2911 1074 2964 enim
1102 2910 1298 2963 nullam
1325 2913 1517 2965 divin:e
1567 2914 1885 2967 substantia:
1908 2918 1980 2968 si-

316 3027 324 3033 ς
414 2993 735 3065 gniﬁcamus
768 2996 1266 3061 hatnilitatem;sed
1312 3013 1470 3050 unam
1506 2999 1597 3051 Dei
1651 3008 1705 3053 et
1750 3001 1979 3055 hominis

417 3092 783 3142 monstramus
813 3100 932 3138 esse
955 3099 1259 3153 personam.
1302 3085 1416 3139 Non
1445 3102 1571 3155 ergo
1618 3089 1668 3141 in
1722 3091 1975 3143 incarna-
2011 3084 2056 3144 C

420 3175 572 3229 tione
593 3174 683 3204 ’⁸⁵⁸
709 3172 798 3226 Dei
828 3173 1100 3228 humilitas
1134 3175 1247 3243 ejus
1286 3176 1388 3228 ulla
1437 3179 1749 3247 intelligitur
1806 3181 1975 3245 facta;

422 3264 521 3319 sed
543 3273 735 3317 natura
757 3264 990 3318 hominis
1037 3267 1277 3321 creditur
1318 3269 1569 3322 exaltata.
1605 3270 1728 3321 Bos.
1764 3270 1837 3322 lta
1862 3271 1925 3324 sit
1963 3288 1973 3321 :

422 3353 558 3409 nihil
587 3354 875 3423 imputetur
904 3350 1319 3409 divirm’naturaz
1360 3356 1499 3423 quod
1552 3357 1845 3411 secundum
1901 3358 1980 3410 in-

420 3443 730 3499 ﬁrmitatem
764 3434 994 3497 hominis
1018 3445 1083 3498 de
1101 3445 1312 3500 Christo
1340 3446 1567 3510 dicitur;
1611 3463 1795 3501 verum
1842 3463 1979 3515 quo-

420 3531 583 3585 modo
631 3531 721 3563 ¹¹⁶⁸
763 3530 963 3597 justum
1016 3539 1110 3584 aut
1156 3534 1470 3588 rationabile
1520 3536 1735 3605 probari
1781 3537 1979 3604 poterit

419 3618 548 3686 quia
571 3617 712 3672 Deus
732 3618 1001 3673 hominem
1033 3620 1201 3687 illttm,
1238 3635 1395 3690 quem
1421 3622 1579 3676 Pater
1605 3622 1977 3677 Filiunrsuum

419 3707 697 3771 dilectum,
746 3709 800 3761 in
832 3725 932 3777 quo
961 3709 1061 3761 sibi
1089 3710 1211 3762 bene
1257 3708 1563 3777 complacuit
1616 3712 1827 3781 (Matth.
1872 3714 1980 3776 'xtt,

425 3796 536 3863 l8),
562 3795 791 3858 vocavit,
817 3803 869 3847 et
895 3809 1054 3863 quem
1092 3795 1258 3849 Filius
1303 3797 1538 3865 seipsum
1586 3799 1733 3863 fecit,
1772 3799 1850 3852 sic
1878 3807 1983 3852 tra-

328 3876 329 3879 “
423 3882 594 3935 etavit
633 3890 725 3935 aut
774 3890 908 3935 tract
933 3882 992 3935 ιτί
1046 3884 1322 3950 permisit?
1358 3883 1485 3949 Qua:
1542 3894 1719 3938 autem
1774 3886 2004 3954 justitia.

380 3980 510 4034 ,εει
536 3970 805 4024 hominem
855 3972 1096 4023 omnium
1150 3972 1502 4038 iustissimum
1557 3980 1714 4028 morti
1775 3976 1983 4029 tradere

426 4072 529 4125 pro
551 4056 644 4088 ²²⁸²
675 4059 994 4126 peccatore?
1022 4059 1153 4124 Quis
1179 4060 1355 4125 homo,
1382 4064 1425 4114 si
1455 4062 1789 4117 innocentem
1841 4066 1986 4117 dam-

425 4156 582 4206 naret
604 4134 664 4201 ut
700 4157 979 4203 nocentem
1005 4148 1297 4212 liberaret,
1344 4150 1678 4206 damnandus
1714 4168 1815 4205 non
1840 4152 1984 4220 judi-

423 4236 675 4291 caretur?
711 4236 791 4290 Ad
813 4235 950 4291 idem
980 4236 1123 4289 enim
1154 4252 1241 4291 res
1278 4237 1372 4268 ’³³³
1400 4239 1589 4303 deduci
1636 4241 1844 4294 videtur
1904 4242 1985 4294 in-

425 4326 773 4387 conveniens,
808 4325 949 4393 quod
976 4340 1134 4387 supra
1176 4328 1374 4380 dictum
1419 4338 1520 4383 est.
1552 4329 1685 4382 Nam
1734 4332 1779 4384 si
1827 4332 1984 4385 aliter

2084 1850 2265 1922 (Joan.
2287 1867 2360 1915 γι,
2396 1851 2514 1921 58).
2562 1849 2629 1904 Et
2655 1851 2828 1904 iturus
2856 1852 2923 1905 ad
2965 1852 3271 1921 passionem
3303 1850 3434 1904 dicit
3462 1867 3476 1903 :
3508 1849 3651 1924 Sicut

2082 1938 2385 1992 mandatum
2419 1939 2556 1993 dedit
2582 1936 2902 2001 mihiPater,
2932 1940 3006 1990 sic
3018 1938 3157 2005 facio
3180 1936 3362 2006 (Joan.
3392 1952 3503 2000 xw,
3533 1939 3649 2005 51).

2081 2025 2211 2082 item
2237 2042 2253 2081 :
2279 2027 2504 2082 Calicem
2547 2044 2697 2097 quem
2741 2028 2882 2080 dedit
2930 2026 3059 2079 mihi
3109 2023 3287 2089 Pater,
3335 2041 3439 2078 non
3480 2026 3649 2080 bibant

2081 2113 2471 2187 illum.’(loan.
2507 2133 2659 2185 xvm,
2680 2118 2794 2186 ii.)
2824 2117 2887 2170 Et
2918 2116 3042 2169 alibi
3075 2116 3168 2147 "”
3200 2133 3215 2169 :
3250 2115 3431 2182 Pater,
3457 2117 3504 2170 si
3527 2133 3651 2185 pos-

2082 2203 2228 2256 sibile
2251 2213 2344 2267 est,
2383 2196 2613 2258 transeat
2655 2222 2693 2257 α
2719 2220 2796 2258 me
2822 2203 2961 2256 calix
2992 2202 3122 2267 iste;
3167 2212 3516 2255 verumtamen
3550 2217 3654 2255 non

2082 2296 2214 2349 sicut
2230 2312 2322 2364 ego
2341 2297 2469 2359 volo,
2486 2299 2573 2351 sed
2590 2301 2723 2350 sicut
2736 2309 2795 2349 tu
2815 2295 3029 2366 (Matth.
3047 2311 3194 2361 XXVI,
3210 2295 3323 2365 59).
3340 2294 3610 2349 Etiterum
3636 2313 3651 2347 :

2084 2384 2266 2451 Pater,
2298 2388 2344 2440 si
2373 2403 2474 2441 non
2497 2397 2659 2457 potest
2711 2389 2795 2441 hic
2841 2386 2979 2440 calix
3017 2387 3261 2453 transire,
3326 2386 3427 2439 nisi
3483 2386 3653 2439 bibam

2082 2475 2255 2541 illum,
2272 2476 2365 2543 ﬁat
2381 2476 2619 2529 voluntas
2644 2488 2735 2530 tua
2757 2476 2806 2545 (1
2813 2477 2940 2541 bid.,
2970 2475 3081 2543 42).
3112 2475 3167 2529 In
3181 2475 3265 2530 his
3292 2475 3541 2530 omnibus
3560 2475 3652 2505 ’³⁷⁸

2083 2565 2201 2632 plus
2253 2562 2463 2619 videtur
2509 2564 2757 2619 Christus
2816 2563 3118 2618 obedientia
3151 2570 3416 2631 cogente,
3490 2578 3652 2631 quam

2084 2660 2379 2722 spontanea
2400 2652 2674 2707 voluntate
2709 2651 3023 2720 disponente
3061 2659 3289 2705 mortem
3313 2651 3648 2705 sustinuisse.

2686 2783 2912 2840 CAPUT
2962 2784 3054 2839 IX.

2088 2898 2238 2962 Quod
2273 2907 2452 2965 sponte
2478 2906 2714 2951 mortuus
2740 2896 2829 2959 sit;
2858 2904 2905 2948 et
2927 2894 3052 2965 quid
3083 2895 3168 2957 sit,
3186 2893 3361 2947 iactus
3403 2902 3489 2947 est
3511 2894 3647 2965 ohe-

2158 2964 2309 3020 diens
2332 2981 2501 3035 usque
2539 2967 2604 3035 ad
2654 2974 2881 3018 mortem
2903 2980 2923 3027 ;«
2964 2972 3034 3035 et,
3066 2970 3284 3035 propter
3332 2968 3472 3035 quod
3510 2964 3649 3014 Dens

2160 3035 2309 3087 illum
2333 3030 2591 3086 exultavit
2616 3049 2631 3095 ;
2662 3042 2731 3095 et,
2758 3049 2863 3086 non
2891 3032 3036 3084 venit
3068 3030 3269 3083 iacere
3317 3030 3649 3082 voluntatem

2160 3116 2331 3155 meam
2356 3118 2369 3165 ;
2405 3112 2472 3165 et,
2498 3099 2713 3168 proprio
2740 3100 2873 3153 Filio
2897 3115 2994 3153 suo
3040 3115 3142 3151 non
3168 3098 3404 3166 pepercit
3434 3100 3547 3162 "";
3579 3109 3654 3162 ct,

2158 3186 2265 3225 non
2298 3171 2433 3222 sicut
2456 3185 2555 3237 ego
2581 3168 2720 3231 volo,
2746 3170 2835 3222 sed
2862 3169 3003 3221 sicut
3026 3175 3078 3220 tu
3110 3169 3188 3219 vis
3210 3168 3322 3218 “7‘.

2156 3257 2282 3310 Axs.
2318 3255 2383 3310 Ut
2418 3256 2546 3308 mihi
2582 3254 2791 3309 tidetur
2814 3295 2829 3319 ,
2879 3269 2983 3307 non
3024 3254 3159 3306 bene
3205 3253 3467 3306 discernis
3514 3252 3650 3305 inter

2086 3346 2189 3399 hoc
2241 3345 2383 3412 quod
2426 3342 2555 3396 fecit
2601 3344 2849 3409 exigente
2889 3341 3223 3405 obedientia;
3275 3349 3327 3395 et
3360 3340 3499 3409 quod
3548 3340 3650 3393 sibi

2086 3433 2307 3499 factum,
2366 3436 2489 3502 quia
2539 3432 2775 3486 servavit
2817 3431 3199 3493 obedientiam,
3261 3430 3646 3486 sustinuitnon

2084 3524 2333 3592 exigente
2381 3522 2705 3577 obedientia.
2757 3518 2878 3575 Dos.
2932 3519 3163 3573 Necesse
3216 3520 3385 3573 habeo
3439 3527 3497 3572 ιιι
3551 3519 3649 3571 hoc

2085 3614 2321 3681 apertius
2365 3626 2619 3678 exponas.
2676 3609 2800 3660 Axs.
2868 3609 2975 3661 Cur
3029 3607 3295 3683 persecuti
3351 3614 3475 3658 sunt
3523 3620 3646 3658 eum

2085 3701 2251 3755 J'udcei
2297 3716 2464 3769 ttsque
2496 3700 2561 3752 ad
2615 3699 2884 3751 mortem?
2933 3697 3052 3750 Bos.
3104 3696 3217 3748 Non
3249 3697 3318 3747 oh
3364 3696 3507 3747 aliud
3552 3694 3651 3746 nisi

2085 3792 2211 3859 quia
2252 3774 2537 3843 veritatem
2578 3796 2631 3841 et
2670 3788 2937 3856 justitiam
2991 3786 3216 3840 vivendo
3276 3794 3329 3838 ct
3380 3784 3648 3851 loquendo

2088 3880 2534 3937 indeclinabiliter
2583 3878 2817 3932 tenebat.
2892 3878 3018 3930 Axs.
3051 3875 3162 3930 lloc
3194 3884 3322 3943 puto
3351 3875 3475 3942 quia
3510 3874 3648 3927 Deus

2086 3970 2152 4023 ab
2198 3962 2341 4022 Omni
2409 3967 2658 4021 rationali
2717 3975 2966 4020 creatura
3036 3965 3199 4033 exigit
3242 3984 3256 4031 ς
3302 3973 3355 4016 et
3414 3964 3515 4015 hoc
3565 3961 3653 4014 ill-.1

2085 4056 2549 4127 perobedientiam
2585 4057 2691 4109 Deo
2708 4054 3025 4109 debet.Dos.
3059 4054 3150 4108 Sic
3180 4067 3276 4107 nos
3305 4052 3455 4104 fateri
3490 4066 3644 4119 epor-
3732 4120 3733 4123 η

2088 4155 2181 4198 tet.
2220 4146 2349 4199 Axs.
2373 4143 2520 4197 lianc
2551 4145 2712 4211 igitur
2738 4142 3099 4195 obedientiam
3132 4140 3357 4194 debebat
3384 4139 3543 4191 homo
3566 4134 3651 4185 illo

2088 4236 2194 4287 Deo
2238 4233 2429 4296 Patri,
2490 4241 2544 4284 et
2577 4232 2879 4284 humanitas
2931 4229 3230 4291 divinitati;
3284 4236 3336 4281 et
3392 4228 3527 4278 hanc
3580 4226 3646 4275 ah

2088 4322 2175 4377 illo
2202 4322 2449 4389 exigebat
2494 4320 2673 4373 Pater.
2704 4319 2823 4371 Bos.
2853 4317 2961 4372 lloc
3000 4317 3125 4370 nulli
3157 4316 3372 4368 dubium
3403 4313 3496 4344 ²¹⁷³
3543 4323 3647 4365 est.

423 4422 733 4479 peccatores
776 4429 879 4467 non
920 4415 1089 4480 potuit
1126 4415 1335 4469 salvare
1384 4432 1541 4485 quam
1586 4416 1787 4484 justum
1827 4420 1980 4473 dam-
2017 4395 2062 4449 θ
2089 4414 2212 4465 Axs.
2243 4411 2379 4463 Ecce
2401 4409 2565 4462 habes
2585 4408 2711 4476 quid
2732 4408 2857 4460 fecit
2882 4407 3131 4475 exigente
3163 4404 3489 4458 obedientia.
3524 4402 3646 4456 llos.

423 4501 623 4561 nando.
646 4502 734 4556 ubi
775 4513 855 4556 est
877 4504 993 4571 ejus
1036 4506 1423 4572 omnipotentia
1451 4507 1584 4559 ἐθδῖ
1634 4507 1692 4560 Si
1729 4523 1854 4561 vero
1887 4524 1977 4577 po.

422 4591 546 4656 tuit,
572 4592 660 4645 sed
685 4593 977 4655 noluitm’,
1008 4595 1272 4659 quomodo
1293 4594 1637 4650 defendemus
1663 4598 1978 4665 sapientiam

2092 4501 2285 4555 Verum
2314 4508 2421 4565 est;
2451 4507 2506 4552 et
2527 4498 2636 4568 jam
2664 4497 2815 4552 video
2847 4497 2942 4529 m‘
2970 4496 3062 4564 qui
3118 4495 3217 4548 sibi
3268 4494 3495 4555 illatum,
3524 4492 3647 4559 quia

2086 4592 2380 4650 obedicndo
2414 4589 2773 4663 perseveravit
2808 4627 2822 4652 ,
2891 4586 3159 4642 sustinuit.
3213 4583 3342 4636 Nam
3365 4583 3507 4635 illata
3570 4591 3653 4633 est

1694 4788 1922 4842 vanth
1963 4742 2357 4863 Lacrimas.

491 4938 586 5009 ’Ψ
613 4954 737 5009 mss.
764 4937 898 5008 Vict.
918 4947 965 4992 et
984 4939 1105 5009 loty
1124 4944 1287 4994 omitt.
1310 4950 1485 4995 tamen
1560 4925 1892 4995 ""Videtur
1913 4958 2036 4993 mss.
2062 4941 2196 4991 Vict.
2218 4939 2398 5007 etJoly
2417 4938 2659 4991 videatur
2731 4941 2823 4971 "‘3
2840 4941 2946 4993 Cur
2973 4943 3043 4993 ita
3072 4942 3198 4994 velit
3228 4957 3366 5009 intss.
3398 4955 3501 5009 cur
3524 4942 3648 4993 velit

421 5010 518 5070 ω’
548 5008 604 5079 Si
632 5008 823 5079 rationi
854 5008 1149 5079 repugnare
1184 5010 1392 5063 videtur
1420 5028 1542 5065 mss.
1568 5012 1611 5065 si
1634 5013 1767 5064 ratio
1786 5024 2081 5079 repugnare
2113 5010 2321 5061 videtur
2392 5008 2483 5079 ηαξ)
2507 5008 2643 5075 Ergo
2668 5010 3036 5079 incarnatione
3068 5027 3187 5063 mss.
3225 5008 3353 5061 Vict.
3378 5020 3433 5079 et
3466 5008 3653 5062 Cister.

420 5094 552 5146 ergo
582 5077 632 5147 in
652 5077 1023 5147 incarnatione
1093 5079 1183 5109 ¹²⁶¹
1211 5079 1564 5132 Verumtamen
1588 5077 1854 5147 quomodo
1881 5077 2003 5131 mss.
2034 5093 2217 5131 verum
2245 5077 2510 5147 quomodo
2583 5078 2855 5147 “‘"Morti
2880 5080 3092 5147 tradere
3112 5094 3204 5145 pro
3227 5095 3322 5147 ms.
3356 5078 3477 5144 .loty
3516 5081 3652 5131 nutri

421 5144 523 5214 pro
595 5144 687 5173 m’
732 5146 810 5214 Ad
843 5146 978 5197 idem
1012 5161 1149 5214 (ergo
1172 5162 1256 5199 res
1287 5164 1409 5200 mss.
1440 5150 1502 5201 ad
1548 5144 1683 5201 idem
1720 5163 1801 5202 res

1871 5148 1962 5178 """
1994 5147 2087 5201 Est
2113 5146 2497 5213 omnipotentia
2526 5163 2621 5200 ms.
2666 5146 2810 5200 Gem.
2852 5148 2969 5199 Bec.
3017 5146 3143 5198 Vict.
3190 5157 3237 5197 et
3275 5144 3399 5212 Joly
3430 5156 3511 5201 est
3541 5148 3654 5211 ejus

421 5212 807 5283 utnnipotcntia
880 5214 969 5283 "f3
994 5212 1286 5283 Setinoluit
1317 5232 1329 5265 :
1368 5218 1632 5283 quomodo
1662 5233 1783 5267 mss.
1828 5216 1959 5268 Vict.
1995 5218 2076 5268 15.
2108 5212 2457 5280 Joly,t.’ister.
2486 5230 2588 5267 non
2611 5217 2773 5270 voluit
2801 5234 2812 5267 :
2839 5217 3102 5283 quomodo
3172 5216 3265 5246 ηδε
3289 5216 3484 5281 Sponte
3504 5232 3656 5268 suam

424 5297 549 5333 mss.
574 5278 719 5350 :Vict.
750 5278 897 5350 (ient.
915 5280 1034 5350 Bec.
1067 5280 1251 5335 Cister.
1284 5278 1468 5349 sponte
1499 5303 1592 5338 sua
1668 5287 1757 5315 "'3"
1783 5285 1958 5338 Patris
1982 5278 2249 5339 consentit
2322 5284 2414 5313 ²²⁰⁸
2439 5283 2541 5335 Pro
2568 5286 2718 5338 nobis
2742 5278 2987 5337 omnibus
3009 5285 3226 5338 tradidit
3249 5278 3340 5335 ms:
3363 5284 3484 5350 Jo.’y
3503 5288 3630 5335 omit

422 5348 670 5419 omnibus
862 5349 950 5419 _7Et
996 5351 1117 5403 alibi
1145 5367 1240 5403 ms.
1267 5351 1388 5419 Joty
1418 5357 1560 5403 omit.
1592 5355 1716 5407 alibi
1746 5370 1839 5406 ms.
1872 5352 1928 5405 S.
1958 5354 2118 5406 Mich.
2147 5353 2211 5404 Et
2236 5353 2423 5405 iterum
2497 5354 2589 5385 “7°
2619 5355 2671 5405 In
2697 5354 3080 5405 onmilnts'istis
3105 5370 3197 5404 ms.
3234 5354 3418 5403 Cis’rr.
3458 5348 3523 5405 Vin
3569 5356 3649 5406 his

424 5416 671 5490 munibus
858 5416 1180 5490 Repereitmt
1203 5437 1322 5470 mss.
1350 5416 1491 5471 (iam.
1522 5422 1649 5473 Vict.
1678 5435 1722 5474 ct
1749 5423 1870 5489 Joly
1898 5438 2006 5490 pcpt

2046 5424 2133 5475 'cit
2165 5422 2322 5479 Deus,
2359 5432 2409 5473 et
2488 5423 2576 5451 “7*
2604 5424 2753 5473 Sicut
2780 5431 2830 5472 tu
2864 5423 2941 5473 vis
2968 5439 3086 5472 tttss.
3116 5422 3253 5471 (lem.
3299 5419 3435 5490 Vict.
3461 5433 3505 5471 ct
3528 5421 3652 5487 July

426 5486 561 5537 sicut
587 5494 637 5533 tu

436 5551 549 5617 Im'g
579 5549 764 5602 Vt‘t‘ttttt
791 5554 947 5604 etiam
983 5553 1127 5605 vitim
1155 5566 1254 5607 ριν.

746 5476 1245 5559 ’³⁷³.’ΝιίΙΙὶ,(Ῐιιὶιίιιιη
1271 5506 1363 5541 ms.
1406 5489 1457 5540 κ.
1494 5490 1646 5541 Mtr‘h.
1681 5491 1801 5542 ltlliil
1834 5476 2006 5553 ἱὶυἰήἶήι

2046 5502 2159 5553 ,νει
2235 5476 2323 5519 “7‘
2354 5493 2541 5542 \icrtttn
2575 5502 2651 5543 est
2675 5500 2722 5542 ei
2756 5492 2860 5559 jctnt
2898 5493 3072 5542 vidrt‘e
3112 5501 3212 5541 etc.
3268 5506 3357 5540 ms.
3405 5488 3530 5539 l'ict.
3564 5476 3643 5541 1ῧῖ
