4226 6236
305 5222 308 5226 '
396 5206 686 5260 lteiuovisti

433 249 530 302 577

1570 245 1706 301 cun
1749 245 1922 299 usus
1964 244 2171 297 nono.
2200 271 2266 280 ρ-
2295 223 2416 292 Lm.
2449 239 2486 293 I.

3528 232 3632 288 378

432 359 624 424 injuste
658 354 891 414 abstulit,
928 354 1114 417 solvit;
1143 356 1244 407 hoc
1276 353 1426 406 debet
1451 354 1599 413 dare,
1634 359 1772 420 quod
1804 357 1866 405 ah
1894 355 1981 407 illo
2014 361 2052 410 Α
2084 352 2204 420 legi,
2248 351 2443 402 nullius
2479 349 2752 413 sul:jaceat
2785 346 2989 413 judicio
3038 346 3149 405 ηδ’,
3185 354 3237 398 ει
3274 344 3340 394 sit
3371 344 3440 394 ita
3480 341 3626 395 lieni.

435 459 537 496 ltOtt
567 453 746 511 posset
768 443 928 510 exigi,
953 444 995 494 si
1023 442 1252 494 alienum
1283 457 1386 492 non
1415 442 1695 508 rapuisset.
1733 442 1822 492 Sic
1851 455 1978 507 ergo

430 533 590 586 debet
630 532 803 586 omnis
848 533 934 596 qui
992 540 1205 596 peccat,
1255 529 1532 592 honorem,
1591 545 1748 596 quem
1803 530 1979 596 rapuit

431 621 561 681 Deo,
589 617 822 678 solvere;
866 627 918 669 et
950 618 1060 668 haec
1092 626 1172 669 est
1204 617 1292 646 ⁸³³⁵
1320 617 1638 677 satisfactio,
1679 630 1838 683 quant
1859 630 1977 668 om-

430 707 510 761 nis
541 716 789 776 peccator
811 699 967 758 debet
997 706 1103 758 Deo
1130 705 1308 758 lacere
1357 705 1480 757 Bos.
1517 704 1570 755 In
1598 703 1682 756 his
1708 704 1976 769 omnibus,

428 797 678 863 quoniam
708 795 967 849 rationem
999 796 1145 862 sequi
1173 795 1562 862 proposuimus,
1597 794 1840 866 quamvis
1875 792 1974 846 ali-

428 884 740 951 quantulum
772 899 857 937 me
880 895 1102 946 terrens,
1134 882 1268 935 nihil
1300 882 1470 936 habeo
1501 883 1643 951 quod
1667 868 1868 954 possim
1897 882 1979 934 di-

426 987 549 1026 cere
570 981 777 1026 contra.

1003 1059 1228 1115 CAPUT
1267 1059 1378 1113 XII.

427 1169 614 1224 Utrum
644 1169 754 1224 sola
794 1169 1162 1238 misericordia,
1184 1165 1294 1221 sine
1325 1171 1466 1238 ataui
1501 1169 1659 1222 debiti
1684 1170 1962 1238 solutione,

734 1241 908 1291 deceat
939 1237 1104 1290 Deum
1137 1248 1347 1306 peccata
1387 1237 1659 1292 dimittere.

493 1328 620 1382 Axs.
672 1327 972 1382 Redeamus
1003 1339 1060 1381 et
1089 1320 1362 1381 videamus
1399 1332 1584 1381 utrum
1608 1326 1718 1381 Sola
1759 1327 1965 1382 miseri-

425 1418 626 1477 cordia.
660 1418 776 1471 sine
803 1417 946 1471 omni
988 1415 1250 1469 solutione
1281 1410 1440 1469 ablati
1478 1417 1576 1470 sibi
1611 1415 1849 1480 honoris,
1879 1417 1969 1468 de-

424 1521 544 1564 ceat
596 1509 756 1562 Deum
800 1518 1016 1575 peccata
1055 1508 1344 1560 dimittere.
1382 1505 1505 1559 Dos.
1551 1503 1663 1557 Non
1695 1506 1846 1565 video
1876 1520 1970 1556 cur

430 1611 534 1651 non
565 1596 931 1670 deceatrAas.
975 1596 1062 1649 Sic
1103 1594 1372 1670 dimittere
1417 1602 1692 1661 peccatum
1733 1607 1837 1645 non
1887 1599 1968 1644 est

2082 454 2216 509 gnus
2259 449 2314 488 ut
2347 435 2474 488 nihil
2508 437 2786 502 benignius
2826 435 3051 502 cogitari
3090 443 3270 499 qni-at,
3311 441 3360 484 et
3403 431 3533 484 nihil
3562 431 3629 485 sit

2057 540 2278 582 .reeluni
2310 539 2396 580 aut
2431 530 2647 588 decens,
2680 528 2777 576 nisi
2809 527 2946 592 quod
2991 526 3100 590 ipse
3135 524 3245 574 vult
3273 541 3284 572 :
3323 523 3514 574 mirum
3545 522 3626 574 vI—

2080 616 2250 678 detur,
2279 617 2319 668 si
2352 616 2577 666 dicimus
2601 614 2724 679 quia
2759 613 3060 666 nullatenus
3092 611 3220 672 \ult,
3255 621 3342 662 aut
3365 627 3465 661 non
3491 610 3539 662 ci
3567 609 3628 679 li-

2080 714 2162 757 cet
2193 704 2440 769 injuriani
2484 705 2592 770 80
2629 717 2782 755 suam
2825 703 3115 764 dimittere,
3157 718 3184 752 a
3224 715 3328 767 quo
3359 701 3519 751 etiam
3560 697 3626 749 de

2081 795 2183 856 his,
2226 810 2360 861 quas
2407 795 2523 845 aliis
2566 796 2810 856 t'aciurus,
2847 792 3079 844 solemus
3125 783 3626 858 indulgentiam'pe-

2078 891 2209 935 tere.
2241 882 2365 933 Axs.
2401 879 2593 932 Verum
2622 889 2694 930 est
2732 881 2870 946 quod
2901 878 3035 930 dicis
3063 880 3126 928 de
3151 876 3420 940 libertate,
3447 885 3501 928 et
3531 891 3624 928 vo.

2079 974 2300 1033 luntate,
2336 980 2388 1023 ct
2429 970 2760 1036 benignitate
2798 967 2968 1029 illius;
3004 967 3094 1019 sed
3138 966 3214 1019 sic
3243 979 3334 1017 cas
3368 966 3622 1018 debemus

2076 1058 2460 1111 rationabiliter
2486 1057 2782 1124 intelligere
2808 1064 2864 1107 ut
2885 1055 3128 1123 dignitati
3157 1055 3296 1108 illius
3320 1068 3424 1106 non
3447 1056 3619 1107 videa-

2076 1162 2192 1198 mus
2225 1160 2542 1212 repugnare.
2575 1143 2819 1196 Libertas
2845 1143 2985 1195 enim
3019 1158 3121 1194 non
3150 1152 3228 1196 est
3262 1143 3360 1195 nisi
3401 1143 3466 1194 ad
3497 1141 3620 1204 hoc,

2073 1232 2212 1300 quod
2244 1230 2457 1297 expedit
2478 1240 2568 1282 aut
2595 1230 2733 1296 quod
2764 1229 2914 1281 decet
2943 1228 3062 1292 ’3";
3097 1243 3193 1281 nec
3227 1228 3522 1297 benignitas
3540 1229 3622 1280 di-

2073 1325 2241 1373 cenda
2276 1327 2375 1383 est,
2409 1335 2528 1386 quze
2565 1319 2762 1386 aliquid
2796 1319 2904 1371 Deo
2937 1318 3187 1371 indecens
3223 1331 3477 1386 operatur
3505 1319 3618 1373 ³⁸⁸⁷.

2072 1409 2219 1474 Quod
2258 1418 2431 1462 autem
2465 1408 2680 1473 dicitur,
2718 1409 2837 1477 quia
2878 1408 3015 1475 quod
3049 1407 3154 1460 vult
3186 1407 3390 1474 justum
3422 1417 3527 1471 est,
3566 1420 3618 1462 et
3688 1477 3693 1482 η

2072 1499 2208 1566 quod
2241 1514 2343 1552 non
2374 1499 2503 1562 vult,
2533 1499 2733 1566 justum
2763 1513 2863 1550 non
2902 1505 3020 1560 est;
3071 1510 3179 1548 non
3215 1496 3282 1548 ita
3316 1496 3619 1564 intelligen-

2072 1587 2195 1639 dum
2232 1594 2332 1649 est,
2373 1596 2432 1639 ut
2473 1587 2515 1638 si
2562 1585 2700 1639 Deus
2744 1585 2872 1638 velit
2910 1583 3180 1652 quodlibet
3220 1585 3618 1646 inconveniens.

424 1685 565 1747 aliud
597 1679 756 1752 quam
791 1667 898 1738 (non
930 1668 1138 1753 punire,
1180 1693 1234 1736 et
1269 1681 1523 1750 quoniam
1548 1688 1693 1734 recte
1721 1678 1969 1734 ordinare
2002 1654 2043 1709 Β
2065 1677 2269 1744 justum
2304 1676 2402 1739 sit,
2446 1676 2568 1743 quia
2611 1675 2724 1745 ipse
2759 1674 2887 1726 vult.
2930 1673 3042 1729 Non
3084 1679 3226 1729 enim
3269 1675 3529 1743 sequitur,
3572 1675 3618 1728 si

425 1781 699 1840 peccatum
728 1773 844 1826 sine
871 1772 1258 1836 sntisl'actlonc,
1288 1787 1390 1824 non
1423 1779 1503 1824 est
1542 1770 1640 1825 nisi
1669 1769 1894 1839 punire;
1924 1771 1967 1823 si

423 1878 525 1915 non
557 1863 792 1930 punitur,
826 1863 1184 1916 inordinatum
1220 1861 1525 1914 dimittitur.
1561 1860 1685 1914 Bos.
1718 1861 1968 1914 Rationa-

419 1948 526 2001 bile
551 1957 635 2001 est
664 1950 803 2016 quod
827 1950 982 2004 dicis.
1011 1949 1138 2002 Ans.
1180 1949 1344 2002 Deum
1380 1961 1507 2002 vero
1547 1963 1649 2004 non
1685 1948 1838 2003 decet
1869 1949 1967 2000 ali-

419 2033 545 2102 quid
580 2033 633 2087 in
665 2049 761 2088 suo
800 2050 961 2104 regno
1024 2035 1381 2089 inordinatum
1423 2034 1713 2090 dimittere.
1755 2035 1876 2088 Bos.
1911 2036 1966 2089 Si

420 2122 563 2176 aliud
610 2123 730 2177 volo
783 2124 876 2155 ’⁸³⁸
917 2125 1118 2188 dicere,
1164 2125 1324 2178 timeo
1366 2141 1607 2192 peccare.
1644 2129 1768 2182 Ans.
1804 2128 1970 2196 Igitur

421 2227 523 2265 non
554 2213 708 2267 decet
740 2214 902 2268 Deum
932 2225 1206 2283 peccatum
1238 2217 1315 2270 sic
1338 2216 1657 2285 impunitum
1679 2216 1966 2271 dimittere.

419 2302 544 2356 Bos.
578 2302 653 2356 Ita
686 2300 949 2372 sequitur.
979 2304 1107 2357 Aus.
1141 2305 1233 2358 Est
1262 2317 1318 2359 et
1345 2304 1489 2360 aliud
1522 2304 1660 2374 quod
1705 2307 1967 2373 sequitur,

418 2393 460 2446 si
494 2402 770 2460 peccatum
797 2394 842 2446 si
869 2393 1159 2448 dimittitur
1185 2395 1534 2463 impunitum;
1567 2395 1690 2462 quia
1722 2394 1969 2447 similiter

417 2483 520 2535 erit
555 2481 691 2551 apud
740 2482 904 2535 Deum
943 2483 1204 2550 peccanti,
1247 2492 1302 2537 et
1352 2497 1455 2535 non
1499 2484 1745 2550 peccanti
1777 2500 1790 2535 ε
1818 2482 1960 2550 quod

417 2563 524 2620 Deo
553 2580 654 2617 non
682 2566 954 2620 convenit.
1001 2566 1122 2620 Bos.
1175 2565 1288 2619 Non
1336 2579 1552 2634 possum
1594 2579 1811 2633 negare.
1838 2567 1964 2621 Ass.

393 2653 548 2708 ~Vitle
575 2663 628 2707 et
656 2655 757 2708 hoc
787 2673 797 2706 :
829 2655 1114 2708 Justitiam»
1151 2656 1426 2710 hominum
1463 2669 1621 2709 nemo
1650 2656 1821 2710 nescit
1849 2669 1967 2710 esse

416 2741 515 2795 sub
545 2741 678 2810 lege,
709 2751 767 2795 ut
796 2743 1090 2796 secundum
1137 2743 1253 2814 ejus
1293 2747 1669 2814 quantitatem,
1709 2760 1965 2799 mensura

416 2829 784 2884 retributionis
810 2845 838 2882 a
885 2830 993 2884 Deo
1035 2843 1486 2902 recompensetur.
1524 2837 1648 2888 Bos.
1687 2833 1761 2888 Ita
1789 2835 1964 2896 credi-

415 2930 553 2969 mus.
581 2916 705 2969 Aas.
743 2915 797 2970 Si
831 2927 1007 2970 autem
1041 2931 1316 2987 peccatum
1339 2939 1437 2977 nee
1458 2924 1707 2990 solvitur,
1741 2939 1841 2978 nec
1863 2938 1962 2991 pu-

2074 1767 2212 1820 Deus
2241 1767 2352 1818 vult
2383 1766 2620 1829 mentiri,
2649 1766 2850 1834 justum
2887 1782 3007 1821 esse
3039 1767 3284 1830 mentiri;
3325 1767 3416 1820 sed
3447 1765 3621 1834 potius

2071 1853 2234 1906 Deum
2271 1854 2414 1906 illum
2449 1870 2550 1905 non
2596 1869 2732 1906 esse.
2766 1852 2898 1906 Nam
2925 1868 3260 1923 nequaquam
3290 1863 3463 1922 potest
3488 1854 3621 1906 velle

2071 1945 2283 1999 mentiri
2325 1945 2593 2008 voluntas,
2633 1945 2730 1998 nisi
2765 1945 2815 1995 in
2855 1959 2959 2011 qua
2991 1954 3240 2016 corrupta
3284 1953 3367 1996 est
3397 1945 3615 2008 veritas,

2073 2033 2180 2087 imo
2215 2049 2352 2103 .quse
2401 2035 2695 2087 deserendo
2733 2033 3014 2086 veritatem
3059 2042 3305 2101 corrupta
3345 2043 3444 2086 est.
3486 2032 3618 2086 Cum

2069 2137 2195 2190 ergo
2224 2122 2442 2185 dicitur,
2482 2121 2524 2174 si
2583 2122 2719 2174 Deus
2758 2117 2870 2174 vult
2912 2119 3163 2183 mentiri,
3204 2136 3306 2174 non
3353 2129 3432 2173 est
3477 2120 3618 2172 aliud

2069 2224 2228 2277 quam
2271 2211 2315 2264 si
2361 2210 2501 2265 Deus
2539 2220 2623 2262 est
2661 2209 2777 2262 talis
2808 2214 2997 2262 natura
3029 2208 3142 2275 υκ,
3177 2223 3293 2278 ιιιιτε
3320 2207 3449 2261 velit
3473 2221 3618 2260 mcu-

2072 2300 2156 2352 tiri
2202 2294 2216 2352 ἐ
2252 2309 2306 2353 ει
2342 2300 2542 2353 idcirco
2580 2316 2683 2353 non
2728 2302 2991 2370 sequitur,
3013 2299 3228 2368 justum
3254 2313 3374 2355 esse
3400 2297 3618 2351 menda;

2069 2390 2229 2455 cium,
2262 2390 2364 2443 nisi
2390 2390 2460 2443 ita
2491 2390 2840 2460 intelligatur,
2865 2392 3003 2444 sicut
3032 2404 3157 2445 cum
3183 2388 3251 2444 de
3286 2389 3491 2442 duobus
3519 2388 3618 2440 ini-

2066 2478 2408 2547 possibilibus
2462 2479 2693 2532 dicimus
2733 2497 2746 2532 :
2795 2478 2850 2533 Si
2893 2481 2993 2532 hoc
3032 2487 3135 2543 est,
3177 2477 3304 2538 illud
3341 2489 3451 2542 est;
3496 2478 3616 2546 quia

2068 2583 2166 2621 nec
2199 2569 2319 2632 hoc,
2370 2582 2469 2622 nec
2507 2568 2636 2621 illud
2674 2580 2805 2622 est:
2842 2577 2900 2622 ut
2929 2569 2974 2622 si
3018 2569 3138 2637 quis
3165 2567 3308 2624 dicat
3342 2583 3354 2619 :
3384 2565 3442 2623 Si
3483 2582 3616 2634 aqua

2066 2666 2148 2708 est
2166 2655 2329 2719 sicca,
2353 2664 2408 2709 et
2429 2655 2566 2725 ignis
2588 2665 2671 2710 est
2701 2656 2950 2709 humidus
2969 2673 2982 2718 ;
3003 2665 3250 2710 neutrum
3271 2655 3413 2714 enim
3431 2642 3617 2709 verum

2065 2752 2166 2799 est.
2201 2743 2388 2813 Itaque
2419 2745 2483 2798 de
2524 2745 2629 2815 illis
2673 2755 2876 2799 tantum
2909 2755 2990 2799 est
3033 2735 3216 2799 verum
3264 2742 3445 2798 dicere
3491 2760 3505 2795 :
3555 2742 3616 2814 Si

2065 2831 2206 2886 Deus
2245 2833 2345 2886 hoc
2386 2832 2516 2895 vult,
2553 2832 2754 2899 justum
2797 2843 2881 2887 est
2927 2850 2939 2885 :
2981 2848 3099 2901 qua:
3128 2823 3292 2886 Deum
3334 2831 3473 2886 velle
3511 2845 3617 2885 non

2066 2929 2152 2974 est
2179 2921 2580 2975 inconveniens.
2622 2921 2678 2975 Si
2725 2921 2870 2976 enim
2911 2921 3022 2974 vult
3064 2921 3202 2974 Deus
3243 2929 3301 2972 ut
3335 2919 3502 2988 pluat,
3531 2918 3618 2985 ju—

416 3005 576 3068 nitur,
624 3006 752 3059 nulli
791 3006 890 3074 legi
928 3007 1185 3076 subjacet.
1233 3009 1358 3065 Bos.
1399 3011 1514 3066 Non
1559 3029 1775 3082 possum
1805 3015 1962 3068 aliter
1987 2992 2031 3048 (ἶ
2065 3018 2204 3063 stum
2232 3019 2313 3067 est
2352 3019 2408 3063 ut
2455 3011 2632 3079 plual;
2667 3020 2719 3064 et
2750 3011 2794 3063 si
2830 2996 2943 3064 vult
2975 3023 3030 3064 ut
3057 3010 3246 3076 aliquis
3285 3011 3444 3063 homo
3476 3009 3616 3062 occi-

414 3093 727 3162 intelligere.
753 3095 876 3150 Axs.
910 3095 1153 3153 Liberior
1180 3098 1341 3167 igitur
1375 3109 1458 3157 est
1483 3100 1888 3168 injustitia'm',
1915 3102 1961 3156 si

413 3179 522 3233 sola
570 3181 937 3237 misericordia
980 3184 1290 3253 dimittitur,
1335 3202 1493 3255 quam
1534 3187 1744 3255 justitia
1774 3205 1788 3244 :
1819 3189 1959 3260 quod

414 3268 563 3323 valde
600 3269 981 3326 inconveniens
1020 3274 1250 3349 videtur.
1285 3273 1365 3331 Ad
1397 3276 1500 3331 hoc
1537 3277 1700 3330 etiam
1742 3277 1835 3309 ⁸³³⁸
1863 3293 1961 3331 ex-

418 3357 786 3414 tenditurhmc
820 3360 1268 3429 inconvenientia,
1312 3372 1370 3416 ut
1411 3363 1721 3434 iniustitiam
1755 3365 1861 3418 Deo
1890 3364 1961 3418 si-

413 3436 591 3500 milem
624 3445 787 3502 faciat
821 3450 931 3511 ηπ,
978 3451 1102 3518 quia
1151 3453 1288 3506 sicut
1326 3453 1466 3508 Deus
1499 3453 1696 3510 nullius
1733 3453 1835 3526 legi
1868 3453 1960 3485 ’m

410 3537 671 3606 subiacet,
708 3539 777 3592 ita
802 3547 854 3594 et
885 3538 1163 3607 iniustitia.
1194 3541 1319 3596 Bos.
1347 3541 1565 3612 Nequeo
1593 3541 1845 3601 reSistere
1873 3558 1962 3600 ra-

413 3627 543 3680 tioni
587 3636 691 3681 tua:
729 3646 742 3680 :
779 3627 892 3690 sed,
933 3643 1054 3680 cum
1092 3629 1228 3682 Deus
1258 3630 1409 3684 nobis
1438 3631 1714 3696 praacipiat
1737 3631 1959 3684 omnino

410 3715 678 3769 dimittere
707 3717 1051 3784 peccantibus
1088 3718 1137 3768 in
1189 3731 1306 3781 nos,
1338 3718 1547 3771 videtur
1577 3733 1875 3788 repugnare
1900 3727 1961 3785 ιιι

410 3804 512 3859 hoc
557 3805 828 3872 przeeipiat
861 3791 967 3836 l'“
1007 3805 1182 3868 nobis,
1223 3807 1362 3873 quod
1415 3806 1586 3874 ipsum
1637 3794 1815 3863 laeere
1853 3821 1957 3866 non

410 3891 584 3945 deret.
637 3892 763 3946 Ans.
814 3892 967 3946 Nulla
1012 3894 1062 3945 in
1114 3893 1214 3947 hoc
1261 3902 1342 3947 est
1391 3896 1775 3965 repugnantia;
1832 3897 1960 3964 quia

406 4068 573 4123 solius
604 4071 697 4148 Dei
736 4080 837 4125 est.
877 4073 956 4125 Ad
989 4073 1189 4126 nullnnt
1219 4075 1361 4127 enim
1399 4075 1626 4142 pertinet
1666 4076 1952 4130 vindictam

405 4156 606 4222 facere,
662 4157 764 4212 nisi
808 4159 874 4213 ad
922 4159 1066 4212 illum
1105 4161 1195 4228 qui
1241 4161 1495 4215 Dominus
1543 4171 1624 4215 est
1666 4163 1900 4216 onmium
1937 4180 1950 4215 :

407 4252 528 4300 nam
557 4262 678 4300 cum
713 4257 938 4302 terrena:
966 4257 1254 4316 potestates
1280 4249 1380 4302 hoc
1411 4259 1557 4303 recte
1581 4249 1801 4311 faciunt,
1837 4249 1949 4318 ipse

406 4333 530 4385 facit
560 4333 717 4398 Deus,
742 4351 769 4386 a
798 4350 903 4402 quo
930 4335 1022 4366 ’δι’
1050 4334 1114 4388 ad
1161 4337 1262 4390 hoc
1303 4336 1474 4404 ipsum
1510 4343 1636 4390 sunt
1664 4337 1944 4390 ordinatae.

403 4420 524 4474 Bos.
557 4420 847 4474 Removisti
891 4423 986 4455 ⁸³⁸³
1020 4425 1450 4492 repugnantiam,
1497 4438 1653 4492 quam
1693 4425 1946 4493 putabam

402 4511 609 4573 inesse;
641 4511 730 4564 sed
755 4519 838 4565 est
865 4512 1026 4575 aliud,
1050 4513 1113 4565 ad
1145 4514 1282 4581 quod
1315 4521 1460 4567 tuum
1496 4513 1616 4566 volo
1639 4513 1835 4567 habere
1865 4529 1946 4566 re-

399 4612 652 4666 sponsum
687 4619 698 4655 :
733 4617 875 4665 nam,
917 4616 1037 4654 cum
1075 4602 1214 4656 Deus
1243 4603 1321 4656 sic
1345 4602 1412 4655 sit
1440 4602 1574 4655 lihcr
1599 4604 1692 4638 ’τοι
1724 4611 1778 4656 ιιι
1811 4603 1939 4655 nulli

2064 3095 2243 3162 datur,
2267 3097 2467 3165 justum
2509 3108 2593 3151 est
2629 3109 2685 3151 ιιι
2725 3099 3021 3153 occidatur.
3062 3099 3398 3167 Quapropter
3434 3098 3477 3152 si
3510 3111 3616 3152 nou

2062 3184 2215 3240 decet
2251 3185 2415 3239 Deum
2455 3185 2655 3253 aliquid
2694 3186 2893 3251 injuste
2934 3196 3027 3240 aut
3074 3187 3379 3241 inordinate
3414 3178 3614 3250 facere,

2064 3289 2169 3329 non
2211 3276 2448 3344 pertinet
2480 3279 2545 3329 ad
2578 3275 2694 3344 ejus
2732 3276 3057 3340 libertatem,
3086 3287 3179 3330 aut
3207 3275 3614 3347 benignitatem,

2064 3373 2155 3418 aut
2183 3364 2533 3439 voluntatem,
2561 3374 2873 3434 peccantem
2897 3367 2988 3434 qui
3016 3382 3118 3420 non
3141 3366 3294 3420 solvit
3327 3366 3454 3431 Deo,
3474 3364 3614 3433 quod

2060 3453 2302 3529 abstulit,
2329 3453 2650 3523 impunitum
2678 3455 2970 3509 dimittere.
3002 3455 3125 3529 Bos.
3154 3453 3342 3508 Omnia
3367 3454 3492 3506 mihi
3519 3469 3614 3508 an-

2061 3541 2189 3600 l'ers.
2223 3557 2341 3611 qua:
2370 3543 2619 3610 putabam
2663 3544 2754 3597 tibi
2789 3559 2944 3612 posse
2981 3544 3164 3613 ohjici.
3201 3543 3327 3596 Aas.
3363 3542 3494 3596 Vide
3519 3544 3613 3594 atl-

2061 3617 2164 3684 buc
2189 3643 2284 3682 cur
2317 3629 2478 3695 Deum
2507 3646 2623 3690 non
2661 3631 2848 3684 deceat
2881 3631 2982 3686 hoc
3010 3630 3189 3684 facere
3228 3629 3338 3682 ω’.
3367 3627 3490 3682 Bos.
3522 3627 3610 3681 Li~

2060 3719 2251 3774 bcnter
2273 3719 2516 3773 ausculto
2539 3721 2796 3790 quidquid
2823 3720 2977 3774 dicis.

2635 3825 2857 3880 CAPUT
2891 3825 3027 3878 XIII.

2025 3903 2028 3906 ⁴
2063 3915 2214 3980 Quod
2253 3917 2381 3968 nihil
2411 3917 2578 3968 minus
2613 3917 2676 3970 sit
2724 3915 3053 3968 tolerandum
3098 3917 3148 3969 in
3174 3931 3360 3978 rerum
3407 3915 3607 3978 ordine,

411 3979 552 4034 Deus
580 3983 680 4034 hoc
709 3985 946 4052 praecipit
987 3985 1139 4036 nobis
1184 3994 1239 4036 ut
1266 3999 1369 4038 non
1399 3999 1786 4051 praesumamus
1813 3983 1958 4054 quod
2034 4039 2038 4041 ,

2129 4002 2283 4052 quam
2313 3996 2364 4036 ut
2396 3995 2631 4037 creatura
2663 3982 2897 4036 Creatori
2937 3985 3163 4036 debitum
3203 3985 3444 4037 honorent
3467 3984 3612 4052 aufe-

2076 4115 2085 4124 ι
2130 4064 2227 4113 rat,
2265 4065 2308 4105 et
2341 4070 2441 4106 non
2478 4053 2570 4083 ²³⁸⁰
2600 4053 2758 4106 soleat
2783 4053 2918 4122 quod
2945 4058 3136 4120 attlert.

2130 4162 2255 4214 Ass.
2293 4161 2431 4214 Nihil
2458 4162 2634 4214 minus
2667 4161 3007 4214 tolerandum
3036 4169 3118 4215 est
3145 4157 3194 4212 in
3220 4175 3397 4215 rerum
3425 4161 3612 4215 ordino

2062 4264 2219 4316 quam
2247 4257 2303 4302 ut
2342 4257 2586 4301 creatura
2623 4243 2862 4302 Creatori
2902 4250 3136 4301 debitum
3174 4250 3426 4301 honorem
3457 4246 3608 4300 aul'e-

2065 4345 2163 4399 rat,
2213 4353 2315 4389 non
2351 4336 2520 4389 solvat
2555 4337 2696 4404 quod
2756 4336 2946 4390 aufert.
2998 4336 3119 4389 Bos.
3167 4337 3278 4391 Iloc
3329 4336 3458 4389 nihil
3497 4334 3608 4388 cla;-

2061 4428 2167 4480 rius
2197 4427 2309 4478 ’3“.
2345 4428 2473 4480 Ass.
2508 4426 2646 4478 Nihil
2676 4435 2854 4478 autem
2884 4425 3133 4492 injustius
3164 4425 3418 4478 toleratur
3446 4438 3608 4495 quam

2057 4528 2161 4582 quo
2190 4513 2320 4566 nihil
2348 4515 2522 4567 minus
2549 4523 2630 4566 est
2658 4513 3013 4566 tolerandum.
3041 4513 3173 4566 Bos.
3200 4510 3383 4579 Neque
3407 4512 3505 4564 hoc
3529 4518 3610 4571 est

2055 4602 2362 4654 obscurum.
2388 4600 2515 4654 Aus.
2548 4600 2683 4653 Puto
2710 4613 2836 4669 ergo
2858 4600 2984 4668 quia
3015 4613 3118 4651 non
3147 4598 3294 4654 dices
3326 4596 3490 4652 Deum
3519 4597 3612 4652 de.

1659 4779 1886 4835 VARIIE
1930 4780 2332 4836 LECTIONES.

465 4932 655 5005 !'_"_Et
682 4933 784 5005 hoc
807 4943 1034 5005 estmu.
1063 4943 1118 4987 et
1150 4936 1262 4988 haec
1293 4944 1375 4989 est
1446 4935 1537 4968 ’³⁸⁸
1567 4935 1621 4990 Si
1647 4935 1841 5005 aliquid
1868 4936 2009 4988 aliud
2036 4935 2153 4988 volo
2184 4951 2315 5005 mss.
2335 4935 2546 5005 sialiuil
2579 4935 2697 4990 volo
2774 4936 2865 4967 ⁸³³⁷
2895 4933 3173 5005 Estomnis
3198 4930 3604 5005 injustitlamtr.

399 5001 683 5069 I’iclJoly.
707 5001 1144 5057 Gem.Bec.omit.
1167 5006 1340 5058 omnis
1411 5001 1903 5058 ""Adhaac'etiam
1927 5014 2106 5058 mss.et
2138 5003 2508 5056 edit.Goth.ad
2542 5005 2641 5057 hoc
2672 5005 2854 5058 etiam.
2886 5006 2979 5035 "3’
3014 5003 3251 5055 Similem
3285 5017 3404 5056 esse
3453 5002 3610 5057 faciat

393 5085 516 5142 nisa.
550 5079 596 5121 et
625 5071 746 5142 edit.
779 5069 930 5125 Goth.
961 5071 1186 5142 similem
1203 5073 1373 5142 iaciat
1444 5072 1796 5142 moNullilegi
1826 5089 1950 5125 mss.
1980 5073 2174 5125 nullius
2205 5072 2302 5139 legi

2377 5073 2464 5102 “‘“
2499 5071 2564 5141 Ut
2595 5073 2707 5126 hate
2745 5074 3012 5141 praecipiat
3035 5084 3159 5123 mss.
3188 5082 3234 5121 et
3292 5072 3414 5141 edit.
3455 5070 3608 5141 Qollt.

394 5139 849 5209 utbocprzecipiat
889 5142 1010 5209 7'3"
1035 5141 1182 5194 Facit
1200 5141 1354 5203 Deus,
1377 5155 1524 5208 aquo
1541 5159 1661 5197 mas.
1697 5138 1876 5196 Cister.
1896 5142 2024 5194 facit
2042 5157 2069 5193 a
2094 5157 2198 5209 quo
2261 5138 2363 5176 ’³⁸⁸
2391 5140 2624 5194 Anselm.
2645 5138 2929 5194 Itemovisti
2949 5157 3082 5209 nm.
3101 5150 3144 5191 et
3165 5141 3284 5190 edit.
3301 5138 3455 5209 Gothi.
3475 5139 3606 5189 Boso

762 5208 863 5238 ⁸³³⁸
886 5208 1022 5262 Deus
1045 5211 1110 5262 sit
1138 5209 1404 5262 libermss.
1428 5220 1474 5262 et
1520 5212 1672 5263 editio
1706 5210 2094 5263 Gc-thiro'Deus
2117 5208 2194 5263 Sic
2219 5211 2286 5263 sit
2310 5211 2442 5262 liber
2516 5211 2608 5240 ⁸³⁸⁸
2639 5211 2836 5262 Nullius
2853 5208 2989 5276 legis
3009 5208 3246 5275 subjaeet
3290 5208 3479 5276 juditio
3507 5222 3608 5257 nm

403 5272 443 5324 γ
467 5271 1114 5350 ct..l_oly,Cisteret_L1ich.
1139 5290 1182 5329 et
1205 5277 1330 5328 edit.
1354 5276 1505 5350 Col/tr.
1533 5280 1791 5350 nullilegi,
1812 5279 2005 5332 nullius
2018 5278 2491 5350 subiaceatjudicio
2564 5279 2656 5310 ”“
2675 5271 3158 5350 Aut__t_lee6t_ntss.'et
3181 5271 3305 5350 edit.
3328 5273 3478 5350 ζίοιξι.
3508 5284 3600 5350 aut

391 5343 532 5407 quod
558 5341 740 5416 decen
777 5345 871 5416 f3"
918 5346 1318 5412 Opereturmss.
1346 5357 1390 5398 et
1413 5349 1536 5398 edit.
1593 5341 1746 5399 Gothi
1775 5341 2026 5416 operatur
2098 5341 2189 5379 '1'"
2236 5341 2380 5400 Talis
2403 5353 2599 5400 n‘aturze
2628 5344 2896 5399 nist.Vict.
2933 5345 3056 5414 Joly
3086 5356 3129 5396 et
3160 5344 3260 5416 edit
3320 5341 3612 5416 got/utalia

394 5417 582 5485 natura
647 5411 758 5485 1”"
776 5410 1092 5466 Deceat‘hzet:
1116 5415 1286 5485 facere
1303 5431 1429 5485 mss.
1452 5425 1497 5466 ιι
1559 5418 1681 5468 edit.
1711 5410 1862 5467 (ἱοιὶι.
1911 5418 2092 5468 deceat
2123 5417 2221 5468 hoc
2254 5417 2427 5470 facere
2498 5417 2588 5448 ²³⁸⁰
2621 5416 2682 5468 Et
2716 5417 2853 5485 quod
2882 5431 2981 5469 non
3009 5410 3129 5468 ritu.
3156 5413 3295 5466 Gem.
3327 5410 3445 5479 (fec.
3477 5411 3610 5464 Vict.

395 5487 442 5528 et
467 5477 588 5531 edit.
638 5478 788 5534 Got/i.
823 5491 876 5539 et
912 5497 1014 5539 non

1112 5484 1200 5515 ³³⁵⁸
1232 5483 1369 5536 Nihil
1394 5485 1805 5553 elariusjudieio
1837 5503 1954 5538 mss.
1991 5487 2089 5540 hoc
2129 5487 2256 5546 nihil
2312 5486 2503 5543 Clarius
