4226 6194
356 209 454 267 38!

1510 206 1644 264 cun
1688 206 1880 295 unus.
1903 206 2111 265 nouo.
2146 237 2213 249 -
2240 209 2364 264 Liu.
2399 208 2440 265 i.

3458 212 3561 266 382

359 320 490 385 agit,
522 318 575 371 in
603 315 967 371 universitatis
1000 315 1234 384 praefatae
1265 312 1505 367 ordinem
1536 324 1589 370 ct
1620 317 1912 384 pulchritu-
1942 325 1985 379 Α
2017 321 2322 375 ceciderunt
2352 337 2368 374 :
2394 322 2534 389 quod
2562 322 2852 377 absurdum
2885 331 2967 377 est
2995 322 3224 390 opinari.
3260 321 3382 375 Bos.
3422 324 3571 377 Veri.

358 412 535 471 dinem
563 423 768 465 summa
797 407 1060 474 sapientia
1089 406 1357 458 convertit
1391 405 1503 457 ³³⁸⁸.
1537 407 1650 476 Ipsa
1688 422 1916 475 namque

357 500 722 571 perversitatis
748 486 1038 565 spontanea
1061 495 1377 557 satisfactio,
1411 496 1494 549 vel
1525 513 1553 549 a
1578 512 1681 551 non
1705 497 1914 551 satisfa-

359 589 537 643 ciente
568 600 737 655 pmnze
772 584 978 637 exactio
1017 582 1264 653 (excepto
1302 586 1404 638 hoc
1455 586 1596 652 quod
1658 584 1797 639 Deus
1849 585 1916 640 de

359 674 516 728 malis
546 672 875 727 multimodis
891 671 995 703 ’³³⁸⁸
1034 670 1172 724 bona
1212 671 1358 742 facit)
1399 672 1447 725 in
1481 673 1670 725 eadem
1701 673 1915 726 univer-

354 761 515 815 sitate
545 759 720 814 locum
750 768 935 821 tenent
961 760 1057 792 ’³⁸³
1084 774 1237 812 suum
1280 768 1334 813 et
1379 759 1579 813 ordinis
1620 758 1915 828 pulchritu-

352 850 557 901 dinem.
600 847 748 914 Quas
791 848 837 900 si
892 846 1071 899 divina
1108 848 1401 914 sapientia,
1445 847 1534 900 ubi
1589 848 1915 916 perversitas

354 947 563 991 rectum
588 940 829 994 ordinem
858 922 1186 1008 perturbare
1222 938 1428 999 nititur,
1481 952 1586 990 non
1640 937 1907 1002 adderet,

348 1027 507 1081 ﬁeret
558 1028 611 1089 in
668 1029 780 1099 ipsa
813 1030 1187 1094 universitate,
1218 1043 1383 1099 quam
1410 1029 1550 1081 Deus
1580 1026 1737 1080 debet
1766 1027 1914 1081 ordi-

356 1130 512 1178 nare.
541 1118 782 1187 quietiam
812 1133 877 1172 ex
910 1108 1102 1187 violata
1143 1118 1349 1173 ordinis
1377 1115 1776 1185 pulchritudine
1812 1114 1915 1170 de-

358 1204 627 1270 formitas,
666 1217 719 1260 et
744 1207 883 1262 Deus
908 1209 958 1261 in
985 1194 1079 1263 sua
1106 1209 1453 1277 dispositione
1479 1211 1752 1267 videretur
1786 1211 1917 1265 deli-

355 1308 499 1349 cere.
511 1296 615 1365 81
634 1295 761 1362 Qua:
777 1296 878 1351 duo
894 1298 1140 1365 quoniam
1168 1299 1305 1353 sicut
1319 1298 1441 1353 sunt
1464 1301 1912 1367 inconvenientia,

358 1384 431 1437 ita
452 1394 579 1438 sunt
608 1385 987 1454 impossibilia;
1027 1402 1244 1441 necesse
1273 1398 1355 1442 est
1378 1398 1433 1442 ut
1455 1405 1612 1445 omne
1635 1401 1909 1460 peccatum

348 1470 655 1525 satisfaCtio
686 1468 781 1526 'aut
816 1462 979 1542 paena
1006 1483 1285 1543 sequatur.
1317 1476 1439 1530 Bos.
1470 1477 1793 1533 Satisfecisti
1820 1479 1913 1532 ob-

347 1559 575 1626 jectioni
623 1576 774 1615 meae.
827 1562 954 1616 ANS.
1004 1562 1187 1616 Palam
1240 1573 1322 1617 est
1376 1580 1505 1636 ergo
1542 1566 1664 1634 quia
1718 1566 1907 1630 Deum,

2020 419 2099 463 tas
2122 420 2203 464 est
2228 421 2409 477 aperta
2435 410 2573 476 quod
2604 409 2756 461 dicis.
2780 410 3207 476 Ans.~Quoniam
3238 425 3365 478 ergo
3394 410 3487 440 ’³³⁸
3511 412 3576 462 de

2016 495 2109 549 illo
2172 512 2393 550 numero
2449 502 2599 550 csse‘
2631 496 2956 555 debuerunt,
3033 506 3125 549 aut
3164 497 3579 561 Hrcstaurandus

2014 596 2096 639 est
2125 587 2216 617 ””
2245 603 2309 638 ex
2347 586 2667 640 necessitate
2708 599 2962 639 numerus
2989 600 3201 649 eorum;
3233 595 3322 638 aut
3372 588 3423 638 in
3475 586 3576 637 illi-

2015 675 2252 742 peil'ecto
2284 688 2509 751 numero
2546 672 2839 726 remanebit
2876 673 3155 726 rationalis
3205 684 3391 725 natura
3414 716 3426 738 ,
3457 688 3575 740 qua:

2018 763 2069 816 in
2107 779 2329 815 numero
2360 763 2595 829 perfecto
2627 763 2871 828 prmscita
2897 772 2977 815 est
3005 780 3016 813 :
3044 764 3327 828 q‘uod'csse
3351 778 3453 813 non
3484 775 3575 827 po-

1972 832 1973 851 :
2019 861 2142 905 test.
2170 848 2293 904 Bos.
2320 850 2674 922 Bestauraudi
2718 850 2899 916 procul
2946 850 3106 904 dubio
3150 861 3295 903 sunt.
3322 853 3444 904 Axs.
3473 852 3579 906 Νε-

2018 952 2168 994 cesse
2196 950 2425 1008 estergo
2452 953 2546 990 eos
2574 938 2667 971 ’³⁸⁵
2702 930 2767 991 de
2800 939 3028 990 humana
3048 949 3281 1002 natura,
3318 934 3574 1010 quoniam

2018 1042 2121 1080 non
2158 1036 2240 1080 est
2270 1024 2394 1091 alia,
2419 1026 2484 1079 de
2508 1038 2621 1093 qua
2642 1024 3161 1098 possintrestaurari
3186 1028 3298 1079 ²³⁹⁸.
3322 1046 3325 1049 λ

2597 1110 2823 1168 (ῘΑΡυΤ
2863 1113 3012 1167 XVII.

2019 1202 2171 1269 Quod
2197 1202 2289 1261 alii
2330 1202 2497 1271 angeli
2537 1219 2629 1269 pro
2662 1203 2767 1255 illis
2808 1203 2921 1264 ³³³⁸,
2963 1220 3064 1255 non
3101 1205 3299 1271 possint
3355 1208 3575 1261 restitui.

2086 1293 2209 1346 Bos.
2240 1292 2349 1346 Cur
2388 1307 2491 1344 non
2538 1290 2635 1358 ipsi
2685 1300 2777 1343 aut
2825 1292 2940 1357 "9’,
2984 1293 3071 1346 alii
3118 1295 3290 1363 angeli
3341 1310 3436 1362 pro
3476 1296 3617 1359 illis,

2014 1382 2220 1450 possint
2250 1381 2454 1433 restitui
2481 1378 2576 1413 ’⁸³⁸
2603 1380 2625 1431 ?
2660 1382 2785 1433 Axs.
2818 1382 2949 1435 Cum
3004 1382 3209 1436 videbis
3257 1394 3452 1438 nostrae
3496 1400 3580 1438 rc-

2016 1470 2364 1524 staurationis
2387 1469 2753 1525 dillicultatem
2800 1471 3060 1536 intelliges
3100 1487 3281 1525 eorum
3334 1474 3578 1527 reconci—

2015 1558 2249 1613 liationis
2274 1559 2782 1627 inipossibilitatcm.
2810 1560 2909 1612 Alii
2936 1568 3110 1613 autem
3154 1562 3323 1635 angeli
3354 1576 3450 1629 pro
3479 1562 3580 1617 illis

353 1660 614 1718 quantum
650 1651 704 1704 in
744 1652 859 1719 ipso
902 1661 1007 1717 est,
1052 1653 1229 1706 nullus
1273 1663 1454 1723 potest
1500 1655 1790 1720 honorare,
1827 1656 1909 1709 vel
1944 1656 1986 1709 B
2014 1650 2219 1704 restitui
2292 1664 2397 1704 non
2454 1659 2699 1719 possunt,
2747 1650 2864 1702 ideo
2910 1652 2989 1718 (ut
3040 1659 3243 1703 taceant
3310 1653 3579 1718 quomodo

354 1737 695 1791 exhonorare
728 1756 741 1792 :
771 1740 861 1792 sed
886 1750 1148 1807 quantum
1186 1742 1237 1794 in
1277 1756 1334 1795 se
1363 1752 1446 1796 est
1470 1744 1573 1817 hoc
1602 1744 1794 1812 aliquis
1832 1745 1933 1797 far

353 1838 479 1878 cere
514 1825 753 1890 videtur;
786 1841 907 1879 cum
943 1827 1275 1881 voluntatem
1309 1843 1462 1882 suam
1502 1831 1758 1884 voluntati
1794 1830 1910 1898 ejus

352 1912 593 1980 subiicit,
648 1920 741 1966 aut
796 1915 1088 1968 subtrahit.
1130 1916 1256 1970 Bos.
1301 1916 1509 1971 Nescio
1542 1910 1695 1986 quid
1724 1931 1909 1974 contra

353 2012 549 2067 queam
580 2000 760 2054 dicere
786 2000 906 2053 "“.
936 2001 1060 2055 ANS.
1098 2002 1287 2057 Adhuc
1311 2005 1502 2058 addam
1517 2005 1752 2077 aliquid.
1780 2006 1904 2063 Bos.

354 2084 558 2141 Tandiu
586 2088 670 2145 die
718 2080 888 2144 donec
915 2104 1000 2145 me
1026 2092 1216 2144 taedeat
1244 2094 1446 2149 audire.
1772 2086 1777 2091 ’

646 2234 649 2237 ,
730 2168 731 2173 ‘
927 2177 1152 2234 CAPUT
1189 2179 1325 2235 xw.

458 2263 613 2319 Ratio
640 2281 733 2318 cur
758 2283 1000 2319 numerus
1021 2267 1344 2335 angelorum,
1361 2257 1464 2335 'qui
1488 2270 1778 2327 ceciderunt

700 2335 1041 2387 restituendus
1071 2338 1136 2388 sit
1157 2337 1220 2389 de
1247 2337 1560 2392 horninibus.

423 2442 552 2497 Aes.
581 2442 748 2497 Deum
774 2452 984 2497 constat
1012 2444 1357 2515 proposuisse
1384 2456 1442 2499 ut
1462 2446 1527 2501 de
1548 2447 1778 2519 humana
1810 2463 1906 2503 na-

352 2541 496 2597 tura,
524 2546 681 2601 quam
720 2532 843 2587 fecit
873 2532 987 2586 sine
1010 2541 1252 2601 peccato,
1285 2549 1564 2589 numerum
1598 2537 1907 2605 angelorum

350 2622 446 2690 qui
478 2621 803 2687 ceciderant,
839 2622 1170 2693 restitueret.
1209 2623 1327 2676 Bos.
1364 2622 1474 2678 lloc
1495 2626 1788 2691 credimus,
1816 2627 1908 2680 sed

350 2709 544 2764 vellem
574 2709 805 2778 aliquam
835 2710 991 2778 hujus
1020 2708 1094 2763 rei
1120 2711 1379 2765 rationem
1407 2711 1605 2767 habere
1635 2715 1749 2765 ω’.
1772 2714 1905 2769 Aris.

348 2797 514 2851 Fallis
538 2812 661 2851 me:
688 2813 791 2851 non
820 2798 961 2850 enim
994 2800 1366 2867 proposuimus
1407 2810 1658 2865 tractare,
1711 2804 1811 2858 nisi
1844 2806 1907 2857 de

348 2887 721 2948 lnearnatione
764 2887 857 2919 ⁸³⁸⁸
905 2887 1025 2949 Dei;
1075 2896 1129 2941 et
1180 2898 1232 2940 tu
1288 2889 1414 2942 mihi
1452 2890 1585 2944 alias
1631 2892 1907 2946 interseris

2014 1739 2115 1793 hoc
2136 1740 2237 1771 ’π’
2267 1755 2562 1810 repugnare
2597 1741 2841 1794 videatur
2884 1742 3068 1808 primae
3110 1743 3396 1796 creationis
3446 1758 3575 1811 per-

2013 1824 2251 1893 fectioni)
2296 1827 2419 1894 quia
2464 1842 2566 1881 non
2612 1827 2834 1892 debent;
2870 1826 2970 1880 nisi
2996 1826 3127 1881 tales
3166 1843 3285 1889 esse
3335 1830 3567 1897 possint,

2013 1911 2198 1984 quales
2226 1914 2295 1966 illi
2319 1900 2566 1978 fuissent,
2600 1914 2643 1969 si
2668 1930 2773 1968 non
2824 1924 3168 1980 peccassent;
3220 1930 3341 1969 cum
3381 1916 3454 1969 illi
3482 1916 3577 1947 “°°

2017 2002 2157 2055 nulla
2204 2003 2315 2056 visa
2359 2001 2594 2057 vindicta
2639 2004 2839 2070 peccati
2896 2013 3329 2071 perseverassent
3370 2024 3383 2060 :
3433 2008 3575 2075 quod

2010 2086 2130 2159 p'ost
2155 2091 2364 2146 illorum
2395 2107 2575 2146 casum
2602 2093 2741 2156 aliis,
2770 2093 2859 2159 qui
2886 2108 2980 2161 pro
3002 2092 3106 2145 illis
3138 2095 3571 2159 restituerentur,

2010 2178 2152 2233 esset
2180 2178 2527 2248 impossibile.
2557 2179 2671 2233 Non
2699 2181 2841 2235 enim
2870 2181 3073 2249 pariter
3105 2180 3403 2235 laudabiles
3430 2195 3575 2245 sunt,

2011 2268 2054 2321 si
2083 2277 2231 2322 stans
2263 2270 2315 2321 in
2340 2268 2586 2332 veritate,
2612 2278 2664 2322 et
2693 2256 2785 2337 qui
2834 2269 3033 2322 nullam
3067 2271 3215 2324 novit
3247 2272 3336 2302 ’λοι
3368 2272 3577 2345 peccati

2010 2369 2244 2423 poenam,
2274 2364 2331 2409 et
2368 2356 2454 2423 qui
2489 2371 2605 2409 eam
2648 2371 2858 2423 semper
2898 2358 3087 2425 aspicit
3116 2369 3392 2411 aeternam.
3440 2358 3575 2411 Nam

2010 2456 2344 2510 nequaquam
2376 2445 2669 2511 putandum
2702 2453 2782 2496 est
2812 2446 2979 2497 bonos
3028 2446 3242 2514 angelos
3284 2461 3401 2501 esse
3452 2461 3581 2500 cons

2011 2530 2252 2584 ﬁrmatos
2310 2547 2434 2584 casu
2478 2532 2771 2597 malorum,
2817 2534 2909 2586 sed
2970 2551 3066 2588 suo
3131 2519 3340 2589 merito.
3409 2538 3563 2590 Sicut

2010 2633 2240 2685 namque
2284 2617 2401 2682 Μ’,
2428 2620 2471 2672 si
2522 2620 2644 2672 lzoni
2700 2634 2819 2672 cum
2866 2620 3020 2673 malis
3041 2633 3372 2689 peccassent,
3420 2624 3578 2679 simul

2010 2708 2241 2761 damnati
2288 2719 2469 2761 essent
2503 2727 2517 2761 :
2551 2710 2619 2761 ita
2664 2708 2846 2777 iniusti
2889 2712 3001 2775 ⁸”⁰³,
3038 2713 3079 2765 si
3113 2728 3230 2765 cum
3269 2714 3428 2780 justis
3468 2708 3577 2767 ste-

2009 2795 2214 2859 tissent,
2240 2796 2441 2862 pariter
2465 2797 2782 2850 conformati
2818 2798 3064 2851 fuissent.
3092 2799 3296 2870 Quippe
3321 2803 3364 2854 si
3410 2804 3571 2871 aliqui

2008 2896 2213 2945 eorum,
2263 2885 2473 2938 nonnisi
2517 2900 2643 2938 casu
2694 2885 2958 2951 aliorum,
2996 2890 3344 2943 confirmandi
3388 2903 3570 2953 erant,

346 2975 690 3044 Qtimsliones.
722 2974 846 3028 Bos.
894 2973 972 3027 Ne
1007 2974 1276 3038 irascaris,
1314 2976 1531 3029 hilarem
1576 2978 1710 3030 enim
1759 2980 1911 3032 άαιο-
1939 2958 1980 3017 C
2013 2979 2103 3023 aut
2133 2970 2306 3024 nullus
2335 2988 2567 3041 unquam
2598 2975 3031 3040 emilirniaretur,
3079 2986 3170 3029 aut
3206 2989 3578 3034 necesscterat

348 3081 457 3119 rem
483 3064 572 3095 ’³⁸⁷
607 3064 773 3133 diligit
820 3063 957 3116 Deus
1002 3062 1082 3131 (Il
1128 3062 1250 3115 Cor.
1318 3080 1395 3127 ix,
1446 3066 1498 3131 7)
1535 3082 1547 3117 :
1582 3081 1705 3121 nam
1754 3082 1909 3121 nemo

346 3156 541 3225 probat
563 3156 733 3224 magis
759 3168 818 3207 se
851 3151 1091 3206 hilariter
1119 3153 1246 3205 dare
1268 3153 1407 3225 quod
1436 3154 1719 3221 promittit,
1748 3170 1906 3223 quam

344 3246 440 3313 qui
465 3244 581 3312 plus
610 3244 701 3297 dat
727 3256 886 3311 quam
908 3239 1173 3311 promittit
1201 3256 1215 3293 :
1245 3242 1329 3296 die
1356 3258 1483 3311 ergo
1513 3242 1739 3296 libenter
1765 3243 1905 3311 quod

345 3346 548 3403 quaaro.
578 3332 705 3384 ANS.
730 3331 1062 3385 Rationalem
1094 3341 1337 3384 naturam
1366 3333 1479 3397 ωδ,
1507 3347 1623 3400 qua:
1658 3332 1749 3386 Dei
1775 3347 1905 3387 con-

349 3418 690 3488 templatinne
712 3420 865 3472 beata
896 3419 977 3472 vel
1008 3427 1089 3472 est
1114 3420 1228 3485 “3',
1256 3419 1337 3474 vel
1366 3419 1539 3474 futura
1564 3429 1662 3484 est,
1695 3422 1747 3474 in
1776 3436 1909 3490 quo-

346 3509 469 3561 dam
498 3507 800 3561 rationabili
832 3516 884 3561 et
906 3506 1148 3575 perfecto
1179 3522 1403 3562 numero
1447 3510 1749 3578 praeseitam
1787 3524 1907 3564 esse

346 3610 377 3649 a
414 3596 519 3649 Deo
545 3596 671 3659 ²³⁹⁶;
710 3596 780 3649 ita
811 3604 990 3649 utnec
1020 3595 1295 3661 majorem,
1332 3611 1428 3649 nec
1463 3597 1720 3649 minorem
1759 3596 1903 3649 illum

344 3696 466 3736 esse
507 3682 710 3744 deceat,
738 3695 842 3734 non
888 3690 971 3734 est
1000 3682 1368 3735 dubitandum.
1402 3684 1507 3735 Aut
1553 3682 1695 3736 enim
1736 3683 1906 3736 nescit

345 3771 489 3824 Deus
536 3770 586 3823 in
613 3785 718 3838 quo
745 3784 967 3823 numero
1012 3770 1200 3823 melius
1228 3764 1345 3823 eam
1387 3771 1576 3825 deceat
1618 3771 1902 3837 constitui,

345 3857 491 3926 quod
522 3857 711 3911 falsum
738 3868 857 3912 est:
891 3867 982 3909 aut
1010 3859 1053 3911 si
1088 3860 1207 3921 scit,
1239 3860 1291 3912 in
1328 3874 1392 3912 eo
1423 3858 1565 3911 illam
1591 3860 1902 3925 constituet,

346 3962 508 4017 quem
531 3949 597 4000 ad
628 3948 727 4001 hoc
756 3948 1115 4001 decentiorem
1147 3948 1425 4016 intelliget.
1452 3940 1784 4017 Quapropter
1812 3957 1905 4002 aut

342 4035 522 4104 angeli
549 4035 619 4089 illi
642 4035 734 4104 qui
757 4036 1084 4099 ceciderunt,
1113 4036 1238 4089 facti
1263 4046 1415 4090 erant
1436 4037 1501 4090 ad
1530 4037 1629 4090 hoc
1653 4046 1904 4092 utessent

344 4125 489 4179 intra
518 4125 661 4179 illum
702 4140 979 4180 numerum
1007 4126 1097 4157 “"
1128 4144 1141 4179 :
1173 4134 1265 4179 aut
1287 4126 1410 4194 quia
1442 4136 1592 4180 extra
1626 4127 1775 4180 illum
1806 4143 1902 4180 nu-

342 4227 550 4269 lllCl'lllil
603 4228 917 4283 permanere
963 4224 1431 4285 nonpotuerunt,
1476 4232 1540 4271 CX
1585 4216 1902 4271 necessitate

2010 3057 2239 3124 aliquem
2262 3074 2534 3125 casurum,
2560 3061 2650 3128 qui
2681 3061 2745 3113 ad
2776 3062 2907 3115 alios
2930 3063 3335 3117 conﬁrmandos
3360 3065 3451 3095 m‘
3479 3081 3577 3133 pii-

2008 3147 2213 3199 niretur
2243 3164 2255 3198 :
2289 3162 2407 3215 qua:
2446 3157 2671 3217 utraque
2734 3149 2961 3203 absurda
3008 3161 3149 3203 sunt.
3233 3152 3325 3203 Illo
3385 3154 3566 3222 itaque

2007 3236 2164 3288 modo
2193 3236 2495 3289 conﬁrmati
2522 3246 2646 3291 sunt
2673 3237 2766 3303 illi,
2799 3238 2888 3307 qui
2911 3247 3196 3305 steterunt,
3237 3256 3343 3310 quo
3370 3244 3573 3310 pariter

2005 3322 2304 3378 confirmati
2355 3335 2532 3379 essent
2578 3326 2669 3357 ’W’
2720 3341 2927 3390 omnes,
2974 3329 3016 3380 si
3064 3328 3380 3382 stetissent:
3411 3346 3570 3397 quem

2009 3412 2221 3464 modum
2248 3412 2340 3444 "°°
2366 3415 2592 3479 ostendi,
2644 3417 2782 3470 sicut
2830 3418 3009 3485 potui,
3051 3419 3139 3471 ubi
3191 3422 3421 3473 tractavi
3477 3437 3573 3473 cur

2012 3502 2149 3555 Deus
2192 3504 2401 3558 diabolo
2450 3508 2898 3573 perseverantiam
2941 3522 3044 3560 non
3090 3507 3253 3561 dedit.
3289 3509 3411 3562 Bos.
3446 3509 3571 3562 PI'O'

2004 3588 2143 3643 basti
2172 3592 2339 3645 malos
2366 3592 2581 3661 angelos
2608 3594 2672 3645 de
2690 3594 2920 3645 humana
2945 3604 3129 3646 natura
3158 3596 3570 3650 restauraudos:

2004 3689 2057 3733 et
2085 3668 2230 3747 patet
2257 3695 2321 3733 ex
2354 3680 2454 3733 hac
2477 3682 2682 3735 ratione
2718 3684 2837 3750 quia
2872 3697 2973 3735 non
3014 3684 3064 3735 in
3109 3684 3299 3737 minori
3350 3700 3573 3738 innuero

1994 3753 2161 3825 'erunt
2180 3769 2334 3823 electi
2384 3771 2476 3801 “°'
2506 3770 2771 3834 homines,
2799 3787 2955 3838 quam
2984 3782 3108 3825 sunt
3134 3772 3306 3841 angeli
3340 3773 3572 3841 reprobi.

2003 3858 2107 3912 Sed
2138 3867 2313 3913 utrum
2350 3860 2526 3929 plures
2554 3858 2721 3913 futuri
2750 3862 2878 3925 sint,
2919 3862 2963 3915 si
2996 3871 3165 3929 potes,
3189 3862 3429 3945 ostende.

2555 3972 2782 4025 CAPUT
2822 3972 3002 4025 xvut.
3354 3958 3355 3963 “

2109 4057 2295 4112 Utrum
2316 4058 2491 4128 plures
2516 4059 2681 4130 futuri
2709 4062 2809 4130 sint
2840 4061 3006 4130 sancti
3031 4058 3281 4123 homines,
3311 4078 3465 4130 quam

2543 4127 2644 4179 sint
2678 4128 2803 4179 ntali
2838 4129 3026 4195 angeli.

2072 4217 2199 4271 ANS.
2245 4216 2301 4272 Si
2341 4216 2535 4287 angeli,
2566 4226 2853 4286 antequam
2904 4217 3117 4287 quidam
3167 4220 3375 4274 illorum
3408 4220 3569 4275 cade-

1623 4327 1856 4382 VARIAE
1896 4327 2290 4384 LECTIONES.
2352 4309 2359 4315 ’

412 4440 502 4473 ⁸³⁸¹
553 4438 822 4506 Sapientia
857 4437 1128 4499 convertit
1181 4452 1301 4491 mss.
1358 4436 1415 4490 S.
1469 4436 1739 4490 Michaelis
1795 4438 2055 4506 sapientia
2113 4438 2307 4492 evertit
2372 4438 2464 4470 ”"
2516 4437 2667 4503 Quod
2713 4438 2854 4506 Dens
2910 4437 2975 4491 de
3032 4437 3185 4491 malis
3236 4439 3568 4495 multimodis

340 4524 471 4562 mu.
529 4507 662 4559 Vict.
716 4505 861 4559 Gem.
923 4506 1043 4560 Bcc.
1096 4516 1140 4558 et
1194 4506 1357 4571 Joly,
1435 4506 1557 4573 quia
1618 4506 1757 4559 Deus
1807 4505 1872 4559 de
1929 4507 2083 4558 malis
2150 4506 2331 4561 multis
2382 4508 2555 4560 modis
2627 4507 2721 4537 ³³⁸³
2769 4505 2968 4573 Locum
3033 4516 3212 4558 tenent
3267 4525 3363 4559 ms.
3433 4508 3562 4561 Vict.

342 4577 432 4630 i9.
464 4576 639 4630 locum
670 4582 875 4629 teneret
947 4574 1039 4605 ⁸⁷⁸⁸
1060 4575 1254 4628 Contra
1286 4572 1479 4640 queam
1506 4574 1687 4627 dicere
1714 4590 1811 4626 ms.
1838 4573 1896 4627 S.
1928 4575 2086 4627 Mich.
2119 4584 2305 4627 contra
2355 4576 2706 4640 respondeam
2784 4574 2875 4604 ”"
2905 4572 3182 4626 Rationem
3232 4576 3413 4629 audire
3440 4594 3563 4629 tuas.

340 4654 392 4698 ct
437 4645 562 4696 edit.
589 4642 743 4696 Cotti.
778 4642 1039 4696 rationem
1074 4643 1271 4696 habere
1338 4642 1435 4709 f’"
1468 4642 1539 4695 De
1564 4642 1676 4694 sola
1710 4642 2082 4696 lnearnatione
2110 4659 2207 4695 ms.
2237 4641 2380 4709 Joly.
2432 4641 2497 4696 de
2548 4642 2911 4695 lnearnatione
2984 4642 3075 4673 ’³⁸⁷
3132 4642 3362 4697 Hilarem
3417 4646 3568 4697 dato-

341 4726 457 4765 rem
485 4728 607 4764 ritu.
643 4709 779 4763 Vict.
810 4710 895 4763 19.
932 4709 1055 4778 Joly
1078 4721 1122 4762 et
1163 4712 1286 4762 edit.
1319 4708 1484 4777 Colit.
1526 4708 1752 4763 hilarem
1802 4711 1949 4764 enim
2007 4712 2249 4764 datorem
2321 4708 2416 4741 ‘3”
2450 4712 2781 4773 Rationalem
2830 4720 3131 4763 creaturam
3187 4727 3309 4764 mss.
3338 4722 3385 4764 et
3439 4714 3561 4767 edit.

341 4778 496 4832 Cotti.
528 4779 838 4833 rationalem
864 4787 1107 4847 naturam
1183 4778 1275 4808 ””
1303 4778 1461 4830 Beata
1492 4778 1569 4828 vel
1594 4788 1676 4830 est
1697 4794 1819 4831 mss.
1852 4779 1976 4847 Joly
1998 4788 2044 4830 et
2097 4778 2229 4831 Vict.
2283 4779 2367 4833 l9.
2425 4780 2580 4833 beata
2616 4789 2698 4831 est
2770 4780 2862 4809 "9°
2906 4778 3210 4840 Prtescitani
3242 4794 3272 4831 a
3314 4780 3417 4833 Deo
3466 4798 3562 4834 mc.

343 4847 533 4901 (Σίδην.
560 4848 857 4915 prtescitam
883 4856 1018 4899 esta
1053 4846 1157 4898 Deo
1230 4847 1321 4877 ¹³⁹¹
1357 4847 1496 4915 Intra
1524 4847 1610 4915 illa
1655 4846 2299 4915 numerum’permanere
2345 4865 2467 4899 mss.
2518 4857 2669 4899 extra
2719 4848 2862 4901 illum
2917 4862 3196 4899 numerum
3247 4862 3566 4914 permanere

340 4914 734 4984 ""Qntnnodo
782 4930 908 4982 ergo
962 4930 1085 4966 mss.
1117 4915 1245 4967 Vict.
1299 4924 1343 4966 et
1372 4914 1496 4966 edit.
1552 4914 1703 4967 Galli.
1740 4914 1993 4981 quoniam
2023 4930 2150 4984 ergo
2223 4916 2449 4967 muAut
2496 4917 2858 4984 restituendus
2912 4926 3061 4967 est...
3103 4924 3196 4967 aut
3247 4917 3560 4984 imperfecto

339 5000 464 5038 nisa.
492 4994 536 5035 et
567 4986 652 5040 ed.
674 4980 825 5034 Cotti.
852 4980 947 5033 aut
974 4986 1353 5051 restaurandus
1378 4992 1527 5035 est...
1559 4994 1650 5035 aut
1672 4984 1720 5035 iu
1754 4980 2063 5051 imperfecto
2089 4980 2109 4984 ἡ
2134 4984 2226 5015 ³³³³⁸
2256 4984 2392 5051 Ergo
2424 5000 2517 5037 eos
2564 4986 2627 5037 de
2653 5002 2748 5037 ins.
2791 4982 2923 5035 Vict.
2958 4984 3042 5035 19.
3092 4983 3255 5035 oniitt.
3306 4980 3398 5038 eos
3472 4988 3564 5021 ’³9⁸

342 5052 419 5104 De
455 5065 557 5118 qua
593 5051 880 5103 restaurari
911 5066 1007 5102 ms.
1045 5049 1232 5102 Cister.
1262 5050 1327 5103 de
1352 5065 1453 5116 qua
1485 5052 1688 5117 possint
1732 5049 1923 5104 natura
1958 5054 2247 5105 restaurari
2322 5049 2413 5083 ῖ³⁹⁶
2444 5052 2546 5105 Pro
2590 5053 2691 5105 illis
2723 5070 2817 5104 ms.
2869 5052 2989 5118 Jon
3033 5066 3127 5117 pro
3174 5053 3302 5118 ipsis
3377 5056 3467 5085 ³³⁹⁷
3498 5055 3561 5107 In

339 5133 468 5188 ritas.
494 5120 772 5188 incipiunt:
808 5121 885 5169 Itis
910 5134 928 5170 :
954 5118 1066 5170 Cur
1092 5133 1194 5188 n_on
1233 5128 1324 5188 aut
1346 5120 1441 5185 ipsi
1471 5130 1571 5171 etc.
1644 5120 1737 5150 ⁸³9⁸
1768 5120 1876 5173 Cur
1907 5136 2007 5172 non
2039 5121 2159 5188 ipsi,
2191 5131 2282 5174 aut
2311 5122 2398 5173 alii
2429 5121 2612 5186 Angcli
2663 5136 2756 5187 pro
2787 5119 2887 5172 illis
2934 5121 3139 5186 possint
3196 5123 3403 5175 restitui
3436 5140 3557 5175 mss.

340 5185 463 5256 ρει.
497 5184 641 5256 geni.
668 5184 813 5256 _Vict.
866 5197 913 5238 et
940 5184 1244 5256 cdit._GotIi.
1277 5187 1426 5251 Quod
1451 5188 1540 5256 alii
1575 5187 1757 5256 Angeli
1791 5203 1885 5255 pro
1924 5189 2026 5241 illis
2058 5184 2391 5255 nonpossint
2420 5184 2626 5243 restitui
2664 5184 2673 5187 ⁷
2703 5189 2793 5218 ’³⁸³³
2844 5184 3103 5251 Quoniam
3134 5190 3232 5242 hoc
3260 5206 3379 5256 ηιμ.
3412 5188 3559 5244 Gem.

340 5252 463 5322 Bec.
499 5251 627 5307 Vict.
651 5253 772 5321 Joly
798 5262 844 5306 et
895 5256 1015 5322 edit.
1052 5252 1205 5307 Goth.
1230 5255 1494 5322 quomodo
1525 5258 1624 5308 hoc
1662 5251 1873 5308 ἾλοοἘῑ
1904 5272 2025 5310 cuiu
2053 5257 2124 5309 illi
2151 5251 2275 5309 niss.
2306 5274 2425 5310 cum
2469 5258 2541 5310 illi
2615 5258 2703 5287 “°'
2740 5256 2944 5309 ania‘ni
2986 5258 3132 5309 novit
3158 5272 3251 5308 ms.
3305 5255 3435 5309 Vict.
3472 5260 3557 5309 19.

342 5319 541 5394 nullam
569 5319 791 5394 noverat
859 5322 949 5353 ⁸³⁰²
974 5320 1077 5394 Δ8Ῑο
1102 5319 1473 5394 namquetniis.
1505 5324 1643 5394 sicut
1665 5340 1891 5389 namque
1965 5326 2057 5356 “°'
2083 5326 2160 5378 lta
2188 5324 2365 5390 injusti
2393 5344 2487 5377 ms.
2515 5325 2637 5393 July
2670 5326 2881 5394 itajusti
2959 5325 3050 5355 “°‘
3071 5325 3558 5394 Aliosconﬁrnian-

342 5389 439 5467 dos
468 5404 562 5440 mc.
584 5388 708 5467 loli;
728 5387 1281 5467 illos‘conlirinanilos:
1326 5392 1416 5420 ¹³⁰⁵
1448 5390 1652 5467 Pari-ter
1680 5387 1977 5467 continuati
2008 5403 2183 5467 essent
2210 5387 2304 5445 nis.
2339 5394 2461 5467 July
2492 5387 2632 5467 omit.
2683 5387 2979 5451 conﬁrmati
3059 5395 3152 5425 ’m
3195 5392 3555 5459 Quemadmo-

345 5457 473 5510 dum
493 5474 613 5511 mss.
651 5456 795 5511 chi.
819 5457 938 5510 Bcc.
971 5472 1127 5526 quem
1162 5458 1373 5514 modum
1448 5460 1536 5489 "'°’
1567 5461 1731 5515 Erunt
1754 5462 1903 5515 electi
1931 5480 2021 5515 ms.
2049 5461 2169 5531 July
2216 5476 2333 5516 stitit
2369 5456 2521 5516 electi
