4226 6206
611 128 716 183 595i

1182 256 1405 314 CAPUT
1456 254 1622 313 XX".

616 368 784 435 Quam
845 368 1208 422 contumeliam
1260 368 1353 399 ‘5“
1400 366 1517 434 fecit
1574 363 1680 422 Deo
1713 370 1907 429 homo,
1969 387 2084 422 cum
2131 388 2184 424 sc

681 440 987 538 permisffmu
1026 438 1233 491 diabolo
1274 440 1451 501 vinci;
1485 454 1579 507 pro
1623 455 1723 507 qua
1754 440 2056 507 satisfacere
2087 457 2189 493 non

684 521 845 580 potest
874 521 987 559 """.

685 601 807 652 Axs.
846 597 1019 671 llomo
1051 599 1103 653 iu
1129 599 1381 669 paradiso
1418 599 1534 651 sine
1568 596 2012 667 pcecato‘factus,
2032 599 2186 668 quasi

611 691 816 759 positus
849 702 933 753 est
985 706 1085 760 pro
1117 691 1224 745 Deo
1270 690 1409 743 inter
1446 688 1614 743 Deum
1661 696 1714 741 ct
1760 688 2072 753 diabolum,
2134 698 2191 742 ut

609 780 853 836 vinceret
880 779 1147 837 diabolum
1170 794 1270 832 non
1301 778 1693 833 consentieudo
1722 778 1969 834 suadenti
2000 793 2191 850 pcccae

611 879 722 924 tum
753 873 817 926 ad
840 866 1238 925 excusationem
1269 877 1322 924 et
1357 870 1617 924 honorem
1644 869 1760 930 Dei,
1822 877 1877 923 et
1899 868 1965 921 ad
1999 867 2190 921 confu-

609 965 820 1018 sionem
856 963 947 994 ³³⁵³
976 961 1205 1025 diaboli;
1245 976 1367 1015 cum
1408 959 1499 1013 ille
1531 958 1796 1025 infirmior
1828 958 1879 1013 in
1915 966 2058 1013 terra
2081 973 2187 1011 non

608 1061 878 1123 peccaret,
913 1044 1115 1129 cedem
1150 1050 1363 1105 diabolo
1394 1050 1675 1115 suadente,
1708 1049 1798 1119 qui
1838 1046 2031 1102 iortior
2068 1061 2193 1117 pec-

610 1142 749 1196 cavit
772 1142 822 1193 in
852 1134 1010 1219 etclo,
1038 1141 1180 1195 nullo
1201 1141 1461 1195 suadente
1487 1139 1583 1171 ³⁸⁸⁵
1609 1156 1621 1191 :
1652 1147 1728 1205 et,
1757 1153 1879 1194 cum
1907 1138 2011 1194 hoc
2030 1139 2191 1219 homo

609 1231 766 1286 facile
788 1217 881 1272 ’⁸⁵3
908 1239 1089 1301 posset
1126 1230 1365 1296 edicere,
1389 1229 1533 1300 nulla
1573 1230 1624 1283 vi
1656 1239 1898 1292 coactus,
1927 1228 2037 1285 sola
2069 1217 2193 1283 sua-4

606 1322 760 1375 sione
792 1332 983 1390 sponte
1005 1336 1064 1374 se
1094 1321 1231 1375 vinci
1260 1320 1504 1391 permisit
1529 1318 1938 1374 advolantatem
1968 1316 2187 1380 diaboli,

606 1426 662 1467 et
696 1426 883 1483 contra
917 1415 1245 1467 voluntatem
1275 1404 1617 1469 ethouorem
1649 1411 1763 1465 Dei.
1796 1409 1920 1464 Bos.
1950 1407 2030 1461 Ad
2055 1406 2191 1477 quid

609 1505 692 1559 \‘is
721 1504 979 1572 tendere?
1007 1505 1136 1558 Axs.
1162 1502 1373 1568 .ludica,
1407 1512 1461 1556 tu
1492 1502 1631 1570 ipse,
1657 1501 1700 1555 si
1725 1515 1847 1555 non.
1878 1506 1959 1553 est
2003 1508 2188 1553 contra

1115 126 1171 181 S.
1208 122 1504 180 ANSELMI
1536 120 1889 176 CANTUAR.
1936 117 2253 179 ARCIHEP.
2298 120 2450 177 OPP.
2496 121 2675 177 PARS
2723 121 2762 176 l.
2806 151 2876 163 —
2910 120 3326 180 DOGMATICA.

2222 254 2263 312 Α
2297 236 2441 289 Deus
2471 236 2733 305 perdidit;
2761 235 2857 303 ita,
2886 250 2983 305 per
3013 238 3117 291 hoc
3143 238 3286 304 quod
3320 235 3519 301 vincat,
3541 241 3731 309 perdat
3752 241 3868 296 dia-

3756 128 3866 185 396

2295 325 2469 388 holus,
2504 336 2559 379 et
2604 326 2748 382 Dens
2783 332 3082 396 recuperet.
3120 327 3243 381 Dos.
3296 326 3405 382 Nec
3430 328 3729 387 districtius
3768 346 3868 389 nec

2288 415 2490 485 justlus
2541 417 2744 487 aliquid
2795 427 2973 488 potest
3016 420 3264 488 cogitari.
3290 418 3417 475 Axs.
3458 420 3694 480 Putasne
3731 439 3867 482 smn-

2296 522 2441 561 mam
2477 505 2771 575 justitiam,
2818 510 2955 563 hanc
2982 510 3246 580 justitiam
3275 525 3432 580 posse
3468 511 3710 569 violare?
3738 515 3863 571 Bos.

2293 596 2410 651 Non
2442 600 2616 653 audeo
2663 586 2926 668 cogitare.
2980 600 3111 655 Axs.
3151 600 3474 669 Nullatenus
3535 619 3664 675 ergo
3708 606 3899 678 debet,

2293 698 2388 741 aut
2425 696 2602 766 potest
2630 687 2724 720 "“
2758 690 3007 759 accipere
3039 689 3201 743 homo
3236 705 3266 743 a
3296 691 3423 757 Deo,
3456 694 3598 762 quod
3624 694 3765 750 Deus
3794 693 3869 749 illi

2295 779 2424 832 dare
2450 779 2760 849 proposuit;
2786 779 2830 833 si
2856 793 2963 834 non
2995 779 3171 834 reddit
3224 781 3331 835 Deo
3379 789 3551 835 totum
3589 784 3731 853 quod
3784 782 3868 851 illi

2294 867 2518 923 abstulit
2550 884 2564 922 :
2598 878 2657 923 ut
2682 868 2824 924 sicut
2847 883 2943 938 per
2975 868 3123 922 illum
3154 867 3295 923 Deus
3343 870 3609 938 perdidit,
3654 873 3725 925 ita
3773 887 3872 942 per

2295 959 2444 1013 illum
2470 959 2611 1014 Deus
2641 968 2921 1029 recuperet
2950 960 3065 1013 ⁸⁸⁸⁸.
3104 959 3255 1026 Quod
3281 974 3388 1015 non
3440 960 3598 1017 aliter
3636 963 3752 1017 fieri
3778 979 3875 1017 va-

2293 1050 2385 1115 let,
2416 1052 2517 1105 nisi
2552 1060 2631 1117 ut,
2661 1052 3114 1122 quemadmodum
3144 1066 3240 1120 per
3264 1052 3465 1108 victum
3492 1061 3602 1109 tota
3624 1052 3869 1110 humana

2295 1134 2492 1195 natura
2536 1151 2791 1210 corrupta
2830 1148 2885 1195 et
2922 1141 3076 1210 quasi
3139 1140 3463 1197 fermentata
3511 1150 3595 1197 est
3625 1152 3873 1212 peccato,

2294 1245 2414 1286 cum
2443 1245 2549 1300 quo
2570 1230 2772 1285 nullum
2799 1231 2939 1284 Deus
2961 1231 3189 1285 assumit
3215 1229 3280 1285 ad
3300 1232 3690 1301 perficiendam
3720 1233 3873 1288 illam

2295 1322 2573 1376 civitatem
2627 1321 2944 1379 cmlestem:
2977 1324 3046 1377 ita
3101 1336 3201 1392 per
3223 1322 3526 1379 vincentem
3570 1323 3876 1394 justitlcen-

2295 1424 2386 1468 tur
2412 1415 2507 1446 ’⁸⁸⁸
2531 1431 2559 1469 a
2584 1424 2807 1485 peccato
2832 1424 2907 1469 tot
2935 1414 3203 1480 homines,
3229 1422 3362 1484 quot
3395 1413 3547 1470 illum
3573 1430 3863 1470 numerum

2295 1506 2608 1576 completuri
2637 1515 2813 1570 erant,
2843 1505 2910 1560 ad
2936 1520 3097 1572 quem
3154 1505 3534 1576 complendum
3568 1505 3741 1562 faettts
3783 1513 3870 1562 est

608 1584 866 1669 honorem
920 1595 1035 1657 Dei,
1079 1595 1334 1649 ut’bomo
1380 1586 1759 1646 reconcilietur
1805 1587 1901 1621 ’"‘
1943 1587 2017 1641 illi
2064 1601 2186 1641 eum

2293 1597 2476 1652 homo.
2502 1595 2610 1651 Sed
2639 1595 2743 1652 hoc
2768 1596 2951 1653 facere
3002 1596 3311 1652 nullatenus
3351 1606 3529 1669 potest
3557 1598 3718 1653 homo
3741 1612 3873 1668 pec-

606 1685 872 1757 calumnia
899 1682 1060 1752 hujus
1085 1683 1423 1739 contumelia:
1453 1681 1563 1735 Deo
1590 1682 1839 1752 irrogata:
1864 1720 1879 1746 ,
1910 1678 2011 1735 nisi
2037 1677 2190 1748 prius

608 1775 961 1849 honoravcrit
993 1774 1156 1829 Deum
1196 1773 1461 1828 vincendo
1507 1770 1810 1834 diaboltmt;
1863 1770 2007 1825 sicut
2035 1767 2191 1839 inho-

604 1866 822 1925 noravit
873 1864 1018 1919 illum
1061 1863 1153 1894 “'"
1188 1863 1362 1917 \‘ictus
1413 1876 1442 1915 a
1474 1860 1707 1917 diabolo.
1766 1849 2003 1914 Victoria
2060 1872 2190 1913 vero

605 1957 732 2014 talis
756 1969 874 2013 esse
910 1950 1172 2017 debet,ut
1207 1938 1348 2007 sicut
1375 1951 1530 2007 fortis
1579 1965 1643 2005 ac
1670 1957 1932 2019 potestate
1977 1948 2193 2003 immor-

608 2051 751 2117 talis,
762 2047 1047 2119 consensit
1074 2045 1230 2101 facile
1246 2043 1460 2103 diabolo
1483 2053 1542 2099 ut
1574 2051 1845 2113 peccaret,
1865 2042 2008 2097 unde
2041 2042 2191 2113 justo

607 2128 1078 2213 incurritpoanam
1106 2129 1453 2213 mortalitatis
1496 2150 1510 2186 :
1569 2134 1641 2187 ita
1686 2131 1936 2187 inﬁrmus
1962 2141 2018 2185 et
2048 2147 2191 2186 mor-

611 2228 753 2291 talis,
806 2210 1027 2294 qualem
1052 2210 1111 2278 se
1143 2223 1270 2279 fecit
1318 2210 1457 2291 ipse,
1480 2238 1577 2297 per
1601 2221 1792 2276 mortis
1814 2220 2189 2279 difﬁcultatem

606 2304 790 2383 vinea:
824 2315 1114 2380 diabolum,
1149 2322 1207 2386 ut
1242 2313 1389 2369 nullo
1407 2312 1777 2391 ntodo‘pcccet
1807 2328 1823 2375 ;
1859 2311 2001 2380 quod
2018 2310 2194 2366 facere

607 2421 716 2463 non
744 2416 938 2481 potest,
964 2404 1201 2479 quandiu
1230 2418 1298 2459 ex
1318 2400 1541 2458 vulnere
1566 2401 1724 2472 primi
1752 2400 1962 2471 peccati
2006 2400 2191 2456 conci-

608 2498 756 2569 pitur
783 2506 840 2553 ct
868 2496 1113 2571 nascitur
1138 2495 1192 2548 in
1222 2504 1469 2564 peccato.
1498 2492 1625 2547 Bos.
1653 2492 1855 2547 lterum
1902 2491 2025 2546 dico
2069 2491 2195 2562 quia

608 2597 666 2643 et
699 2589 837 2642 ratio
868 2588 964 2618 ³⁸⁵⁸
1015 2584 1208 2656 probat
1236 2583 1378 2652 quod
1429 2583 1600 2646 dicis;
1651 2592 1706 2637 et
1736 2580 2069 2649 impossibile
2090 2589 2193 2635 est.

608 2678 739 2733 Axs.
765 2677 955 2731 Adhuc
981 2675 1168 2745 accipe
1196 2673 1292 2705 “”
1318 2688 1505 2739 unum,
1534 2673 1654 2727 sine
1676 2685 1784 2741 quo
1798 2670 1943 2738 iuste
1975 2686 2081 2723 non
2105 2684 2194 2724 re-

614 2768 936 2825 conciliatur
960 2768 1123 2821 homo
1141 2781 1156 2819 :
1173 2779 1272 2821 nec
1291 2763 1470 2831 minus
1492 2761 1823 2831 impossibile
1836 2758 2046 2814 est"“.
2069 2758 2215 2814 Bos.‘

615 2860 720 2914 Tot
739 2857 848 2928 jam
880 2856 1207 2926 proposuisti
1241 2855 1416 2929 nobis,
1442 2869 1562 2922 quae
1585 2853 1765 2933 facere
1792 2851 2085 2914 debemus,
2138 2858 2195 2903 ut

615 2920 1258 3018 quidquid-superaddas,
1292 2920 1401 2997 non
1426 2920 1512 2996 me
1540 2920 1729 3011 magis"
1751 2950 1957 2993 terrere
1999 2937 2189 3008 possit.
2222 2920 2267 2979 (Ζ

612 3041 745 3094 Axs.
773 3036 912 3091 Audi
936 3044 1136 3089 tamen.
1173 3033 1298 3088 Bos.
1327 3033 1523 3088 Audio.

1198 3141 1427 3198 CAPUT
1467 3140 1653 3196 XXIII.

656 3241 797 3307 Quid
836 3217 1051 3293 abstulit
1080 3237 1173 3267 ¹⁸⁶¹
1229 3234 1333 3288 Deo
1363 3250 1478 3314 cum
1502 3232 1753 3298 peccavit,
1787 3231 1922 3299 quod
1956 3232 2171 3285 reddere

1318 3315 1490 3374 nequit
1501 3340 1515 3355 .

686 3401 820 3457 Axs.
844 3398 984 3466 Quid
1009 3396 1232 3451 abstulit
1261 3396 1425 3451 homo
1458 3395 1585 3458 Deo,
1621 3406 1744 3446 cum
1779 3391 1922 3446 vinci
1978 3407 2037 3446 se
2074 3406 2200 3461 per—

622 3489 771 3545 misit
793 3504 822 3543 a
851 3487 1100 3543 diabolo?
1125 3487 1247 3541 Bos.
1280 3484 1374 3538 Dic
1400 3493 1475 3549 tu,
1505 3493 1562 3537 ut
1590 3482 1861 3552 incoepisti
1888 3498 1903 3545 ;
1953 3482 2078 3550 quia
2102 3496 2203 3553 ego

625 3581 809 3652 nescio
839 3577 990 3649 quid,
1022 3591 1183 3647 super
1206 3576 1321 3630 haec
1356 3574 1498 3628 mala
1530 3588 1650 3644 quae
1678 3571 1989 3636 ostendisti,
2029 3570 2203 3640 potuit

627 3670 843 3725 addere.
876 3669 1005 3723 Axs.
1032 3666 1221 3723 Nonne
1244 3664 1467 3720 abstulit
1494 3663 1603 3718 Deo
1633 3661 1893 3731 quidquid
1928 3661 1992 3714 de
2017 3661 2202 3715 huma-

621 3776 692 3815 na
716 3770 908 3815 natura
944 3758 1119 3812 facere
1151 3756 1544 3826 proposuerat?
1571 3755 1697 3810 Bos.
1730 3755 1844 3809 Non
1892 3758 2071 3823 potest
2103 3768 2204 3815 ne-

608 3851 761 3922 gari.
791 3852 919 3905 Axs.
956 3849 1177 3904 Intende
1206 3850 1304 3880 ³⁸⁵⁸
1366 3848 1417 3904 in
1480 3848 1780 3902 districtum
1821 3847 2122 3917 justitiam;
2152 3854 2205 3900 et

615 3940 798 4013 jndiea
827 3938 1123 3995 secundum
1157 3938 1323 4003 illam,
1380 3948 1560 3992 utrum
1615 3938 1681 3992 ad
1710 3938 2075 4006 aequalitatem
2106 3936 2201 3992 1"“

622 4030 828 4100 peccati
881 4029 1040 4083 homo
1075 4026 1376 4082 satisfaciat
1406 4027 1547 4093 Deo;
1583 4028 1685 4082 nisi
1734 4028 1965 4097 idipsum
2030 4030 2199 4099 quod,

623 4119 987 4191 permittendo
1016 4134 1075 4174 se
1097 4119 1234 4172 vinci
1267 4135 1295 4170 a
1331 4118 1564 4183 diabolo,
1601 4119 1711 4173 Deo
1735 4118 1984 4185 abstulit,
2015 4121 2207 4176 diabo-

2294 1694 2449 1740 eator
2471 1702 2485 1749 ;
2511 1686 2635 1754 quia
2665 1694 2919 1757 peccator
2941 1694 3284 1756 peccatorem
3314 1686 3614 1757 justiticare
3657 1686 3871 1757 nequit.
3962 1706 3965 1707 ν

2291 1776 2417 1831 Bos.
2454 1776 2519 1830 Et
2545 1775 2679 1830 nihil
2704 1775 2924 1846 justius,
2954 1784 3009 1831 et
3046 1775 3182 1830 nihil
3207 1774 3598 1845 impossibilius
3630 1792 3644 1828 :
3682 1776 3774 1830 sed
3801 1787 3875 1828 ex

2291 1866 2379 1921 his
2410 1865 2660 1922 omnibus
2682 1866 2895 1921 videtur
2916 1863 3292 1920 misericordia
3329 1864 3423 1919 Dei
3452 1872 3506 1919 et
3532 1878 3655 1934 spes
3693 1862 3878 1917 homi-

2294 1956 2379 2011 nis
2430 1956 2626 2025 perire,
2647 1964 2908 2025 quantum
2951 1955 3017 2009 ad
3065 1954 3458 2024 beatitudinem
3504 1962 3738 2025 spectat,
3804 1952 3878 2009 ad

2294 2062 2454 2117 quam
2497 2045 2673 2102 factus
2722 2049 2809 2101 est
2857 2046 3046 2101 homo.
3103 2045 3235 2101 Axs.
3265 2045 3529 2115 Exspecta
3574 2044 3753 2098 adlmc
3782 2058 3884 2114 pa-

2295 2154 2438 2194 rum.
2465 2138 2588 2192 Dos.
2624 2136 2759 2205 Quid
2790 2136 2958 2192 habes
2982 2136 3211 2206 amplius
3236 2137 3370 2190 ⁸⁵⁸⁷2

2847 2248 3076 2305 CAPUT
3116 2245 3309 2303 XXIV.

2297 2360 2451 2426 Quod
2474 2361 2712 2426 quandiu
2737 2359 2835 2393 ’m
2850 2360 3005 2414 homo
3031 2358 3241 2413 non"”
3258 2358 3430 2412 reddit
3460 2356 3566 2412 Deo
3590 2356 3689 2389 '"°
3723 2358 3882 2427 quod

2369 2431 2519 2485 debet
2543 2470 2565 2512 ε
2586 2447 2689 2484 non
2733 2431 2897 2501 possit
2934 2444 3044 2484 esse
3083 2428 3295 2485 beatus:
3334 2443 3425 2481 nec
3462 2436 3739 2483 excusetur
3775 2428 3884 2480 im-

2368 2510 2621 2569 potentia.
3298 2536 3307 2543 η
3376 2530 3379 2531 ν

2366 2590 2498 2645 Axs.
2549 2590 2605 2645 Si
2662 2591 2826 2646 homo
2872 2588 3348 2660 dieiturinjustus,
3381 2588 3471 2659 qui
3501 2588 3708 2643 homini
3762 2602 3881 2643 non
3946 2601 3949 2603 ί

2300 2679 2479 2735 reddit
2507 2680 2650 2749 quod
2696 2681 2890 2746 debet,
2940 2680 3110 2735 multo
3139 2679 3311 2748 magis
3342 2676 3573 2746 iujustus
3628 2684 3735 2743 est,
3783 2675 3885 2746 qui

2300 2771 2412 2826 Deo
2441 2774 2583 2842 quod
2607 2772 2765 2826 debet
2812 2789 2916 2826 non
2966 2771 3160 2826 reddit.
3194 2769 3317 2825 Bos.
3350 2769 3405 2825 Si
3427 2777 3621 2841 potest,
3661 2777 3715 2822 et
3769 2782 3885 2823 non

2300 2861 2473 2917 reddit
2493 2902 2507 2925 ,
2560 2875 2687 2916 vere
2730 2861 2966 2930 injustas
3003 2870 3105 2916 est.
3132 2860 3191 2932 Si,
3223 2875 3351 2916 vero
3382 2874 3487 2914 non
3517 2865 3713 2929 potest,
3743 2874 3891 2928 quo-

2302 2951 2464 3005 modo
2495 2951 2723 3021 injustas
2751 2951 2867 3005 est?
2893 2951 3021 3005 Axs.
3056 2950 3305 3005 Forsitan
3330 2950 3373 3005 si
3402 2948 3543 3003 nulla
3583 2949 3635 3004 iu
3668 2948 3760 3002 illo
3798 2957 3891 3004 est

2304 3040 2637 3107 impotentia:
2659 3054 2846 3103 causa,
2879 3039 3223 3110 aliquatenus
3246 3036 3496 3092 excusari
3519 3044 3718 3106 potest.
3772 3034 3888 3090 Sed

2303 3129 2349 3183 si
2377 3129 2428 3183 in
2456 3129 2568 3198 ipsa
2593 3130 2911 3199 impotentia
2937 3138 3019 3185 est
3040 3129 3197 3198 culpa
3215 3129 3305 3159 ”"
3334 3167 3350 3193 ,
3382 3128 3530 3182 sicut
3555 3142 3660 3181 non
3684 3126 3891 3196 lerigat

2303 3230 2584 3290 peccatum
2618 3260 2632 3285 ,
2691 3220 2764 3273 ita
2822 3235 2927 3275 non
2957 3229 3179 3275 excusat
3214 3232 3331 3271 non
3374 3216 3687 3270 reddentem
3734 3213 3890 3269 debi-

2305 3318 2441 3362 tum.
2472 3308 2608 3362 Nam
2660 3309 2703 3363 si
2750 3310 2874 3379 quis
2919 3309 3162 3379 injnngat
3190 3306 3406 3376 aliquod
3429 3320 3565 3374 opus
3591 3318 3883 3360 servatuo

2304 3400 2420 3463 "1",
2458 3407 2512 3455 et
2541 3400 2815 3469 przccipiat
2843 3400 2916 3453 illi
2943 3414 3010 3453 ne
3039 3400 3256 3467 dejiciat
3284 3413 3341 3452 se
3373 3398 3426 3451 in
3454 3395 3689 3461 foveam,
3715 3410 3886 3465 quam

2306 3490 2381 3544 illi
2408 3490 2744 3543 demonstrat
2789 3489 2907 3555 ⁸⁸⁷³,
2946 3490 3089 3543 unde
3126 3488 3430 3542 nullatenus
3470 3487 3621 3541 exire
3650 3487 3824 3555 possit
3869 3504 3884 3539 :

2304 3589 2359 3633 et
2378 3593 2567 3633 servus
2592 3577 2678 3633 ille
2710 3566 3062 3633 contemnens
3093 3577 3408 3631 mandatum
3442 3584 3495 3630 ct
3517 3573 3881 3629 munitionem
3954 3564 3957 3565 ν

2306 3669 2506 3724 domini
2539 3668 2643 3735 sui,
2697 3678 2889 3738 sponte
2918 3684 2976 3725 se
3008 3662 3062 3725 in
3090 3675 3554 3738 praemonstratam
3583 3666 3763 3720 mittat
3791 3663 3889 3719 fc-

2304 3777 2481 3827 veam,
2517 3750 2575 3815 ut
2604 3762 2914 3816 nullatenus
2964 3762 3133 3832 possit
3167 3759 3468 3828 injunclum
3508 3772 3643 3828 opus
3670 3755 3890 3813 edicere

2307 3851 2401 3883 ’⁵⁷⁸
2445 3867 2459 3906 :
2492 3859 2719 3919 putasne
2749 3850 2823 3905 illi
2855 3845 3887 3920 aliquatenus"‘“impotentiamistam

2307 3945 2374 3998 ad
2403 3942 2808 3998 excusationem
2862 3942 3065 4005 valere,
3139 3957 3237 3996 cur
3286 3954 3421 4009 opus
3448 3937 3543 3970 ’⁸⁷⁸
3581 3936 3889 4004 iniunctum

2310 4050 2416 4089 non
2479 4033 2673 4089 faciat?
2725 4033 2850 4087 Bos.
2893 4031 3050 4086 Nullo
3101 4031 3276 4091 modo,
3312 4029 3405 4084 sed
3435 4027 3501 4081 ad
3530 4034 3887 4094 augmentum

2309 4125 2491 4195 potius
2530 4125 2736 4195 culpas;
2768 4124 3022 4194 quoniam
3054 4123 3166 4192 ipse
3188 4119 3554 4189 impotentiam
3586 4116 3731 4170 illam
3777 4116 3890 4170 sibi

620 4212 729 4265 lum
762 4210 1026 4264 Vincentio
1054 4209 1307 4263 restituat
1346 4226 1357 4260 :
1388 4218 1445 4261 ut
1472 4210 1925 4277 quemadmodum
1951 4226 2047 4279 per
2097 4213 2201 4266 hoc
2232 4249 2278 4306 ο
2312 4218 2453 4270 fecit.
2488 4216 2784 4285 Dupliciter
2807 4231 3039 4285 namque
3067 4215 3327 4284 peccavit,
3357 4213 3481 4283 quia
3510 4221 3563 4268 et
3590 4211 3731 4281 quod
3767 4210 3891 4276 jus-

623 4300 765 4370 quod
790 4301 961 4355 victus
986 4311 1084 4359 est,
1124 4300 1301 4369 rapuit
1352 4300 1597 4354 diabolus
1645 4302 1785 4369 quod
1821 4302 1917 4356 Dei
1966 4312 2108 4366 erat,
2145 4314 2201 4357 ct

1900 4414 2137 4469 VARUE
2177 4416 2583 4475 LECTIONES.

1692 4503 1816 4572 ,ἴοιμι
1882 4503 2034 4570 Quod
2097 4509 2479 4563 contumeliam

697 4505 789 4537 "“
836 4505 1005 4569 Quam
1076 4503 1455 4559 contumeliam
1518 4521 1615 4555 ms.

626 4576 735 4630 Deo

624 4646 747 4714 Joly

876 4576 969 4608 ⁸⁵⁵³
996 4574 1444 4627 Ιοᾷιευιιΐηείοιιεη]
1476 4590 1597 4626 mss.
1636 4584 1688 4628 et
1725 4576 1790 4627 ad
1827 4574 2198 4631 confusionem

771 4646 879 4697 lucc
909 4646 1077 4697 omitt.
1156 4645 1249 4675 ’⁸³⁵
1282 4643 1394 4697 Hoc
1434 4644 1594 4697 homo
1618 4645 1775 4697 facile
1803 4661 1926 4697 mss.
1961 4645 2062 4697 hoc
2094 4646 2196 4697 faei

787 4661 879 4699 ΠΡΟ
909 4655 1077 4697 οηιιιι.

629 4853 735 4907 bile
759 4862 864 4918 est,
890 4870 987 4905 ms.
1022 4851 1206 4906 Cister.
1240 4852 1423 4905 ourittit
1452 4862 1534 4906 est

2310 4322 2402 4361 sus
2428 4316 2511 4361 est
2532 4306 2734 4371 facere,
2766 4321 2871 4361 non
2906 4305 3069 4370 fecit;
3102 4314 3155 4358 ct
3185 4303 3324 4373 quod
3348 4310 3677 4372 praeceptum
3700 4308 3784 4353 est
3816 4314 3893 4354 ne

2626 4510 2719 4541 ηδ’
2772 4507 2888 4562 Non
2947 4516 3122 4577 potest
3180 4523 3277 4577 ms.
3347 4505 3469 4577 Joty
3532 4519 3637 4577 non
3702 4512 3893 4570 νοιβει

2310 4579 2407 4610 ’⁸⁵⁸
2447 4578 2547 4644 Qui
2577 4578 2769 4633 fortior
2790 4574 3035 4647 peccavit
3066 4578 3118 4630 in
3145 4575 3466 4647 cmlomullo
3495 4574 3751 4647 suadente
3779 4587 3888 4647 ms.

1156 4645 1249 4675 ’³³⁵
1282 4643 1394 4698 Hoc
1434 4644 1594 4697 homo
1618 4645 1775 4697 facile
1803 4661 1926 4697 mss.
1961 4645 2062 4699 hoc
2094 4646 2253 4702 facile
2329 4649 2424 4680 ⁸⁸⁸⁸
2457 4648 2628 4702 llomo
2658 4643 3041 4702 reconcilietur
3077 4662 3202 4698 mss.
3236 4644 3383 4698 Gem.
3411 4652 3459 4697 et
3487 4643 3609 4696 Bec.
3644 4643 3895 4696 reconci-

625 4713 851 4786 l_iarct_u_r
924 4714 1015 4744 ’⁸⁸⁷
1041 4714 1458 4786 lultonoraverit
1499 4713 1656 4786 illum
1677 4713 1955 4786 irtss._Bec.
1997 4714 2143 4771 Gem.
2184 4716 2322 4770 Vict.
2350 4716 2474 4786 Jon
2502 4718 2848 4773 inhonoravit
2876 4716 3023 4769 illum
3096 4715 3189 4746 ³⁸⁸⁸

628 4783 751 4855 Bec.
784 4784 919 4837 Vict.
945 4794 989 4836 et
1018 4783 1143 4855 {aly
1171 4784 1297 4853 quia
1330 4784 1548 4855 etqratio
1623 4783 1719 4855 ’δεῇ
1747 4784 1940 4855 Adhuc
1961 4786 2168 4853 accipe.
2194 4795 2331 4849 etc.,
2361 4790 2417 4840 in
2443 4782 2790 4855 manuscript.
2835 4786 2920 4855 hic
2946 4785 3126 4852 incipit
3166 4793 3320 4855 caput
3347 4782 3436 4855 2'5.

1634 4852 1724 4884 ²⁵⁶¹
1758 4854 1909 4919 Quod
1946 4849 2165 4907 abstulit
2188 4873 2314 4909 mss.
2342 4868 2387 4909 ct
2432 4856 2575 4908 Edit.
2610 4849 2765 4909 Galli.
2791 4865 2837 4908 et
2878 4849 3060 4907 Venet.
3103 4849 3237 4922 quid
3270 4851 3494 4922 abstulit
3566 4849 3890 4922 ¹³⁶¹ᾼᾹιῑ9η⁹

3218 4714 3353 4781 Quia
3394 4713 3533 4766 ratio
3563 4728 3686 4781 mss.
3730 4708 3890 4781 Gem.

3514 4779 3607 4812 ²⁸⁶⁰
3636 4779 3893 4841 lmpossi-

632 4924 757 4976 dere
790 4925 839 4975 iu
876 4933 1079 4998 mss_._ct
1108 4923 1252 4976 Edit.
1283 4921 1441 4975 Gotli.
1479 4923 1693 4998 intende
1739 4918 1793 4976 in
1865 4922 1960 4953 ’⁸⁸³
1997 4923 2188 4978 Utrum
2235 4935 2289 4998 et
2320 4925 2683 4998 mqualitatcm
2723 4941 2847 4977 mss.
2893 4933 3070 4977 utrum
3113 4918 3579 4998 atlzchualitatem
3654 4918 3749 4950 'm
3772 4919 3894 4998 Aut.

632 5001 808 5062 potest
830 5010 924 5043 ms.
973 4991 1104 5044 l’ict.
1135 5002 1225 5044 aut
1249 5002 1418 5044 totum
1496 4993 1587 5021 ’5‘"
1622 4992 1769 5044 Illum
1795 5004 2077 5062 recuperet
2106 5011 2205 5047 ms.
2246 4985 2559 5047 Virtfillum
2593 4994 2732 5048 Deus
2764 5004 3046 5060 recuperet
3118 4992 3212 5029 ’⁵⁸⁸
3245 4985 3613 5062 ιύειίῐίεεηιυι*
3637 5004 3738 5042 ms.
3756 4985 3892 5062 Jotg

630 5056 974 5114 'vivificentur
1048 5062 1138 5091 ²⁶ι⁵⁷
1172 5062 1361 5130 Adhuc
1404 5062 1635 5130 amplius
1665 5079 1787 5114 mss.
1819 5056 1944 5129 Jolg}
1974 5072 2019 5114 et
2074 5061 2209 5115 Vict.
2243 5066 2413 5117 omitt.
2448 5064 2623 5116 adhuc
2699 5064 2794 5130 ’ξοδ
2839 5056 2971 5127 Quia
3004 5062 3242 5130 quandiu
3293 5076 3419 5113 mss.
3452 5058 3596 5130 quod
3644 5056 3890 5130 (ιιιίιιιιιξιι

630 5132 726 5166 ³³⁸⁸
760 5131 929 5183 llomo
956 5146 1061 5183 non
1107 5148 1232 5184 mss.
1266 5128 1388 5181 Bcc.
1428 5142 1473 5183 et
1506 5129 1655 5182 Gem.
1684 5133 1851 5183 amitt.
1894 5128 2055 5183 homo

2201 5134 2296 5163 ’νο
2348 5132 2543 5187 Reddit
2574 5134 2683 5185 Deo
2713 5123 2992 5200 mssf'Joly
3022 5123 3069 5183 et
3120 5129 3250 5182 Vict.
3292 5123 3786 5200 ιἐιΙιΙειξ-Ιᾎορδῖ³
3828 5123 3891 5200 lu

637 5202 754 5280 ipso
783 5202 1097 5280 impotentia
1130 5212 1212 5280 est
1243 5199 1395 5268 culpa
1428 5216 1521 5252 ms.
1542 5198 1765 5280 (llo/ﬂint
1800 5201 1914 5280 ipsa
1940 5201 2175 5280 potentia
2206 5212 2292 5280 e’st
2322 5203 2631 5280 culpa‘mss.
2676 5201 2805 5280 Vict.
2837 5202 2889 5253 5.
2913 5192 2983 5280 ὀί
3015 5200 3329 5280 19...(Σίειει;.
3364 5196 3602 5280 etnEdit.
3633 5192 3791 5274 Gotlt.
3834 5194 3891 5246 in

637 5257 750 5339 ipsa
783 5257 1094 5335 impotentia
1126 5271 1277 5336 culpa
1303 5257 1384 5321 est
1407 5286 1504 5319 ms.
1536 5268 1595 5320 S.
1632 5257 1794 5339 Illic/1.
1823 5257 2274 5336 ipsa'impotcutia
2305 5280 2389 5324 est
2414 5257 2573 5339 culpa
2598 5288 2695 5323 ms.
2742 5269 2871 5323 Vict.
2910 5270 2994 5322 i5.
3028 5268 3277 5339 nullahest
3303 5265 3484 5339 inille
3515 5278 3683 5339 causa
3716 5263 3896 5331 impo-

638 5336 820 5393 tentia:
898 5340 993 5368 ’⁵⁷³
1035 5340 1203 5389 Servo
1253 5354 1368 5399 suo,
1401 5349 1457 5391 et
1496 5354 1591 5388 ms.
1632 5336 1754 5405 Joly
1793 5354 1949 5391 servo
1979 5352 2033 5392 et

640 5411 734 5441 ³⁸⁷³
765 5407 914 5478 Opus
934 5407 1269 5478 efficerems.
1298 5405 1422 5473 .loly
1447 5420 1583 5474 Opus
1614 5412 1875 5474 perlicere
1949 5410 2043 5443 ’⁵⁷⁵
2074 5410 2309 5465 Putasne
2340 5411 2413 5464 illi
2458 5410 2799 5478 aliquatenus
2832 5425 2929 5462 ms.
2966 5408 3099 5460 Vict.
3143 5407 3287 5458 omit.
3322 5405 3397 5458 illi

640 5494 766 5530 mss.
798 5475 843 5529 et
870 5476 1012 5529 Edit.
1050 5475 1203 5528 Gotlt.
1236 5490 1333 5528 cur
1361 5490 1493 5543 Opus

2178 5341 2274 5370 ⁸⁸⁸⁷³
2303 5341 2378 5392 Illi
2410 5333 2748 5393 den-tonstrat
2792 5356 2915 5392 mss.
2960 5339 3106 5389 (.‘cm.
3154 5336 3275 5388 llec.
3331 5334 3459 5387 Vict.
3515 5333 3588 5385 illi
3621 5340 3895 5385 monstrat

3472 5401 3565 5435 “"°
3587 5401 3721 5456 Cum
3753 5415 3896 5469 opus
