4226 6188
398 209 501 265 597

1514 202 1653 261 cun
1694 198 1872 257 usus
1914 196 2127 254 nouo.
2170 229 2236 277 ρέ-
2269 198 2394 253 LIB.
2436 200 2481 253 ι.
2525 178 2527 181 ’

3524 204 3627 264 598

398 324 604 377 faceret
629 362 644 386 ,
668 319 810 377 fecit.
837 320 964 378 Aus.
985 318 1061 377 Ita
1087 320 1270 385 homo,
1297 316 1387 389 qui
1415 332 1471 372 sc
1499 324 1689 388 sponte
1712 312 1967 385 obligavit
1999 315 2040 372 Α
2066 311 2247 367 cordia
2283 311 2391 366 Deo
2422 311 2773 370 attribuatur.
2807 314 2874 369 At
2912 315 2957 371 si
3008 314 3234 370 dimittit
3269 300 3424 383 quod
3452 316 3620 374 invito

403 412 493 465 illo
537 412 717 467 debito
760 412 882 477 "",
906 412 1051 482 quod
1095 408 1309 466 solvere
1363 422 1469 462 non
1516 414 1727 475 potest;
1789 413 1843 459 et
1868 418 1967 458 sua

403 502 560 571 culpa
580 500 773 571 dejecit
793 516 854 557 se
879 502 932 556 in
960 500 1103 558 hanc
1149 497 1545 569 impotentiam,
1596 506 1655 550 ut
1703 510 1805 551 nec
1839 494 1967 550 illud

400 590 833 659 possitsolvere,
862 588 1009 661 quod
1027 589 1258 645 debebat
1286 595 1414 643 ante
1440 594 1745 657 peccatum,
1803 584 1856 639 id
1886 590 1970 639 est

400 698 469 735 ne
500 689 746 750 peccaret
763 696 891 745 ;nec
908 681 1011 736 hoc
1036 679 1181 751 quod
1202 677 1361 734 debet
1385 676 1480 711 ’³⁷⁸
1523 679 1649 749 quia
1679 676 1925 747 peccavit
1950 693 1964 731 :

400 771 785 829 inexcusabilis
808 782 893 828 est
918 771 1034 827 "".
1057 770 1175 843 Ipsa
1198 784 1431 842 namque
1462 770 1781 842 impotentia
1808 769 1968 841 culpa

402 873 516 927 est;
556 861 682 932 quia
727 877 833 919 non
884 862 1048 918 debet
1077 876 1197 919 eam
1238 860 1466 927 habere,
1495 862 1604 918 imo
1656 861 1820 917 debet
1848 874 1968 916 eam

402 966 507 1007 non
550 952 788 1008 habere:
817 966 964 1017 nam,
998 952 1134 1009 sicut
1162 951 1317 1023 culpa
1345 961 1429 1009 est
1456 965 1564 1008 non
1601 950 1802 1007 habere
1828 951 1971 1021 quod

402 1042 563 1098 debet
592 1041 830 1109 habere,
860 1041 936 1098 ita
963 1040 1123 1113 culpa
1152 1051 1239 1099 est
1272 1042 1477 1099 habere
1506 1042 1653 1112 quod
1673 1041 1834 1098 debet
1862 1054 1968 1097 non

401 1134 626 1189 habere.
662 1131 815 1189 Sicut
847 1148 978 1204 ergo
1006 1133 1100 1167 ³⁸⁸⁸
1131 1132 1287 1205 culpa
1308 1141 1392 1190 est
1413 1132 1617 1189 homini
1650 1148 1755 1187 non
1771 1131 1971 1188 habere

401 1233 725 1294 potestatem
786 1225 955 1291 illam,
1004 1240 1168 1297 quam
1221 1225 1431 1297 accepit
1456 1235 1514 1281 ut
1540 1234 1728 1297 posset
1774 1240 1971 1282 cavere

400 1323 725 1384 peccatum:
757 1315 837 1371 sic
874 1312 1033 1385 culpa
1069 1298 1155 1371 est
1194 1315 1270 1372 illi
1316 1314 1517 1372 habere
1563 1315 1967 1386 hnpotentiam,

401 1420 508 1474 qua
546 1419 648 1461 nec
684 1404 779 1438 ""
805 1404 1129 1474 iniustitiam
1155 1414 1727 1477 tenere,etpeccatum
1755 1417 1967 1471 cavere;

401 1508 505 1551 nec
534 1495 677 1565 quod
702 1510 800 1566 pro
828 1502 1049 1566 peccato
1084 1494 1244 1552 debet
1288 1495 1515 1552 reddere
1536 1502 1737 1567 potest.
1769 1493 1973 1566 Sponte

402 1592 644 1657 namque
668 1584 821 1651 fecit,
870 1585 1013 1641 unde
1053 1585 1293 1655 perdidit
1330 1584 1475 1640 illam
1530 1594 1885 1661 potestatem,
1917 1593 1970 1640 et

2070 413 2187 458 erat
2220 402 2522 473 ablaturus,
2554 415 2775 476 propter
2810 407 3177 476 impotentiam
3204 406 3459 461 reddendi
3489 411 3632 481 quod

2070 508 2261 571 sponte
2288 500 2513 555 reddere
2539 499 2729 567 debet,
2761 499 2968 556 relaxat
2995 500 3132 556 Deus
3152 516 3390 571 poenam,
3422 511 3477 557 et
3505 502 3633 559 facit

2070 589 2288 647 beatum
2348 590 2621 646 hominem
2670 600 2892 663 propter
2930 596 3231 661 peccatum,
3292 594 3418 662 quia
3470 593 3635 651 habet

2070 679 2213 751 quod
2238 680 2400 735 debet
2429 696 2535 735 non
2572 680 2793 737 habere.
2852 680 2987 735 Nam
3032 682 3202 751 ipsam
3262 684 3634 753 impotentiam

2072 770 2234 826 debet
2255 784 2361 825 non
2402 769 2624 837 habere,
2652 779 2708 825 et
2734 770 2939 826 idcirco
2986 771 3222 839 quandiu
3272 772 3414 826 illam
3462 774 3626 828 habet

2071 874 2188 917 sme
2210 858 2582 916 satisfactione
2631 868 2920 932 peccatum
2953 870 3035 916 est
3062 861 3135 915 illi
3166 878 3179 914 :
3220 876 3404 935 verum
3450 862 3636 931 hujus-

2070 951 2216 1009 modi
2254 951 2624 1008 misericordia
2649 951 2743 1007 Dei
2769 952 2932 1007 nimis
2957 952 3149 1008 ""est
3178 955 3450 1009 contraria
3473 953 3638 1023 justi-

2074 1037 2162 1095 tia:
2195 1039 2360 1107 illius,
2408 1055 2529 1110 qua:
2566 1040 2781 1097 nonnisi
2809 1055 3026 1111 poenam
3053 1042 3486 1111 permittitreddi
3514 1059 3637 1113 pro.

2071 1139 2193 1204 pter
2234 1134 2541 1209 peccatum.
2586 1131 2948 1204 Quapropter,
2983 1136 3433 1205 quemadmodum
3466 1138 3637 1192 Deum

2073 1223 2173 1279 sibi
2196 1238 2314 1280 esse
2341 1225 2683 1280 contrarium
2707 1266 2721 1291 ,
2750 1225 2821 1278 ita
2850 1224 2953 1280 hoc
2976 1224 3133 1281 modo
3160 1226 3306 1281 illum
3337 1241 3456 1283 esse
3474 1229 3640 1283 misc-

2075 1313 2340 1371 ricordetn
2366 1324 2451 1371 est
2471 1314 2829 1386 impossibile.
2863 1316 2989 1371 Bos.
3018 1316 3192 1371 Aliam
3215 1316 3309 1372 Dei
3340 1317 3642 1375 misericor-

2074 1404 2217 1462 diam
2263 1387 2421 1478 video
2464 1420 2585 1461 esse
2608 1406 2994 1476 quaerendam,
3057 1390 3218 1477 quam
3277 1408 3454 1463 istam.
3505 1410 3637 1465 Ans.

2074 1494 2274 1553 Verum
2326 1505 2444 1553 esto
2492 1496 2587 1529 "9°
2622 1496 2890 1552 :dimittit
2918 1497 3060 1553 Deus
3087 1498 3156 1563 ei,
3186 1499 3277 1569 qui
3328 1514 3436 1553 non
3482 1498 3642 1555 solvit

2074 1587 2219 1658 quod
2246 1587 2411 1644 debet
2463 1587 2580 1654 ’5",
2638 1586 2840 1642 idcirco
2869 1589 3120 1657 quoniam
3158 1602 3263 1642 non
3292 1597 3473 1663 potest
3518 1589 3639 1643 ’³⁹¹.

407 1654 627 1733 devenit
668 1675 724 1731 in
775 1674 917 1732 hanc
941 1654 1340 1747 impotentiam.
1393 1654 1542 1729 idem
1575 1660 1717 1728 enim
1742 1681 1825 1728 est
1861 1688 1967 1728 non
2000 1654 2042 1714 Β
2072 1654 2195 1733 Dos.
2222 1676 2298 1733 Ita
2337 1676 2552 1733 vellem.
2586 1677 2717 1732 ΛΝΒ.
2761 1678 2832 1732 At
2886 1654 3122 1747 quandiu
3156 1692 3262 1733 non
3293 1654 3515 1749 reddet,
3548 1688 3642 1735 aut

405 1767 609 1824 habere
640 1775 985 1843 potestatem,
1034 1780 1199 1837 quam
1222 1765 1380 1822 debet
1402 1764 1650 1831 _baberc;
1691 1774 1747 1821 et
1770 1764 1971 1820 habere

399 1856 796 1930 impotentiam,
820 1871 982 1928 quam
1012 1855 1173 1911 debet
1193 1869 1300 1911 non
1363 1855 1586 1910 habere.
1634 1852 1973 1923 Quapropter

399 1946 718 2020 impotentia
748 1945 1008 2003 reddendi
1031 1944 1146 2001 Deo
1168 1943 1312 2015 quod
1353 1944 1534 2009 debet,
1567 1958 1687 2014 qua:
1725 1941 1859 1998 facit
1910 1950 1974 1999 ut

396 2053 505 2095 non
554 2039 783 2105 reddat,
813 2051 921 2095 non
956 2043 1184 2093 excusat
1208 2035 1502 2101 hominem,
1531 2035 1577 2089 si
1610 2049 1728 2090 non.
1758 2033 1963 2088 reddit:

395 2128 652 2200 quoniam
669 2126 921 2184 effectum
952 2123 1163 2198 peccati
1193 2123 1291 2159 "“
1310 2139 1417 2180 non
1439 2130 1661 2180 excusat
1688 2131 1968 2192 peccatum

399 2215 543 2291 quod
579 2217 712 2275 facit
732 2216 852 2273 "“.
886 2217 1009 2273 Bos.
1039 2215 1109 2272 Et
1133 2230 1297 2289 grave
1328 2216 1492 2273 nimis
1511 2224 1613 2279 est,
1640 2222 1693 2271 ct
1718 2214 1788 2269 ita
1849 2227 1970 2269 esse

395 2323 619 2366 necesse
644 2316 753 2366 est.
781 2307 910 2367 Atta.
929 2305 1165 2377 lnjustus
1191 2321 1324 2379 ergo
1373 2306 1535 2362 homo
1566 2316 1684 2371 est,
1734 2306 1826 2375 qui
1862 2318 1967 2359 non

328 2438 329 2441 η
394 2398 576 2455 reddit
606 2398 718 2454 Deo
748 2396 892 2469 quod
926 2396 1107 2453 debet.
1134 2395 1260 2451 Bos.
1289 2394 1462 2450 Nimis
1492 2405 1575 2451 est
1604 2386 1967 2459 verum;nam

396 2493 630 2564 iniustus
651 2502 734 2549 est
761 2493 888 2564 quia
911 2508 1017 2550 non
1045 2494 1222 2550 reddit
1254 2510 1268 2548 :
1300 2501 1356 2551 et
1395 2491 1628 2563 injustas
1676 2501 1783 2558 est,
1832 2493 1962 2563 quia

394 2584 623 2640 reddere
642 2584 848 2652 nequit.
871 2583 1000 2639 Axs.
1025 2580 1213 2638 Nullus
1237 2592 1417 2657 autem
1454 2585 1688 2653 iniustus
1709 2582 1966 2638 admitte-

398 2682 490 2730 tur
513 2673 583 2729 ad
610 2674 705 2707 "“
739 2673 1153 2738 beatitudinem;
1200 2676 1454 2744 quoniam
1497 2673 1953 2745 quemadmodum

395 2765 672 2821 beatitudo
702 2772 786 2820 est
808 2761 1153 2831 sufficientia,
1184 2764 1237 2818 in
1267 2778 1372 2833 qua
1409 2764 1554 2829 nulla
1586 2774 1672 2819 est
1713 2764 1964 2834 indigen-

395 2855 470 2911 tia
502 2872 517 2910 :
548 2854 628 2911 sic
653 2854 782 2910 nulli
812 2855 1086 2921 convenit,
1134 2854 1237 2911 nisi
1271 2855 1323 2909 in
1354 2870 1461 2925 quo
1486 2857 1559 2911 ita
1589 2864 1721 2926 pura
1745 2867 1831 2913 est
1873 2857 1964 2928 ju-

392 2946 567 3013 stitia,
596 2954 657 3001 ut
685 2945 830 3001 nulla
866 2944 922 3000 in
948 2961 1016 3002 eo
1040 2946 1112 3001 sit
1159 2946 1443 3017 iniustitia.
1474 2945 1599 3003 Bos.
1648 2947 1765 3003 Non
1793 2951 1965 3006 audeo

396 3038 559 3093 aliter
583 3038 827 3093 credere.
855 3034 986 3091 Ans.
1012 3034 1115 3103 Qui
1143 3050 1270 3105 ergo
1307 3050 1413 3090 non
1436 3035 1597 3091 solvit
1629 3038 1735 3093 Deo
1757 3080 1771 3103 ,
1816 3041 1963 3111 quod

392 3133 578 3200 debet,
607 3146 712 3187 non
751 3131 952 3202 poterit
1000 3144 1121 3186 esse
1147 3113 1247 3162 ’ω’
1281 3129 1491 3184 beatus.
1528 3123 1654 3185 Bos.
1705 3130 1815 3188 Nec
1858 3132 1964 3191 hoc

392 3220 656 3295 consequi
686 3218 782 3253 ίηο
806 3234 1004 3292 negare
1050 3233 1269 3289 possunt
1305 3218 1420 3273 ηδτ.
1447 3221 1575 3275 Aas.
1609 3218 1761 3286 Quod
1805 3221 1849 3275 si
1881 3222 1961 3277 vis

393 3317 579 3374 dicere
603 3316 731 3387 quia
754 3314 1069 3371 misericors
1090 3312 1185 3346 ³⁸⁸⁸
1214 3313 1360 3395 Deus
1381 3314 1605 3369 dimittit
1637 3314 1959 3385 supplicanti

389 3406 536 3479 quod
549 3404 728 3474 debet,
762 3405 964 3461 idcirco
990 3404 1114 3475 quia
1140 3404 1365 3459 reddere
1412 3404 1634 3474 nequit;
1662 3418 1767 3460 non
1782 3397 1961 3477 potest

395 3496 503 3552 dici
527 3495 817 3561 dimittere,
842 3493 948 3553 nisi
973 3504 1067 3549 aut
1093 3496 1218 3560 hoc,
1249 3493 1391 3565 quod
1422 3494 1585 3549 homo
1609 3504 1799 3564 sponte
1842 3495 1962 3552 red-

393 3587 523 3643 dere
550 3585 740 3653 debet,
797 3600 898 3641 nec
939 3593 1136 3655 potest,
1185 3586 1236 3640 id
1267 3594 1349 3641 est
1386 3585 1528 3655 quod
1560 3588 1959 3656 recompensari

388 3676 563 3748 possit
580 3683 805 3747 peccato
832 3676 977 3747 quod
1000 3675 1114 3733 fieri
1149 3691 1254 3730 non
1284 3676 1509 3731 deberet
1553 3676 1666 3748 86
1693 3693 1791 3748 pro
1840 3693 1961 3734 con-

388 3765 701 3823 versatione
745 3765 924 3820 omnis
948 3765 1047 3832 rei,
1078 3780 1197 3834 quae
1229 3766 1367 3821 Deus
1417 3780 1519 3820 non
1552 3776 1637 3823 est
1666 3782 1679 3818 :
1709 3774 1801 3821 aut
1836 3767 1959 3831 hoc,

381 3856 542 3926 quod
576 3855 849 3928 puniendo
900 3864 1020 3911 erat
1066 3854 1344 3911 ablaturus
1390 3856 1583 3923 invito,
1615 3856 1755 3914 sicut
1797 3873 1958 3929 supra

392 3947 525 4026 dixi,
556 3948 608 4003 id
658 3953 743 4003 est
791 3947 1184 4004 beatitudinem
1232 3963 1244 4000 :
1294 3947 1390 4001 sed
1450 3947 1492 4001 si
1549 3947 1772 4003 dimittit
1820 3949 1963 4026 quod

391 4021 581 4110 sponte
603 4035 827 4110 reddere
852 4037 1013 4091 debet
1046 4040 1205 4091 homo
1233 4076 1248 4100 ,
1283 4036 1404 4091 ideo
1433 4036 1556 4105 quia
1579 4037 1802 4090 reddere
1834 4021 1961 4091 'non

390 4136 598 4200 potest;
657 4127 793 4199 quid
842 4122 925 4183 est
958 4126 1117 4188 aliud,
1168 4141 1327 4196 quam
1357 4124 1577 4181 dimittit
1631 4126 1773 4181 Deus
1817 4127 1962 4196 quod

393 4220 595 4276 habere
618 4235 722 4277 non
748 4218 963 4289 potest?
993 4216 1097 4272 Sed
1138 4216 1339 4272 derisid
1362 4226 1539 4283 est,ut
1587 4214 1710 4271 talis
1750 4217 1961 4273 miseri-

2072 1767 2218 1823 volet
2256 1768 2504 1831 reddere,
2538 1778 2631 1821 aut
2655 1782 2760 1822 non
2785 1766 2945 1840 volet.
2972 1768 3079 1824 Sed
3100 1768 3148 1822 si
3174 1768 3316 1825 volet
3364 1770 3459 1811 ἠ’
3495 1771 3639 1843 quod

2072 1875 2177 1915 non
2217 1860 2438 1933 poterit,
2468 1861 2715 1933 indigens
2738 1861 2842 1919 erit
2880 1882 2894 1917 :
2945 1862 2990 1918 si
3023 1878 3151 1920 vero
3197 1879 3302 1921 non
3346 1864 3511 1931 volet,
3560 1866 3645 1922 in.

2065 1948 2246 2019 justus
2274 1951 2397 2007 erit.
2438 1951 2562 2007 Bos.
2616 1950 2727 2008 Hoc
2772 1951 2905 2008 nihil
2936 1952 3141 2008 clarius
3192 1952 3307 2008 "".
3348 1954 3480 2010 Axs.
3513 1955 3643 2011 Sive

2072 2050 2252 2097 autem
2306 2042 2588 2113 indigens,
2647 2041 2763 2100 sive
2819 2042 3051 2113 iniustus
3097 2044 3203 2111 sit,
3270 2044 3463 2102 beatus
3533 2060 3640 2101 non

2071 2134 2196 2189 erit.
2246 2132 2371 2189 Bos.
2402 2134 2468 2189 Et
2503 2134 2605 2191 hoc
2635 2144 2883 2205 apertum
2918 2135 3036 2190 ⁸⁸⁸⁸.
3065 2136 3194 2192 Axs.
3229 2136 3474 2204 Quandiu
3512 2151 3643 2208 ergo

2072 2241 2179 2283 non
2211 2226 2306 2260 ⁸⁸⁹⁶
2328 2228 2534 2293 reddet,
2565 2227 2753 2283 beatus
2777 2242 2897 2283 esse
2928 2244 3033 2283 non
3066 2227 3284 2299 poterit.
3310 2227 3438 2285 Bos.
3463 2227 3523 2284 Si
3546 2244 3639 2305 ra-

2069 2312 2271 2371 tionem
2304 2324 2560 2384 sequatur
2587 2316 2986 2385 lleusjustitite,
3020 2332 3123 2373 non
3150 2327 3235 2377 est
3283 2330 3401 2388 qua.
3436 2317 3635 2373 evadat

2034 2408 2237 2469 ,miser
2262 2406 2580 2472 homuncio;
2607 2418 2661 2462 et
2692 2408 3064 2462 misericordia
3089 2408 3180 2463 Dei
3210 2410 3389 2479 perire
3405 2407 3639 2465 videtur.

2068 2496 2199 2552 Aras.
2229 2496 2513 2553 Rationem
2542 2499 2846 2568 postulasti,
2880 2499 3144 2555 rationem
3171 2500 3385 2571 accipe:
3431 2502 3642 2557 miseri-

2071 2586 2287 2641 cordem
2321 2586 2491 2642 Deum
2514 2602 2635 2643 esse
2662 2603 2767 2663 non
2791 2604 2948 2659 nego,
2968 2590 3055 2658 qui
3083 2588 3643 2660 hominesctjumenta

2071 2674 2280 2743 salvat,
2330 2680 2785 2747 quemadmodum
2811 2680 3186 2750 multiplicavit
3214 2679 3639 2737 misericordiam

2070 2780 2245 2823 suam.
2281 2765 2388 2821 Nos
2412 2776 2591 2823 autem
2619 2766 2896 2836 loquimur
2935 2771 3001 2824 de
3052 2769 3140 2823 illa
3193 2768 3380 2823 ultima
3423 2768 3673 2825 miseri»

2070 2858 2396 2927 cordia,qua
2426 2867 2545 2929 post
2569 2859 2705 2915 hanc
2731 2860 2897 2915 vitam
2927 2861 3139 2917 beatum
3175 2859 3307 2915 facit
3336 2860 3636 2937 hominem:

2070 2949 2212 3004 hanc
2235 2949 2625 3013 beatitudinem
2674 2949 2804 3003 nulli
2849 2951 2965 3003 dari
2997 2950 3197 3009 debere
3246 2950 3365 3016 "’7,
3403 2951 3506 3007 nisi
3538 2951 3640 3017 illi,

2071 3037 2158 3093 cui
2187 3038 2406 3109 penitus
2438 3038 2657 3092 dimissa
2673 3037 2780 3070 "m
2806 3047 2933 3091 sunt
2962 3047 3214 3108 peccata;
3240 3053 3341 3094 nec
3395 3039 3534 3096 hanc
3558 3041 3643 3095 di-

2070 3130 2384 3187 missionem
2417 3129 2555 3198 fieri,
2579 3130 2680 3186 nisi
2707 3130 2890 3186 debito
2924 3130 3152 3194 reddito,
3187 3131 3331 3200 quod
3389 3130 3638 3194 debetur,

2070 3235 2170 3291 pro
2195 3230 2422 3291 peccato
2448 3222 2741 3276 secundum
2771 3220 3195 3291 magnitudinem
3221 3223 3453 3291 peccati,
3478 3238 3645 3292 supra

2073 3313 2270 3383 positis
2292 3310 2593 3368 rationibus
2640 3321 2770 3382 puto
2810 3327 2896 3368 me
2936 3311 3265 3367 sulllcienter
3306 3316 3639 3371 ostendisse.

2068 3404 2273 3471 Quibus
2301 3404 2345 3460 si
2372 3404 2500 3473 quid
2547 3404 2637 3460 tibi
2660 3404 2874 3459 videtur
2908 3416 3067 3475 posse
3098 3405 3399 3460 rationibus
3442 3407 3602 3477 objici
3623 3447 3639 3470 ,

2069 3496 2250 3550 dicere
2300 3495 2462 3549 debes
2498 3494 2611 3547 ””.
2636 3492 2758 3563 Bos.
2814 3494 2927 3567 Ego
2960 3494 3146 3563 utique
3173 3495 3389 3549 nullam.
3426 3504 3640 3553 tuarum

2069 3585 2336 3639 rationum
2381 3582 2725 3651 aliquatenus
2782 3584 3045 3637 infirmari
3095 3598 3255 3654 posse
3287 3585 3464 3642 video.
3507 3588 3638 3643 Axs.

2070 3672 2254 3753 Neque
2289 3688 2441 3745 ego,
2491 3674 2536 3727 si
2582 3674 2719 3729 bene
2764 3674 3194 3741 considerentur,
3223 3675 3520 3731 existimo:
3549 3692 3643 3733 ve-

2068 3775 2369 3821 rumtamen
2394 3765 2439 3819 si
2473 3764 2674 3819 veluna
2695 3767 2761 3820 de
2796 3767 3237 3843 omnibus,_quas
3272 3768 3455 3836 posui,
3492 3770 3642 3825 inex-

2069 3855 2341 3926 pugnabili
2396 3856 2626 3910 veritate
2649 3856 2957 3922 roboratur,
3009 3856 3255 3911 sufficere
3308 3857 3483 3913 debet.
3515 3859 3642 3917 Sive

2070 3962 2301 4016 namque
2316 3948 2574 4013 uno,sive
2587 3948 2828 4015 pluribus
2850 3948 3180 4018 argumentis
3202 3949 3645 4021 ‘veritasiuexpu-

2068 4038 2359 4102 gnabiliter
2396 4047 2744 4103 monstretur,
2768 4039 3049 4108 aequaliter
3065 4038 3289 4093 abomni
3305 4040 3644 4098 dubitatidne

2067 4129 2392 4184 defenditur.
2425 4130 2543 4184 Bos.
2594 4130 2735 4186 Ecce
2764 4130 2837 4185 ita
2871 4139 2960 4186 cst
3007 4131 3123 4183 "°°.
3182 4126 3463 4198 Quomodo
3512 4149 3642 4205 ergo

2052 4220 2249 4276 ’salvus
2281 4222 2383 4274 erit
2413 4223 2591 4283 homo,
2626 4221 2669 4276 si
2694 4221 2805 4291 ipse
2832 4235 2930 4277 nec
2957 4221 3116 4283 solvit
3154 4222 3297 4292 quod
3325 4223 3650 4289 debet;nee

1690 4436 1918 4494 vanus
1955 4435 2351 4494 LECTIONES.
2434 4504 2437 4511 I

462 4579 556 4612 ’⁵⁷⁷
581 4575 677 4635 illi.
712 4578 890 4633 debito
938 4594 1061 4631 mss.
1126 4585 1174 4629 et
1227 4569 1371 4629 Edit.
1426 4572 1582 4629 Galli.
1631 4573 1717 4629 illo
1773 4573 1953 4629 debito

392 4648 495 4703 hoc
523 4649 663 4718 quod
710 4648 871 4703 debet

392 4719 522 4772 Iure.
541 4715 912 4788 Quapropter,
941 4727 1071 4783 etc.,
1125 4715 1385 4788 (13.71on
1414 4715 1623 4788 omittit.

393 4802 516 4842 mss.
540 4787 789 4842 effectum
820 4788 1023 4858 peccati

1014 4647 1107 4678 ³⁸⁷⁸
1144 4646 1525 4700 inexcitsabilis
1565 4653 1649 4698 est
1707 4644 1980 4713 "18.71on
2016 4644 2376 4698 inexcusabile
2429 4652 2511 4697 est

1770 4712 1861 4744 ³⁸⁸⁸
1909 4712 2011 4767 l’er
2050 4728 2209 4782 quam
2268 4728 2372 4782 nec
2418 4730 2541 4766 mss.
2583 4728 2702 4782 qua
2764 4730 2864 4769 nec

2103 4574 2196 4605 "7'
2244 4573 2351 4628 Nec
2417 4574 2559 4643 quod
2598 4550 2781 4629 ‘debet
2850 4592 2973 4637 mss.
3034 4589 3079 4631 ct
3142 4576 3286 4630 Edit.
3329 4578 3484 4633 Goth.
3542 4595 3643 4636 nec

2655 4644 2748 4675 ’5”
2781 4645 2932 4699 Sicut
2964 4662 3113 4714 ergo,
3150 4658 3292 4718 Helm,
3359 4666 3516 4718 usque
3570 4652 3641 4702 ad

3006 4718 3099 4787 ²⁵⁸ξ
3144 4717 3375 4770 ΕΙῘω-ῑιιε
3431 4717 3641 4787 ριιςετιιί

1100 4786 1194 4819 ’⁸⁸³
1220 4780 1374 4852 Quod
1401 4784 1533 4838 facit
1562 4800 1660 4837 ms.
1689 4780 1747 4836 S.
1778 4783 1955 4852 dficit.
1982 4780 2124 4851 quod
2149 4784 2280 4836 fecit
2354 4780 2448 4821 "’8"
2474 4780 2793 4836 Admittitur
2821 4785 2885 4838 ad
2925 4800 3023 4838 ms.
3063 4786 3193 4840 Vict.
3224 4798 3269 4839 et
3300 4780 3445 4839 Edit:
3478 4786 3635 4842 Gotlt.

393 4858 708 4911 admittetur
739 4851 835 4911 ad'
880 4857 975 4894 ’⁸⁸⁸
1010 4856 1125 4910 Non
1154 4851 1331 4924 potest
1364 4870 1483 4926 esse
1514 4870 1650 4926 nisa.
1679 4862 1725 4906 et
1767 4851 1914 4905 Edit.
1947 4852 2104 4906 Coth.
2151 4867 2257 4926 non
2290 4852 2629 4926 poteritcsse
2704 4852 2936 4926 ’5”_Nec
2983 4855 3084 4909 hoc
3120 4858 3376 4924 consequi
3414 4872 3639 4926 possum

392 4941 489 4996 tua.
522 4927 644 4996 Jolg
670 4940 767 4980 nec
798 4929 901 4982 hoc
924 4921 1320 4993 consequenter
1393 4924 1484 4956 ’³⁸⁷
1511 4923 1979 4996 Negarepossum.
2009 4937 2107 4974 ms.
2151 4921 2288 4996 Vict.
2310 4924 2419 4996 19.
2440 4936 2539 4975 nec
2560 4923 2813 4996 consequi
2841 4937 3037 4996 negare
3066 4921 3459 4994 possumimss.
3503 4924 3634 4982 Vict.

390 4990 445 5046 ὃ.
472 5004 517 5047 et
552 4990 635 5049 15'.
680 5004 733 5049 et
762 4996 863 5051 hoc
900 4990 1151 5064 consequi
1184 5010 1287 5047 non
1317 5009 1553 5062 possum.
1587 4990 1683 5045 ius.
1718 4991 1776 5064 δ.
1825 4990 1983 5064 dficit.
2035 4992 2264 5064 etucdit.
2298 4990 2454 5064 Colla.
2496 5006 2594 5045 nec
2646 4990 2753 5064 hoc
2783 4990 3037 5060 consequi
3066 4990 3262 5063 negare
3286 5009 3554 5064 possunt.

396 5064 490 5094 "”
520 5066 708 5119 Dicere
742 5066 866 5130 quia
899 5061 1209 5118 misericors
1252 5080 1376 5116 mss.
1410 5064 1621 5125 dicere;
1663 5061 1973 5115 misericors

2046 5060 2140 5092 ’⁸⁸³
2178 5061 2265 5113 Dei
2315 5063 2480 5114 nimis
2516 5077 2641 5113 mss.
2676 5060 2916 5115 Beccens.
2963 5060 3215 5117 Comm—ct.
3261 5060 3388 5116 Vict.
3422 5064 3507 5117 19.
3541 5066 3634 5121 Dei

393 5140 475 5201 est
504 5133 662 5187 nimis
735 5129 827 5165 ’⁸⁹⁰
853 5133 1047 5189 Verum
1072 5144 1187 5187 esto
1217 5150 1313 5185 ms.
1334 5132 1459 5201 Jon
1489 5138 1807 5201 verumestf
1856 5129 1947 5162 ³³⁸⁸
1984 5129 2229 5201 Dimittat
2261 5130 2400 5184 Deus
2428 5133 2497 5195 ei,
2520 5132 2608 5198 qui
2646 5146 2750 5183 nou
2784 5131 2937 5184 solvit
2964 5134 3220 5201 debitum,
3252 5150 3377 5186 mss.
3407 5132 3629 5201 etiEdit.

394 5200 547 5271 (iolla.
579 5203 799 5257 diutittit
830 5205 968 5258 Deus
996 5205 1065 5261 ei.
1095 5204 1185 5271 qui
1215 5218 1321 5255 non
1347 5199 1507 5255 solvit
1547 5199 1691 5267 quod
1726 5199 1888 5253 debet
1962 5199 2056 5229 ἠ’
2096 5199 2299 5271 Idcirco
2326 5201 2594 5271 quodnon
2637 5210 2813 5268 potest
2859 5216 2982 5271 mss.
3020 5200 3155 5255 Vict.
3186 5214 3230 5255 ct
3263 5201 3407 5271 Jct’y,
3439 5200 3630 5258 Cislcr.

396 5269 456 5323 S.
488 5271 649 5325 dficit.
681 5280 727 5323 et
753 5271 901 5326 Edit.
937 5268 1323 5327 Gothfidcirco
1346 5271 1601 5338 quoniam
1648 5284 1751 5338 non
1801 5276 1980 5335 potest
2006 5284 2141 5338 mss.
2166 5268 2313 5323 Ccm.
2356 5280 2402 5321 ct
2446 5268 2566 5320 Bcc.
2600 5271 2773 5323 omitt.
2823 5270 3023 5324 ideirco
3097 5272 3189 5302 ²³⁹³
3237 5268 3385 5337 Quod
3415 5273 3458 5327 si
3490 5273 3633 5327 volet

395 5356 520 5392 tuas.
553 5351 598 5393 et
632 5340 775 5393 Edit.
808 5340 963 5393 Goth.
999 5342 1092 5394 sed
1124 5340 1167 5393 si
1199 5340 1336 5393 volet
1363 5336 1375 5338 ⁷
1414 5339 1507 5409 "ff
1538 5336 1679 5409 Nihil
1704 5337 1905 5409 clarius
1928 5355 2024 5409 ms.
2055 5337 2179 5405 Joly
2211 5338 2340 5391 mihi
2370 5337 2568 5409 clarius
2643 5338 2735 5370 ’³³⁸
2771 5339 2879 5392 Hoc
2909 5351 3151 5409 apertum
3174 5336 3273 5395 ms.
3320 5340 3447 5395 Vict.
3473 5356 3630 5409 aper-

396 5417 507 5479 tum
537 5418 667 5479 est“
689 5409 783 5441 ’³³⁸
808 5411 1055 5479 Quandiu
1089 5424 1339 5479 non_mss.
1384 5417 1430 5460 et
1461 5408 1605 5479 Edit.
1634 5404 2055 5479 delinquendi}:
2079 5404 2207 5479 ergo
2242 5423 2347 5479 non
2424 5408 2515 5439 ³⁵⁸⁷
2551 5409 2686 5479 l_)are
2718 5404 3079 5479 dcbcrei'ntss.
3117 5410 3263 5464 Gem.
3306 5409 3431 5465 Bac.
3479 5404 3629 5479 J-oly,

398 5474 585 5548 Cister.
628 5476 758 5532 Vict.
793 5474 891 5548 l9.
913 5489 960 5548 et
987 5478 1133 5548 Edit.
1163 5476 1319 5548 Colit.
1362 5478 1478 5548 dari
1506 5475 1870 5548 debererrhf”:
1898 5474 2119 5548 P_enitu_s
2145 5474 2379 5530 demissa
2411 5492 2509 5529 ms.
2553 5474 2687 5529 Vict.
2716 5479 2800 5531 li).
2831 5478 2997 5548 omitt.
3033 5480 3245 5548 penitus
3318 5482 3412 5513 “"9
3443 5474 3630 5535 Dicere

397 5543 619 5604 deberes
646 5564 769 5603 mss.
807 5560 852 5605 et
878 5547 1022 5601 Edit.
1046 5546 1203 5602 Goth.
1243 5546 1424 5601 dicere
1451 5546 1612 5600 debes
1706 5545 1798 5577 ’“°°
1828 5543 1885 5597 Β.
1917 5545 2053 5600 Ecce
2086 5545 2155 5599 ita
2187 5555 2285 5611 cst,
2321 5557 2421 5600 etc.
2441 5586 2453 5603 .
2480 5548 2531 5598 iu
2558 5563 2682 5599 mss.
2714 5549 2797 5600 hic
2817 5547 2993 5617 incipit
3023 5543 3171 5618 caput
3200 5550 3288 5603 ‘25.
