4240 6250
637 417 744 477 403

1138 431 1196 487 S.
1246 428 1541 485 ANSELMI
1580 430 1927 493 CANTUAR.
1963 438 2228 496 ARCiiiEl

2241 442 2280 496 φ.
2330 444 2477 501 ore.
2518 448 2698 508 rans
2736 442 2880 510 1.-
2913 420 3334 519 documen.

3777 468 3875 523 ιοι

635 535 814 641 major
849 536 1113 594 beneﬁcio
1135 540 1226 641 ἴσθ’
1259 541 1431 641 gratia
1475 543 1722 641 debetur.
1764 548 1899 641 Cum
1929 551 2070 621 enim
2101 554 2204 608 ali-
2233 556 2281 617 Α
2310 554 2419 611 Deo
2443 574 2541 630 pro
2567 576 2786 632 peccato
2817 566 3054 624 hominis
3101 569 3301 639 aliquid
3327 556 3689 641 majusquam
3718 592 3879 634 nume

637 628 759 689 quis
823 644 886 684 ea
942 631 1294 698 necessitate,
1345 635 1434 690 cui
1484 636 1730 705 subjacet
1772 640 1993 706 invitus,
2037 644 2203 701 bene-

636 718 803 785 t'acit,
835 728 925 775 aut
962 722 1130 786 nulla,
1160 732 1257 778 aut
1286 725 1465 781 minor
1484 728 1559 782 illi
1591 731 1763 797 gratia
1796 732 2038 789 debetur.
2068 735 2201 792 Cum

634 825 766 867 vero
800 812 912 881 ipse
946 827 1004 867 se
1034 824 1226 882 sponte
1263 819 1570 873 necessitati
1600 820 1969 880 benefaciendi
2000 826 2199 894 subdit,

633 917 730 958 nec
755 903 953 957 invitus
984 920 1103 959 eam
1128 909 1384 973 sustinet,
1425 917 1549 963 tunc
1585 911 1767 981 utique
1805 915 2050 971 beneficii
2077 933 2203 989 gra-

632 990 762 1045 tiam
802 1001 1044 1047 meretur
1072 994 1350 1064 majorem.
1392 997 1507 1052 Non
1550 1002 1693 1056 enim
1724 1004 1838 1059 haec
1866 1014 1949 1060 est
1975 1007 2198 1063 dicenda

631 1080 960 1148 necessitas,
1009 1083 1104 1138 sed
1150 1085 1363 1154 gratia;
1410 1088 1536 1158 quia
1586 1090 1732 1146 nullo
1780 1103 2004 1166 cogente
2053 1095 2198 1152 illam

627 1170 863 1238 suscepit
888 1181 978 1249 aut
1016 1182 1222 1239 servat,
1266 1176 1362 1231 sed
1395 1178 1583 1247 gratis.
1616 1179 1750 1236 Nam
1791 1184 1834 1239 si
1868 1186 2010 1256 quod
2039 1185 2200 1242 hodie

626 1256 723 1291 ³⁸⁸⁸
748 1270 936 1329 sponte
977 1264 1251 1331 promittis
1295 1274 1349 1322 te
1377 1282 1501 1325 cras
1556 1270 1806 1328 daturum
1860 1277 2045 1331 eadem
2075 1292 2198 1333 cras

623 1348 901 1404 Voluntate
928 1351 1044 1417 das,
1076 1355 1323 1422 quamvis
1372 1372 1595 1414 necesse
1642 1363 1714 1416 sit
1743 1372 1796 1418 te
1824 1379 1947 1419 cras
1974 1366 2198 1422 reddere

624 1436 974 1505 promissum,
998 1441 1052 1494 si
1108 1455 1295 1511 potes,
1330 1456 1421 1500 aut
1446 1449 1665 1504 mentiri
1716 1452 1840 1518 “‘5’;
1879 1469 1983 1508 non
2016 1464 2196 1511 tatnen

624 1526 800 1581 minus
830 1527 927 1586 tibi
960 1531 1118 1587 debet
1143 1533 1230 1589 ille
1258 1550 1355 1605 pro
1381 1536 1623 1609 impenso
1655 1541 1936 1609 beneﬁcio,
1964 1546 2048 1599 cui
2074 1545 2197 1614 das,

622 1628 788 1688 quam
842 1619 886 1674 si
942 1634 1046 1676 non
1105 1626 1770 1700 prornisisses:quoniam
1810 1642 1863 1689 te
1896 1635 2194 1691 debitorem

622 1719 749 1765 ante
788 1718 997 1781 tempus
1021 1712 1255 1770 dationis
1288 1716 1361 1771 illi
1394 1718 1575 1775 facere
1603 1737 1708 1775 non
1732 1738 1789 1778 es
1818 1733 2037 1781 coactus
2074 1726 2190 1778 ³⁸⁸³.

619 1796 750 1853 Tale
770 1808 848 1853 est
876 1814 995 1855 cum
1026 1802 1147 1871 quis
1176 1808 1377 1860 sanctae
1415 1811 1839 1877 conversationis
1878 1825 2070 1884 sponte
2095 1831 2192 1871 vo-

616 1888 709 1943 vet
732 1889 823 1921 ²⁶⁵⁹
852 1894 1207 1961 propositum.
1240 1886 1497 1963 Quamvis
1526 1916 1756 1972 namque
1801 1919 2020 1960 servare
2060 1906 2187 1963 illud

614 1994 677 2037 ex
718 1983 1041 2038 necessitate
1073 1995 1191 2054 post
1218 1998 1399 2043 votum
1430 1980 1735 2057 debeat,inc
1763 2005 2019 2065 apostata:
2038 1996 2188 2052 dam-

610 2071 885 2127 nationem
908 2074 1176 2143 incurrat;
1201 2088 1254 2132 et
1278 2078 1402 2134 licet
1416 2082 1529 2151 cogi
1546 2083 1709 2152 possit
1727 2099 1962 2150 servare,
1982 2086 2024 2141 si
2056 2088 2189 2144 nolit

611 2160 741 2216 “"z
775 2162 819 2217 si
863 2173 1040 2217 tamen
1089 2181 1193 2220 non
1231 2166 1430 2224 invitus
1463 2181 1642 2225 servat
1688 2173 1830 2242 quod
1863 2176 2024 2239 vovit,
2077 2191 2183 2232 non

611 2253 814 2317 minus,
851 2255 945 2309 sed
974 2258 1142 2322 magis
1170 2259 1575 2326 gratuscstDeo
1599 2277 1758 2332 quam
1804 2264 1846 2318 si
1874 2281 1979 2321 non
2012 2266 2188 2323 vovis-

609 2350 727 2397 set:
746 2344 1001 2413 quoniam
1023 2360 1125 2399 non
1152 2346 1320 2401 solum
1346 2363 1686 2405 communem
1706 2352 2000 2420 vitam,sed
2023 2356 2185 2411 ctiam

609 2434 727 2503 ejus
778 2434 1053 2492 licentiam
1104 2438 1202 2493 sibi
1237 2449 1457 2509 propter
1504 2442 1666 2496 Deum
1712 2443 2028 2516 abnegavit;
2087 2436 2219 2504 nec

560 2596 561 2599 η
609 2536 799 2585 sancte
840 2529 1023 2584 vivere
1065 2531 1325 2587 dicendus
1362 2542 1447 2588 est
1486 2534 1831 2604 necessitate,
1874 2539 1967 2593 sed
1994 2540 2182 2594 eadem

610 2629 717 2685 qua
746 2617 894 2673 vovit
923 2616 1191 2674 libertate.
1224 2619 1594 2687 Quaremulto
1613 2625 1782 2695 magis
1802 2626 1856 2680 si
1887 2627 2026 2681 Deus
2058 2626 2185 2684 facit

609 2705 810 2765 bonum
840 2707 1041 2764 homini
1071 2712 1213 2780 quod
1264 2713 1504 2783 inctepit,
1539 2715 1664 2772 licet
1711 2731 1816 2773 non
1846 2715 2031 2773 deceat
2060 2736 2179 2774 eum

605 2812 639 2852 ι
670 2796 812 2854 bono
842 2799 1076 2871 inempto
1105 2802 1196 2833 "“
1223 2803 1483 2868 deiicere,
1507 2815 1674 2862 totum
1715 2808 1901 2876 gratia:
1925 2810 2183 2866 debemus

606 2890 875 2959 ituputare
902 2909 923 2947 ιι
951 2893 1075 2962 quia
1106 2894 1210 2949 hoc
1263 2905 1490 2967 promer
1526 2884 1667 2965 nos,
1701 2916 1805 2957 non
1857 2910 2085 2973 propter
2121 2918 2180 2959 se

605 2981 810 3039 nullius
860 2997 1025 3055 egens
1057 2986 1298 3055 incmpit.
1330 2986 1445 3043 Non
1486 2991 1630 3045 enim
1663 2991 1814 3047 illum
1855 2990 2011 3048 latuit
2051 2994 2181 3064 quid

604 3074 770 3129 homo
795 3072 1040 3131 facturus
1087 3088 1227 3141 erat,
1273 3093 1394 3146 cum
1423 3080 1570 3135 illum
1600 3080 1726 3138 fecit
1754 3100 1773 3140 :
1802 3095 1857 3139 et
1884 3092 2059 3140 tamen
2086 3088 2180 3142 bo-

602 3163 772 3220 nitate
800 3181 896 3221 sua
928 3167 1075 3222 illum
1107 3171 1361 3234 creando,
1391 3180 1580 3240 sponte
1617 3187 1673 3227 se
1703 3182 1765 3229 ut
1785 3174 2065 3245 perficeret
2091 3176 2174 3231 in-
2203 3211 2250 3273 ο

601 3265 844 3327 coeptum
873 3259 1073 3313 bonum
1100 3261 1253 3328 quasi
1279 3261 1555 3331 obligavit.
1589 3262 1829 3334 Denique
1868 3266 2010 3322 Deus
2046 3268 2180 3323 nihil
2208 3259 2263 3317 “’,

598 3348 729 3424 facit
757 3351 1101 3417 necessitate,
1122 3350 1245 3419 quia
1269 3350 1417 3405 nullo
1441 3353 1599 3408 modo
1625 3353 1855 3423 cogitur,
1881 3365 1973 3420 aut
1995 3357 2180 3426 probi-

600 3444 761 3498 lietur
780 3440 982 3510 aliquid
1006 3441 1206 3496 facere.
1229 3442 1430 3498 Etcum
1447 3444 1675 3501 dicimus
1692 3446 1857 3501 Deum
1880 3448 2083 3520 aliquid
2100 3449 2179 3504 fa-

597 3548 723 3591 cere
743 3535 1231 3605 quasinecessitate
1251 3536 1451 3595 vitandi
1472 3537 2058 3610 inhonestatem,’quam
2075 3543 2179 3597 uti-

596 3638 702 3696 que
716 3641 819 3682 non
843 3627 1029 3693 timet;
1077 3626 1257 3696 potius
1277 3625 1672 3698 intelligendum
1687 3630 1905 3700 estquia
1927 3631 2027 3687 hoc
2050 3632 2179 3689 facit

597 3713 694 3748 "“
744 3717 1068 3771 necessitate
1108 3700 1384 3771 servandae
1431 3717 1770 3773 honestatis:
1800 3734 1921 3789 qua:
1968 3720 2175 3779 scilicet

598 3803 892 3859 necessitas
916 3818 1020 3858 non
1071 3811 1155 3858 est
1180 3802 1322 3858 aliud
1352 3819 1512 3874 quam
1546 3805 1954 3866 immutabilitas
2006 3811 2175 3867 hone-

596 3892 751 3947 statis
774 3892 910 3962 ejus,
937 3907 1098 3963 quam
1139 3908 1171 3947 a
1201 3888 1396 3963 seipso,
1424 3903 1478 3949 et
1516 3910 1623 3950 non
1659 3896 1728 3952 ab
1752 3897 1859 3952 alio
1902 3900 2095 3966 habet;
2122 3912 2177 3956 et

598 3982 804 4038 idcirco
836 3982 1129 4054 improprie
1152 3983 1349 4040 dicitur
1369 3986 1687 4044 necessitas.
1712 3988 1964 4044 Dicamus
1993 3999 2171 4047 tamen

596 4071 830 4145 ""quia
842 4074 1448 4130 necesseestutbonitas
1461 4076 1554 4131 Dei
1585 4088 1802 4147 propter
1826 4080 2171 4137 immutabili-

595 4175 758 4225 tatem
772 4182 921 4222 suam
937 4164 1258 4238 perficiatde
1269 4162 1485 4224 homine
1505 4170 1650 4240 quod
1663 4171 1900 4241 incoepit;
1925 4175 2169 4243 quamvis

593 4266 769 4313 totum
791 4256 862 4313 sit
880 4257 1051 4327 gratia
1073 4258 1269 4313 bonum
1289 4259 1429 4328 quod
1446 4258 1574 4314 facit
1599 4259 1709 4313 ηδ’.
1738 4259 1863 4316 Bos.
1898 4262 2177 4317 Concelo.‘

1200 4367 1427 4424 CAPUT
1473 4368 1557 4424 Vl.

594 4460 749 4529 Quod
784 4460 1218 4530 satisfactionem,
1253 4475 1343 4528 per
1378 4476 1535 4530 quam
1582 4463 1817 4516 solvatur
1856 4465 2033 4528 homo,
2064 4480 2165 4518 non

923 4531 1086 4601 possit
1128 4530 1301 4597 facere
1336 4530 1437 4583 nisi
1468 4529 1607 4585 Deus
1646 4531 1823 4586 homo.

659 4624 788 4679 llus.
819 4622 932 4678 Hoc
972 4631 1153 4677 autem
1209 4620 1322 4675 ﬁeri
1372 4620 1573 4689 nequit,
1617 4622 1720 4677 nisi
1753 4624 1824 4677 sit
1870 4623 1960 4693 qui
1992 4624 2165 4679 solvat

2306 651 2447 717 quod
2494 663 2691 719 praeter
2727 653 2895 709 Deum
2936 667 3020 711 est
3063 659 3177 712 “".
3202 658 3325 714 Bos.
3372 659 3449 715 ita
3478 672 3710 719 constat.
3744 667 3875 723 Axs.

2305 736 2454 794 ilium
2481 756 2717 811 quoque,
2762 745 2853 813 qui
2883 746 2951 801 de
2993 762 3099 802 suo
3128 751 3328 819 poterit
3361 753 3472 808 Deo
3499 735 3876 828 dare'aliqnid,

2303 828 2444 897 quod
2456 842 2674 900 superet
2684 847 2842 891 omne
2855 835 2950 867 "“
2968 839 3109 907 quod
3124 841 3224 895 sub
3236 840 3345 897 Deo
3364 850 3471 908 est,
3487 842 3741 913 majorem
3755 844 3880 904 esse

2302 935 2529 989 necesse
2558 934 2643 978 est
2694 940 2856 996 quam
2905 942 3066 984 omne
3093 931 3235 1000 quod
3283 948 3388 991 non
3432 943 3514 990 est
3552 936 3713 993 Deus.
3747 938 3875 995 Bos.

2302 1009 2520 1082 Nequeo
2566 1016 2682 1086 88
2730 1032 2951 1088 negare.
2999 1020 3128 1076 Axs.
3174 1022 3318 1079 Nihil
3360 1033 3542 1081 autem
3577 1039 3662 1083 est
3710 1045 3873 1099 supra

2302 1118 2462 1161 omne
2490 1108 2633 1176 quod
2661 1105 2805 1164 Deus
2832 1124 2941 1165 non
2991 1120 3075 1167 est
3103 1112 3223 1181 ³⁸⁸⁷,
3264 1114 3369 1173 nisi
3407 1114 3568 1174 Deus.
3616 1119 3739 1175 Bos.
3768 1122 3877 1176 Ve-

2302 1209 2421 1250 rum
2442 1206 2543 1253 est.
2576 1196 2706 1254 Aris.
2737 1197 2854 1259 Non
2882 1214 3015 1273 ergo
3060 1211 3238 1272 potest
3282 1205 3422 1262 hanc
3441 1208 3872 1268 satisfactionem

2302 1283 2502 1352 facere,
2545 1289 2649 1345 nisi
2681 1291 2841 1346 Deus.
2870 1291 2995 1350 Bos.
3025 1291 3119 1351 Sic
3142 1296 3413 1367 sequitur.
3445 1299 3576 1357 ΑΜ.
3617 1300 3722 1358 Sed
3771 1317 3874 1359 ncc

2300 1378 2481 1434 facere
2508 1374 2654 1436 iilam
2685 1381 2863 1450 debet,
2891 1382 2995 1439 nisi
3026 1384 3218 1454 homo;
3244 1388 3481 1461 alioquin
3512 1406 3619 1447 non
3649 1392 3841 1449 sa-tisfa

2298 1468 2372 1525 cit
2402 1468 2583 1527 homo.
2614 1469 2739 1530 Bos.
2770 1472 2885 1529 Non
2915 1473 3129 1533 videtur
3164 1478 3369 1549 aliquid
3396 1479 3614 1550 iustius.
3648 1482 3776 1540 Ans.
3808 1484 3872 1541 Si

2297 1572 2445 1630 ergo,
2493 1558 2637 1617 sicut
2666 1573 2907 1631 constat,
2943 1554 3167 1625 necesse
3213 1578 3299 1626 est
3345 1580 3407 1627 ut
3450 1573 3516 1629 de
3559 1572 3869 1633 hominibus

2295 1650 2608 1720 perficiatur
2660 1654 2745 1708 illa
2778 1670 3011 1727 superna
3057 1659 3278 1731 civitas;
3309 1678 3411 1720 nec
3434 1664 3536 1721 hoc
3558 1680 3678 1721 esse
3700 1664 3864 1732 valet.

2296 1744 2397 1799 nisi
2423 1746 2515 1800 ﬂat
2542 1747 2795 1818 prtedicta
2821 1750 3141 1820 satisfactio,
3169 1771 3331 1825 quam
3354 1771 3454 1812 nec
3476 1768 3656 1828 potest
3684 1757 3873 1815 facere

2297 1834 2397 1890 nisi
2427 1837 2585 1905 Deus,
2621 1854 2722 1895 nec
2749 1840 2907 1896 debet
2939 1842 3043 1898 nisi
3086 1845 3275 1912 homo;
3302 1861 3523 1904 necesse
3543 1857 3627 1904 est
3654 1857 3712 1904 ut
3738 1864 3870 1906 eam

2290 1925 2454 1981 faciat
2495 1927 2635 1984 Deus
2662 1929 2844 1986 homo.
2874 1929 2998 1986 Bos.
3033 1930 3355 1991 Benedictus
3399 1936 3576 1993 Deus:
3607 1935 3721 2005 jam
3749 1954 3871 1993 tua-

2288 2032 2451 2085 gnum
2480 2018 2732 2088 quiddam
2762 2019 3065 2077 invenimus
3091 2022 3159 2077 de
3204 2022 3308 2080 hoc
3349 2026 3492 2095 quod
3529 2026 3861 2098 quaerimus:

2287 2122 2615 2179 prosequere
2666 2111 3252 2185 igitur.utincoepisti.
3309 2114 3481 2187 Spero
3533 2118 3678 2172 enim
3732 2120 3863 2188 quia

2289 2201 2428 2257 Deus
2453 2217 2550 2257 nos
2572 2201 2860 2270 adiuvabit.
2882 2204 3011 2260 Aus.
3037 2204 3575 2279 investigandam‘cst
3597 2207 3692 2282 ’ἔθ’
3711 2224 3862 2267 nunc

2287 2294 2556 2362 quomodo
2585 2293 2757 2365 possit
2783 2293 2899 2350 fieri
2930 2296 3072 2351 Deus
3096 2296 3260 2367 homo
3289 2298 3426 2389 m’.’

2886 2384 3113 2442 CAPUT
3151 2387 3261 2442 VII.

2279 2455 2440 2535 ‘Quod
2470 2486 2672 2526 necesse
2697 2472 2761 2527 sit
2784 2472 3018 2546 eumdem
3047 2474 3215 2546 ipsum
3232 2492 3342 2531 esse
3360 2475 3642 2546 perfectura:
3663 2474 3861 2545 Deum,

2522 2562 2526 2566 Α
2582 2596 2591 2603 ,
2727 2550 2777 2594 et
2806 2541 3093 2624 perfectum
3123 2541 3405 2600 hominem.
3452 2541 3463 2546 ’
3843 2541 3847 2557 ⁵

2356 2629 2544 2687 Divina
2576 2631 2721 2686 enim
2746 2641 2952 2695 natura
2980 2633 3081 2699 “'°_
3112 2642 3168 2689 et
3217 2635 3452 2691 humana
3493 2651 3600 2691 non
3632 2646 3862 2705 possunt

2284 2718 2337 2773 i‘n
2362 2718 2593 2777 invicem
2624 2713 2720 2756 κη’
2754 2722 2975 2789 mutari,
3010 2731 3088 2781 ‘ut
3118 2723 3299 2780 divina
3346 2724 3442 2781 ﬁat
3472 2719 3726 2792 humana,
3768 2727 3864 2782 vel

2282 2810 2516 2865 humana
2550 2810 2729 2865 divina
2753 2827 2776 2878 ;‘
2800 2826 2906 2867 nec
2930 2812 3007 2867 ita
3044 2812 3297 2883 misceri,
3328 2823 3387 2868 ut
3416 2814 3659 2883 quaedam
3692 2814 3855 2870 tertia

2281 2900 2352 2956 sit
2378 2916 2445 2956 ex
2472 2901 2701 2968 duabus,
2753 2917 2873 2971 quas
2914 2917 3015 2959 nec
3044 2902 3221 2958 divina
3261 2903 3332 2959 sit
3355 2904 3597 2971 omnino,
3627 2919 3726 2959 nec
3751 2904 3856 2959 hu-
3922 2926 3929 2932 σ

2282 3005 2461 3045 mana.
2492 2991 2732 3060 Denique
2758 2991 2804 3048 si
2832 2991 2950 3047 fieri
2994 3000 3176 3062 posset
3221 3000 3281 3047 ut
3306 2992 3489 3047 altera
3528 2992 3583 3048 in
3624 2993 3855 3048 alteram

2279 3088 2711 3145 converteretur,
2733 3087 2827 3134 aut
2850 3090 2989 3136 esset
3021 3088 3232 3136 tantum
3256 3081 3415 3145 Deus,
3446 3089 3628 3136 etnon
3654 3076 3851 3147 homo;

2279 3167 2568 3224 autsoium
2600 3170 2769 3225 homo
2785 3178 2840 3224 et
2868 3170 3166 3225 nonDeus:
3202 3177 3299 3225 aut
3323 3168 3369 3225 si
3394 3169 3754 3225 miscerentur
3774 3168 3855 3225 ita

2280 3270 2341 3315 ut
2376 3275 2441 3315 ex
2463 3259 2667 3316 duabus
2694 3261 2961 3331 corruptis
2990 3260 3145 3316 tleret
3174 3260 3426 3331 quaedam
3449 3258 3605 3316 tertia
3632 3260 3852 3331 (quem-

2281 3349 2567 3405 admodum
2598 3351 2664 3405 de
2693 3352 2902 3406 duobus
2933 3350 3223 3407 individuis
3257 3350 3578 3406 animalibus
3604 3351 3852 3407 diversa-

2281 3454 2401 3495 rum
2427 3442 2728 3510 specierum
2757 3440 2996 3497 masculo
3024 3449 3079 3496 et
3103 3440 3303 3497 femina
3330 3440 3573 3497 nascitur
3598 3439 3848 3505 tertium.

2278 3529 2423 3600 quod
2446 3545 2545 3586 nec
2569 3529 2738 3600 patris
2776 3519 3060 3600 integram,
3097 3545 3197 3585 nec
3225 3530 3416 3586 matris
3454 3538 3635 3587 servat
3684 3540 3847 3586 natu-

2278 3635 2421 3686 ram,
2444 3621 2537 3678 sed
2564 3636 2630 3676 ex
2650 3630 2880 3691 utraque
2909 3620 3121 3680 tertiam
3147 3621 3243 3655 ’⁸⁷⁸
3268 3622 3539 3691 mistam),
3564 3636 3664 3678 nec
3684 3622 3855 3689 homo

2276 3719 2445 3777 esset,
2472 3726 2573 3767 nec
2601 3710 2764 3786 Deus.
2803 3710 2921 3768 Non
2948 3710 3111 3782 igitur
3131 3711 3449 3782 potestﬁeri
3477 3713 3640 3769 homo
3679 3713 3846 3779 Deus,

2276 3818 2437 3873 quem
2485 3790 2796 3872 quan-imus,
2825 3818 2891 3859 ex
2934 3802 3115 3873 divina
3162 3811 3218 3859 ει
3244 3802 3479 3859 humana
3509 3811 3721 3869 natura,
3749 3812 3850 3870 aut

2273 3896 2622 3950 conversione
2651 3894 2873 3950 alterius
2901 3894 2954 3949 in
2983 3876 3230 3961 alteram,
3252 3903 3346 3950 aut
3364 3893 3670 3963 corruptiva
3692 3907 3849 3949 com-

2275 3985 2526 4039 mistione
2569 3985 2849 4054 utriusque
2901 3984 2955 4038 in
2993 3985 3230 4048 tertiam,
3279 3985 3407 4054 quia
3436 3985 3552 4038 hare
3594 3982 3711 4039 ﬁeri
3744 3996 3847 4036 ne-

2271 4085 2506 4145 queunt;
2538 4084 2630 4131 aut
2652 4076 2695 4131 si
2724 4076 2838 4130 tieri
2864 4075 3122 4141 valerent,
3152 4075 3285 4131 nihil
3309 4075 3376 4131 ad
3396 4076 3501 4131 hoc
3528 4077 3670 4147 quod
3688 4090 3845 4145 qua-

2272 4170 2442 4223 rimus
2494 4169 2753 4224 valerent.
2811 4167 2905 4201 ""
2957 4167 3014 4223 Si
3072 4176 3252 4222 autem
3299 4166 3538 4238 quolibet
3581 4168 3740 4223 modo
3763 4166 3841 4221 ita

2271 4259 2522 4329 conjungi
2549 4258 2798 4312 dicuntur
2820 4258 2909 4312 by
2924 4258 3040 4312 duae
3068 4265 3274 4311 naturae
3300 4256 3544 4326 integrae,
3568 4264 3629 4310 ut
3659 4263 3845 4311 tamen

2276 4348 2410 4403 illius
2435 4349 2505 4403 sit
2525 4348 2703 4414 homo,
2722 4347 2860 4402 alius
2883 4350 2954 4402 sit
2973 4348 3114 4402 Deus
3129 4346 3313 4414 “",et
3327 4362 3431 4401 non
3452 4346 3593 4402 idem
3604 4345 3674 4401 sit
3697 4346 3845 4400 Deus

2274 4439 2365 4471 ⁸⁸⁷⁸
2391 4439 2479 4507 qui
2520 4449 2575 4493 et
2612 4440 2805 4504 homo;
2837 4437 3177 4507 impossibile
3218 4446 3303 4493 est
3342 4446 3403 4492 ut
3431 4438 3591 4493 ambo
3640 4435 3845 4492 faciant

2202 4529 2414 4622 unod
2464 4528 2579 4584 ﬁeri
2636 4540 2857 4583 necesse
2900 4534 3003 4583 est.
3064 4525 3198 4581 Nam
3255 4525 3396 4581 Deus
3457 4539 3565 4580 non
3638 4523 3839 4622 faciet,

2273 4628 2399 4695 quia
2457 4641 2564 4681 non
2630 4622 2873 4689 debebit;
2935 4630 2992 4679 et
3059 4622 3220 4678 homo
3281 4635 3388 4676 non
3456 4619 3645 4684 faciet,
3710 4616 3842 4687 quia

1883 4760 2111 4817 VARI/i3
2150 4760 2548 4818 LECTIONES.

659 4893 752 4925 ³⁸⁸⁸
783 4891 952 4961 Major
975 4907 1043 4947 ex
1064 4891 1329 4961 beneficio
1367 4908 1491 4947 mss.
1536 4903 1582 4945 et
1642 4891 1786 4945 Edit.

592 4963 630 5015 si
657 4962 801 5043 quod
829 4962 989 5015 hodie
1086 5030 1099 5043 ⁸

589 5042 812 5087 υοαοιιιε
834 5048 959 5085 ηιςδ.
994 5040 1160 5084 0mm.
1193 5046 1292 5085 ηεε
1334 5040 1553 5085 εοξιειιιθ

1136 4892 1329 4945 neiicio
1367 4908 1491 4947 mss.
1536 4903 1582 4945 et
1642 4892 1786 4945 Edit.
1844 4892 1999 4947 Goth.
2045 4894 2210 4948 omitt.
2265 4909 2332 4949 ex
2478 4894 2570 4925 ’⁸³⁸
2616 4892 2670 4947 Si
2719 4892 2847 4961 quid
2904 4892 3061 4971 hodie
3104 4905 3230 4943 mss.
3277 4892 3498 4967 Πειρη

1134 4960 1225 4992 ³⁸⁸⁷
1250 4960 1304 5014 Si
1332 4977 1435 5015 non
1466 4962 1667 5030 poteris
1700 4971 1792 5015 aut
1816 4978 1918 5015 non
1945 4963 2025 5016 vis
2052 4964 2265 5019 mentiri
2291 4981 2412 5017 mss.
2437 4974 2483 5017 et
2512 4963 2656 5016 Edit.
2680 4960 2833 5016 Goth.
2883 4975 2927 5014 sn
2954 4968 3109 5029 potes
3142 4967 3236 5012 aut
3283 4966 3498 5030 mentiri

1693 5032 1787 5063 "‘9
1838 5031 2004 5085 Vovet
2059 5050 2181 5087 mss.
2208 5045 2257 5087 et
2315 5034 2488 5091 Edim
2516 5031 2672 5085 Com.
2739 5040 2929 5100 sponte
2992 5037 3149 5100 vovet

2478 4894 2570 4925 ’⁸³⁸
2616 4892 2670 4947 Si
2719 4892 2847 4961 quid
2904 4889 3061 4945 hodie
3104 4905 3230 4943 mss.
3276 4886 3414 4941 Vict.
3453 4886 3595 4957 July,
3644 4887 3839 4943 (Iistcr.

2478 4963 2656 5014 rEdit.
2680 4960 2833 5014 Goth.
2883 4960 2927 5014 si
2954 4968 3109 5014 notes
3142 4967 3236 5012 aut
3283 4954 3498 5009 mentiri
3604 4957 3697 4988 ³⁸⁸⁸
3727 4956 3842 5014 Nec

3288 5026 3380 5057 ἐδδ
3403 5026 3593 5097 Posset
3624 5027 3691 5097 isi
3728 5042 3839 5097 ,ηυ-

2265 4909 2332 4949 ex

592 5101 650 5154 lit
674 5119 796 5177 mss.
828 5101 1046 5177 e‘t‘lfdit.
1079 5099 1241 5177 Gotlt._
1265 5102 1455 5177 possit1
1484 5102 1530 5177 si
1556 5101 1725 5177 nolit“
1760 5100 2030 5177 '_¢_‘{Bono
2059 5103 2272 5172 incepto
2294 5120 2391 5157 ms.
2423 5102 2569 5177 ,δτιξζειΔ
2591 5103 2733 5177 horto
2755 5094 3048 5177 proposito
3101 5098 3214 5177 Α²⁶⁶’
3239 5096 3333 5150 Est
3351 5096 3509 5177 quod
3529 5094 3660 5177 facit
3709 5094 3838 5177 mss.

592 5180 639 5222 rt
673 5170 819 5223 lt‘dit.
852 5168 1009 5224 Cotlt.
1039 5180 1123 5223 est
1154 5164 1277 5238 quia
1306 5171 1407 5223 hoc
1432 5170 1559 5224 facit
1635 5171 1727 5202 "3“
1763 5171 1998 5225 Dicimus
2025 5164 2201 5226 tamen
2232 5188 2361 5226 mss.
2392 5183 2440 5225 et
2466 5164 2612 5225 Edit.
2644 5164 2799 5224 Cotlt'.
2828 5164 3070 5224 dicamus
3096 5175 3305 5238 tamen‘
3351 5165 3444 5217 ’τ’εέ
3470 5164 3652 5219 Gratia
3694 5167 3843 5232 quod

590 5241 719 5294 iecit
738 5241 931 5319 bonum
957 5256 1083 5294 mss.
1109 5235 1254 5292 Gem.
1282 5239 1421 5319 Becz
1448 5238 1581 5292 Vict.
1606 5239 1730 5309 Joly
1753 5239 1972 5319 et‘fldu.
2001 5238 2156 5295 Goth.
2186 5244 2357 5312 gratia
2390 5243 2586 5319 bonum
2612 5241 2759 5319 quod
2778 5239 2900 5319 facit
2978 5238 3071 5270 ³⁶⁶⁵
3096 5237 3255 5319 Quod
3280 5235 3661 5319 Detts‘nqnfst,
3707 5249 3837 5319 mss.

588 5322 636 5363 et
668 5308 810 5363 Edit.
838 5308 988 5363 (ἱοεΙι.
1016 5311 1157 5379 quod
1184 5318 1375 5376 prmtcr
1408 5311 1569 5363 Deum
1604 5303 1719 5363 est'
1758 5310 1851 5341 ’⁸⁸⁸
1875 5310 2103 5377 Superat
2131 5303 2290 5366 omne
2315 5329 2438 5364 mss.
2467 5323 2514 5363 et
2540 5303 2687 5362 Edit.
2718 5307 2871 5362 Goth.
2895 5317 3109 5376 superet
3140 5321 3299 5360 omne
3373 5304 3463 5336 "°"
3487 5303 3629 5379 Nihil
3653 5312 3836 5357 autem

588 5390 671 5434 est
696 5380 836 5458 quod
870 5373 1209 5458 sitper'omne
1240 5380 1311 5431 sit
1331 5379 1643 5458 quod_Deus
1675 5390 1888 5458 non-est
1920 5373 2038 5458 mss.
2084 5391 2132 5432 et
2164 5380 2312 5458 Edit;
2335 5379 2646 5458 Catalnihil
2677 5389 2855 5458 autem
2892 5373 2975 5458 est
3002 5393 3161 5458 supra
3183 5375 3524 5458 ottttte_qt10tl
3556 5373 3837 5458 Deusdnon

589 5460 671 5506 est
716 5444 837 5483 ’³⁵⁸⁸
873 5444 1303 5517 investigandum
1350 5444 1430 5502 ist
1473 5448 1537 5501 In
1576 5466 1697 5502 mss.
1746 5452 1829 5501 hic
1866 5451 2044 5517 incipit
2088 5460 2241 5516 caput
2283 5452 2333 5503 7.
2410 5450 2501 5481 ’⁸⁵⁸
2533 5450 2809 5515 Quomodo
2837 5448 3001 5515 possit
3033 5447 3146 5501 fieri
3180 5446 3316 5499 Deus
3352 5444 3527 5517 liquid
3548 5459 3667 5495 mss.
3702 5456 3840 5517 quo-

591 5522 749 5575 modo
774 5521 941 5587 possit
966 5511 1254 5599 esse'ileqs
1284 5519 1444 5599 homo
1519 5520 1611 5549 ¹⁶⁷⁰
1653 5511 2055 5599 Divinanatura
2084 5511 2207 5599 mss.
2228 5530 2288 5599 let
2320 5520 2467 5573 Edit.
2500 5511 2682 5599 c614...
2707 5511 2889 5598 Divina
2922 5518 3067 5599 cutim
3105 5529 3302 5599 natura
3373 5511 3836 5599 'n‘ii‘iPossuntginA-

587 5585 922 5644 vicenimss.
955 5600 1000 5641 et
1036 5589 1176 5640 h‘rlit.
1205 5588 1356 5640 Got/i.
1386 5599 1606 5654 possunt
1653 5590 1703 5641 in
1750 5589 1975 5642 invicem
2016 5605 2112 5640 ms.
2150 5587 2273 5652 Joly
2312 5598 2531 5655 possunt
2574 5588 2640 5641 ab
2672 5588 2896 5640 invicem
2974 5588 3067 5617 “7'
3105 5585 3223 5655 Sed,
3242 5598 3306 5637 ex
3330 5592 3578 5655 utraque
3616 5585 3833 5655 tertiam

588 5676 713 5713 nm.
746 5669 793 5712 et
819 5659 960 5710 Edit.
994 5658 1149 5711 Galli.
1191 5658 1283 5711 sed
1323 5674 1390 5711 ex
1428 5669 1651 5726 utraque
1691 5658 1905 5712 tertiam
1947 5658 2167 5711 mixtam
2244 5654 2337 5689 ²⁶⁷⁵
2366 5659 2614 5712 Valeret.‘
2646 5656 2701 5711 Si
2740 5672 2858 5726 mss.
2892 5656 3149 5726 valerent.
3192 5654 3249 5708 Si

3324 5652 3419 5685 ³⁸⁷⁸
3447 5650 3515 5706 Ut
3542 5664 3663 5704 cum
3694 5651 3836 5706 alius

592 5730 661 5782 sit
682 5730 859 5789 homo,
886 5728 1020 5782 alius
1055 5729 1192 5781 lleus
1222 5744 1344 5780 mss.
1374 5738 1430 5780 ut
1452 5720 1629 5782 tamen
1658 5728 1795 5782 alius
1823 5728 1893 5781 sit
1918 5728 2098 5788 homo,
2144 5727 2282 5782 alius
2326 5728 2396 5781 sit
2433 5729 2569 5781 Deus
2620 5743 2717 5780 ms.
2757 5724 2886 5779 l’ict.
2917 5725 3003 5788 19.
3052 5735 3110 5781 ut
3155 5733 3331 5780 tamen
3363 5721 3504 5777 aliud
3538 5720 3610 5777 sit
3631 5720 3832 5789 homo,

589 5797 733 5855 aliud
766 5799 835 5855 sit
864 5799 1001 5853 Dens
1077 5798 1167 5827 "'7"
1202 5798 1264 5852 Et
1296 5813 1399 5852 non
1434 5797 1571 5851 idem
1602 5798 1671 5853 sit
1695 5798 1833 5853 Deus
1861 5814 1983 5849 mss.
2017 5796 2139 5864 July
2168 5808 2221 5852 et
2253 5799 2390 5852 idem
2432 5799 2501 5855 sit
2528 5795 2667 5852 Deus
