4240 6260
402 298 503 354 409

1542 298 1677 354 cun
1723 295 1900 377 oens
1938 293 2148 350 nouo.
2180 325 2248 336 -
2276 294 2401 350 Lm.
2435 294 2495 348 ιι.

3522 300 3626 354 ιιι)

360 394 522 473 ’όίοο
571 406 693 477 quia
740 423 955 477 possum
1024 408 1167 477 loqui
1212 407 1295 461 vel
1342 405 1643 470 ambulare,
1703 406 1953 461 subaudi-
1983 411 2027 467 Α
2058 406 2145 460 ille
2181 405 2412 457 maxime
2447 406 2745 460 laudandus
2774 414 2854 460 est
2896 410 2961 461 de
2996 407 3153 461 bonis
3201 422 3323 476 qua:
3372 409 3533 464 habet
3574 420 3630 464 et

403 508 509 564 tur,
537 499 580 554 si
612 496 748 552 volo.
786 497 840 551 Si
879 499 1023 551 enim
1062 513 1164 569 non
1210 497 1627 567 subintelligitur
1675 497 1952 561 voluntas,

400 605 505 643 non
549 598 632 642 est
676 597 935 657 potestas,
981 588 1073 642 sed
1121 590 1435 644 necessitas.
1484 588 1615 642 Nam
1671 603 1790 642 cum
1840 589 1960 642 dico

398 680 528 750 quia
572 680 760 734 nolens
803 693 1021 746 possunt
1071 681 1211 735 trahi
1259 690 1352 734 aut
1406 679 1682 745 vinci‘m,
1725 696 1828 734 non
1877 688 1961 734 est

378 767 515 843 haec
552 781 671 819 mea
688 766 782 796 ’m
824 778 1095 834 petestas,
1140 768 1233 821 sed
1276 767 1592 832 necessitas,
1629 778 1684 822 et
1724 776 1961 838 potestas

399 852 649 913 alterius.
697 854 903 927 Quippe
956 872 1059 911 non
1109 865 1193 909 est
1235 857 1409 919 aliud,
1443 873 1659 923 possum
1709 868 1769 911 tr.
1793 859 1845 912 hi
1877 859 1958 913 vel

396 948 572 1011 vinci,
607 944 806 1016 quam,
841 948 979 1002 alius
1024 962 1110 1002 me
1152 951 1366 1004 trahere
1394 950 1481 1004 vel
1522 951 1736 1005 vincere
1763 958 1957 1019 potest.

283 1108 288 1112 ἡ
398 1037 689 1093 Possumus
712 1038 894 1107 itaque
914 1039 1093 1094 dicere
1113 1040 1178 1095 de
1201 1040 1438 1105 Christo,
1462 1041 1586 1110 quia
1613 1042 1783 1111 potuit
1810 1057 1959 1095 men-

300 1140 308 1157 ‘-
400 1125 522 1190 tiri,
551 1126 598 1179 si
626 1126 992 1193 subaudiatur,
1038 1128 1081 1182 si
1129 1129 1328 1184 vellet:
1359 1140 1412 1185 et
1449 1130 1699 1199 quoniam
1745 1129 1958 1184 mentiri

397 1230 505 1269 non
536 1216 707 1285 potuit
734 1216 919 1271 nolens
935 1219 1073 1282 ,'nec
1095 1216 1268 1287 putuit
1295 1220 1429 1274 velle
1456 1221 1701 1284 mentiri;
1733 1235 1835 1275 non
1860 1221 1961 1273 mi~

310 1378 311 1387 χ
396 1308 609 1361 nus"“
655 1309 757 1362 dici
799 1317 975 1377 potest
1003 1311 1308 1379 nequivisse
1358 1312 1596 1365 mentiri.
1646 1313 1737 1366 Sic
1782 1314 1961 1382 itaque

397 1400 600 1467 potuit,
635 1409 689 1454 et
718 1416 821 1454 non
861 1400 1034 1468 putuit
1062 1402 1299 1456 mentiri.
1333 1402 1455 1469 Bos.
1497 1402 1647 1457 Nunc
1680 1404 1961 1458 redeamus

400 1489 470 1541 ad
508 1488 935 1556 investigandum
981 1490 1047 1543 de
1093 1490 1183 1543 illo
1230 1492 1380 1559 quasi
1426 1493 1660 1546 noudmn
1691 1493 1789 1558 sit,
1822 1493 1963 1547 sicut

398 1579 737 1648 inewpimus.
773 1581 901 1635 Dico
934 1582 1118 1652 igitur,
1164 1584 1205 1636 si
1249 1599 1475 1652 peccare
1499 1601 1602 1639 non
1634 1586 1958 1654 poterit'm,

399 1672 524 1737 quia
548 1671 687 1725 sicut
716 1670 881 1751 dicis,
930 1688 1036 1725 non
1086 1675 1282 1741 poterit
1321 1676 1482 1738 velle;
1529 1692 1593 1730 ex
1640 1669 2006 1751 necessitate;

2059 504 2269 560 servat,
2298 510 2402 547 non
2435 494 2536 546 ulla
2576 494 2927 559 necessitate;
2958 495 3049 549 sed
3070 536 3086 559 ,
3115 496 3257 551 sicut
3287 511 3450 564 supra
3478 498 3586 553 dixi
3611 541 3625 563 ,

2058 588 2270 655 propria
2315 596 2369 640 et
2406 596 2606 641 mterna
2659 585 3110 640 immutabilitate.
3162 586 3253 641 Sic
3298 602 3425 667 ergo
3468 588 3629 645 homo

2060 679 2170 741 ille,
2196 679 2285 747 qui
2314 679 2452 730 idem
2480 678 2591 746 ipse
2621 677 2762 730 Deus
2792 677 2918 736 erit,
2946 678 3198 745 quoniam
3233 664 3393 733 onm'e
3424 679 3623 735 bonum

2059 771 2197 839 quod
2244 771 2356 837 ipse
2385 769 2628 831 habebit,
2658 784 2687 821 a
2728 781 2796 822 se‘
2827 768 3079 841 habebit,
3125 763 3238 822 non-
3276 772 3626 835 necessitate,

2061 861 2153 916 sed
2182 860 2557 923 libertatem‘,
2588 870 2642 912 et
2673 877 2702 912 a
2732 861 2911 929 seipse
2949 858 3161 927 justus,
3190 871 3245 914 et
3286 862 3485 915 idcirco
3512 862 3627 917 lau-

2060 952 2265 1006 dandus
2289 952 2412 1005 erit.
2442 950 2699 1016 Quamvis
2723 951 2866 1004 enim
2889 951 3123 1005 humana
3153 961 3346 1005 natura
3387 968 3415 1005 a
3448 953 3630 1007 divina

2060 1046 2255 1099 habeat
2301 1043 2441 1111 quod
2494 1042 2742 1107 habebit,
2794 1042 2935 1096 idem
2989 1051 3165 1095 tamen
3216 1043 3330 1111 ipse
3380 1058 3409 1095 a
3457 1044 3631 1111 seipse

2062 1134 2336 1203 (quoniam
2383 1131 2502 1184 dum
2535 1140 2743 1183 natura:
2780 1146 2884 1182 una
2914 1144 3140 1197 persona
3183 1131 3362 1199 erunt)
3395 1130 3631 1185 habebit.

2061 1224 2181 1277 Bos.
2216 1221 2537 1276 Satisfecisti
2568 1221 2695 1274 mihi
2745 1236 2808 1274 ex
2842 1221 2969 1285 hoc;
3003 1229 3057 1273 et
3102 1229 3287 1288 aperte
3302 1218 3473 1273 ‘video
3503 1221 3631 1287 quia
3668 1255 3672 1259 ‹

2060 1321 2113 1369 et
2134 1328 2360 1383 peccare
2391 1328 2495 1366 non
2529 1312 2758 1380 poterit;
2788 1320 2843 1364 et
2874 1319 3052 1365 tamen
3094 1310 3395 1364 laudandus
3437 1310 3541 1384 erit
3565 1311 3633 1363 de

2055 1406 2423 1476 justitiavsua.
2479 1404 2583 1457 Sed
2631 1417 2773 1457 nunc
2820 1402 3165 1471 qurerendum
3215 1403 3454 1462 aestimo;
3510 1416 3631 1453 cum

2062 1496 2203 1549 Deus
2229 1493 2388 1563 talem
2417 1493 2705 1561 possetm'
2734 1492 2911 1546 facere
2948 1492 3221 1545 hominem
3243 1530 3258 1556 ,
3287 1505 3395 1544 cun
3416 1505 3519 1545 non
3556 1498 3635 1542 ta-

2062 1588 2138 1641 les
2164 1585 2291 1640 fecit
2321 1585 2537 1651 angelos
2564 1592 2617 1637 et
2646 1584 2782 1636 duos
2803 1582 3008 1651 primos
3037 1580 3285 1634 homines
3305 1619 3320 1644 ,
3352 1589 3411 1632 ut
3434 1578 3634 1648 _simili-

2066 1688 2147 1732 ter
2187 1686 2259 1739 et
2285 1691 2512 1745 peccare
2559 1691 2662 1729 non
2709 1665 2960 1745 possent,
2990 1681 3045 1724 et
3071 1673 3137 1725 de
3156 1670 3362 1738 justitia
3396 1684 3489 1723 sua
3518 1670 3635 1721 lau-

396 1759 634 1815 servabit
669 1750 936 1830 justitiam
969 1780 981 1815 :
1030 1780 1198 1832 quare
1228 1780 1329 1819 non
1359 1781 1424 1818 ex
1472 1767 1718 1822 libertate
1744 1766 1955 1821 arbitrii
1992 1746 2034 1803 Β
2056 1767 2220 1821 dandi
2246 1766 2466 1820 essent?
2496 1766 2620 1818 Aus.
2660 1762 2917 1830 Intelligis
2950 1775 3068 1829 qua:
3092 1758 3368 1813 dicis’m?
3397 1755 3635 1825 808..γί-

395 1846 572 1917 justus
614 1850 738 1905 erit.
784 1849 912 1914 Quae
944 1850 1107 1919 igitur
1135 1851 1307 1917 gratia
1354 1853 1428 1905 illi
1475 1868 1568 1921 prc
1603 1852 1814 1921 justitia
1861 1869 1957 1908 sua

397 1936 709 1991 debebitur?
756 1935 1005 1991 Solemus
1051 1953 1285 2007 namque
1314 1939 1494 1995 dicere
1538 1940 1707 1995 Deum
1761 1941 1962 1997 idcirco

398 2026 590 2081 fecisse
614 2028 862 2097 angelum
889 2037 944 2084 et
970 2030 1239 2086 hominem
1278 2033 1409 2087 tales
1454 2033 1543 2103 qui
1575 2048 1804 2103 peccare
1839 2051 1962 2105 pos-

316 2108 317 2111 “
359 2113 365 2118 ’
396 2108 549 2179 sent;
580 2126 856 2184 quatenus
885 2132 1005 2172 cum
1038 2129 1255 2188 possent
1301 2122 1547 2176 deserere
1580 2120 1882 2189 justitiam,
1909 2136 1964 2180 et

396 2220 464 2260 ex
498 2207 742 2261 libertate
782 2208 989 2262 arbitrii
1032 2221 1345 2276 servarent,
1376 2213 1604 2281 gratiam
1652 2221 1706 2267 et
1748 2199 1955 2270 laudem

398 2306 759 2362 mererentur,
811 2313 931 2366 qua:
974 2298 1109 2373 illis,
1142 2300 1185 2353 si
1232 2301 1555 2356 necessitate
1589 2301 1718 2370 justi
1749 2316 1960 2369 essent,

396 2388 505 2442 non
534 2389 877 2443 deberentur.
903 2388 1031 2444 Aas.
1065 2390 1253 2445 Nonne
1283 2392 1489 2462 angeli,
1515 2393 1605 2462 qui
1650 2396 1811 2449 modo
1839 2411 1961 2465 pec-

398 2492 525 2531 care
564 2484 872 2545 nequeunt,
919 2477 1172 2533 laudandi
1219 2490 1363 2534 sunt.
1403 2480 1525 2535 Bos.
1570 2480 1713 2535 Sunt
1751 2483 1964 2551 utique;

400 2566 527 2644 quia
563 2566 667 2619 hoc
688 2606 703 2631 ,
734 2567 877 2634 quod
921 2568 1082 2622 modo
1113 2583 1216 2621 non
1250 2582 1504 2644 possunt,
1536 2582 1849 2627 meruerunt
1872 2590 1969 2642 per

401 2642 502 2732 hoc
533 2656 673 2725 quod
704 2664 992 2725 potuerunt
1021 2666 1076 2712 et
1103 2658 1405 2713 noluerunt.
1433 2642 1560 2715 Ans.
1588 2660 1722 2725 Quid
1750 2663 1885 2718 dicis
1905 2663 1969 2717 de

382 2746 526 2809 Deo,
553 2744 642 2812 qui
670 2760 891 2814 peccare
919 2760 1023 2800 non
1046 2756 1223 2816 potest
1249 2766 1260 2800 :
1290 2762 1387 2802 nec
1410 2750 1512 2803 hoc
1541 2750 1735 2804 meruit
1762 2767 1857 2819 per
1877 2767 1970 2819 po-

400 2844 648 2889 testatem
676 2836 948 2903 peccandi,
972 2850 1075 2904 qua
1102 2852 1202 2890 non
1230 2839 1468 2905 peccavit
1497 2858 1509 2892 :
1546 2826 1719 2895 nonne
1746 2841 1966 2894 laudan-

400 2924 503 2978 dus
526 2935 609 2978 est
635 2924 954 2993 projustitia
980 2926 1108 2980 sua?
1136 2927 1257 2981 Bos.
1293 2928 1387 2983 llic
1418 2928 1535 2982 volo
1564 2931 1969 2998 tit/respondeas

400 3029 496 3083 pro
522 3006 607 3067 ine
638 3030 651 3068 :
686 3030 805 3069 nam
835 3017 879 3069 si
914 3016 1034 3071 dico
1061 3031 1181 3071 eum
1206 3033 1310 3087 non
1332 3034 1451 3073 esse
1480 3019 1823 3084 laudandtnn,
1852 3022 1967 3075 scio

2064 1860 2193 1912 deor
2220 1857 2347 1911 mihi
2378 1855 2708 1924 intelligere,
2738 1865 2790 1906 ct
2821 1853 3024 1906 idcirco
3054 1866 3237 1921 qmero
3262 1866 3361 1903 cur
3380 1865 3474 1904 eos
3501 1849 3635 1903 tales

2062 1965 2167 2003 non
2206 1948 2366 2000 fecit?
2412 1947 2541 1998 Aas.
2597 1944 2861 2009 Quoniam
2909 1957 3009 1995 nec
3054 1942 3261 2010 potuit,
3306 1955 3405 1995 nec
3450 1940 3634 1993 debuit

2065 2038 2264 2091 ﬁeri‘ut
2294 2036 2403 2105 90
2433 2030 2907 2102 unusquisque"”
2946 2044 3133 2083 eorum
3161 2038 3303 2082 esset
3352 2028 3491 2081 idem
3519 2026 3633 2107 ipse

2065 2132 2155 2199 qui
2189 2131 2360 2191 Deus,
2389 2128 2529 2181 sicut
2570 2124 2744 2177 dem"
2774 2122 2991 2176 homine
3039 2121 3143 2183 isto
3189 2120 3416 2199 dicimus
3444 2132 3459 2170 :
3491 2127 3547 2171 et
3590 2116 3636 2170 si

2067 2198 2266 2287 quteris
2302 2233 2400 2270 cur
2433 2231 2537 2269 non
2575 2214 2641 2267 de
2678 2206 2763 2268 tot
2796 2211 3031 2280 quot’m
3060 2219 3186 2264 sunt
3230 2198 3471 2279 personae
3508 2207 3597 2261 Dei
3619 2247 3635 2271 ,

2067 2308 2149 2363 vel
2176 2306 2369 2361 saltem
2402 2304 2467 2357 de
2501 2316 2606 2355 uno
2636 2302 2740 2356 hoc
2770 2299 2929 2376 fecit,
2966 2297 3266 2368 respondeo
3295 2313 3309 2350 :
3343 2295 3466 2364 quia
3493 2295 3633 2348 ratio

2066 2411 2193 2454 tunc
2225 2396 2339 2449 fieri
2371 2377 2673 2448 nullatenus
2694 2394 2795 2445 hoc
2816 2389 3089 2458 exigebat,
3118 2388 3213 2443 sed
3240 2386 3458 2441 omnino
3490 2384 3635 2455 (quia

2067 2491 2209 2542 Deus
2238 2486 2369 2540 nihil
2399 2485 2515 2539 sine
2547 2485 2756 2538 ratione
2787 2480 2939 2549 facit)
2972 2477 3314 2549 prohibebat.
3350 2476 3470 2531 Bos.
3503 2475 3636 2528 Eru-

2066 2581 2230 2643 besce
2257 2567 2382 2645 quia
2412 2577 2513 2630 hoc
2539 2574 2759 2645 (ιιιωείνί
2792 2590 2809 2627 :
2836 2570 3177 2639 diequaﬁ'”
3223 2566 3465 2622 dicturus
3492 2579 3633 2620 eras.

2067 2670 2195 2725 Ans.
2227 2668 2477 2721 Dicamus
2509 2681 2639 2736 ergo
2664 2665 2789 2733 quia
2823 2662 2961 2716 mori
2988 2676 3091 2714 non
3115 2658 3361 2719 debebit,
3384 2655 3638 2727 quoniam

2068 2776 2175 2816 non
2205 2758 2307 2812 erit
2338 2767 2607 2827 peccator.
2641 2756 2763 2809 Bos.
2791 2754 3097 2807 Concede-rc
3144 2766 3228 2804 me
3255 2756 3488 2817 oportet.

2673 2833 2898 2921 (farm
2939 2863 3028 2917 xu.

2074 2959 2226 3025 Quod
2277 2959 2534 3011 moriatur
2557 2973 2621 3009 ea:
2659 2972 2755 3009 sua
2805 2934 3107 3025 potes-tate}
3140 2962 3188 3025 et
3228 2952 3366 3025 quod
3405 2946 3640 3001 mortali-

2143 3039 2222 3081 tas
2234 3028 2329 3059 ⁸⁷³⁸
2352 3045 2451 3080 non
2474 3028 2727 3095 pertineat
2749 3024 2817 3076 ad
2839 3038 3021 3092 puram
3045 3021 3266 3073 hominis
3299 3030 3563 3072 naturam.

400 3119 488 3158 me
514 3106 746 3162 mentiri.
792 3105 848 3161 Si
890 3108 1582 3176 autemdieolaudandum,
1613 3114 1773 3166 timeo
1822 3085 2040 3166 infir-C
2143 3120 2267 3172 Axs.
2315 3117 2464 3170 Nunc
2507 3126 2685 3169 autem
2734 3122 2901 3167 restat
2950 3112 3206 3179 indagare
3254 3118 3431 3177 utrum
3471 3106 3642 3177 possit

400 3209 552 3248 mare
582 3195 843 3249 rationem
856 3196 975 3259 ’7“,
1008 3210 1166 3263 quam
1191 3197 1297 3251 disi
1317 3201 1383 3252 de
1397 3200 1757 3269 angelis.Atvs.
1783 3201 1966 3269 Angeli

401 3300 507 3338 nou
531 3295 655 3339 sunt
678 3286 925 3341 laudandi
948 3286 1235 3356 dejustitia
1258 3304 1373 3353 sua,
1400 3292 1523 3359 quia
1549 3307 1769 3359 peccare
1784 3302 1971 3361 potue-

402 3385 527 3428 runt
546 3394 558 3441 ;
576 3380 667 3431 sed
685 3378 806 3446 quia
822 3368 917 3445 per
943 3380 1043 3433 hoc
1070 3379 1460 3447 quodammodo
1482 3396 1511 3433 a
1534 3395 1590 3434 se
1616 3382 1808 3435 habent
1828 3385 1969 3452 quod

404 3481 632 3535 peccare
660 3477 929 3535 nequeunt
959 3487 973 3522 :
1003 3469 1056 3523 in
1083 3484 1189 3539 quo
1236 3471 1574 3538 aliquatenus
1610 3472 1812 3528 similes
1846 3484 1969 3528 sunt

406 3552 551 3617 Deo,
596 3556 686 3623 qui
733 3570 763 3608 a
792 3571 851 3610 se
878 3556 1038 3611 habet
1084 3557 1341 3627 quidquid
1383 3558 1561 3613 habet.
1593 3561 1799 3616 Dicitur
1826 3562 1968 3615 enim

406 3643 536 3696 dare
576 3645 809 3712 aliquid,
844 3646 937 3715 qui
980 3662 1083 3701 non
1116 3647 1399 3701 aufert’m
1426 3650 1643 3717 quando
1678 3632 1886 3719 potest';
1916 3662 1969 3706 et

405 3732 586 3785 facere
610 3747 730 3787 esse
766 3734 996 3802 aliquid,
1026 3724 1117 3805 qui
1155 3752 1276 3791 cum
1307 3738 1477 3807 possit
1513 3739 1745 3807 idipsum
1790 3742 1971 3798 facere

404 3834 511 3874 non
542 3836 690 3885 esse,
711 3837 825 3877 non
856 3821 1006 3878 facit.
1044 3825 1134 3880 Sic
1175 3826 1358 3895 itaque
1399 3844 1520 3883 cum
1552 3828 1772 3898 angelus
1798 3834 1971 3900 potuit

406 3909 621 3965 auferre
656 3912 757 3966 sibi
781 3911 1074 3979 justitiam,
1119 3924 1171 3968 et
1204 3932 1308 3970 non
1336 3918 1585 3985 abstulit;
1616 3930 1668 3974 et
1699 3905 1880 3975 facere
1911 3936 1969 3976 se

408 4019 515 4056 non
544 4017 663 4057 esse
687 3990 889 4071 justum
909 4046 923 4069 ,
955 4016 1010 4060 et
1055 4021 1159 4060 non
1201 4007 1356 4074 fecit;
1377 4020 1536 4073 _recte
1566 4011 1826 4067 asseritur
1855 4004 1969 4081 ipse

408 4089 512 4143 sibi
541 4090 756 4146 dedisse
789 4092 1079 4161 justitiam,
1130 4104 1184 4148 et
1228 4096 1462 4166 seipsum
1501 4096 1703 4165 justum
1754 4099 1967 4156 fecisse.

410 4179 523 4234 lloc
549 4181 710 4250 igitur
752 4185 909 4238 modo
938 4185 1098 4240 habet
1127 4201 1157 4238 a
1186 4201 1245 4240 se
1260 4185 1525 4255 justitiam
1551 4190 1696 4259 (quia
1722 4201 1969 4246 creatura

406 4288 529 4326 eam
556 4272 712 4327 aliter
734 4288 763 4326 a
788 4289 845 4327 se
871 4275 1068 4330 habere
1095 4269 1299 4348 nequit)
1327 4296 1341 4331 :
1365 4288 1416 4333 et
1450 4280 1648 4336 ideirco
1674 4282 1971 4338 laudandus

404 4372 489 4415 est
524 4361 591 4415 de
615 4377 708 4416 sua
727 4361 956 4426 justitia,
979 4378 1080 4419 nec
1103 4367 1557 4435 necessitatem“,
1578 4371 1683 4425 sed
1723 4370 1969 4425 libertate

402 4450 583 4511 iustus
612 4462 695 4506 est
724 4466 738 4506 :
785 4454 908 4521 quia
955 4455 1246 4525 improprie
1288 4458 1483 4512 dicitur
1512 4456 1844 4527 necessitas,
1882 4464 1968 4517 ubi

406 4558 509 4595 nec
553 4544 763 4597 coactio
810 4545 915 4599 ulla
961 4556 1069 4612 est,
1122 4562 1222 4602 nec
1269 4549 1577 4617 prohibitio.
1634 4551 1971 4622 Quapropter

406 4635 830 4700 quoniamDeus
857 4636 1096 4706 perfecte
1141 4640 1300 4694 habet
1339 4657 1369 4694 a
1395 4656 1453 4696 se
1477 4643 1735 4712 quidquid
1775 4644 1965 4708 habet;

376 4786 405 4801 ’

484 4926 764 5007 "7".Trahi
820 4942 882 5007 et
929 4934 1064 4985 vinci
1135 4946 1360 5007 mssact
1388 4934 1569 5007 __Edit.
1598 5004 1606 5007 _
1633 4935 1788 4988 Colit.

412 5004 714 5056 tioth.'non
760 5013 841 5057 est
870 5004 981 5055 brcc
1013 5020 1129 5055 mea

412 5089 522 5128 non
581 5074 757 5125 minus
898 5072 1244 5127 “"Pcccare
1309 5090 1413 5127 non
1473 5075 1642 5143 potuit
1706 5089 1827 5125 mss.

413 5157 540 5193 care
603 5158 706 5193 non
773 5143 967 5211 pulerit

1867 4936 2007 4988 trahi
2048 4922 2170 4988 “aut
2200 4934 2359 4988 «inci

1271 5005 1363 5036 ²⁷²⁶
1386 5005 1493 5058 Nec
1540 5004 1715 5057 minus
1763 5020 1885 5056 mss.
1939 5004 2069 5057 Vict.
2134 5005 2186 5057 3.
2236 5013 2284 5056 et
2336 5004 2421 5057 19.
2479 5002 2538 5055 S.

1907 5072 2032 5126 Vict.
2096 5074 2243 5127 Gem.
2306 5072 2430 5128 Bac.
2491 5072 2613 5139 1on
2667 5070 2725 5139 S.
2798 5069 2957 5121 ΜιεΙι.
3015 5079 3062 5121 et
3111 5066 3255 5139 Edit.
3314 5066 3447 5139 Galli

1109 5144 1202 5172 ¹⁷¹⁸
1266 5138 1541 5196 Ιιιῐίιτιιιεὶτυ
1604 5143 1866 5195 rationem
1928 5160 2025 5195 ms.
2088 5141 2221 5195 Vict.
2274 5142 2358 5196 i9.
2431 5138 2691 5194 inﬁrmari
2755 5140 3015 5191 rationem

2068 3209 2202 3262 mori
2230 3208 2524 3261 SCClllltilllll
2556 3192 2845 3257 humanam
2871 3211 3123 3256 naturam
3152 3218 3164 3252 ἶ
3193 3215 3315 3253 nam
3341 3198 3639 3252 SCCIIIldUIB

2067 3297 2305 3350 divinam
2352 3292 2773 3364 ineorruptibilis
2821 3306 3033 3362 semper
3066 3291 3191 3345 erit.
3242 3290 3363 3344 Bos.
3414 3291 3489 3344 De
3537 3290 3641 3344 hoc

2069 3385 2270 3439 cur""
2316 3384 2565 3437 dubitare
2613 3384 2904 3445 debemus;
2954 3398 3076 3435 eum
3128 3381 3241 3451 ipse
3282 3390 3437 3435 vetus
3481 3381 3641 3435 homo

2067 3474 2281 3527 futurus
2310 3473 2418 3537 sit,
2442 3481 2498 3524 et
2524 3474 2701 3525 omnis
2729 3471 2889 3525 homo
2917 3466 3232 3524 naturaliter
3263 3470 3506 3524 mortalis
3535 3470 3641 3523 sit?

2067 3563 2195 3616 Aas.
2227 3560 2342 3615 Non
2375 3569 2504 3629 puto
2535 3560 2920 3613 mortalitatem
2949 3560 3015 3612 ad
3044 3573 3267 3627 puram,
3298 3558 3390 3611 sed
3409 3556 3487 3611 'ad
3517 3572 3640 3635 cor-

2069 3661 2281 3719 ruptam
2312 3650 2547 3703 homiuis
2577 3658 2825 3702 naturam
2862 3648 3151 3717 pertinere.
3187 3648 3391 3717 Quippe
3425 3648 3469 3701 si
3501 3662 3639 3699 num

2067 3756 2227 3810 quam
2261 3748 2539 3809 peccasset
2585 3741 2776 3806 liomo,
2821 3748 2876 3791 et
2926 3738 3305 3792 immortalitas
3346 3738 3515 3807 ipsius
3544 3736 3640 3789 im.

2070 3826 2397 3882 tuutabiliter
2419 3828 2627 3881 tirmata
2651 3827 2925 3891 esset’m;
2952 3841 3057 3881 non
3081 3835 3260 3880 tamen
3284 3824 3460 3879 minus
3482 3825 3645 3877 homo

2068 3928 2213 3975 esset
2235 3932 2397 3973 verus
2424 3936 2437 3971 :
2463 3927 2513 3971 et
2541 3918 2757 3987 quando
2779 3916 3036 3972 mortales
3058 3917 3109 3969 in
3134 3906 3645 3984 incorruptibilitate

2073 4017 2390 4077 resurgent,
2423 4024 2528 4063 non
2566 4009 2743 4063 minus
2771 4017 2929 4062 erunt
2973 4008 3087 4061 veri
3132 4008 3377 4061 homines
3409 4020 3571 4059 :nam
3596 4006 3645 4059 si

2070 4100 2364 4169 pertineret
2387 4100 2454 4153 ad
2475 4099 2758 4153 veritatem
2786 4099 3031 4151 humanm
3080 4104 3289 4150 natura:
3319 4095 3642 4162 mortalitas,

2069 4207 2405 4261 nequaquam
2438 4199 2617 4261 posset
2643 4202 2760 4245 esse
2790 4191 2972 4255 homo,
3002 4188 3091 4258 qui
3123 4197 3267 4241 esset
3295 4184 3640 4240 immortalis:

2072 4299 2177 4338 non
2228 4298 2356 4352 ergo
2389 4283 2625 4350 pertinet
2655 4282 2722 4335 ad
2768 4282 3139 4336 sinceritatem
3169 4280 3417 4332 humanae
3444 4284 3645 4329 natura:

2077 4372 2527 4441 c0rruptibilitas,
2595 4372 2711 4426 sive
2776 4370 3258 4439 incorruptibilitas
3325 4385 3338 4421 :
3392 4367 3643 4437 quoniam

2080 4472 2266 4517 neutra
2298 4461 2428 4515 facit
2468 4470 2560 4514 aut
2588 4462 2819 4515 destruit
2851 4461 3159 4523 hominem;
3188 4459 3280 4513 sed
3310 4458 3475 4511 altera
3505 4455 3646 4510 valet

2076 4554 2141 4607 ad
2166 4553 2281 4619 ejus
2314 4551 2787 4615 miseria:n,altera
2817 4552 2884 4605 ad
2908 4550 3319 4605 beatitudinem.
3350 4548 3477 4613 Sed,
3512 4563 3647 4616 quo-

2074 4643 2215 4696 niam
2250 4642 2424 4697 nullus
2470 4642 2632 4709 homp
2659 4648 2774 4705 est,
2804 4638 2895 4708 qui
2934 4654 3037 4693 non
3096 4638 3399 4693 moriatur:
3447 4636 3655 4691 idcirco

1682 4792 1914 4849 νΑιιιΑε
1956 4795 2353 4851 LECTIONES.

2509 4933 2601 4967 ²⁷²⁸
2633 4931 2747 4984 Non
2778 4938 2878 4991 est.
2944 4945 3041 4984 nec
3098 4945 3213 4983 mea
3246 4947 3369 4982 mss.
3419 4939 3466 4982 et
3498 4929 3650 4987 Edit;

2595 5002 2754 5054 Miclt.
2810 4996 2954 5053 Gem.
3007 5000 3126 5051 Ber.
3184 5011 3231 5051 et
3288 4998 3429 5052 Edit.
3488 4998 3647 5055 Colit.

3161 5084 3255 5121 (ιιι.
3314 5084 3447 5121 hom
3524 5084 3639 5134 pec-

3161 5138 3253 5168 ¹⁷²⁰
3312 5136 3461 5202 Quod
3534 5154 3639 5191 ιιοιι

422 5212 601 5265 aufert
631 5229 751 5265 mss.
773 5206 925 5263 'Vict.
956 5212 1096 5278 July,
1121 5210 1265 5265 Com.
1298 5213 1416 5264 11cc.
1448 5223 1493 5263 et
1527 5212 1669 5263 Edil.
1700 5211 1852 5265 Colit.
1877 5212 1965 5278 qui
1996 5228 2098 5265 non
2124 5212 2299 5265 attiert
2372 5211 2466 5241 ’⁷³⁸
2496 5211 2561 5264 Et
2581 5225 2683 5261 non
2710 5210 3031 5278 necessitate
3060 5224 3181 5259 mss.
3224 5206 3361 5278 Vict:
3397 5206 3649 5278 Joly_nec

416 5281 741 5333 necessitate
814 5281 903 5312 ’7“
943 5273 1349 5334 Sed'voluntate
1379 5292 1431 5335 ct
1461 5283 1704 5335 libertate
1729 5298 1849 5333 mss.
1890 5273 2135 5333 omitmnt
2166 5281 2439 5334 voluntate
2462 5289 2514 5333 et
2583 5280 2676 5309 ’⁷³⁸
2708 5276 2887 5329 Talem
2922 5286 3099 5343 posset
3130 5293 3251 5328 mss.
3320 5274 3465 5328 Gem.
3520 5273 3642 5327 Bcc.
3696 5316 3699 5319 .

424 5347 561 5402 Vict.
591 5348 791 5419 etJoly
825 5350 979 5401 talem
1011 5350 1176 5416 possit
1245 5351 1337 5380 ’⁷³³
1368 5351 1502 5415 Quid
1527 5352 1720 5404 dicas?
1751 5367 1849 5402 ms.
1881 5351 2004 5419 Joly
2027 5368 2143 5418 qua:
2167 5352 2344 5403 dicis?
2415 5350 2515 5419 ³⁷³³7
2543 5348 2700 5406 Fieri,
2754 5356 2811 5419 nt
2838 5347 3205 5419 unusquisqite
3234 5362 3327 5396 ms.
3360 5343 3482 5411 Jon
3505 5344 3643 5396 lieri.

422 5418 799 5486 Unusquisque

874 5420 966 5449 ’⁷³⁵
999 5420 1136 5473 Deus
1166 5420 1303 5473 sicut
1334 5420 1397 5471 de
1428 5436 1523 5471 ms.
1547 5419 1669 5487 Joly
1703 5422 1860 5472 Deus.
1894 5416 2055 5473 Nunc
2078 5422 2143 5472 dc
2168 5436 2259 5471 ms.
2299 5420 2430 5471 l'irt.
2467 5418 2551 5471 19.
2582 5419 2719 5469 Dens
2740 5417 2814 5467 sic
2837 5416 2901 5467 de

2977 5415 3071 5445 ιτει
3119 5414 3203 5465 κλῆ
3237 5423 3311 5463 [ut
3358 5423 3640 5480 (“ulltN85.

416 5500 467 5541 et
495 5481 637 5540 Etlit.
663 5481 817 5539 (lotlt.
843 5488 906 5541 de
942 5496 1017 5541 tot
1049 5498 1178 5555 quot
1251 5490 1340 5519 ³⁷³⁷
1369 5490 1461 5542 Dic
1488 5481 1778 5556 quod'mss.
1807 5490 1890 5540 dic
1916 5502 2034 5554 qme
2104 5490 2197 5518 ’⁷³⁸
2225 5490 2373 5553 Quod
2418 5487 2717 5540 mortalitas
2766 5502 2886 5537 mss.
2950 5483 3173 5556 l'ir_t_.»_ct
3223 5483 3359 5556 lftlit.
3406 5481 3557 5556 (iolla.
3590 5492 3649 5531 et

419 5557 564 5623 quod
596 5557 893 5614 mortalitas

417 5636 560 5679 esset

1406 5800 1431 5812 Α

968 5559 1057 5590 ²ῖ³⁰
1095 5560 1167 5616 De
1199 5560 1301 5615 hoc
1322 5576 1415 5614 cur
1447 5575 1566 5613 mss.
1601 5556 1733 5611 Vict.
1774 5558 1850 5612 19.
1881 5559 1943 5612 dt:
1977 5560 2075 5615 hoc
2104 5560 2188 5614 hic

2268 5558 2564 5612 27“"1’it‘ma
2592 5566 2732 5611 esset
2767 5572 2885 5608 mss.
2931 5564 2973 5606 ct
3026 5550 3162 5605 lc'dit.
3220 5552 3371 5604 (iam.
3434 5552 3643 5602 Iirmata
