4240 6202
592 341 692 398 ιη
740 345 810 362 ““’

1122 333 1182 391 s.
1227 329 1527 390 susum
1555 281 1909 388 caurum.
1947 319 2265 379 ARCillEP.
2291 318 2444 375 opp.
2479 314 2659 373 psus
2693 313 2731 370 ι.
2771 336 2845 354 -
2870 307 3285 368 DOGMA‘I‘ICA.

3721 313 3828 369 tta
3870 393 3878 397 η

590 450 818 508 mortale
840 447 1056 520 ponitur
1077 448 1128 501 in
1152 445 1388 503 hominis
1411 441 1724 501 diﬁiuitione
1745 455 1773 494 a
1801 436 2152 509 philosophis,
2185 438 2233 497 Α
2263 442 2370 490 tem
2400 428 2733 488 satisfaciat?
2761 427 2828 484 Et
2852 422 2896 482 si
2926 431 3037 481 tam
3067 422 3223 480 facile
3249 421 3426 479 victus
3446 431 3577 480 esta
3598 424 3835 496 diabolo,

588 543 685 615 qui
714 556 818 597 nou
849 539 1200 596 crediderunt
1239 546 1410 593 totum
1439 534 1710 590 hominem
1735 527 2023 600 aliquando
2067 542 2164 597 po-

594 633 759 687 tuisse
781 639 872 685 aut
895 643 1056 701 posse
1075 643 1196 684 esse
1221 623 1600 683 immortalem.
1624 623 1800 690 Quare
1821 635 1926 676 non
1952 617 2163 686 sullicit,

596 721 664 774 ad
691 719 1167 796 demonstrandum
1197 716 1345 771 illum
1372 714 1645 769 hominem
1666 712 1864 767 debere
1885 708 2167 766 mortalem

596 820 716 866 ess-2
735 850 749 871 ,
781 811 882 864 hoc
906 808 1030 878 quia
1062 821 1223 859 verus
1252 806 1413 859 homo
1437 804 1564 860 erit.
1593 803 1716 860 Bos.
1744 802 1935 868 Quaere
1959 814 2088 870 ergo
2111 807 2167 854 tu

596 898 756 953 aliam
774 898 1060 973 rationem,
1085 898 1208 966 quia
1230 911 1330 968 ego
1350 895 1494 972 illam
1523 893 1703 951 nescio
1723 893 1767 948 si
1792 901 1844 946 tu
1869 892 2167 958 nescis‘m,

595 1006 703 1059 qua
736 990 822 1042 ille
865 989 1121 1062 probetur
1148 1003 1308 1058 posse
1336 986 1496 1041 mori.
1525 976 1657 1044 Aes.
1690 983 1920 1039 Dubium
1954 998 2058 1037 non
2087 991 2171 1038 est

599 1080 726 1148 quia
772 1079 915 1135 sicut
955 1078 1098 1133 Deus
1133 1075 1369 1142 erit'm,
1398 1076 1473 1130 ita
1503 1072 1999 1145 omnipoteuserit.
2043 1070 2167 1127 Bos.

602 1163 801 1222 Verum
829 1166 1043 1221 est"“.
1083 1165 1214 1220 Aus.
1245 1165 1303 1220 Si
1335 1178 1464 1235 ergo
1503 1162 1676 1229 volet,
1707 1161 1905 1231 poterit
1935 1161 2168 1214 animam

599 1271 755 1312 suam
799 1270 1033 1326 ponere,
1069 1265 1124 1324 et
1153 1256 1345 1310 iterum
1394 1269 1628 1311 sumere.
1652 1253 1787 1308 Bos.
1827 1252 1882 1307 Si
1915 1252 2019 1307 hoc
2065 1266 2171 1306 non

597 1356 812 1418 potest,
860 1363 964 1403 non
1009 1347 1221 1402 videtur
1243 1345 1384 1416 quod
1425 1346 1494 1400 sit
1535 1345 1894 1415 omnipr‘tens.
1923 1344 2049 1398 Ans.
2077 1343 2178 1398 Po-

601 1439 727 1493 terit
758 1437 918 1522 igitur
947 1453 1222 1508 nunquam
1254 1437 1426 1504 mori,
1457 1436 1501 1491 si
1527 1436 1702 1500 volet;
1733 1444 1786 1488 et
1811 1434 2010 1505 poterit
2036 1435 2172 1489 mori

600 1537 656 1583 et
687 1544 988 1599 resurgere.
1021 1528 1148 1584 Sive
1172 1533 1350 1581 autem
1380 1526 1618 1582 animam
1647 1541 1798 1580 suam
1834 1531 1998 1594 ponat
2027 1523 2176 1578 nullo

606 1619 714 1676 alio
744 1621 1001 1683 faciente.
1026 1621 1140 1674 sive
1167 1618 1305 1675 alius
1333 1621 1435 1675 hoc
1454 1619 1619 1673 faciat
1641 1628 1840 1674 utcam
1864 1627 2026 1688 ponat
2055 1618 2173 1687 ipso

606 1711 986 1780 permittente;
1033 1718 1292 1778 quantum
1325 1706 1392 1762 ad
1423 1717 1740 1778 potestatem
1789 1707 1920 1762 nihil
1956 1707 2166 1761 differt.

2267 532 2325 576 ut
2355 523 2522 577 Deum
2549 519 2822 590 peccando
2846 517 3230 580 exbouoraret,
3259 521 3318 568 ut
3347 511 3559 569 facilius
3586 527 3692 568 non
3718 527 3837 582 pos~

2266 623 2374 677 set,
2424 627 2600 666 nonne
2638 610 2845 678 justum
2896 616 2983 666 est
3029 615 3088 661 ut
3136 607 3298 661 homo
3346 603 3692 673 satisfaciens
3734 604 3841 658 Deo

2268 722 2367 780 pro
2399 704 2751 777 peccatum’,
2801 710 2950 758 tanta
2998 699 3310 754 difﬁcultate
3357 696 3540 751 vincat
3573 694 3842 750 diabolum

2268 799 2334 854 ad
2359 799 2616 852 honorem
2649 793 2772 856 Dei,
2806 801 2865 847 ut
2902 789 3092 860 majori
3140 804 3246 843 non
3283 785 3485 858 possit?
3514 785 3600 840 Au
3631 799 3737 839 non
3763 795 3846 841 est

2269 889 2488 960 dignum
2511 896 2801 957 quatenus,
2834 883 2925 953 qui
2948 896 3007 938 se
3038 880 3117 936 sic
3143 878 3363 936 abstulit
3400 877 3511 933 Deo
3541 875 3845 946 peccando,

2271 989 2329 1036 ut
2354 994 2414 1033 se
2441 977 2558 1047 plus
2586 973 2803 1030 auferre.
2839 987 2946 1028 non
2976 977 3197 1040 posset,
3223 967 3301 1023 sic
3328 981 3386 1022 se
3425 965 3518 1021 det
3547 965 3655 1020 Deo
3681 961 3846 1018 satis-

2271 1070 2544 1134 faciendo,
2575 1077 2633 1122 ut
2662 1065 2836 1136 magis
2859 1078 2918 1120 se
2941 1078 3047 1118 non
3075 1060 3247 1132 possit
3272 1057 3438 1113 dare?
3469 1057 3596 1112 Bos.
3629 1053 3744 1112 Neu
3764 1059 3850 1114 est.

2273 1161 2473 1232 aliquid
2503 1154 3003 1215 rationabilius"'°.
3037 1154 3168 1208 Ans.
3200 1149 3342 1206 Nihil
3375 1155 3560 1203 autem
3604 1144 3850 1232 asperius

2273 1229 2378 1306 aut
2413 1248 2684 1305 dilllcilius
2730 1251 2909 1316 potest
2972 1242 3134 1298 homo
3200 1239 3269 1295 ad
3333 1232 3705 1293 houorem’m
3752 1229 3846 1290 Del

2273 1350 2464 1412 sponte
2493 1348 2548 1395 et
2593 1354 2698 1394 non
2743 1352 2811 1391 ex
2859 1335 3041 1390 debito
3079 1331 3222 1403 pati,
3269 1345 3429 1400 quam
3477 1336 3708 1392 mortem
3743 1341 3759 1380 :
3791 1329 3849 1382 et
3883 1382 3888 1386 ,

2277 1420 2582 1490 nullatenus
2624 1430 2860 1499 seipsum
2893 1434 3074 1497 potest
3117 1426 3277 1478 homo
3324 1420 3496 1492 magis
3544 1419 3675 1474 dare
3695 1416 3853 1486 .Deo,

2276 1542 2436 1598 quam
2482 1540 2605 1580 cum
2656 1539 2714 1579 se
2759 1520 2919 1577 morti
2973 1517 3242 1575 tradit’m
3274 1514 3340 1570 ad
3387 1515 3648 1569 honorem
3685 1510 3849 1566 illius.

2275 1619 2400 1674 Bos.
2438 1616 2574 1672 Vera
2611 1621 2737 1670 sunt
2768 1611 2948 1668 omnia
2975 1609 3110 1664 haec.
3145 1609 3277 1661 Aus.
3317 1602 3501 1659 Talem
3526 1595 3852 1672 ergo‘opor-

2279 1722 2356 1768 tet
2405 1725 2531 1765 eum
2591 1722 2744 1771 esse,
2801 1703 2891 1774 qui
2934 1717 3031 1772 pro
3085 1706 3304 1771 peccato
3348 1693 3582 1751 hominis
3638 1682 3860 1748 satisfa-

608 1797 734 1855 Bos.
769 1800 882 1856 Non
910 1809 991 1856 est
1037 1800 1279 1856 dubium.
1329 1801 1457 1854 Aus.
1493 1799 1548 1853 Si
1591 1799 1754 1870 igitur
1806 1798 2035 1853 voluerit
2063 1813 2183 1867 per—
2212 1798 2255 1852 B
2280 1819 2404 1861 cere
2427 1803 2610 1867 volet,
2639 1808 2700 1854 ut
2739 1797 2876 1852 mori
2902 1794 3115 1865 possit,
3160 1791 3208 1845 si
3242 1789 3389 1845 velit.
3418 1774 3739 1842 Bos..VideO
3762 1785 3860 1840 Ιιοο

609 1891 858 1959 mittere,
889 1894 1087 1964 poterit
1113 1892 1282 1948 occidi
1315 1910 1328 1944 :
1357 1900 1445 1958 et,
1474 1891 1518 1945 si
1544 1890 1911 1958 ,noluerit"“,
1951 1905 2056 1944 non
2086 1906 2184 1958 po-

606 1983 754 2038 terit.
785 1981 909 2039 Bos.
941 1977 1022 2039 Ad
1071 1984 1171 2039 hoc
1201 1998 1299 2039 nos
1325 1983 1779 2038 iudeclinabiliter
1829 1981 2074 2051 perducit
2100 1997 2186 2034 ra-

614 2076 709 2136 tio.
767 2074 899 2130 Arts.
951 2073 1108 2130 Ratio
1157 2089 1369 2145 quoque
1419 2089 1517 2129 nos
1561 2073 1742 2129 docuit
1800 2072 1924 2141 quia
1969 2079 2181 2141 oportet

610 2175 734 2218 eum
766 2163 938 2234 majus
965 2163 1167 2234 aliquid
1215 2163 1445 2230 habere,
1475 2179 1638 2233 quant
1667 2161 1922 2232 quidquid
1953 2163 2051 2216 sub
2079 2161 2186 2214 Deo

611 2257 725 2318 est;
763 2253 904 2320 quod
930 2263 1121 2322 sponte
1166 2251 1290 2317 det,
1333 2260 1389 2306 et
1437 2267 1542 2307 non
1588 2268 1653 2306 ex
1701 2250 2010 2318 debitum“,
2056 2251 2185 2305 [)co.

612 2342 737 2399 Bos.
771 2343 846 2400 Ita
884 2354 986 2401 est.
1014 2346 1139 2399 Axs.
1177 2343 1288 2399 Hoc
1320 2355 1503 2399 autem
1551 2359 1650 2398 nec
1676 2344 1780 2398 sub
1823 2343 1947 2410 illo,
1986 2343 2197 2397 uecm'

614 2443 766 2492 extra
826 2435 976 2491 illum
1028 2436 1256 2494 inveniri
1311 2436 1614 2504 potest’m.
1669 2435 1791 2488 Bos.
1842 2435 2038 2489 Verum
2087 2444 2188 2488 est.

614 2525 746 2584 Axs.
780 2529 834 2582 lu
861 2529 974 2600 ipso
1003 2527 1164 2598 igitur
1192 2528 1571 2584 im'cuiendum
1599 2537 1703 2582 est.
1735 2528 1856 2582 Bos.
1883 2525 1972 2581 Sic
2012 2527 2193 2595 sequi-

621 2625 728 2674 tur.
765 2615 895 2692 Axs.
932 2617 1040 2670 Aut
1069 2616 1232 2686 igitur
1259 2617 1494 2686 seipsum
1520 2657 1535 2681 ,
1565 2626 1658 2672 aut
1691 2615 1892 2686 aliquid
1924 2615 1990 2670 de
2019 2630 2078 2669 se
2106 2615 2194 2668 da-

616 2704 723 2762 bit.
757 2705 880 2765 Bos.
915 2706 1028 2762 Non
1080 2723 1297 2777 possunt
1328 2707 1485 2764 aliter
1510 2708 1832 2778 intelligere.
1863 2707 1991 2762 Ans.
2039 2706 2197 2773 Quac-

627 2796 861 2852 rcudum.
885 2804 968 2851 est
994 2812 1139 2851 nunc
1162 2794 1460 2866 cujusmodi
1487 2798 1603 2852 hare
1633 2797 1781 2852 datio
1810 2797 2026 2852 debebit
2053 2810 2192 2851 esse.

625 2886 767 2941 Dare
794 2901 1030 2958 namque
1057 2902 1116 2943 se
1145 2902 1250 2943 uou
1280 2888 1478 2959 poterit
1508 2889 1647 2956 Dco,
1690 2897 1782 2942 aut
1812 2887 2013 2959 aliquid
2045 2887 2109 2941 de
2140 2903 2199 2942 se

618 2977 775 3052 quasl
821 2994 926 3034 nou
978 2981 1230 3045 habenti,
1278 2989 1337 3034 ut
1379 2995 1510 3036 suus
1537 2982 1658 3036 sit:
1708 2980 1968 3051 quoniam
2021 2981 2198 3035 omnis

620 3081 874 3128 creatura
903 3071 994 3128 Dei
1027 3080 1131 3128 est.
1165 3072 1291 3127 Bos.
1323 3071 1415 3128 Sic
1452 3082 1557 3129 est.
1589 3073 1719 3128 Axs.
1759 3070 1852 3128 Sic
1880 3087 2008 3144 ergo
2037 3071 2196 3126 intel-

622 3160 840 3232 ligenda
889 3171 974 3217 est
1011 3162 1124 3217 hare
1153 3163 1301 3218 datio
1334 3181 1346 3218 :
1383 3163 1517 3229 Quia
1549 3165 1731 3234 aliquo
1770 3155 1928 3218 modo
1946 3138 2112 3233 ponet
2143 3177 2200 3215 se
2227 3138 2268 3196 (ἶ

624 3251 698 3310 ad
727 3251 986 3306 honorem
1035 3251 1160 3319 Dei,
1189 3262 1281 3307 aut
1305 3253 1507 3324 aliquid
1537 3253 1604 3309 de
1632 3269 1692 3310 se
1730 3269 1836 3326 quo
1864 3253 2022 3308 modo
2053 3253 2203 3307 dCIli‘

632 3354 718 3398 tor
743 3358 848 3399 non
877 3345 1000 3400 erit.
1030 3345 1152 3401 llos.
1186 3345 1258 3416 lla
1293 3348 1537 3416 sequitur
1580 3363 1645 3400 ex
1691 3345 2037 3416 supradictis.
2067 3345 2198 3400 Axs.

629 3434 691 3490 Si
712 3435 942 3490 dicimus
971 3438 1095 3506 quia
1128 3437 1275 3492 dabit
1305 3439 1540 3506 seipsum
1571 3438 1639 3491 ad
1665 3436 2022 3493 obedieudum
2065 3437 2200 3500 Deo,

629 3534 1127 3593 ut‘perseverauter
1152 3524 1720 3592 servandojustitiam
1768 3526 1963 3579 subdat
2000 3539 2058 3579 se
2088 3525 2203 3594 ejus

631 3612 933 3680 voluntati;
962 3631 1068 3669 non
1089 3617 1196 3669 erit
1219 3615 1320 3670 hoc
1360 3615 1512 3680 dare,
1547 3617 1689 3686 quod
1722 3617 1862 3671 Deus
1889 3616 2070 3671 abillo
2100 3631 2205 3670 non

633 3705 818 3773 exigat
862 3722 930 3760 ex
977 3707 1178 3760 debito.
1211 3705 1401 3763 Omnis
1444 3707 1586 3762 enim
1639 3707 1915 3762 rationalis
1956 3692 2207 3767 creatura

636 3796 803 3857 debet
824 3799 962 3852 hanc
975 3797 1341 3852 obedientiam
1362 3798 1634 3860 Deo.,Bos.
1650 3799 1765 3855 Hoc
1789 3799 1972 3869 negari
1999 3800 2204 3868 nequit.

633 3893 769 3949 Aes.
801 3894 920 3947 Alio
951 3892 1317 3962 itaque'modo
1343 3904 1556 3963 oportet
1585 3903 1644 3950 ut
1673 3895 1762 3950 det
1785 3909 1844 3949 se
1873 3894 2045 3963 ipsum
2079 3892 2206 3961 Deo,

633 3989 733 4038 aut
769 3981 968 4051 aliquid
998 3983 1061 4037 de
1093 3997 1174 4037 se.
1205 3981 1330 4037 Bos.
1371 3983 1453 4038 Ad
1501 3984 1603 4038 hoc
1649 3997 1748 4038 nos
1795 3981 2020 4052 impellit
2052 3981 2209 4037 ratio.

638 4074 775 4132 Ans.
805 4068 1166 4128 Videamus'si
1215 4073 1354 4128 forte
1405 4076 1507 4129 hoc
1550 4075 1623 4129 sit
1669 4075 1833 4127 vitam
1868 4087 2021 4128 suam
2052 4071 2209 4138 dare',

639 4166 759 4224 sive
804 4179 1003 4235 ponere
1047 4167 1282 4220 animam
1323 4181 1512 4234 suam,
1560 4167 1674 4221 sive
1723 4165 1935 4220 tradere
1977 4165 2213 4232 seipsum

643 4260 806 4313 morti
849 4257 919 4310 ad
967 4257 1229 4312 honorem
1254 4257 1376 4333 Dei.
1411 4258 1522 4312 Hoc
1552 4257 1697 4312 enim
1746 4269 1812 4310 ex
1854 4255 2034 4310 debito
2076 4256 2216 4309 Deus

644 4365 755 4406 non
782 4351 962 4421 exiget
999 4351 1065 4407 ab
1093 4350 1181 4403 illo
1209 4364 1224 4403 :
1251 4349 1506 4419 quoniam
1539 4361 1772 4418 namque
1820 4363 1924 4402 non
1954 4347 2058 4402 erit
2103 4361 2216 4414 pec-

643 4458 829 4504 catum
879 4448 931 4502 iu
976 4447 1097 4512 illo,
1133 4464 1235 4502 uou
1266 4446 1482 4500 debebit
1525 4444 1790 4508 morim",
1839 4449 1897 4496 ut
1956 4441 2213 4495 diximus.

646 4537 770 4594 llos.
803 4539 974 4594 Aliter
1004 4553 1212 4608 nequeo
1253 4537 1572 4606 intelligere.
1626 4536 1750 4589 Asis.
1798 4534 2216 4589 Cousideremus

645 4633 826 4686 adhuc
857 4642 1036 4685 utrum
1069 4631 1147 4684 sic
1179 4629 1570 4683 rationabiliter
1607 4627 1911 4681 conveniat.
1946 4625 2070 4678 Bos.
2123 4623 2217 4678 Dic

645 4731 823 4796 tu;.et
850 4738 950 4793 ego
996 4723 1221 4776 libenter
1252 4721 1486 4774 audiam.
1513 4720 1640 4773 Axs.
1674 4717 1729 4787 Si
1765 4719 1923 4771 homo
1955 4731 2050 4784 per
2092 4730 2218 4767 sua-

647 4813 869 4868 vitatem
901 4812 1172 4883 peccavit,
1202 4827 1268 4864 au
1297 4825 1402 4865 nou
1425 4807 1677 4863 convenit
1724 4817 1780 4860 ut
1829 4821 1924 4876 per
1956 4804 2218 4874 asperita-

2285 1896 2487 1950 minem
2523 1891 2672 1946 illum
2717 1889 2903 1959 plane,
2951 1898 3112 1955 quem
3165 1880 3490 1952 qumrimus,
3533 1875 3693 1931 talem
3740 1888 3861 1931 esse

2285 1994 2535 2057 oportere
2555 2023 2570 2048 ,
2598 1967 2686 2049 Qui
2721 1993 2820 2033 nec
2849 1992 2916 2032 ex
2940 1973 3264 2053 necessitate
3293 1969 3578 2034 moriatur,
3606 1965 3860 2036 quoniam

2287 2051 2393 2132 erit
2421 2066 2904 2141 omnipotens’m;
2937 2080 3037 2120 nec
3061 2077 3128 2118 ex
3165 2051 3348 2118 debito
3373 2100 3388 2126 ,
3419 2059 3548 2130 quia
3587 2069 3864 2123 nunquam

2287 2172 2543 2236 peccator
2587 2159 2721 2223 erit;
2763 2165 2819 2212 et
2856 2154 2992 2210 mori
3022 2153 3192 2224 possit
3239 2165 3306 2205 ex
3352 2148 3522 2202 libera
3551 2142 3863 2205 voluntate,

2288 2231 2413 2322 quia
2442 2246 2808 2305 necessarium
2833 2243 2957 2300 erit.
2988 2241 3115 2297 Axs.
3151 2239 3292 2295 Sunt
3323 2246 3376 2292 et
3406 2235 3511 2289 alia
3543 2231 3709 2288 multa
3730 2270 3748 2297 ,
3768 2245 3868 2286 cur

2289 2360 2412 2400 eum
2457 2343 2615 2397 valde
2664 2337 2954 2396 conveniat
3002 2334 3280 2390 hominum
3345 2325 3755 2384 similitudinem
3812 2331 3869 2376 et.

2291 2433 2758 2490 conversationem
2788 2427 2991 2496 absque
3027 2430 3257 2494 peccato
3295 2418 3532 2483 habere;
3587 2430 3708 2484 qua:
3738 2410 3870 2469 laci-

2294 2526 2397 2579 lius
2421 2533 2476 2578 et
2503 2521 2702 2577 clarius
2726 2533 2822 2589 per
2849 2532 2910 2572 se
2934 2522 3122 2585 patent
3147 2512 3201 2566 in
3227 2510 3346 2582 ejus
3371 2508 3484 2562 vita.
3509 2515 3561 2562 et
3592 2502 3868 2575 operibus,

2295 2629 2456 2686 quam
2499 2611 2646 2668 velut
2674 2619 2801 2665 ante
2840 2606 3272 2677 experimentum
3314 2599 3430 2654 sola
3473 2595 3683 2650 ratione
3712 2606 3873 2647 mou-

2297 2705 2459 2760 strari
2490 2703 2717 2773 possint.
2751 2698 2884 2766 Quis
2913 2697 3056 2754 enim
3091 2692 3351 2771 explicet,
3385 2702 3545 2758 qualn
3594 2696 3877 2739 neccessa-

2299 2795 2406 2861 rie,
2437 2807 2606 2861 quam
2627 2790 2905 2860 sapienter
2933 2785 3135 2840 factum
3163 2780 3376 2848 estm‘,
3401 2773 3579 2833 ut'ille
3597 2816 3612 2840 ,
3770 2773 3874 2828 ho—

2300 2887 2471 2939 mines
2498 2891 2617 2938 erat
2646 2881 3024 2948 redempturus
3042 2915 3057 2942 ,
3083 2883 3138 2933 et
3168 2873 3236 2930 de
3263 2873 3350 2928 via
3387 2869 3580 2926 mortis
3607 2877 3661 2922 et
3693 2852 3876 2935 perdi-

2302 2979 2462 3034 tionis
2488 2979 2554 3033 ad
2585 2977 2723 3030 viam
2755 2974 2876 3027 vita:
2905 2980 2960 3025 et
2986 2965 3339 3025 beatitudinis
3369 2971 3586 3020 aeternae
3630 2957 3874 3018 docendo

2304 3071 2658 3131 reducturus,
2712 3079 2836 3120 cum
2885 3060 3204 3116 hominibus
3237 3049 3687 3115 conversaretur;
3738 3057 3793 3104 et
3821 3047 3878 3102 in

2304 3162 2419 3232 ipsa
2451 3145 2995 3219 conversatione"”,
3027 3165 3149 3206 cum
3175 3162 3271 3204 eos
3299 3146 3520 3202 doceret
3547 3136 3894 3219 verboqnai

2304 3230 2427 3306 liter
2451 3249 2633 3304 vivere
2659 3246 2947 3306 deberent,
2982 3239 3214 3311 seipsum
3247 3234 3550 3307 exemplum
3581 3230 3878 3304 praeberet?

2306 3342 2620 3410 Exemplum
2649 3349 2830 3393 autem
2863 3335 3098 3404 seipsum
3148 3329 3417 3401 quomodo
3462 3327 3618 3381 daret
3650 3322 3883 3404 inﬁrmis

2304 3447 2359 3494 et
2388 3433 2726 3494 mortalibus,
2751 3437 2811 3483 ut
2837 3438 3059 3498 propter
3087 3423 3345 3495 injurias,
3377 3428 3469 3473 aut
3496 3413 3878 3476 contumelias,

2306 3538 2401 3582 aut
2427 3525 2668 3583 dolores,
2705 3528 2796 3574 aut
2829 3525 3081 3578 mortem,
3108 3530 3135 3567 a
3159 3511 3369 3582 justitia‘
3394 3523 3499 3564 non
3532 3505 3878 3567 recederent;

2307 3617 2350 3670 si
2387 3614 2562 3684 ipsum
2598 3611 2711 3664 haec
2741 3604 2933 3660 omnia
2968 3602 3171 3658 sentire
3207 3591 3741 3668 u'ou'ag'nescereut?

2905 3709 3133 3771 CAPUT
3172 3709 3285 3764 ΧΠ.

2313 3819 2465 3886 Quod
2514 3806 3235 3886 quamvisiuwmmodomm
3290 3810 3586 3880 nostrorum
3631 3793 3887 3865 particeps

2635 3921 2638 3924 ~
2722 3884 2817 3949 sit,
2849 3881 3001 3934 miser
3043 3887 3220 3928 tamen
3242 3888 3342 3925 non
3379 3879 3466 3924 stt.

2383 3981 2506 4034 Bos.
2539 3975 2730 4033 Omnia
2755 3944 2882 4028 haec.
2900 3949 3154 4041 patenter
3190 3961 3481 4018 ostendunt
3524 3970 3646 4035 eum
3693 3944 3892 4008 morta-

2315 4075 2447 4135 lem,
2483 4081 2538 4125 et
2567 4063 3031 4122 incommodorum
3081 4066 3390 4112 nostrorum
3420 4047 3738 4125 participem
3762 4055 3889 4104 esse

2312 4173 2585 4235 oportere.
2635 4158 2743 4214 Sed
2793 4157 2907 4210 haec
2957 4152 3138 4208 omnia
3189 4145 3424 4201 miseria:
3469 4148 3668 4196 nostra:
3714 4143 3892 4207 sunt:

2317 4255 2556 4326 nunquid
2603 4265 2733 4320 ergo
2777 4247 2954 4303 miser
2983 4243 3120 4299 erit?
3162 4241 3290 4294 Ans.
3321 4236 3714 4304 Nequaquam:
3763 4239 3896 4279 nam

2319 4349 2454 4405 sicut
2508 4345 2573 4400 ad
2631 4339 3018 4398 beatitudinem
3080 4348 3183 4387 non
3230 4327 3462 4399 pertinet
3512 4316 3892 4379 commodum,

2322 4441 2462 4511 quod
2511 4436 2670 4492 habet
2725 4431 2847 4501 quis
2893 4431 3083 4482 contra
3129 4421 3494 4479 voluntatem;
3536 4412 3611 4466 ita
3658 4422 3762 4462 uou
3807 4411 3898 4462 est

2323 4497 2542 4590 miseria
2582 4522 2985 4597 apprehendere
3047 4515 3322 4597 sapienter
3364 4506 3506 4562 nulla
3565 4497 3903 4556 necessitate

2325 4623 2541 4694 aliquod
2586 4615 2982 4674 incommodum
3025 4589 3319 4663 secundum
3367 4597 3713 4654 voluntatem.
3767 4588 3902 4641 Bos.

2324 4711 2736 4772 Coucedendum
2770 4713 2870 4760 est.

1925 4978 2156 5036 VARle
2193 4972 2589 5034 LECTIONES.

731 5167 822 5203 ἠ’
855 5163 910 5219 Si
945 5174 999 5218 tu
1030 5165 1135 5219 scis
1162 5179 1285 5218 mss.
1327 5160 1460 5213 Vict.
1504 5159 1645 5227 July,
1697 5155 1843 5211 Gem.
1905 5153 2028 5208 Bac.
2062 5146 2449 5227 etgoth.
2486 5157 2532 5227 si
2583 5152 2636 5196 tu
2683 5142 2855 5227 nescis

3000 5133 3092 5165 ‘7"
3134 5132 3283 5183 Sicut
3311 5127 3453 5178 Deus
3503 5122 3608 5173 erit
3655 5125 3750 5183 ms.
3776 5113 3908 5179 lofy

732 5182 822 5203 ³⁷⁵·
855 5182 910 5219 δι
945 5182 999 5218 ω
1030 5182 1135 5219 SCIS
1162 5182 1285 5218 mss.
1330 5182 1460 5213 νισι.
1504 5182 1645 5227 JUty,
1697 5182 1843 5211 metu.
1905 5182 2028 5208 nec.
2062 5182 2106 5206 τι
2130 5182 2272 5204 nun.
2297 5182 2449 5202 υυιη.
2489 5182 2532 5197 ο.
2583 5182 2636 5196 μ.
2685 5182 2854 5192 ..νυν-ν
3151 5182 3156 5183 ν
3233 5199 3243 5210 .
3433 5192 3436 5195 _
3471 5192 3480 5202 .
3759 5183 3769 5192 .

660 5240 803 5293 sicut
827 5238 967 5290 Deus
1001 5236 1137 5288 Deus
1167 5236 1270 5288 erit
1343 5231 1436 5264 ’τυ
1464 5229 1525 5282 Β.
1556 5229 1705 5282 Unde
1733 5228 1857 5279 est?
1885 5242 2006 5278 mss.
2043 5233 2089 5276 et
2121 5215 2544 5293 Βάκιβοιιιεβ.
2579 5225 2761 5293 verum
2785 5218 2893 5293 est.
2935 5205 3033 5293 :7“
3063 5202 3243 5293 Stati}:
3277 5182 3906 5293 ιιοξιξξ⁸τ¹ιξὴςξξ⁶³ἐηξ¹ςςξς

736 5269 803 5289 ⁷ιι
854 5269 864 5284 1
922 5269 967 5288 ,ο
1001 5269 1137 5288 ..ωδ
1167 5269 1270 5288 ωη
1464 5269 1525 5282 υ.
1558 5269 1705 5282 wn...
1735 5269 1814 5279 ..η
1840 5269 1851 5278 .
2044 5269 2087 5276 --
2121 5269 2194 5273 η
2227 5269 2264 5273 --
2310 5269 2363 5270 η

663 5269 922 5363 Erilli};
945 5304 1069 5374 Joly
1098 5315 1144 5374 et
1179 5304 1320 5374 Edit.
1350 5302 1508 5374 Colit.
1533 5309 1586 5353 et
1611 5299 1654 5351 si
1679 5297 1914 5374 uoluerit
1936 5295 2075 5374 ⁸⁸⁷ξ⁸
2098 5293 2184 5374 ΕΚ.
2207 5291 2405 5374 debito,
2442 5269 3284 5374 l:‘tf()-.1::ISI.H§:"§{EC/:.n?fﬂdligil0

3354 5261 3448 5294 ³⁷⁸⁸
3478 5260 3588 5314 Nec
3629 5255 3728 5309 sub
3786 5248 3909 5314 illo,

664 5321 724 5363 δ.
760 5321 922 5360 Μιειι.
945 5321 1069 5374 JOIy
1098 5321 1144 5356 et
1179 5321 1320 5357 (Lall.
1350 5321 1506 5356 ιιοιη.
1533 5321 1586 5353 (τι
1611 5321 1654 5351 δι
1679 5321 1914 5351 tlUtltCl'tI.
1985 5321 2018 5326 "
2040 5321 2074 5326 "
2098 5321 2176 5346 DA
2207 5321 2405 5353 ttcmtu,
2442 5321 2568 5340 uur-
2598 5321 2692 5332 υνυ-
2724 5321 2784 5332 ν-
2819 5321 2981 5328 --------
3010 5321 3071 5326 --—
3109 5321 3194 5323 γη
3339 5335 3350 5347 ο
3542 5330 3553 5340 ,
3703 5323 3714 5334 .
3737 5321 3763 5349 ‘.

664 5393 766 5433 nec
795 5394 917 5430 mss.
946 5375 1094 5430 Gem.
1121 5373 1242 5427 Bec.
1279 5373 1420 5442 Joly.
1450 5372 1634 5442 Cister.
1666 5379 1712 5421 ct
1755 5366 1897 5442 Edit.
1917 5363 2084 5442 _Goth.
2107 5363 2206 5442 sub
2235 5360 2346 5442 illo,
2377 5372 2474 5438 nec
2501 5427 2509 5436 ι
2541 5352 2631 5442 ³⁷ξ⁷
2939 5334 3477 5442 ἕξθξὶῑοςξὶεζιηδὶξίξν·
3499 5333 3910 5442 νξξῖεῖὲιηὶξῖῗ

664 5393 766 5433 nec
795 5394 917 5430 mss.
946 5387 1094 5430 (rem.
1121 5387 1242 5427 Hec.
1279 5387 1420 5442 Joty,
1450 5387 1634 5423 Ltster.
1666 5387 1712 5421 ει
1755 5387 1897 5418 nan.
1929 5387 2084 5419 υυυι.
2107 5387 2206 5416 δυυ
2236 5387 2346 5419 ιιιυ,
2377 5387 2474 5410 uc»
2662 5387 2888 5403 ---w-----
2939 5387 3115 5414 »ιν-νυν
3142 5387 3235 5392 --ην
3302 5387 3343 5388 κν
3553 5401 3564 5410 ,
3779 5387 3811 5442 1
3856 5387 3874 5439 ι

664 5456 842 5518 Ρ⁰¹⁴³δί
866 5516 882 5518 _
911 5447 1003 5487 'm
1040 5443 1153 5518 N9."
1171 5441 1587 5518 Ᾰ¹θίξ⁰δηη¹ῃθτίν
1619 5449 1677 5492 ω
1699 5454 1799 5518 ἔν’
1839 5429 2441 5518 Μαίων,ίὲἳῖἷθίίΨῘῖΓῙ
2471 5427 2609 5518 Si?!”
2675 5420 2770 5518 Γ
2789 5417 3292 5518 ,ρυοιτιεῖἳιὲῗῐῗιῗῖιιῗ
3321 5399 3729 5518 iiiisdwrtifhm?
3781 5404 3913 5518 ,ΙὲΙέ

663 5506 834 5571 ὂιηὶιι.
864 5516 974 5570 lleo
1046 5514 1137 5545 ³⁷⁸*
1168 5512 1502 5567 Rationalius
1529 5527 1650 5560 mss.
1685 5506 1827 5574 July,

670 5587 833 5641 homo
856 5587 987 5641 dare
1016 5583 1081 5638 ad
1105 5585 1362 5638 honorem

1869 5490 2002 5557 Vict.
2029 5513 2074 5556 et
2103 5501 2244 5554 Edit.
2271 5498 2425 5552 Gelli.
2462 5490 2832 5549 rationabilius

1438 5546 1827 5632 migeoindtii’
1851 5546 2647 5628 iiiis'IéfEitu.(tota.
2680 5577 2741 5632 se
2762 5556 2923 5632 morti
2944 5553 3107 5632 tradit
3178 5546 3341 5632 ’τωρ

2901 5457 3282 5536 iviiithiﬁdau
3330 5476 3586 5545 huuorem
3640 5479 3737 5545 nii-
3781 5457 3913 5545 12’!!!

3346 5541 3560 5597 uouiam
3596 5541 3699 5588 erit
3727 5541 3914 5584 omm-

671 5605 833 5641 001ηο
856 5605 987 5641 (lare
1016 5605 1081 5638 au
1106 5605 1362 5638 ﬂOlIUl’ClH
1440 5605 1531 5611 ""
1565 5605 1635 5632 ou
1664 5605 1818 5631 ιιιυιιι
1851 5605 2066 5628 mtuum
2089 5605 2272 5624 σιωοοι.
2310 5605 2452 5621 μη...
2490 5605 2647 5619 um...
2680 5605 2736 5614 υς,
2948 5605 2980 5608 -_
3309 5605 3341 5612 τ
3614 5605 3623 5615 ο
3927 5618 3929 5620 η

669 5665 862 5732 Ροιειηξ
892 5672 1014 5710 mss.
1048 5655 1172 5732 quia
1201 5651 1662 5732 eritomuipoteus
1737 5647 1830 5678 ’7”
1863 5645 2085 5700 Factum
2115 5642 2184 5696 sit
2207 5656 2327 5693 ωδε.
2363 5637 2503 5706 Joly,
2551 5633 2680 5686 Vict.
2709 5631 2768 5685 S.
2797 5625 2956 5681 Mirh.
2994 5625 3190 5678 factum
3218 5626 3300 5673 est
3368 5612 3461 5646 ³⁷⁵⁵
3510 5609 3566 5664 ln
3614 5616 3726 5676 Ipsa
3773 5611 3912 5653 cuu-

670 5721 972 5783 versatiune
994 5721 1091 5780 ms.
1126 5721 1246 5794 Joly
1275 5725 1414 5776 omit.
1443 5723 1491 5777 iu
1529 5722 1636 5790 ipsa
