4240 6230
446 213 552 268 an

1592 199 1752 259 CUR-
1775 199 1952 256 DEUS
1988 196 2203 254 HOMO.
2241 227 2313 239 —-
2339 198 2461 254 LIB.
2496 199 2561 253 il.

3579 200 3681 260 418

456 332 578 386 ,δίου
601 327 713 382 stne
739 332 954 396 peccato
995 324 1087 357 ιειο
1112 292 1232 389 esse
1265 338 1277 373 :
1314 321 1415 375 hoc
1439 322 1618 375 autem
1648 330 1766 371 esse
1789 328 1895 368 non
1920 326 2012 366 va-
2040 315 2084 374 Α
2115 309 2323 373 venire,
2354 312 2598 366 concedit
2619 325 2731 375 rex,
2768 317 2992 381 propter
3016 309 3437 380 magnitudinem
3478 315 3679 368 servitii

453 420 546 483 let,
578 416 677 471 nisi
707 416 907 483 absque
936 420 1156 483 peccato
1184 412 1249 463 de
1293 423 1464 463 massa
1505 404 1804 475 peceatrice
1841 403 1906 454 sit
1932 415 2016 455 as-

452 513 713 575 sumptus.
734 504 849 570 Qua
870 517 999 556 vero
1038 500 1245 554 ratione
1268 500 1356 531 ²⁸²¹
1383 496 1642 567 sapientia
1694 490 1783 549 Dei
1811 494 1912 563 hoc
1936 492 2011 545 fe-

453 598 547 661 cit,
582 596 626 650 si
657 609 760 648 non
790 606 1069 661 possumus
1117 590 1429 659 intelligere,
1486 604 1588 641 non
1615 578 1871 639 debemus
1921 582 2014 637 mi-

453 684 590 747 rari;
619 683 713 736 sed
736 695 857 735 cum
890 679 1231 732 veneratione
1278 676 1506 731 tolerare
1543 672 1747 741 aliquid
1803 686 1925 726 esse
1958 670 2011 724 in

452 771 673 828 secretis
694 778 852 822 tanta:
874 767 949 823 rei
980 768 1120 836 quod
1146 747 1473 836 ignoremus.
1495 763 1699 832 Quippe
1719 759 2030 814 mirabilius‘

452 862 592 914 Deus
618 858 711 890 "“
738 846 1060 910 restauravit
1107 855 1393 909 humanam
1453 862 1695 907 natumut
1724 865 1883 918 quam
1933 849 2015 902 ir.-

450 944 711 1000 stauravit
742 960 756 995 :
788 942 1066 1011 aequaliter
1088 943 1230 997 enim
1255 952 1543 1010 utrumque
1573 941 1678 994 Deo
1708 938 1863 992 facile
1892 946 2009 1002 est;

451 1033 542 1087 sed
567 1022 733 1087 homo.
756 1040 1041 1099 antequam
1073 1040 1216 1085 esset
1245 1047 1350 1084 non
1396 1029 1654 1098 peccavit,
1676 1034 1734 1079 ut
1767 1026 1878 1078 lieri
1908 1041 2011 1079 non

450 1125 688 1179 deberet.
722 1121 1008 1197 Postquam
1032 1136 1156 1175 vero
1176 1119 1349 1175 factus
1380 1126 1483 1183 est,
1514 1118 1782 1187 peccando
1816 1117 2013 1170 meruit

445 1218 669 1285 utquod
693 1228 747 1273 et
768 1217 831 1270 ad
857 1217 1000 1285 quod
1024 1216 1193 1268 factus
1214 1221 1328 1267 erat
1348 1211 1617 1280 perderet:
1641 1208 1885 1279 quamvis
1908 1222 2009 1260 non

450 1308 739 1374 perdiderit
764 1306 983 1362 omnino
1009 1305 1150 1374 quod
1185 1303 1357 1357 factus
1379 1308 1748 1364 erat,utesset
1788 1299 1877 1367 qui
1917 1313 2010 1366 pn-

2117 403 2278 466 illius,
2322 413 2380 456 ut
2432 403 2737 471 quicunque
2762 402 2842 454 vel
2867 411 3009 462 ante,
3065 401 3149 456 vel
3181 408 3300 469 post
3324 400 3463 455 diem
3514 401 3682 469 illam,

2112 493 2338 548 confessi
2366 492 2587 553 fuerint,
2617 506 2675 544 se
2701 492 2837 544 velle
2864 505 2958 557 per
2985 490 3114 544 illud
3155 507 3310 561 opus,
3336 491 3477 561 quod
3504 506 3567 547 ea
3597 493 3686 549 die

2116 584 2223 646 fiet.
2259 574 2469 638 veniam
2501 584 2814 651 impetrare,
2864 590 2919 634 et
2966 586 3029 636 ad
3058 593 3272 651 pactum
3304 582 3377 636 ibi
3415 582 3682 658 constitu-

2114 679 2225 727 tum
2251 674 2507 728 accedere
2526 713 2539 734 ,
2563 674 2630 726 ab
2652 670 2797 725 omni
2822 669 2976 740 culpa
2992 672 3101 725 sint
3131 673 3357 726 absoluti
3375 674 3640 742 praeterita
3665 691 3680 728 :

2112 776 2165 820 et
2192 767 2243 820 si
2270 765 2548 833 contigerit
2575 773 2633 817 ut
2662 773 2779 835 post
2817 764 2955 818 hanc
2978 764 3185 817 veniam
3214 768 3404 819 iterum
3432 775 3682 834 peccent,

2112 854 2155 907 si
2186 852 2456 923 dignen"
2480 849 2789 906 satisfacere
2811 859 2866 904 ct
2894 847 3090 919 corrigi
3118 850 3368 920 deinceps
3386 852 3681 914 voluerint.

2090 958 2207 1012 ,per
2235 942 2471 1010 ejusdem
2522 940 2661 1011 pacti
2702 938 2990 993 efﬁcaciam
3042 940 3234 994 iterum
3282 943 3502 997 vcn'am
3543 943 3705 997 reci-v

2110 1032 2261 1102 piant
2288 1050 2301 1085 :
2328 1034 2406 1086 sic
2428 1042 2625 1095 tamen,
2650 1086 2653 1089 _
2684 1038 2742 1082 ιιι
2777 1029 2951 1083 nullus
2981 1030 3239 1099 palatium
3276 1028 3392 1096 ejus
3418 1031 3680 1103 ingredia-

2115 1133 2228 1187 tur;
2251 1125 2419 1177 tlonec
2444 1122 2643 1175 tactum
2693 1120 2767 1173 sit
2806 1120 2909 1174 hoc
2938 1121 3077 1174 unde
3125 1122 3294 1190 culpa:
3322 1119 3415 1156 ’⁸⁸⁸
3436 1122 3681 1177 relaxen-

2113 1222 2200 1267 ωι-
2231 1214 2347 1269 ιω,
2409 1211 2708 1274 Secundum
2755 1212 2905 1277 hanc,
2931 1211 3329 1268 similitudinem
3358 1255 3374 1281 ,
3426 1206 3713 1282 quoniam:

2109 1318 2214 1357 non
2261 1311 2548 1373 potuerunt
2600 1301 2694 1333 ²⁸¹⁰
2737 1315 2925 1355 omnes
2976 1300 3223 1355 homines
3281 1304 3369 1371 qui
3431 1304 3677 1359 salvandi

452 1400 657 1452 niretnr
685 1398 798 1465 ¹⁸⁸⁸,
845 1407 936 1450 aut
975 1396 1060 1451 cui
1106 1395 1247 1449 Deus
1310 1392 1697 1446 misereretur:
1762 1394 2010 1442 neutrum
2103 1402 2283 1457 erant,
2314 1395 2602 1460 przeseutes
2643 1404 2783 1452 es-‘e,
2812 1391 3028 1458 quando
3082 1392 3499 1461 redemptionem
3532 1393 3568 1447 il
3590 1410 3677 1449 am

444 1488 593 1543 enim
628 1488 815 1543 horum
839 1487 953 1541 ﬁeri
979 1492 1177 1555 posset,
1230 1483 1273 1537 si
1298 1483 1352 1537 in
1392 1482 1615 1535 nihilum
1646 1470 1897 1541 redactus
1925 1494 2013 1533 cs-
2108 1482 2355 1541 Chi'istus
2382 1480 2541 1547 fecit;
2573 1489 2719 1534 tanta
2746 1479 2847 1534 fuit
2875 1481 2956 1534 vis
2985 1480 3036 1534 in
3060 1480 3175 1551 ejus
3206 1490 3397 1549 morte,
3438 1488 3495 1537 ut
3516 1485 3677 1539 etiam

450 1587 549 1632 set.
581 1577 753 1632 Tanto
772 1591 899 1644 ergo
925 1575 1219 1630 mirabilius
1254 1573 1394 1627 Deus
1420 1571 1567 1626 illum
1581 1569 1813 1625 restituit
1846 1584 2007 1639 quam
2039 1638 2075 1644 _
2110 1572 2162 1627 in
2188 1571 2435 1627 absentes
2466 1568 2549 1623 vel
2578 1569 2713 1634 loco,
2743 1568 2825 1622 vel
2854 1577 3111 1637 tempore,
3166 1570 3281 1637 ejus
3312 1572 3671 1639 protendatur

450 1665 679 1719 instituit
708 1683 721 1718 :
763 1638 963 1733 quanto
995 1665 1094 1717 hoc
1114 1664 1179 1718 de
1200 1670 1476 1732 peccatore
1498 1669 1684 1715 contra
1714 1638 1961 1713 meritum
1985 1675 2001 1724 ;
2039 1638 2081 1691 Β
2102 1661 2346 1717 effectus.
2375 1662 2491 1728 Quo
2515 1672 2694 1715 autem
2745 1676 2848 1714 non
2865 1660 3035 1745 solum
3065 1638 3418 1731 prtesentibus
3447 1665 3538 1697 '3“
3555 1680 3679 1734 pro-

449 1752 577 1819 illud
610 1768 711 1807 non
744 1754 808 1808 de
837 1762 1143 1823 peccatore,
1172 1766 1271 1805 nec
1328 1759 1513 1804 contra
1566 1747 1815 1805 meritum
1859 1747 2002 1802 fecit.

397 1865 400 1869 ~
447 1842 715 1909 Quantum
748 1842 909 1896 etiam
936 1851 1019 1909 est
1062 1819 1226 1897 Deum
1270 1849 1324 1895 et
1351 1839 1620 1921 hominem
1647 1838 1725 1893 sic
1757 1838 1809 1892 in
1839 1853 2005 1893 unum

435 1935 751 1999 "convenire,
780 1944 857 1999 ut,
889 1942 1101 1989 servata
1136 1932 1441 2003 integritate
1467 1932 1745 1999 utriusque
1774 1939 2001 1996 naturae,

447 2024 586 2079 idem
613 2024 684 2079 sit
712 2025 869 2079 homo
907 2024 997 2091 qui
1046 2022 1203 2076 Deus.
1260 2021 1390 2089 Quis
1421 2035 1550 2091 ergo
1598 2029 1886 2089 prsesumat
1918 2019 2004 2075 vel

446 2114 682 2182 uagitare
706 2112 848 2181 quod
895 2112 1157 2165 humanus
1199 2108 1293 2141 "m
1316 2108 1616 2164 intellectus
1646 2110 1819 2163 va‘eat
1844 2120 2007 2177 penes

448 2213 590 2257 trare
617 2216 775 2271 quam
796 2200 1096 2269 sapienter,
1120 2215 1281 2267 quam
1308 2191 1623 2255 ittirabilitcr
1649 2208 1755 2253 tam
1798 2198 2004 2253 inseru-

438 2290 605 2346 tabile
631 2304 764 2360 opus
802 2288 973 2344 factus
1031 2288 1134 2342 sit?
1185 2287 1307 2341 Bos.
1358 2288 1637 2342 Assentior
1656 2288 1782 2356 quia
1828 2288 2003 2341 nullus

437 2378 604 2435 homo
622 2389 800 2448 potest
839 2379 890 2433 in
941 2380 1040 2433 hac
1082 2380 1187 2431 vita
1230 2374 1434 2431 tantum
1486 2387 1750 2432 secretum
1793 2377 2001 2447 penitus

443 2469 690 2539 aperire:
722 2483 820 2523 nec
839 2478 962 2537 peto
984 2476 1042 2521 nt
1069 2467 1235 2521 facias
1259 2509 1273 2533 ,
1312 2468 1453 2535 quod
1507 2466 1681 2519 nullus
1737 2467 1896 2519 homo
1924 2464 2002 2520 fa-

443 2574 567 2617 cere
593 2566 797 2629 potest;
834 2562 924 2614 sed
969 2568 1195 2621 tantum,
1220 2567 1478 2626 quantum
1505 2565 1675 2625 poles.
1706 2554 1832 2610 Plus
1856 2557 2000 2611 enim

433 2651 785 2721 persuadebis
802 2649 1019 2719 ajtiores
1046 2649 1096 2702 in
1121 2650 1220 2703 hac
1266 2662 1324 2700 re
1350 2647 1581 2701 rationes
1618 2646 1802 2712 latere,
1826 2647 1869 2700 si
1902 2646 2001 2701 ali-

434 2755 611 2809 quam.
636 2748 686 2795 te
716 2737 1099 2794 monstraret-is
1143 2738 1337 2798 videre,
1364 2749 1525 2804 quam
1554 2735 1599 2790 si
1629 2744 1681 2789 te
1721 2735 1919 2789 nullam
1947 2735 2000 2789 in

440 2846 502 2886 ea
532 2829 790 2883 rationem
835 2828 1149 2897 intelligere,
1199 2826 1329 2880 nihil
1368 2825 1612 2891 dicendo,
1667 2824 1997 2893 probaveris.

2106 1754 2262 1806 desse
2300 1753 2513 1815 debeat,
2544 1750 2670 1805 hinc
2705 1750 2862 1809 facile
2888 1752 3259 1822 cognoscitur;
3291 1754 3562 1821 quianon
3600 1764 3699 1809 tot

2099 1850 2393 1912 praesentes
2440 1856 2561 1896 esse
2585 1840 2700 1909 ejus
2743 1840 2901 1894 morti
2949 1850 3239 1908 potuerunt
3279 1843 3394 1912 ω’,
3442 1854 3571 1913 quot
3607 1846 3675 1899 ad
3708 1860 3713 1866 '

2103 1949 2349 2005 superum
2393 1933 2627 1988 civitatis
2677 1934 3131 1987 constructionem
3182 1936 3470 1991 necessarii
3505 1934 3674 2000 sunt;

2101 2024 2313 2080 etiamsi
2329 2038 2536 2088 omnes,
2573 2024 2664 2091 qui
2696 2024 2933 2093 ejusdem
2970 2024 3160 2078 mortis
3188 2035 3428 2095 tempore
3452 2028 3678 2084 ubicun-

2100 2131 2208 2187 que
2262 2123 2435 2177 erant,
2483 2114 2549 2167 ad
2575 2114 2721 2167 illam
2769 2113 3190 2181 redemptionem
3239 2116 3672 2172 admitterentur.

2102 2205 2290 2260 Plures
2309 2206 2451 2262 enim
2472 2202 2904 2269 suntdremones,
2929 2218 3111 2271 quam,
3141 2203 3209 2258 de
3233 2206 3429 2274 quibus
3461 2217 3670 2261 restan-

2102 2296 2303 2351 randus
2327 2304 2411 2350 est
2431 2280 2686 2349 numerus
2710 2307 2917 2352 eorum.
2942 2308 3004 2349 ea
3028 2295 3114 2361 die
3136 2295 3377 2350 viverent
3405 2298 3474 2351 lio
3497 2299 3601 2351 ιιὶιιι
3621 2312 3674 2351 s.

2100 2383 2209 2440 Nec
2236 2385 2556 2441 credendum
2584 2396 2697 2445 est.
2728 2398 2792 2447 ex
2819 2396 2929 2453 quo
2966 2383 3256 2460 {actusest
3285 2386 3461 2449 homo,
3504 2388 3670 2442 ullum

2102 2483 2309 2543 tempus
2352 2474 2538 2540 fuisse,
2565 2490 2672 2544 quo
2720 2475 2951 2527 mundus
2980 2475 3083 2531 iste
3112 2490 3231 2528 cum
3261 2478 3523 2531 creaturis
3547 2493 3671 2546 qua:

2101 2564 2194 2596 ’⁸³³
2213 2563 2367 2618 facta:
2392 2570 2517 2618 sunt
2539 2564 2605 2615 ad
2633 2552 2763 2617 usus
2787 2561 3063 2618 hominum
3088 2605 3101 2629 ,
3127 2568 3204 2618 sic
3234 2581 3433 2621 vacuus
3463 2567 3672 2634 fuisset,

2100 2663 2159 2709 ut
2187 2654 2363 2708 nullus
2409 2662 2551 2709 esset
2598 2655 2648 2706 in
2691 2653 2779 2708 illo
2819 2671 2882 2709 ex
2930 2656 3167 2710 humano
3214 2672 3410 2726 genere
3453 2658 3521 2713 ad
3572 2660 3672 2713 hoc

2098 2743 2393 2812 pertinens,
2422 2751 2640 2811 propter
2694 2745 2836 2813 quod
2877 2743 3050 2798 factus
3091 2756 3174 2798 est
3204 2748 3382 2799 homo.
3447 2746 3672 2802 Videtur

2098 2832 2240 2885 enim
2268 2830 2646 2884 inconveniens
2666 2832 2807 2899 quod
2838 2831 2973 2885 Deus
3005 2832 3082 2886 vel
3107 2849 3212 2886 uno
3253 2845 3523 2889 momento
3552 2852 3673 2905 per-

438 2923 567 2976 Ans.
600 2919 760 2975 Video
782 2933 866 2973 me
893 2919 959 2971 ah
986 2912 1385 2985 importunitate
1413 2926 1498 2967 tua
1548 2930 1653 2968 non
1688 2929 1845 2983 posse
1869 2915 2001 2977 libe-~
2025 2958 2067 3015 α
2101 2922 2309 2999 υιίδςτῑι
2349 2922 2640 2974 humanum
2671 2935 2866 2991 genus,
2898 2930 2951 2975 et
2987 2937 3050 2976 ea
3104 2939 3224 2992 qua:
3272 2924 3399 2979 fecit
3449 2938 3671 2996 propter

435 3012 542 3065 rari
590 3027 604 3063 :
658 3010 751 3065 sed
805 3008 848 3065 si
906 3008 1241 3075 aliquatenus
1302 3015 1488 3075 potero
1548 3007 1689 3074 quod
1760 3006 1999 3074 postulas

429 3101 736 3167 ostendere,
762 3098 957 3168 gratias
989 3112 1211 3166 agamus
1234 3097 1363 3151 Deo.
1406 3096 1463 3150 Si
1492 3110 1622 3150 vero
1652 3110 1755 3148 non
1789 3105 1996 3164 potero,

436 3188 698 3245 sufﬁciant
739 3204 802 3244 ea
856 3203 975 3257 quae
1023 3201 1183 3255 supra
1223 3186 1445 3256 probata
1498 3196 1640 3242 sunt.
1685 3186 1817 3239 Cum
1854 3193 1995 3242 enim

432 3289 648 3336 constat
679 3279 843 3335 Deum
862 3280 1130 3351 hominem
1157 3278 1269 3332 fieri
1313 3287 1582 3347 Oportere,
1628 3281 1844 3336 dubimn
1894 3296 1995 3355 non

435 3377 521 3423 est
541 3368 855 3437 sapientiam
877 3376 930 3421 et
977 3366 1271 3435 potentiam
1319 3365 1392 3419 illi
1424 3381 1529 3419 non
1573 3367 1779 3431 deesse,
1809 3378 1868 3425 ut
1897 3370 1999 3423 hoc

434 3457 552 3512 sine
609 3467 827 3525 peccato
876 3455 988 3510 fiat.
1042 3454 1167 3521 Bos.
1196 3454 1288 3509 Sic
1329 3454 1558 3511 libenter
1603 3458 1826 3525 accipio.
1870 3459 1995 3513 Aus.

436 3547 881 3615 Oportuitutique
910 3545 1004 3576 ’⁸η
1032 3554 1090 3599 ut
1120 3544 1208 3598 illa
1263 3546 1579 3615 redemptio,
1626 3562 1787 3615 quam
1842 3549 1997 3602 Chri-

430 3647 550 3691 stus
578 3633 721 3699 fecit,
753 3635 1028 3703 prodesset
1062 3650 1165 3687 non
1212 3635 1381 3688 solum
1411 3636 1515 3689 illis
1540 3638 1632 3706 qui
1663 3653 1727 3691 eo
1759 3647 1998 3705 tempore

436 3726 671 3789 fuerunt,
701 3724 792 3778 sed
822 3732 876 3777 et
897 3723 1034 3777 aliis.
1068 3722 1150 3776 Sit
1178 3724 1321 3777 enim
1367 3740 1457 3778 rex
1483 3726 1701 3795 aliquis,
1740 3728 1824 3780 cui
1859 3737 1997 3781 totus

435 3813 661 3883 populus
680 3828 788 3868 sua:
807 3811 1081 3880 cujusdam
1106 3814 1340 3869 civitatis
1368 3816 1445 3869 sic
1469 3818 1734 3884 peccavit,
1772 3824 1998 3886 excepto
2032 3882 2033 3885 η

434 3917 544 3956 tmo
569 3900 822 3971 solo,~qui
853 3910 1027 3956 tamen
1069 3910 1151 3956 est
1177 3902 1242 3957 de
1270 3902 1477 3957 illorum
1531 3919 1757 3973 genere;
1794 3912 1850 3957 ut
1881 3905 1997 3959 ttul-

435 3989 541 4043 lum
564 4004 747 4045 eorum
795 3991 975 4044 facere
1017 3990 1183 4059 possit
1227 3991 1365 4046 unde
1390 3994 1576 4046 mortis
1601 3983 1994 4059 damnationem

434 4081 627 4135 evadat
655 4099 669 4134 :
696 4081 786 4137 ille
829 4090 1027 4144 autem,
1053 4081 1141 4150 qui
1175 4082 1319 4136 solus
1340 4093 1421 4135 est
1465 4083 1751 4149 innocens,
1793 4093 1993 4138 tantam

434 4173 573 4241 apud
595 4187 772 4241 regem
822 4174 1015 4225 habeat
1052 4172 1299 4240 gratiam,
1355 4181 1413 4226 ut
1462 4175 1666 4243 possit;
1700 4183 1753 4229 et
1794 4184 1994 4229 tantam

2101 3026 2253 3064 usum
2285 3025 2492 3074 eorum,
2524 3010 2588 3063 de
2634 3010 2832 3078 quibus
2880 3026 3108 3080 superna
3135 3013 3323 3067 civitas
3346 3015 3493 3083 periit
3513 3016 3670 3072 ienda

2099 3102 2364 3169 esl,qnasi
2397 3100 2590 3156 fruSIra
2622 3101 2916 3157 exstitisse.
2942 3102 3077 3156 Nam
3119 3104 3459 3175 aliquatenus
3487 3108 3538 3162 in
3572 3125 3667 3161 v..-
3743 3128 3751 3134 ’

2097 3207 2221 3245 num
2261 3206 2378 3246 esse
2404 3190 2736 3255 viderentur,
2792 3192 3028 3261 qnandiu
3057 3208 3162 3248 non
3206 3196 3421 3261 adhoc,
3450 3208 3672 3268 propter

2095 3280 2493 3348 quodmaxime
2526 3278 2663 3333 facta
2700 3290 2876 3336 essent
2904 3283 3023 3348 '3“,
3055 3285 3366 3339 viderentur
3407 3288 3667 3344 subsiste-

2098 3387 2172 3425 re.
2208 3372 2330 3426 Bos.
2353 3370 2675 3441 Congruenti
2704 3373 2938 3438 ratione,
2993 3384 3049 3428 et
3099 3375 3184 3429 cui
3215 3374 3345 3429 nihil
3370 3377 3668 3448 repugnare

2098 3453 2323 3524 videtur,
2351 3470 2619 3517 monstras
2646 3462 2849 3515 nullum
2879 3478 3116 3532 unquam
3150 3474 3359 3535 tempus
3388 3468 3573 3533 fuisse,
3599 3487 3667 3525 ex

2096 3565 2202 3619 quo
2250 3550 2423 3606 ﬂictus
2451 3560 2535 3605 est
2579 3551 2759 3615 homo,
2807 3555 3009 3620 absque
3058 3553 3281 3622 aliquo,
3313 3557 3403 3624 qui
3431 3558 3497 3611 ad
3544 3574 3672 3619 eam.
3716 3606 3735 3627 η

2098 3642 2385 3710 pertineret
2414 3642 2551 3712 (sine
2576 3657 2679 3709 qua
2708 3641 2883 3696 factus
2921 3650 3067 3698 esset
3089 3658 3223 3698 vane
3268 3648 3445 3703 omnis
3483 3649 3666 3713 hamo)

2097 3730 2585 3786 reconciliationem
2620 3748 2633 3783 :
2670 3732 2811 3800 quod
2859 3745 2963 3785 non
2987 3733 3159 3799 solum
3200 3738 3546 3799 conveniens.
3570 3742 3665 3794 sed

2096 3821 2258 3874 etiam
2290 3820 2651 3889 necessarium
2696 3835 2814 3876 esse
2855 3824 2950 3854 ³⁸η
2999 3808 3665 3892 possumus‘concludere.

2099 3908 2153 3963 Si
2237 3912 2378 3964 enim
2429 3909 2838 3966 convenientins
2893 3921 2947 3968 et
2992 3905 3361 3968 rationabilins
3385 3924 3469 3969 est
3538 3918 3688 3982 ho",.

2096 4014 2254 4068 quam
2283 4000 2567 4070 aliquando
2595 4004 2794 4056 nullum
2850 4002 3040 4067 fuisse,
3066 4001 3131 4057 de
3160 4017 3265 4072 quo
3291 4004 3518 4058 intentio
3546 4005 3661 4068 Dei,

2095 4106 2202 4159 qua
2254 4092 2520 4145 hominem
2575 4092 2723 4155 fecit,
2762 4093 3140 4162 perticcretur;
3185 4108 3283 4168 nec
3331 4102 3415 4146 est
3464 4094 3664 4163 aliquid

2095 4182 2235 4249 quod
2260 4182 2382 4237 huic
2410 4184 2593 4237 obviet
2641 4184 2832 4238 rationi
2868 4198 3135 4250 :necesse
3188 4190 3271 4238 est
3308 4198 3523 4253 semper
3573 4185 3666 4238 ali-

431 4261 773 4316 dilectinnem
806 4278 930 4329 erga
956 4276 1095 4327 reos,
1144 4270 1201 4313 ut
1226 4262 1352 4315 velit
1383 4278 1590 4330 omnes,
1642 4265 1730 4334 qui
1777 4265 1997 4321 credent
2028 4298 2071 4352 Β
2096 4286 2251 4339 quem
2290 4273 2354 4324 ad
2391 4273 2696 4340 przedictam
2752 4272 3241 4327 reconciliationem
3299 4275 3658 4342 pertinentem

432 4352 530 4384 ⁸⁸³⁸
555 4369 651 4407 suo
677 4352 919 4418 consilio,
977 4352 1343 4407 reconciliare
1377 4356 1607 4423 quodam
1647 4356 1868 4411 servitio
1891 4358 1989 4426 ipsi
2042 4376 2045 4377 '

432 4443 543 4513 regi
573 4444 724 4497 valde
752 4443 1033 4513 placituro,
1060 4444 1202 4511 quod
1226 4444 1464 4499 facturus
1486 4455 1567 4499 est
1588 4446 1672 4501 die
1696 4447 1988 4501 secundum

432 4530 759 4584 voluntatem
794 4532 932 4601 regis
981 4539 1197 4584 statuto.
1230 4532 1294 4586 Et
1344 4534 1593 4600 quoniam
1653 4550 1762 4589 non
1806 4550 1993 4590 omnes

429 4631 671 4694 possunt,
697 4623 785 4693 qui
814 4624 1192 4680 reconciliandi
1214 4633 1359 4686 sunt,
1397 4626 1463 4678 ad
1492 4626 1629 4680 diem
1671 4626 1814 4680 illam
1856 4641 1989 4679 con-

2094 4360 2279 4416 fuisse.
2342 4361 2492 4417 Unde
2537 4364 2705 4417 Adam
2758 4374 2809 4416 et
2859 4364 3021 4417 Evam
3044 4363 3108 4418 ad
3144 4364 3285 4417 illam
3338 4366 3661 4432 pertinuisse

2096 4449 2511 4517 redemptionem
2566 4450 2912 4505 dubitandum
2964 4467 3069 4507 non
3119 4462 3221 4515 est,
3256 4454 3500 4523 quamvis
3555 4455 3656 4507 hoc

2096 4543 2387 4596 auctoritas
2414 4543 2592 4597 divina
2624 4552 2806 4611 aperte
2836 4559 2943 4597 non
2972 4545 3300 4620 pronuntiet.
3324 4544 3453 4599 Axs.
3477 4544 3658 4598 lucre-

2096 4629 2258 4682 dibile
2293 4633 2506 4698 quoque
2556 4630 2785 4702 videtur.
2812 4631 3026 4687 ouando
3081 4631 3222 4689 Deus
3267 4631 3385 4685 illos
3432 4631 3578 4699 fecit,
3603 4641 3664 4696 et

1740 4735 1971 4790 VARIE
2000 4734 2397 4805 LECTiONES.

500 4850 937 4936 “‘°Euut"sine
976 4860 1213 4936 peccato.
1268 4868 1393 4932 mss.
1460 4847 1605 4931 Gem.
1666 4847 1789 4902 Bec.
1848 4848 1991 4918 Joly,
2024 4848 2202 4936 .Kictl.‘
2224 4851 2482 4930 5.313}!
2537 4850 2679 4904 Edit.
2732 4852 2890 4907 GOl/l.
2938 4870 3068 4936 sum
3115 4853 3334 4936 (lumine
3375 4854 3493 4909 sine
3522 4870 3656 4936 pec-

424 4914 561 4998 eato_
600 4936 697 4971 ms.
772 4919 902 4998 Vict:
1083 4991 1095 4998 _
1120 4936 1241 4998 eum
1257 4922 1411 4998 “sine
1458 4920 1881 4998 omni-“peccato

430 4998 668 5041 lClllIOlle

426 5067 475 5108 et
532 5056 671 5109 Edit.
723 5057 874 5112 Colit.
931 5060 1018 5126 qtti
1075 5062 1352 5127 puniretur

426 5127 551 5191 quis
576 5128 837 5180 lnnnauus

2024 4920 2112 4950 In“

807 4990 899 5019 2811
952 4990 1201 5019 lib...th
1257 4990 1393 5019 “tu...
1441 5005 1517 5019 ...ρ
1594 4989 1706 5019 Vin:
1794 4997 1838 5019 nl
1897 4989 1973 5019 ΠΛ
2043 4989 2177 5019 Hall.
2258 4989 2485 5019 min-nhil:

947 4990 1205 5044 Mirabilis
1257 4990 1395 5044 Deus
1441 5005 1537 5041 ms.
1594 4986 1728 5041 Vict.
1791 4997 1838 5040 et
1889 4986 1991 5040 Ed.
2043 4988 2201 5041 Colit.
2257 4988 2556 5043 mirabilius
2612 4990 2752 5045 Deus
2871 4993 2964 5023 ’⁸⁸³
3016 4992 3168 5055 Quod
3200 4986 3479 5060 puniretur
3529 5010 3653 5047 mss.

947 5060 1018 5126 μιί
1075 5062 1352 5127 puniretur
1443 5056 1586 5128 _“"’
1613 5057 1763 5128 Quod
1824 5058 2087 5128 humanus
2127 5072 2223 5128 nis.
2285 5056 2427 5127 July.
2493 5060 2612 5126 quis
2638 5063 2781 5128 quod
2806 5062 3069 5112 humanus
3113 5077 3211 5114 ms.
3252 5060 3512 5116 Πειρη).
3573 5064 3661 5115 vel

978 5126 1348 5194 “"‘Oportnit
1379 5126 1563 5194 utique
1586 5144 1680 5179 ms.
1721 5126 1844 5194 Jo'y
1869 5126 2108 5193 oportuit
2137 5126 2318 5193 itaque

2160 4918 2272 4991 Qua
2314 4920 2528 4991 ratione
2580 4937 2708 4991 vero
2770 4941 2865 4977 ms.
2938 4921 3064 4975 Vict.
3131 4924 3185 4976 5.
3238 4926 3363 4991 quia
3414 4918 3655 4979 veruin-

2871 4993 2964 5023 ’δη
3016 4992 3168 5055 Quod
3200 4994 3479 5060 puniretur
3529 5010 3653 5047 mss.

2423 5128 2517 5159 ’3‘“
2548 5131 2645 5210 Qui
2683 5130 2901 5210 credent
2926 5147 3024 5181 ms.
3068 5129 3193 5210 ,ἔρξῃ
3225 5133 3314 5210 qui
3358 5134 3655 5210 lerat-tergm

429 5210 537 5264 ms.
579 5193 705 5247 Vict.
740 5195 792 5248 5.
824 5196 912 5263 qui
939 5193 1166 5251 credunt
1237 5197 1327 5227 ’⁸³⁷
1356 5197 1409 5249 Si
1434 5198 1590 5263 digne
1612 5212 1707 5247 ms.
1732 5193 1859 5264 Joly
1886 5195 1976 5264 sed
2005 5195 2161 5264 digne
2234 5196 2329 5227 ²⁸¹⁸
2356 5196 2457 5260 Sit,
2485 5199 2623 5249 unde
2650 5198 2814 5263 culpat
2842 5215 2967 5251 mss.
2992 5209 3038 5251 et
3070 5193 3214 5252 Edit.
3240 5193 3398 5252 'Got/t.
3432 5200 3515 5252 Sit
3550 5200 3653 5252 hoc

431 5261 573 5314 unde
593 5265 759 5333 culpae
832 5260 922 5297 ’⁵⁸⁸⁸
956 5266 1286 5319 Relaxantur
1314 5281 1437 5317 mss.
1484 5260 1609 5316 Vict.
1643 5274 1689 5316 et
1718 5260 1860 5334 Egit.
1893 5260 2047 5334 C_0_lh.
2065 5260 2385 5334 relaxentur
2455 5266 2548 5334 ’Ψ
2597 5264 2711 5319 Non
2737 5260 3021 5334 potuerunt
3067 5285 3162 5319 ms.
3229 5267 3356 5319 Vict.
3409 5268 3495 5321 l9.
3543 5283 3652 5319 non

430 5331 695 5397 poterant'
750 5335 840 5365 ’δυ
872 5333 986 5389 Νοη
1017 5336 1189 5389 solum
1223 5334 1578 5403 praesentibus
1596 5349 1717 5385 nus.
1750 5331 1893 5401 Joly,
1930 5331 2064 5386 Vict.
2090 5334 2142 5385 5.
2171 5333 2253 5386 19.
2287 5350 2389 5387 non
2414 5333 2539 5386 solis
2564 5331 2915 5401 praesentibus
2988 5338 3080 5368 ’⁸³³
3126 5336 3254 5403 Ejus
3310 5350 3432 5389 esse
3484 5336 3649 5388 morti

429 5409 718 5477 potuerunt
745 5418 867 5477 ngas.
914 5403 1045 5477 Vict.
1076 5415 1120 5457 et
1146 5403 1431 5477 Jo/yAeAssg
1446 5402 1559 5469 ejus
1584 5403 1738 5455 morti
1767 5410 2013 5469 poterant
2051 5403 2179 5477 “'3”
2204 5403 2476 5477 creaturis
2506 5405 2616 5456 suis
2638 5420 2755 5471 qua:
2806 5424 2924 5459 mss.
2968 5406 3109 5477 July,
3170 5402 3305 5477 Vict.
3362 5404 3550 5477 Cister.
3602 5414 3651 5456 et

430 5467 612 5520 Editio
640 5468 855 5523 Gothica
887 5473 1055 5523 ontitt.
1087 5475 1198 5525 suis
1238 5467 1364 5503 "’3’"
1393 5467 1569 5524 Factae
1594 5467 1776 5525 essent
1801 5488 1922 5522 ηιεε.
1953 5480 1998 5522 et
2039 5469 2183 5522 Edit.
2242 5470 2397 5525 Galli.
2432 5470 2568 5527 facta
2598 5467 2778 5528 essent
2853 5476 2945 5506 ’⁸³⁵
2990 5467 3290 5527 (Σοῖινριιὶνρ
3335 5474 3427 5527 sed
3481 5473 3647 5527 etiam

427 5551 652 5593 necesse
675 5553 791 5594 esse
814 5555 935 5593 mss.
964 5541 1289 5594 conveniens
1321 5544 1411 5593 scd
1440 5543 1601 5593 etiam
1636 5540 1994 5592 necessarium
2024 5552 2143 5593 esse
