4240 6210
422 137 519 195 El

1509 127 1645 186 CUlt
1702 119 1880 180 DEUS
1917 115 2127 173 HOMO.
2160 148 2225 157 —
2261 119 2387 178 Lm,
2430 120 2491 176 η,

423 248 568 307 nulla
598 248 918 306 necessitate
948 244 1073 303 facit
1105 244 1328 315 aliquid,
1366 242 1459 299 sed
1488 258 1581 298 sua
1607 245 1877 310 potestate
1915 244 1992 318 et,
2023 239 2070 299 Λ
2099 233 2184 297 Ει,
2212 234 2353 286 sicut
2392 246 2513 287 cum
2555 229 2695 285 Deus
2718 227 2846 283 facit
2875 226 3109 298 aliquid,
3146 234 3429 298 postquam
3465 222 3665 286 factum

425 339 673 397 voluntas
725 338 867 392 illius
900 324 1001 390 fuit
1027 335 1273 391 voluntas
1312 334 1425 397 Dei,
1479 332 1623 387 nulla
1666 330 1989 385 necessitate

424 440 667 487 mortuus
693 436 799 494 est,
840 427 933 482 sed
975 426 1086 481 sola
1111 442 1203 481 sua
1231 433 1513 497 potestate.
1541 422 1666 477 Bos.
1694 423 1991 491 Argumen—

427 520 723 577 tationibus
772 516 877 592 tuis
904 519 1123 574 obviare
1154 514 1363 585 nequeo
1392 532 1406 569 :
1450 529 1574 570 nam
1617 527 1715 568 nec
1745 511 1990 582 proposi—

426 611 602 666 tiones
633 624 767 680 quas
810 598 1112 681 prmmittis,
1167 623 1266 663 nce
1302 606 1713 676 consequentias
1750 619 1883 674 quas
1913 603 1992 656 in-

428 701 561 765 fers,
586 699 850 755 ullatenus
882 698 1157 753 inﬁrmare
1181 696 1357 751 valeo.
1382 696 1487 751 Sed
1527 705 1703 751 tamen
1728 696 1828 749 hoc
1857 694 1989 749 mihi

429 802 642 859 semper
669 788 763 822 ⁸⁸⁸⁷
813 787 1071 853 occurrit,
1107 786 1250 857 quod
1283 786 1393 841 dixi
1422 784 1565 845 ὀδειε
1600 785 1724 855 quia
1756 784 1803 839 si
1836 783 1995 839 vellet

395 895 536 934 inon
587 878 745 943 mori,
788 892 892 933 non
946 877 1117 948 magis
1168 879 1271 933 hoc
1314 886 1513 947 posset,
1542 891 1703 946 quam
1738 890 1842 930 non
1879 888 2013 931 esse‘

429 968 570 1035 quod
594 976 739 1031 crat;
766 980 890 1020 vere
909 964 1002 998 ’ω
1034 980 1264 1034 namque
1304 967 1595 1021 moriturus
1639 974 1757 1019 eral.
1806 983 1819 1019 :
1865 968 1996 1034 quo-

429 1058 571 1109 niam
619 1054 663 1108 si
707 1066 965 1109 vere'non
1014 1054 1203 1109 fuisset
1243 1056 1535 1110 moriturus
1566 1096 1581 1121 ,
1643 1072 1747 1110 non
1808 1056 1998 1111 fuisset

430 1162 554 1200 vera
611 1145 742 1200 lich
794 1143 991 1200 futura:
1044 1147 1233 1200 mortis
1282 1146 1419 1216 eius,
1471 1162 1568 1216 per
1610 1162 1772 1216 quam
1814 1156 1869 1201 et
1908 1146 1994 1200 illa

428 1233 595 1305 Virgo
631 1236 696 1291 de
721 1251 822 1304 qua
851 1245 1009 1291 natus
1035 1244 1135 1299 est,
1160 1244 1214 1290 et
1241 1235 1331 1290 alii
1361 1235 1511 1292 multi
1551 1236 1793 1290 mundati
1815 1244 1940 1290 sunt
1966 1250 1994 1289 a

429 1336 673 1394 peccato.
720 1324 857 1381 Nam
905 1325 951 1381 si
985 1340 1112 1380 vera
1159 1341 1265 1380 non
1314 1325 1521 1391 fuisset,
1575 1326 1706 1382 nihil
1744 1328 2000 1397 prodesse

430 1416 718 1486 potuisset.
748 1415 1087 1487 Quapropter
1118 1417 1161 1472 si
1194 1416 1365 1487 potuit
1384 1416 1477 1449 ’⁸⁸⁸
1508 1432 1613 1472 non
1650 1417 1807 1481 mori,
1829 1418 1999 1486 patuit

433 1504 611 1565 facere
637 1522 741 1563 non
767 1521 888 1563 esse
911 1522 1095 1563 verum
1121 1507 1261 1579 quod
1292 1523 1476 1563 verum
1502 1518 1638 1564 erat.
1666 1509 1791 1564 Aus.
1823 1508 2000 1575 Quare

2095 325 2323 395 est,iam
2355 341 2458 379 non
2505 332 2679 393 potest
2723 338 2828 377 non
2870 336 2993 378 esse
3040 322 3277 386 factum,
3306 318 3409 375 sed
3452 334 3668 392 semper

2094 431 2278 471 verum
2306 426 2388 470 est
2428 413 2625 467 factum
2654 428 2793 477 esse,
2818 428 2918 467 nec
2950 421 3127 466 tamen
3169 419 3314 464 recte
3338 410 3532 463 dicitur
3562 409 3667 464 into

2095 505 2353 575 possibile
2381 506 2486 559 Deo
2511 517 2631 557 esse
2654 511 2709 555 at
2740 501 2895 555 faciat
2925 500 3068 570 quod
3089 499 3423 570 praeteritum
3450 505 3532 553 est
3560 513 3664 552 non

2092 612 2213 651 esse
2244 596 2574 668 prmteritum
2599 593 2695 635 ἐμ
2725 611 2737 646 :
2768 591 2899 646 nihil
2925 592 3067 646 enim
3095 592 3167 644 ibi
3196 598 3453 659 operatur
3479 602 3665 644 neces-

2093 687 2226 740 sitas
2253 684 2358 739 non
2405 684 2654 747 faciendi,
2705 690 2798 735 aut
2829 679 3231 754 iutpossibilitas
3267 677 3531 743 faciendi;
3570 678 3665 731 sed

2094 776 2187 831 Dei
2223 775 2335 829 sola
2380 775 2645 837 voluntas,
2696 772 2783 841 qui
2832 771 3226 825 vcritatemm"
3259 785 3473 840 semper
3518 769 3665 839 (quia

2096 866 2207 934 ipsc
2232 866 2426 919 veritas
2460 862 2563 932 est)
2589 861 2999 925 immutabilem,
3040 860 3179 915 sicut
3224 865 3327 925 cst,
3358 873 3479 915 csse
3507 857 3615 914 vult
3647 876 3661 913 :

2101 954 2171 1009 ita
2200 955 2242 1010 si
2272 954 2524 1024 proponit
2555 966 2612 1007 sc
2650 950 2852 1021 aliquid
2907 950 3317 1004 immutabilizer
3359 946 3669 1011 facturum;

2096 1046 2339 1115 quamvis
2379 1046 2520 1114 quod
2566 1041 2838 1112 proponit,
2871 1049 3159 1109 antequam
3192 1039 3305 1100 ﬁat,
3353 1053 3458 1093 non
3501 1036 3671 1108 possit

2099 1154 2202 1193 non
2235 1152 2353 1193 esse
2379 1136 2654 1199 Iuturum;
2684 1150 2789 1187 non
2820 1142 2995 1186 tamen
3024 1130 3127 1184 ulla
3160 1132 3317 1191 estin
3344 1144 3411 1189 eo
3437 1127 3667 1184 faciendi

2097 1229 2411 1291 necessitas,
2455 1235 2546 1280 aut
2594 1240 2699 1280 non
2760 1222 2990 1277 faciendi
3056 1219 3460 1291 impossibilitas
3499 1237 3512 1273 :
3546 1219 3668 1288 quia

2098 1320 2209 1376 sola
2235 1327 2488 1388 operatur
2518 1316 2570 1370 in
2605 1329 2669 1369 eo
2701 1311 2967 1367 voluntas.
3022 1308 3243 1377 Quoties
3271 1321 3505 1377 namque
3538 1306 3673 1361 dici-

2102 1424 2187 1467 tur
2214 1412 2354 1465 Deus
2399 1424 2503 1462 non
2546 1414 2724 1476 pesse,
2754 1403 2897 1459 nulla
2939 1408 3166 1471 negatur
3215 1400 3365 1455 ineo
3392 1406 3669 1471 potestas;

2100 1506 2193 1561 sed
2226 1501 2602 1574 insuperabilis
2638 1498 2976 1571 signiﬁcatur
3025 1494 3262 1565 potentia
3286 1492 3381 1525 ³⁸⁵⁸
3425 1500 3483 1548 et
3520 1490 3674 1546 forti-

431 1609 619 1651 verum
667 1604 806 1662 erat,
850 1605 1139 1669 antequam
1181 1609 1501 1663 moreretur,
1543 1601 1667 1670 quia
1710 1601 2000 1656 moriturus
2033 1621 2075 1674 Β
2103 1597 2245 1651 tudo.
2282 1594 2399 1649 Non
2437 1592 2581 1648 enim
2608 1586 2774 1644 aliud
2818 1587 3152 1657 intelligitur,
3214 1583 3314 1639 nisi
3358 1582 3483 1652 quia
3527 1578 3673 1634 nulla

431 1684 596 1741 erat?
642 1686 763 1742 Dos.
796 1685 1063 1754 Quoniam
1104 1687 1206 1743 hoc
1236 1688 1328 1731 i3"
1359 1689 1473 1758 ipse
1515 1699 1708 1759 sponte
1751 1687 1918 1744 voluit
1946 1699 2001 1744 et

434 1779 757 1835 immutabili
793 1780 1086 1837 voluntate.
1116 1781 1244 1837 Aus.
1287 1780 1341 1836 Si
1370 1796 1518 1852 ergo,
1563 1782 1704 1836 sicut
1733 1781 1891 1849 dicis,
1924 1781 2001 1835 id-

433 1869 582 1935 circo
606 1885 711 1924 non
734 1870 904 1941 potuit
925 1876 1031 1927 non
1059 1871 1216 1937 mori,
1244 1872 1366 1942 quia
1389 1886 1514 1926 vere
1535 1872 1829 1947 moriturus
1851 1880 1997 1926 erat:

434 1967 490 2014 et
516 1955 637 2015 ideo
665 1975 790 2015 vere
817 1970 935 2016 erat
960 1959 1267 2021 moriturus.
1302 1961 1424 2031 quia
1458 1961 1558 2017 hoc
1589 1961 1706 2033 ipse
1735 1970 1924 2031 sponte
1947 1968 2029 2015 et.

431 2048 843 2105 immutabiliter
890 2049 1051 2107 voluit
1086 2068 1101 2105 :
1135 2052 1374 2120 sequitur
1416 2050 1563 2105 illum
1612 2066 1717 2105 non
1760 2052 1831 2105 ob
1860 2049 2000 2107 aliud

426 2129 541 2194 non
572 2138 811 2220 potuisse
837 2154 942 2195 non
979 2141 1134 2205 mori,
1174 2140 1275 2195 nisi
1300 2124 1433 2210 quia
1463 2139 1788 2215 immutabili
1814 2141 2003 2195 volun-

436 2237 550 2283 tate
570 2227 741 2284 voluit
782 2230 939 2285 mori.
971 2228 1095 2285 Bos.
1129 2229 1205 2285 Ita
1236 2237 1318 2285 est
1348 2246 1363 2283 :
1397 2230 1492 2286 sed
1523 2244 1854 2300 quaecunque
1889 2229 2004 2286 I'ue-

436 2320 509 2376 rit
536 2336 721 2389 causa,
756 2336 942 2378 verum
987 2331 1071 2378 est
1118 2331 1295 2378 tamen
1330 2322 1454 2393 quia
1510 2337 1615 2377 non
1672 2322 1844 2392 potuit
1893 2338 2000 2378 non

437 2411 574 2466 mori
611 2420 666 2466 et
688 2424 911 2466 necesse
939 2409 1039 2466 fuit
1074 2411 1223 2467 illum
1256 2411 1413 2466 mori.
1455 2410 1584 2465 Aas.
1627 2409 1799 2468 Nimis
1829 2409 2002 2466 baares

436 2500 493 2555 in
518 2500 685 2556 nihilo
714 2518 727 2555 :
760 2511 815 2556 et
844 2504 925 2573 (ut
952 2500 1056 2557 dici
1092 2500 1249 2569 solet)
1279 2500 1479 2572 quaeris
1504 2502 1701 2557 nedum
1726 2500 1779 2555 in
1803 2502 2002 2570 scirpo.

436 2593 563 2650 Dos.
594 2595 677 2652 An
727 2610 787 2661 es
814 2593 1012 2651 oblitus
1048 2595 1175 2665 quid
1207 2594 1498 2664 obiecerim
1524 2592 1618 2625 ¹³⁸¹
1645 2590 2005 2649 excusationi-

436 2684 538 2742 bus
567 2686 677 2742 tuis
718 2685 773 2741 in
824 2685 981 2756 hujus
1024 2685 1399 2756 diSputationis
1448 2692 1645 2739 nostra
1689 2682 2002 2754 principio:

436 2775 586 2845 quia,
624 2776 893 2843 videlicet,
942 2776 1083 2847 quod
1122 2774 1481 2847 postulabam,
1522 2790 1627 2829 non
1677 2773 1883 2829 faceres
1912 2774 2006 2829 do-

437 2866 576 2930 ctis;
609 2864 703 2920 sed
752 2865 907 2931 mibi,
948 2874 1004 2920 et
1041 2865 1143 2921 hoc
1183 2865 1358 2935 ipsum
1403 2879 1614 2919 mecum
1664 2860 2007 2934 petentibus?

2104 1703 2189 1743 res
2211 1695 2387 1757 potest
2411 1682 2619 1739 clliccre
2652 1692 2713 1737 ut
2750 1691 2874 1751 agat
2910 1680 2998 1734 ille
3047 1677 3188 1747 quod
3238 1685 3463 1745 negatur
3487 1687 3668 1745 posse.

2100 1777 2234 1835 Nam
2266 1777 2489 1832 multum
2524 1775 2718 1830 usitata
2747 1781 2827 1827 est
2859 1770 3165 1840 huiusmodi
3198 1769 3415 1831 locutio,
3441 1775 3500 1821 ut
3527 1766 3673 1821 dica-

2104 1880 2189 1926 tur
2215 1885 2301 1925 res
2324 1869 2502 1939 aliqua
2541 1880 2726 1936 posse;
2759 1878 2864 1919 non
2894 1863 3019 1932 quia
3056 1862 3108 1915 in
3143 1861 3252 1926 illa,
3283 1857 3374 1914 sed
3417 1859 3673 1929 quoniam

2100 1962 2153 2016 in
2186 1960 2289 2016 alia
2341 1972 2398 2014 re
2437 1966 2520 2014 est
2549 1963 2828 2027 potestas:
2858 1962 2912 2008 et
2936 1967 3041 2005 non
3068 1962 3254 2020 posse;
3281 1964 3385 2003 non
3415 1946 3671 2018 quoniam

2100 2050 2154 2107 in
2183 2049 2295 2115 illa,
2321 2048 2414 2105 sed
2442 2048 2567 2117 quia
2613 2045 2683 2100 in‘
2715 2043 2819 2098 alia
2862 2057 2919 2097 re
2946 2050 3029 2096 est
3068 2039 3402 2109 impotentia.
3435 2034 3678 2092 Dicimus

2100 2157 2332 2212 namque
2364 2156 2379 2195 :
2410 2138 2515 2195 Iste
2548 2138 2708 2192 homo
2732 2143 2910 2206 potest
2933 2132 3100 2197 vinci,
3120 2146 3239 2201 pro,
3268 2128 3477 2199 Aiiquis
3502 2134 3679 2198 potest

2100 2249 2225 2290 eum
2261 2233 2476 2287 vincere
2506 2246 2521 2284 :
2560 2238 2634 2294 et,
2668 2227 2761 2281 Ille
2791 2240 2897 2280 non
2925 2232 3104 2295 potest
3139 2221 3311 2287 vinci;
3342 2233 3460 2290 pro,
3486 2212 3677 2273 Nullus

2100 2340 2223 2382 eum
2253 2325 2468 2379 vincere
2516 2329 2708 2392 potest.
2760 2316 2875 2373 Non
2927 2316 3071 2371 enim
3114 2322 3354 2383 potestas
3389 2319 3475 2366 est
3516 2322 3677 2381 posse

2101 2414 2262 2479 vinci,
2301 2413 2395 2468 sed
2429 2408 2744 2480 impotentia
2782 2425 2795 2460 :
2828 2422 2927 2461 nec
2955 2404 3097 2459 vinci
3146 2417 3249 2457 non
3278 2414 3436 2472 posse
3494 2400 3669 2471 impo-

2103 2507 2397 2571 tentiaest,
2430 2504 2523 2559 sed
2568 2510 2824 2572 potestas.
2867 2498 2977 2554 Nec
3008 2496 3236 2553 dicimus
3287 2494 3454 2549 Deum
3492 2508 3680 2549 neces-

2103 2596 2263 2651 sitate
2297 2593 2473 2647 facere
2517 2590 2737 2660 aliquid,
2772 2604 2839 2644 eo
2871 2586 3013 2659 quod
3045 2586 3097 2640 in
3132 2584 3223 2640 illo
3248 2583 3320 2638 sit
3354 2583 3458 2637 ulla
3489 2578 3680 2638 neces-

2103 2688 2264 2752 sitas;
2294 2686 2389 2740 sed
2435 2684 2691 2755 quoniam
2722 2690 2806 2737 est
2843 2682 2894 2736 in
2933 2679 3039 2734 alio
3071 2695 3084 2731 :
3112 2678 3251 2733 sicut
3276 2676 3384 2729 di'xi
3414 2676 3480 2730 de
3506 2673 3677 2743 impo-
3764 2716 3769 2720 .

2108 2778 2269 2834 tentia
2294 2776 2407 2842 ³⁸⁸⁷,
2437 2775 2652 2845 quando
2679 2773 2877 2828 dicitur
2917 2787 3021 2825 non
3063 2782 3239 2840 posse.
3267 2764 3457 2822 Omnis
3480 2766 3680 2836 quippe

2107 2866 2399 2922 necessitas
2420 2874 2506 2919 est
2538 2873 2631 2917 aut
2656 2858 2885 2924 coactiu,
2914 2858 3010 2913 aut
3039 2857 3334 2929 prohibitio
3369 2872 3384 2909 :
3413 2869 3533 2924 quae
3560 2854 3680 2907 dua:

437 2951 661 3010 Suetine
691 2954 875 3025 igitur,
903 2961 964 3009 ut
989 2969 1087 3026 pro
1120 2953 1372 3010 tarditate
1397 2962 1452 3008 et
1479 2952 1799 3009 hebetudine
1837 2949 2002 3006 nostri
2035 2970 2076 3025 (ς
2110 2953 2457 3027 necessitates
2503 2957 2887 3011 convertuntur
2933 2946 3162 3002 invicem
3190 2942 3496 3007 contrarie;
3542 2940 3685 2996 sicut

446 3044 648 3115 ingenii
713 3059 976 3116 quaeram,
1027 3054 1288 3115 quatenus
1335 3044 1462 3099 mihi
1502 3052 1557 3098 et
1599 3043 1703 3098 illis
1753 3043 1912 3097 etiam
1956 3043 2007 3096 in

439 3134 735 3205 puerilibus
761 3136 1166 3206 quaestionibus,
1204 3134 1344 3189 sicut
1371 3134 1658 3204 incoepisti,
1687 3132 2006 3199 satisfacias.

757 3246 983 3304 CAPUT
1020 3246 1180 3302 xvnt
1218 3245 1313 3318 [αι.
1354 3242 1517 3316 xvn]
1541 3243 1661 3298 ἐκ.

440 3355 585 3423 Quid
624 3359 678 3411 in
725 3357 833 3413 Deo
874 3374 977 3413 non
1019 3359 1086 3412 sit
1136 3356 1438 3420 necessitas,
1464 3354 1541 3409 vel
1579 3353 1967 3423 impossibilitas
1991 3372 2009 3407 .-

513 3437 560 3481 et
608 3428 731 3499 quid
771 3429 839 3482 sit
879 3430 1155 3483 necessitas
1215 3441 1399 3497 cogens
1431 3464 1447 3490 ,
1485 3434 1531 3477 et
1585 3424 1860 3477 necessitas
1908 3439 2009 3475 non

514 3513 718 3565 cogens.

514 3609 644 3664 Δίες.
673 3607 791 3663 Jam
820 3608 1053 3664 diximus
1074 3609 1198 3678 quia
1222 3607 1361 3662 Deus
1382 3605 1672 3677 improprie
1695 3604 1889 3660 dicitur
1914 3602 2011 3657 ali-

442 3700 572 3769 quid
602 3716 707 3755 non
740 3716 916 3771 posse,
944 3709 1036 3755 aut
1063 3700 1383 3756 necessitate
1411 3699 1609 3753 facere.
1641 3695 1827 3752 Omnis
1856 3694 2012 3765 quip.

440 3804 513 3859 pe
543 3790 859 3855 necessitas,
883 3800 935 3846 et
965 3790 1387 3860 impossibilitas,
1413 3789 1528 3860 ejus
1555 3787 1799 3858 subiacet
1822 3786 2011 3841 volun-

445 3880 579 3945 tati;
615 3878 755 3935 ilIius
791 3889 967 3935 autem
993 3878 1243 3934 voluntas
1272 3878 1403 3933 nulli
1434 3878 1679 3933 subditur
1703 3875 2027 3932 necessitati

446 3979 542 4025 aut
580 3969 1012 4040 impossibilitati.
1043 3968 1183 4024 Nihil
1213 3968 1357 4023 enim
1398 3975 1485 4022 est
1529 3966 1889 4021 necessarium
1921 3973 2014 4018 aut

450 4061 800 4131 impossibile,
833 4060 933 4115 nisi
963 4061 1085 4129 quia
1130 4061 1242 4129 ipse
1272 4059 1344 4113 ita
1367 4058 1480 4111 vult
1510 4074 1525 4111 :
1560 4057 1735 4127 ipsum
1771 4070 1900 4110 vero
1923 4064 2016 4109 aut

448 4149 585 4204 velle
607 4159 698 4202 aut
722 4148 861 4204 nolle
889 4149 1091 4218 aliquid
1116 4156 1336 4218 propter
1376 4145 1755 4202 necessitatem
1782 4152 1875 4199 aut
1912 4145 2012 4196 im-

448 4238 883 4309 possibilitatem,
920 4237 1151 4293 alienum
1182 4245 1267 4292 est
1308 4253 1338 4292 a
1367 4236 1616 4292 veritate.
1651 4234 1850 4301 Quare,
1880 4247 2014 4302 quo-

450 4328 596 4381 niam
628 4327 810 4381 omnia
840 4341 958 4396 quae
987 4326 1119 4392 vult,
1161 4334 1215 4381 ct
1256 4340 1360 4379 non
1396 4324 1498 4380 nisi
1528 4338 1647 4394 quae
1676 4320 1812 4387 vult,
1843 4321 2011 4376 facit:

450 4415 755 4472 sicutnulla
789 4416 1101 4481 necessitas,
1146 4416 1261 4470 sive
1292 4413 1720 4484 impossibilitas,
1768 4408 2019 4481 praecedit

449 4506 570 4573 ejus
602 4506 738 4560 velle
766 4515 865 4560 aut
892 4505 1061 4571 nolle;
1098 4506 1167 4559 ita
1210 4518 1307 4560 nec
1332 4503 1447 4571 eius
1475 4502 1652 4557 facere
1675 4510 1769 4554 aut
1799 4514 1907 4555 non
1938 4496 2016 4551 fa-

450 4611 576 4652 cere
606 4614 619 4649 :
652 4596 895 4665 quamvis
924 4595 1089 4650 multa
1131 4594 1260 4650 velit
1286 4591 1714 4655 immutabiliter,
1752 4596 1807 4644 et
1830 4586 2013 4643 faciat.

2113 3059 2351 3109 necesse,
2399 3052 2453 3097 et
2490 3038 2840 3110 impossibile.
2877 3036 3148 3106 Quidquid
3191 3047 3441 3104 namque,
3471 3031 3684 3103 cogitur

2110 3151 2248 3202 esse,
2272 3134 2586 3205 prohibetur
2616 3147 2718 3185 non
2744 3144 2898 3194 esse;
2925 3138 2978 3183 et
3008 3127 3151 3198 quod
3180 3126 3391 3197 cogitur
3411 3139 3518 3178 non
3536 3137 3677 3189 esse,

2113 3225 2427 3295 prohibetur
2458 3235 2578 3275 csse
2624 3238 2638 3273 :
2682 3218 3132 3289 quemadmodum
3173 3212 3313 3285 quod
3337 3226 3563 3268 necesse
3598 3222 3684 3268 est

2110 3329 2249 3374 esse,
2282 3301 2615 3383 impossibile
2632 3318 2715 3361 est
2744 3321 2847 3361 non
2883 3306 3047 3361 esse?
3092 3315 3147 3359 et
3177 3304 3319 3373 quod
3346 3314 3569 3357 necesse
3600 3308 3701 3355 est-

2111 3421 2217 3460 non
2268 3417 2411 3469 esse,
2455 3397 2566 3471 94
2599 3396 2925 3469 impossibile
2966 3405 3227 3460 estesse;
3260 3402 3316 3450 et
3354 3392 3679 3448 conversim.

2110 3494 2246 3550 Cum
2274 3502 2451 3546 autem
2497 3490 2725 3545 dicimus
2771 3486 2975 3557 aliquid
3001 3474 3005 3481 ’
3032 3499 3256 3543 necesse
3281 3497 3403 3539 esse
3442 3490 3538 3536 aut
3571 3497 3679 3537 non

2111 3601 2231 3644 esse
2256 3586 2309 3640 in
2339 3585 2465 3649 Deo,
2497 3598 2604 3639 non
2634 3582 2947 3650 intelligitur
2968 3580 3109 3649 quod
3139 3580 3211 3632 sit
3239 3577 3290 3631 in
3328 3577 3419 3631 illo
3446 3566 3684 3631 necessi-

2113 3687 2196 3733 tas
2219 3686 2314 3730 aut
2335 3688 2534 3745 cogens
2565 3680 2657 3726 aut
2685 3670 3018 3741 prohibens:
3045 3669 3137 3722 sed
3168 3667 3502 3737 signiﬁcatur
3536 3666 3681 3735 quod

2114 3770 2167 3824 in
2199 3768 2447 3824 omnibus
2472 3764 2590 3819 aliis
2638 3761 2799 3818 rebus
2834 3770 2913 3815 est
2954 3759 3247 3815 necessitas
3272 3757 3564 3828 prohibens
3589 3768 3683 3808 eas

2112 3860 2312 3923 facere,
2340 3866 2393 3910 et
2419 3870 2615 3926 cogens
2664 3864 2771 3907 non
2821 3851 2998 3905 facere
3024 3868 3038 3902 :
3067 3858 3253 3904 contra
3302 3846 3402 3901 hoc
3438 3846 3581 3916 quod
3615 3846 3683 3899 de

2114 3950 2222 4004 Deo
2266 3946 2480 4001 dicitur.
2530 3942 2835 4008 Nam-cum
2883 3939 3111 3993 dicimus
3154 3937 3296 4006 quod
3338 3949 3556 3991 necesse
3600 3943 3684 3989 est

2114 4040 2280 4093 Deum
2333 4050 2548 4105 semper
2590 4048 2774 4086 verum
2824 4030 3025 4092 dicere,
3073 4037 3129 4081 et
3170 4040 3390 4082 necesse
3424 4034 3507 4080 est
3559 4040 3683 4079 curn

2114 4140 2388 4195 nunquam
2412 4123 2506 4154 ’⁸⁸⁸
2544 4120 2777 4182 mentiri,
2818 4133 2924 4172 non
2968 4116 3167 4171 dicitur
3199 4114 3364 4179 aliud,
3411 4113 3513 4167 nisi
3557 4114 3682 4181 quia

2114 4226 2261 4273 tanta
2303 4214 2471 4270 estin
2506 4212 2596 4267 illo
2641 4209 2939 4266 constantia
2989 4205 3240 4261 servandi
3277 4204 3578 4267 veritatem,
3627 4212 3685 4257 ut

2043 4303 2093 4362 ι)
2122 4319 2340 4361 necesse
2371 4304 2443 4357 sit
2480 4300 2676 4355 nullam
2718 4312 2830 4352 rem
2877 4295 3056 4350 facere
3077 4307 3255 4364 posse,
3285 4298 3345 4344 ut
3370 4303 3553 4344 verum
3579 4305 3681 4342 non

2124 4396 2286 4460 dicat,
2300 4400 2459 4448 autut
2471 4390 2760 4445 mentiatur
2775 4387 2870 4459 [αι.
2886 4402 2999 4455 cap.
3019 4381 3203 4454 XVIII]
3219 4381 3332 4435 “”.
3347 4381 3686 4449 Quapropter

2123 4501 2243 4542 cum
2265 4483 2492 4539 dicimus
2516 4482 2638 4551 quia
2672 4480 2832 4534 homo
2857 4478 2963 4540 ille,
2992 4475 3082 4545 qui
3107 4474 3396 4529 secundum
3426 4470 3685 4524 unitatem

2123 4590 2367 4649 personae
2395 4572 2557 4645 (sicut
2589 4585 2751 4642 supra
2785 4570 2984 4624 dictum
3022 4565 3128 4637 cst)
3176 4565 3315 4618 idem
3346 4562 3457 4632 ipse
3484 4569 3568 4616 est
3593 4560 3686 4629 qui

1719 4727 1951 4784 VARUE
1988 4720 2384 4781 LECTIONES.

527 4870 618 4902 “‘7
650 4869 758 4923 Iloe
814 4868 939 4923 mihi
997 4882 1209 4936 semper
1253 4881 1350 4936 ms.
1386 4860 1515 4936 νεα.
1553 4862 1637 4917 I9.
1668 4861 1755 4915 hic
1792 4858 1921 4913 mihi
1952 4870 2164 4936 semper

2294 4851 2387 4882 ³⁸η
2415 4847 2564 4914 Quod
2624 4842 2804 4897 dixisti
2862 4856 2966 4893 mss
3023 4847 3071 4914 εει
3115 4834 3273 4914 Ἐάίι.
3331 4829 3496 4911 σοίῆ..
3540 4830 3685 4899 quod

606 4901 609 4902 '
697 4901 706 4919 ι
1046 4901 1051 4902 ν
1166 4901 1175 4902 ί
1272 4901 1350 4918 no.
1392 4901 1404 4913 ν
1429 4901 1515 4916 ιιι.
1557 4901 1637 4917 ιν.
1670 4901 1755 4915 ...ν
1794 4901 1921 4913 .......
1952 4901 2061 4911 ην...
2108 4901 2155 4908 ν-
2425 4901 2456 4914 ,ι
3485 4901 3496 4911 _

455 4941 567 4997 dixi
642 4901 1511 5004 'lg‘rNo‘nli'riost‘ii‘oit.niagishoe
1537 4941 1923 5004 posset,_qualn
1955 4901 2135 4994 possret
2162 4937 2265 4977 non
2293 4934 2413 5004 esse
2440 4915 2582 5004 quod
2608 4924 2725 5004 erat
2911 4903 3540 5004 Ἐλθέ-ξξλέιῗςιωζηίῖςλᾏ
3575 4914 3684 5004 ita"

456 4972 605 5064 Z'agét
629 4972 1900 5077 magis;iutiliaésé',"2iu'ziiit”Eoiivé'sééﬁii61:irat
1930 4972 2104 5077 ivvere
2148 5008 2273 5071 mss.
2293 4986 2424 5041 Vict.
2458 4972 2723 5064 Cister._et
2751 4978 2892 5077 ΕΔΗ⁹
3254 4972 3540 5077 ιιιὲτὶζηιιιὲῃ

458 5080 539 5145 gis
565 5078 663 5131 hoc
689 5072 865 5143 posset
887 5072 1045 5144 quam
1076 5072 1177 5127 non
1205 5088 1325 5126 esse
1353 5072 1495 5145 quod
1523 5080 1681 5145 erat":
1714 5083 1837 5145 vere

459 5138 595 5199 inori
668 5138 757 5177 ’⁸⁸⁸
798 5138 1073 5208 Quomodo
1104 5146 1201 5197 hoc
1229 5158 1352 5194 mss.
1372 5138 1423 5193 et
1450 5140 1593 5191 Edit.
1628 5138 1781 5191 60th.
1810 5152 1843 5205 q

459 5215 556 5247 ³⁸⁸³
611 5215 796 5269 Intus.
828 5213 967 5266 Vict.
1000 5215 1082 5267 19.
1110 5212 1277 5279 Caput
1305 5212 1390 5261 18.

462 5284 569 5339 ciat
592 5287 728 5352 quod
758 5283 1083 5352 pneteritum
1104 5290 1186 5352 est
1216 5295 1229 5332 :

1538 5208 1631 5238 ’⁸⁸⁸
1658 5200 1844 5261 Faciat
1870 5205 2009 5272 quod
2037 5200 2367 5272 prteteritum
2396 5204 2479 5272 est
2507 5208 2609 5246 non
2645 5200 3117 5272 cs§p._iirmrwt'ilttttt
3146 5200 3255 5272 ’(ιεὶ
3270 5200 3347 5272 .1:

1306 5252 1399 5310 ίέέί
1424 5276 1552 5349 Quae
1576 5252 2189 5349 verit‘avteiit‘ins'sjjificht.‘
2214 5268 2359 5349 July,
2393 5262 2580 5343 (Σίιςιενἶ
2616 5270 2662 5313 ει
2696 5252 3517 5349 Edil‘.[foﬂlhflllj‘Sensus”:

1911 5038 2668 5131 'i‘i’vSipotiii'ssetnoutnori
2697 5066 2819 5129 mss.
2846 5058 2892 5101 et
2922 5046 3066 5131 Edit:
3093 5041 3249 5131 (iam.
3304 5042 3346 5131 si
3376 5038 3684 5131 ρίξιξιὶῑηξξξξξξ

1851 5109 2843 5192 itoniani-It'ocm'vs'i'rQuidobiecerint
2895 5132 3001 5192 nts._
3034 5114 3155 5180 Joty
3205 5111 3345 5192 qugd
3389 5109 3685 5192 obiecerim

2832 5171 3244 5270 ratpwritum'rus:

463 5313 569 5339 υωι
592 5313 728 5352 ιιυυυ
758 5313 1083 5352 γιιιῐιῠιιιηιιι
1104 5313 1186 5335 cui.
1216 5319 1228 5332 .
1425 5313 1552 5342 una.
1584 5313 1855 5329 πυιιιιηνι..
1886 5313 2012 5326 πων.
2059 5313 2069 5321 ν
2098 5313 2183 5322 -νν
2214 5313 2359 5349 ..νγῖ,
2401 5313 2521 5317 run
2569 5334 2580 5343 ι
2704 5313 2707 5314 ν
2818 5324 2836 5335 ν
2879 5325 2890 5334 ν
2992 5324 2999 5331 ‘
3113 5313 3126 5318 -
3185 5320 3195 5329 ,
3242 5319 3251 5328 _
3424 5313 3434 5322 _

463 5354 713 5421 Signatur
742 5352 975 5420 potentia
1007 5368 1101 5403 ms.
1129 5349 1311 5401 Cister.
1342 5348 1675 5421 signiﬁcatur
1704 5344 1949 5421 potentia
1998 5338 2271 5421 ξξδτρῖκι,
2304 5321 3121 5421 ιιιιΡςηίξΨ’ἤι’ρξξξλξξίίἮὶξζίξξίζ

466 5386 703 5475 ἷῖξιδυᾯῖέ
735 5386 975 5476 iii‘éi‘éléée'
2458 5410 2532 5455 est
2558 5408 2829 5453 nunouam
2902 5390 2996 5421 ’⁸⁸⁵
3022 5405 3142 5441 mss.
3174 5386 3506 5438 continuatur
3531 5386 3682 5444 caput

466 5492 772 5557 prmedmu.
810 5491 895 5544 Vel
928 5504 1030 5544 neu
1064 5504 1185 5542 uisa.
1222 5480 1357 5539 Vict.
1388 5485 1470 5540 I9.
1506 5495 1551 5537 et
1577 5483 1717 5537 Edil.
1745 5481 1896 5534 (10th.
1932 5480 1996 5533 Et
2027 5494 2129 5533 nou

3556 109 3660 177 ιη
3752 161 3760 169 .
