4240 6236
562 174 667 231 ιὶό

562 288 730 390 Filids
759 287 849 341 Dei
882 288 1041 354 Deus,
1078 306 1182 344 non
1208 294 1380 362 potuit
1415 308 1519 347 non
1559 295 1714 369 mori,
1749 302 1840 347 aut
1862 293 1996 348 velle
2027 308 2130 347 nou
2161 298 2208 355 Α
2239 295 2540 352 ccssitatcm
2568 315 2706 356 esse.
2757 303 2851 358 Est
2878 321 3108 378 namque
3154 314 3447 370 necessitas
3474 323 3807 390 praecedens,

506 406 509 407 ν
566 380 724 442 mori,
760 390 1042 450 postquam
1087 383 1152 435 de
1182 381 1401 453 Virgine
1446 392 1603 438 natus
1629 394 1712 438 est
1746 403 1757 436 :
1794 401 1896 438 non
1929 383 2134 454 signiﬁ-

564 481 717 526 catur
767 473 818 525 iu
848 472 936 525 illo
976 472 1080 525 ulla
1123 472 1439 542 impotentia
1473 461 1754 536 servandi,
1788 485 1882 527 aut
1926 473 2135 527 voleluii

563 576 782 616 servare
811 564 977 616 vitam
1018 577 1170 617 suam
1224 564 1618 635 immortalem;
1660 564 1753 617 sed
1787 561 2136 627 immutabili-

565 661 647 705 tas
676 651 965 705 voluntatis
1000 650 1139 720 ejus,
1171 668 1276 722 qua
1301 667 1362 707 se
1384 661 1573 722 sponte
1597 651 1723 705 fecit
1752 651 2026 713 hominem
2064 650 2132 705 ad

561 744 685 809 hoc,
713 752 772 796 ut
798 744 850 797 in
876 745 1065 797 eadem
1097 745 1375 800 voluntate
1406 757 1758 812 perseverans
1790 752 2128 806 moreretur;

560 842 615 887 et
638 832 763 901 quia
808 834 951 887 nulla
992 849 1086 889 res
1126 835 1297 904 potuit
1332 833 1473 887 illam
1519 832 1850 886 voluntatem
1906 842 2131 885 mutare.

559 925 686 980 Plus
715 926 859 979 enim
885 935 1031 982 esset
1064 925 1373 995 impotentia
1403 939 1566 994 qualn
1592 925 1851 993 potentia,
1880 924 1922 977 si
1955 931 2135 991 posset

558 1016 695 1071 velle
729 1018 971 1083 mentiri,
1006 1026 1099 1071 aut
1140 1017 1347 1080 fallere,
1383 1027 1478 1069 aut
1528 1025 1739 1070 mutare
1780 1014 2130 1076 voluntatem,

558 1122 721 1178 quam
753 1109 902 1177 prius
944 1107 1330 1161 immutabilem
1367 1121 1487 1161 esse
1518 1105 1701 1159 voluit.
1736 1103 1801 1156 Et
1844 1104 1889 1157 si
1923 1102 2131 1173 (quem-

561 1198 847 1251 admodum
891 1212 1053 1267 supra
1084 1182 1219 1267 dix‘i)
1270 1212 1392 1251 cum
1441 1194 1635 1264 aliquis
1666 1202 1856 1262 sponte
1909 1208 1980 1263 se,
2008 1208 2132 1262 pro-

566 1289 718 1357 ponit
758 1288 1027 1342 facturum
1059 1291 1255 1343 bonum
1292 1287 1531 1356 aliquod,
1556 1294 1610 1339 et
1642 1286 1830 1340 eadem
1862 1286 2131 1340 voluntate

558 1388 744 1449 postea
791 1378 1004 1448 perlicit
1051 1381 1191 1448 quod
1223 1378 1323 1433 ,⁸⁸⁸⁸
1356 1378 1665 1449 proposuit;
1720 1374 1966 1446 quamvis
2012 1380 2130 1446 cogi

558 1467 731 1536 possit
758 1505 775 1529 ,
808 1467 850 1520 si
897 1466 1030 1521 nolit
1066 1462 1385 1536 promissilun
1418 1466 1653 1531 solvere;
1698 1481 1803 1520 non
1837 1474 2014 1519 tamen
2047 1466 2129 1518 di-

564 1556 769 1609 cendus
813 1566 895 1609 cst
945 1556 1267 1610 necessitate
1321 1554 1501 1611 facere
1543 1557 1683 1625 quod
1725 1556 1880 1622 facit;
1921 1556 2013 1610 sed
2043 1571 2124 1618 ea,

1092 176 1150 233 s.
1195 179 1500 234 AMSEMII
1538 178 1890 235 CANTUAR.
1944 175 2261 231 ARClllEP.
2315 178 2466 234 ore.
2519 146 2769 243 must
2818 191 3303 255 ~DOGMATICA.

3620 230 3625 243 ι
3683 211 3803 265 ’421

2238 398 2358 451 qua)
2384 398 2651 479 causaest
2682 400 2739 445 ut
2775 394 2843 447 sit
2882 408 2998 449 res:
3032 406 3087 450 et
3114 408 3199 453 est
3225 404 3517 459 necessitas
3551 402 3800 479 sequens,

2237 486 2397 540 quam
2421 491 2506 531 res
2534 475 2682 531 facit.
2707 480 3018 538 Prmcedens
3040 495 3096 541 et
3121 486 3352 546 elﬁciens
3383 475 3671 551 necessitas
3697 475 3798 568 est,

2236 579 2357 618 cum
2380 565 2576 621 dicitur
2621 569 2816 625 cmlum
2857 574 3026 642 volvi;
3056 578 3179 647 quia
3212 595 3434 647 necesse
3464 596 3569 651 est,
3600 598 3658 643 ut
3691 565 3804 645 vol—

2236 659 2425 744 vatur.
2455 651 2696 723 Sequens
2740 672 2890 723 vero,
2937 672 2992 716 et
3036 679 3155 732 qua:
3204 669 3333 723 nihil
3367 669 3549 739 eﬂicit,
3597 677 3691 730 sed
3720 678 3802 744 ﬁt,

2234 750 2316 835 est
2335 740 2428 835 ’i“
2458 744 2579 798 cum
2610 745 2729 803 dico
2758 755 2810 801 te
2835 762 2902 802 ex
2928 755 3247 812 necessitate
3275 759 3441 828 loqui,
3461 763 3586 831 quia
3616 740 3803 835 loque;

2236 830 2329 883 ris.
2351 830 2484 886 Cum
2512 835 2655 888 enim
2684 836 2785 892 hoc
2812 837 2952 906 dico,
2978 842 3222 911 signiﬁco
3252 848 3382 903 nihil
3412 830 3592 907 facere
3618 830 3798 924 posse.

2234 926 2319 984 ut,
2344 920 2468 974 dum
2497 920 2731 992 loqueris
2755 942 2859 982 non
2886 928 3143 1000 loquaris,
3176 949 3281 989 non
3310 940 3449 1006 quod
3480 920 3692 998 alius'te
3705 945 3798 977 m'

2233 1018 2389 1076 cogat
2413 1011 2479 1065 ad
2506 1011 2845 1083 loquendum.
2875 1015 3010 1072 Nam
3034 1020 3287 1077 violentia
3319 1028 3575 1084 naturalis
3608 1031 3797 1086 condi-

2236 1097 2395 1185 tionis
2442 1105 2583 1173 cogit
2626 1105 2821 1160 caelum
2866 1108 3033 1176 volvi;
3069 1120 3119 1167 te
3160 1127 3288 1169 vero
3326 1117 3471 1173 nulla
3509 1122 3802 1185 necessitas
3865 1145 3871 1149 ·

2232 1184 2358 1271 facit
2386 1187 2526 1260 loqui
2550 1194 2663 1249 ⁸⁸⁸⁸.
2689 1196 2793 1252 Sed
2825 1196 3125 1268 ubicunque
3151 1211 3234 1257 est
3268 1184 3572 1274 praecedens
3613 1226 3799 1267 neces-

2232 1275 2387 1368 sitas,
2425 1290 2507 1334 est
2549 1293 2604 1337 et
2638 1299 2905 1354 sequens;
2956 1302 3059 1341 non
3107 1301 3284 1346 autem
3332 1296 3420 1350 ubi
3449 1312 3696 1368 sequens,
3724 1300 3798 1356 ibi

2232 1365 2413 1422 statim
2442 1378 2497 1423 et
2524 1374 2852 1439 praecedens.
2886 1373 3175 1433 Possumus
3207 1395 3439 1451 namque
3465 1365 3666 1452 dicere,
3696 1402 3795 1442 ne—

2231 1472 2381 1514 cesse
2413 1469 2496 1515 est
2525 1460 2717 1516 emtum
2747 1463 2905 1529 volvi,
2929 1466 3053 1534 quia
3082 1467 3315 1522 volvitur
3345 1485 3359 1522 :
3387 1472 3479 1544 sed
3516 1489 3621 1530 non
3642 1478 3796 1534 simi-

2233 1547 2354 1603 liter
2381 1557 2465 1604 est
2485 1564 2694 1617 verum,
2736 1552 2934 1609 idcirco
2966 1562 3016 1608 te
3046 1555 3210 1625 loqui,
3241 1559 3367 1626 quia
3394 1574 3610 1619 necesse
3630 1576 3713 1621 est
3735 1575 3794 1621 ut

562 1660 669 1714 qua
708 1645 1007 1714 proposuit,
1038 1644 1204 1699 libera
1240 1644 1526 1699 voluntate.
1569 1644 1682 1699 Non
1723 1645 1865 1699 enim
1896 1646 2132 1700 necessi-
2163 1640 2206 1693 B
2232 1636 2487 1707 loquaris.
2530 1640 2635 1694 Ista
2679 1655 2909 1709 sequens
2941 1646 3234 1701 necessitas
3282 1648 3450 1703 currit
3479 1664 3575 1719 per
3614 1656 3795 1711 omnia

564 1743 674 1787 tate
718 1741 811 1785 aut
851 1733 1163 1801 impozeutia
1211 1734 1346 1797 ﬁeri,
1386 1734 1469 1787 vel
1512 1749 1616 1788 non
1668 1735 1782 1789 fieri
1834 1730 1938 1789 dici
1970 1736 2130 1789 debet

562 1821 788 1889 aliquid,
851 1820 939 1873 ubi
977 1836 1149 1889 neque
1210 1823 1527 1888 necessitas,
1574 1839 1749 1892 neque
1812 1824 2126 1893 impotentia

563 1912 854 1981 quidquam
884 1922 1196 1983 cperautur,
1221 1914 1313 1968 sed
1341 1914 1587 1969 voluntas
1623 1932 1637 1968 :
1665 1916 1733 1978 si,
1785 1915 2024 1985 inquam,
2054 1917 2128 1969 ita

557 2007 643 2054 est
689 2000 742 2053 ill
781 2000 1018 2067 homine,
1066 2001 1235 2055 multo
1264 2002 1435 2071 magis
1480 2003 1794 2064 necessitas,
1826 2011 1919 2056 aut
1963 2003 2129 2072 impo-

558 2092 722 2146 tentia
757 2106 1095 2163 nequaquam
1123 2092 1463 2147 uominalldte
1484 2101 1610 2146 sunt
1635 2094 1687 2147 in
1707 2092 1836 2158 Deo,
1860 2095 1951 2163 qui
1971 2094 2125 2156 nihil,

556 2181 660 2236 nisi
690 2184 833 2252 quod
864 2184 996 2248 vult,
1044 2182 1175 2239 facit
1195 2185 1319 2251 '3“;
1352 2194 1407 2240 et
1441 2184 1591 2253 cujus
1622 2185 1954 2239 voluntatem
1986 2184 2127 2239 nulla

558 2271 644 2345 vis
670 2285 884 2340 cogere,
936 2281 1030 2326 aut
1058 2273 1345 2345 prohibere
1373 2272 1533 2327 valet.
1556 2273 1641 2327 ‘Ad
1671 2274 1773 2327 hoc
1792 2272 1937 2327 enim
1964 2273 2128 2327 valuit

554 2360 611 2415 in
635 2344 857 2423 Christo
909 2361 1195 2415 diversitas
1224 2344 1537 2416 naturarum
1579 2370 1633 2425 et
1661 2362 1839 2416 unitas
1861 2377 2124 2433 personae,

556 2457 637 2514 ut,
662 2450 803 2519 quod
826 2465 961 2519 opus
989 2459 1106 2504 erat
1131 2451 1243 2506 ﬁeri
1268 2452 1335 2505 ad
1354 2452 1627 2505 hominum
1658 2434 2124 2517 restaurationem,

554 2541 600 2592 si
629 2541 871 2611 humana
897 2556 1004 2595 non
1041 2550 1224 2611 posset
1253 2553 1467 2604 natura,
1498 2541 1700 2595 faceret
1740 2542 1952 2604 divina;
1997 2543 2126 2595 etsi

554 2627 751 2681 divina:
791 2629 1011 2684 minime
1070 2628 1404 2693 conveniret,
1450 2621 1727 2683 exhiberet
1765 2630 2031 2695 humana;
2071 2638 2128 2684 et

553 2722 661 2772 non
703 2716 844 2772 alius
888 2728 1053 2786 atque
1108 2718 1265 2784 alius,
1336 2720 1428 2781 sed
1480 2720 1622 2773 idem
1664 2723 1777 2788 ipse
1830 2730 1991 2784 esset,
2034 2720 2124 2787 qui

544 2816 843 2877 utrumque
871 2810 1111 2864 existens
1144 2809 1379 2879 perfecte
1416 2826 1511 2879 per
1538 2812 1828 2864 hmnauam
1870 2812 2123 2877 solveret,

554 2898 795 2968 quodilla
826 2900 1085 2963 debebat;
1114 2909 1167 2952 et
1192 2915 1287 2969 per
1313 2900 1546 2953 divinam
1570 2910 1768 2968 posset,
1796 2901 1935 2968 quod
1964 2916 2126 2970 expe-e

2232 1735 2492 1798 tempora,
2552 1730 2653 1784 hoc
2713 1734 2870 1786 modo
2903 1749 2917 1785 :
2950 1733 3217 1803 Quidquid
3270 1736 3393 1802 fuit,
3450 1755 3671 1801 necesse
3713 1754 3797 1800 est

2229 1815 2413 1871 fuiSse.
2470 1817 2737 1887 Quidquid
2788 1828 3294 1887 est,.'nccesseest
3337 1842 3475 1883 esse.
3528 1830 3793 1903 Quidquid

2230 1904 2466 1960 futurum
2506 1917 2605 1972 est,
2638 1916 2857 1963 neceSSe
2886 1921 2970 1965 est
2993 1912 3225 1968 futurum
3252 1914 3434 1972 fuisse.
3465 1919 3589 1975 llaec
3611 1923 3791 1977 est'm

2219 1996 2319 2050 illa
2358 1998 2669 2064 necessitas,
2714 2014 2831 2068 qua:
2873 2001 2985 2070 (ubi
3036 2007 3343 2059 tractat’m
3372 2010 3686 2081 Aristoteles
3726 2012 3795 2072 de

2227 2084 2681 2154 propositionibus
2752 2089 3110 2158 singularibus
3183 2103 3238 2148 et
3307 2095 3522 2169 futuris)
3589 2102 3797 2157 videtur

2227 2174 2539 2228 utrumlibet
2569 2176 2865 2245 destruere,
2902 2190 2955 2233 et
2978 2182 3153 2235 omnia
3200 2198 3317 2239 esse
3344 2200 3412 2239 ex
3435 2188 3528 2220 ’3'”
3560 2194 3797 2247 necessi-

2229 2268 2339 2317 tate
2378 2272 2634 2318 astruere.
2666 2263 2775 2319 llac
2816 2269 3055 2335 sequenti
3083 2280 3138 2324 et
3161 2271 3295 2324 nihil
3332 2272 3572 2330 efﬁcienti
3604 2293 3794 2333 ncces-

2228 2349 2405 2419 sitate,
2443 2354 2691 2421 quoniam
2722 2370 2845 2409 Vera
2875 2357 2971 2410 fuit
3004 2358 3154 2424 ﬁdes,
3178 2360 3282 2423 ,γει
3308 2366 3695 2432 pr0plletia""
3721 2370 3791 2424 de

2227 2440 2461 2508 Christo,
2494 2444 2618 2511 quia
2644 2460 2709 2499 ex
2742 2447 3033 2515 voluntate,
3085 2466 3189 2505 non
3218 2466 3285 2505 ex
3323 2455 3639 2512 necessitate
3671 2476 3792 2515 nlo-

2230 2532 2432 2587 riturus
2458 2533 2553 2565 ³⁸¹¹⁸
2602 2530 2749 2599 erat,
2811 2554 3032 2593 necesse
3071 2540 3193 2608 fuit,
3232 2552 3289 2596 ut
3342 2544 3419 2599 sic
3467 2558 3611 2602 esset
3642 2565 3656 2602 :
3689 2551 3793 2606 hac

2230 2624 2388 2679 homo
2417 2624 2589 2681 factus
2629 2636 2712 2682 est
2740 2646 2753 2680 :
2785 2629 2886 2682 hac
2914 2628 3058 2692 fecit.
3087 2640 3139 2685 et
3173 2648 3361 2702 passus
3397 2645 3500 2702 est,
3534 2639 3793 2708 quidquid

2227 2710 2354 2766 fecit
2400 2724 2455 2767 et
2501 2729 2690 2783 passus
2718 2725 2799 2771 est
2832 2735 2846 2772 :
2878 2717 2978 2771 hac
3015 2719 3202 2785 voluit,
3234 2736 3565 2791 qurccunque
3603 2727 3790 2782 voluit.

2227 2800 2349 2856 Ideo
2372 2804 2513 2858 enim
2542 2807 2859 2861 necessitate
2890 2806 3124 2874 fuerunt,
3160 2812 3284 2879 quia
3313 2811 3489 2866 futura
3511 2825 3664 2869 erant
3690 2836 3703 2870 :
3736 2828 3794 2873 et
3814 2843 3831 2850 -

2231 2893 2409 2947 futura
2451 2905 2621 2960 erant,
2676 2899 2800 2966 quia
2847 2898 3060 2954 fuerunt
3090 2916 3105 2953 :
3137 2911 3192 2956 et
3234 2901 3474 2969 fuerunt,
3499 2909 3621 2974 quia
3672 2908 3789 2962 fue-

555 2961 755 3044 diebat.
792 2987 1031 3057 Denique
1062 2961 1245 3059 Virgo,
1273 3005 1394 3058 qua:
1431 3006 1527 3060 per
1565 2961 1721 3044 ﬁdem
1754 2961 1948 3045 munda
1984 2961 2122 3045 [ai-la
2152 2961 2197 3022 (ἶ
2230 2994 2353 3037 runt
2385 3003 2399 3039 :
2432 2995 2482 3040 et
2521 2987 2565 3041 si
2595 2988 2674 3042 vis
2723 2988 2982 3055 omnium,
3024 3006 3143 3059 quas
3190 2992 3317 3047 fecit
3350 3004 3417 3049 Aet
3599 3014 3790 3067 passus

553 3085 667 3144 est,
709 3086 769 3131 ut
791 3078 859 3133 de
902 3077 989 3131 illa
1044 3089 1225 3148 posset
1276 3079 1500 3142 assumi,
1539 3094 1871 3148 nequaquam
1901 3081 2126 3135 credidit

553 3166 707 3221 illum
719 3158 814 3199 ⁸⁸⁸³
842 3182 963 3221 esse
978 3168 1294 3220 moriturum
1321 3167 1437 3231 ³⁸⁸³,
1466 3167 1566 3221 nisi
1592 3168 1715 3236 quia
1737 3167 2126 3235 velletzquclu-

551 3258 842 3312 admodum
878 3271 1001 3326 per
1027 3257 1361 3326 prophetam,
1396 3256 1485 3325 qui
1538 3258 1603 3310 de
1635 3256 1723 3309 illo
1756 3256 1888 3309 dixit
1920 3274 1933 3310 :
1968 3256 2127 3309 Obla-

552 3354 640 3399 ιω
683 3354 778 3410 εει,
823 3346 947 3414 quia
994 3346 1101 3413 ipse
1144 3344 1303 3398 voluit
1364 3344 1497 3414 (Im.
1542 3339 1656 3407 Litt,
1711 3345 1788 3414 7},
1843 3344 2120 3398 didicerat.

550 3435 890 3504 Quapropter
937 3436 1191 3506 quoniam
1231 3450 1355 3489 vera
1401 3436 1501 3488 fuit
1540 3436 1671 3490 ﬁdes
1712 3437 1848 3505 ejus,
1903 3450 2124 3491 necesse

549 3535 672 3578 erat
697 3526 769 3577 ita
801 3523 1039 3578 futurum
1074 3540 1215 3589 esse,
1252 3525 1391 3577 sicut
1416 3525 1661 3579 credidit.
1692 3524 1839 3590 Quod
1873 3526 1916 3578 si
1942 3533 1992 3579 te
2022 3526 2123 3578 ite-

552 3630 672 3668 rum
725 3615 1025 3684 perturbat,
1062 3614 1187 3684 quia
1219 3616 1341 3669 dico
1362 3615 1477 3679 ’⁸⁸η
1526 3630 1746 3669 necesse
1791 3624 1906 3668 erat
1950 3631 1963 3667 :
2010 3628 2122 3669 mc-

550 3712 736 3758 mento
764 3705 891 3773 quia
925 3705 1121 3757 veritas
1164 3703 1285 3757 ﬁdei
1316 3703 1550 3770 Virginis
1581 3718 1682 3757 nou
1722 3702 1822 3756 fuit
1856 3720 2035 3768 causa,
2064 3710 2121 3756 ut

549 3796 639 3851 ille
676 3804 865 3866 sponte
902 3804 1247 3849 moreretur:
1284 3797 1377 3849 sed
1406 3796 1529 3863 quia
1570 3796 1669 3849 hoc
1709 3798 1945 3847 futurum
1974 3804 2116 3858 erat,

549 3904 677 3941 vera
712 3888 810 3941 fuit
850 3888 998 3941 ﬁdes.
1028 3887 1387 3952 Quamobrem
1414 3886 1457 3939 si
1498 3886 1711 3948 dicitur,
1758 3900 1977 3940 necesse
2007 3892 2121 3938 erat

549 3987 611 4032 ut
640 3978 913 4031 voluntate
951 3976 1073 4031 sola.
1101 3985 1441 4040 moreretur;
1489 3976 1613 4044 quia
1658 3989 1784 4029 vera
1824 3974 1923 4027 fuit
1962 3974 2117 4040 ﬁdes,

546 4070 662 4125 δίνθ
696 4058 996 4139 ντοιιιιειίίι,
1022 4081 1142 4136 (lure
1186 4068 1250 4120 de
1285 4068 1387 4119 hoc
1422 4075 1811 4135 prmecsseraut
1840 4066 1931 4097 ⁸³⁵³
1959 4081 1972 4131 ;
2012 4081 2117 4119 non

468 4198 469 4201 η
544 4168 630 4213 est
666 4158 832 4221 aliud,
864 4174 1025 4226 quam
1055 4157 1097 4209 si
1131 4155 1280 4210 dicas
1324 4170 1542 4211 necesse
1576 4154 1745 4209 fuisse
1774 4156 1845 4209 ita
1880 4154 2116 4208 futurum

2226 3084 2332 3138 est,
2378 3091 2560 3129 veram
2607 3078 2747 3132 seire
2777 3079 3179 3146 necessitatem;
3212 3082 3349 3137 scito
3390 3085 3568 3139 omnia
3596 3101 3659 3141 ex
3691 3103 3789 3142 ne-

2228 3164 2477 3220 cessitate
2505 3166 2821 3236 fuisse,quia
2848 3168 2961 3236 ipse
2985 3169 3167 3225 voluit.
3191 3172 3529 3229 Voluntatem
3556 3192 3681 3233 vero
3694 3179 3791 3211 ²⁸⁷³

2226 3254 2343 3321 ejus
2389 3256 2531 3309 nulla
2585 3258 2858 3326 praecessit
2888 3260 3198 3315 necessitas.
3228 3262 3423 3328 Quare,
3453 3264 3498 3318 si
3530 3282 3634 3320 non
3674 3268 3794 3323 flle-

2228 3353 2350 3398 ruut
2378 3346 2477 3400 nisi
2505 3347 2627 3415 quia
2657 3346 2769 3416 ipse
2789 3347 2983 3413 voluit;
3014 3350 3057 3402 si
3085 3365 3188 3404 non
3219 3351 3492 3419 voluisset,
3529 3370 3631 3409 non
3656 3355 3792 3411 fuis~

2226 3447 2366 3490 seut.
2391 3437 2481 3491 Sic
2506 3439 2688 3505 itaque
2708 3439 2804 3471 ⁸⁸⁷⁵
2834 3454 2989 3502 nemo
3015 3440 3134 3494 tulit
3162 3442 3397 3497 animam
3427 3444 3542 3514 ejus
3572 3447 3638 3499 ab
3665 3445 3809 3512 illo;

2226 3526 2319 3579 sed
2355 3527 2466 3594 ipse
2499 3527 2676 3594 posuit
2703 3543 2842 3592 eam,
2880 3538 2934 3582 et
2982 3529 3170 3587 'tierum
3212 3534 3438 3601 sumpsit
3479 3549 3635 3587 eam:
3659 3537 3787 3604 quia

2226 3624 2539 3682 potestatem
2567 3617 2749 3670 habuit
2784 3619 3010 3685 ponendi
3040 3620 3272 3673 animam
3304 3637 3476 3688 suam,
3508 3632 3559 3676 et
3590 3625 3787 3679 iterum

2224 3705 2466 3769 sumendi
2513 3720 2656 3768 eam,
2703 3706 2842 3761 sicut
2893 3708 3004 3776 ipse
3053 3709 3307 3763 dixitm“
3358 3710 3537 3780 (Joan.
3578 3728 3633 3778 ι,
3673 3713 3783 3782 l8).

2202 3793 2345 3855 ,Bos.
2382 3792 2699 3846 Satisfecisti
2748 3794 2878 3847 mihi
2926 3794 3072 3848 illum
3104 3812 3207 3848 non
3248 3812 3404 3866 posse
3432 3800 3646 3867 probari
3678 3802 3786 3855 ulla

2225 3882 2544 3935 necessitate
2592 3891 2816 3936 mortem
2856 3884 3108 3950 subiisse;
3154 3903 3251 3940 nec
3301 3903 3386 3940 me
3432 3890 3674 3957 paenitet,
3726 3905 3791 3947 ut

2224 3972 2324 4025 hoc
2353 3971 2576 4036 faceres,
2612 3974 2970 4042 importunum
2999 3975 3091 4028 tibi
3116 3978 3403 4031 exstitisse.
3440 3977 3568 4031 ANS.
3592 3978 3791 4033 Osten-

2223 4061 2419 4125 dimus,
2472 4073 2530 4115 ut
2562 4072 2709 4130 puto,
2760 4072 2962 4118 certam
3021 4065 3301 4130 rationem,
3352 4068 3617 4134 quomodo
3646 4069 3791 4124 Deus

2223 4134 2571 4218 assumpscrit
2600 4152 2866 4206 hominem
2899 4154 3011 4206 sine
3041 4164 3258 4222 peccato
3284 4157 3349 4208 de
3379 4138 3551 4210 massa
3590 4142 3809 4224 pect-a-l

498 4262 509 4265 '
546 4264 687 4312 esse,
717 4249 968 4318 quoniam
1015 4248 1095 4302 sic
1128 4246 1367 4301 futurum
1419 4257 1574 4301 erat:
1612 4247 1912 4316 hujusmodi
1935 4254 2114 4300 autem

2231 4241 2390 4305 lriee;
2431 4243 2522 4294 sed
2562 4256 2895 4309 nequaquam
2942 4244 3240 4311 negandum
3274 4245 3481 4298 aestimo
3503 4246 3661 4299 aliam
3688 4245 3786 4278 '3"

545 4338 838 4392 necessitas
872 4353 979 4391 non
1012 4337 1153 4405 cogit
1178 4352 1289 4389 rem
1314 4351 1461 4402 esse;
1493 4335 1585 4389 sed
1616 4349 1735 4389 esse
1760 4336 1833 4390 rei
1871 4334 1998 4389 facit
2026 4350 2120 4389 nc-

2227 4344 2347 4385 esse
2376 4338 2569 4399 prtcter
2596 4333 2777 4397 istam,
2811 4346 2970 4400 quam
3000 4333 3267 4399 diximus;
3301 4344 3522 4403 excepto
3544 4336 3634 4369 ’⁸⁷⁸
3658 4337 3787 4405 Ιιοε,

1792 4494 2018 4549 vanus:
2038 4454 2441 4548 LECTIONES.

617 4614 710 4647 ’⁸⁸⁸
762 4610 996 4667 Perfecit
1056 4610 1199 4678 quod
1253 4625 1377 4661 mss.
1428 4608 1589 4678 Joiy.

545 4743 724 4812 credit
771 4752 928 4809 illum
1064 4743 1532 4801 1"mdioriturum
1602 4762 1726 4797 mss.
1798 4743 1962 4813 Jolg,

1662 4605 1797 4659 Vict.
1866 4604 1923 4660 S.
1978 4605 2138 4658 Mich.
2191 4604 2377 4657 Cister.
2426 4616 2471 4657 et
2523 4603 2672 4656 Edit.
2719 4601 2872 4657 Col/1.

545 4687 680 4749 vult,
731 4683 858 4738 fecit
907 4697 1032 4736 mu.
1074 4673 1254 4749 'Joly,
1304 4677 1438 4749 Vict.
1487 4673 1544 4729 S'.
1586 4675 1747 4729 Miclt.
1812 4686 1888 4749 gt_
1918 4673 2269 4749 Edit_.-__Goth.
2316 4674 2467 4739 Quod
2517 4673 2648 4749 vult,
2703 4675 2832 4727 facit

2034 4743 2165 4795 Vict.
2228 4759 2347 4797 esse
2415 4744 2735 4796 moriturum

2946 4607 3150 4674 perﬁcit
3198 4607 3337 4674 quod
3482 4607 3570 4638 '3"
3630 4607 3788 4673 Quod

2971 4676 3065 4706 ’⁸³⁸
3089 4676 3404 4730 Credidcrit
3452 4675 3595 4728 illum
3652 4694 3783 4732 mss.

2971 4763 2973 4769 ν
3033 4743 3182 4797 Ollod
3258 4745 3376 4797 dico
3438 4761 3561 4797 mss.
3645 4744 3781 4797 Vict.

3690 4758 3781 4799 θοι.

3198 4607 3337 4675 quod

2878 4743 2973 4775 ’3“
3033 4743 3182 4810 Quod
3258 4745 3376 4798 dico
3438 4761 3561 4797 mss.

4164 3668 4165 3755 l

4161 4268 4165 4325 ⁴

543 4810 687 4895 .ibly,
720 4823 844 4892 quia
873 4817 1163 4895 dicom’f‘:
1188 4818 1551 4895 Prtecesserat
1575 4831 1698 4866 mss.
1728 4813 1877 4895 .lolyl1
1893 4810 2058 4895 'Vict'.‘
2077 4814 2132 4866 5.
2162 4811 2309 4895 (freni.
2361 4810 2511 4895 Hec.“
2534 4822 2926 4895 piloce'sserant‘
2956 4830 3054 4866 ms.
3099 4812 3284 4867 Cister.
3325 4813 3563 4895 ξίηιζιίὶς,
3620 4811 3781 4895 (iam,

546 4878 937 4966 praeces-serant
1006 4888 1101 4919 ’⁸⁸⁸
1264 4886 1347 4966 sic
1368 4894 1472 4966 est,
1500 4899 1620 4965 cunt
1683 4878 1983 4966 nus'flﬂem.
2008 4882 2138 4966 .Bec.
2171 4880 2382 4966 ῑξίειεηει
2409 4878 2552 4966 fidit.
2581 4878 2733 4966 Coiﬁ.
2765 4883 2858 4966 sed
2898 4883 2974 4943 ﬁt,
3006 4893 3088 4935 est
3138 4898 3258 4936 cum
3335 4882 3447 4966 ’λεῖπ’
3480 4882 3709 4966 Aliquid
3730 4893 3786 4938 lc

544 4950 641 5018 ius.
682 4962 815 5018 Vict.
847 4959 984 5013 alius
1008 4966 1061 5011 te
1137 4956 1233 4987 ’⁸⁸⁸
1264 4954 1413 5007 Facit
1437 4953 1577 5020 loqui
1628 4968 1725 5003 ms.
1756 4951 1879 5019 1on
1905 4954 2046 5018 cogit
2073 4952 2214 5016 loqui
2246 5018 2268 5020 ᾼ
2289 4951 2382 4982 ’⁸⁸9
2412 4950 2674 5020 Quicquid
2700 4959 2802 5010 est,
2833 4965 3052 5005 necesse
3074 4961 3154 5004 est
3181 4966 3320 5005 csse.
3352 4950 3609 5017 Quicquid
3638 4952 3782 5004 fulu-

544 5049 663 5087 rum
687 5017 791 5092 est,
827 5042 1049 5083 necesse
1072 5034 1157 5079 est
1187 5024 1425 5076 futurum
1453 5017 1633 5075 fuisse.
1654 5022 1792 5074 '“tI‘C
1822 5017 1902 5092 est
1957 5017 2054 5071 etc.
2079 5036 2204 5071 mss.
2229 5018 2375 5071 Gem.
2400 5017 2530 5092 _l.'cc.
2563 5019 2813 5092 quicquid
2840 5030 2921 5073 est
2947 5034 3163 5092 necesse
3187 5030 3266 5092 est
3292 5034 3411 5073 esse
3431 5037 3464 5092 _;_
3482 5029 3535 5092 et
3562 5032 3783 5092 necesse

542 5084 888 5157 estfutllrum
918 5098 1081 5151 fuisse
1112 5093 1365 5163 quiequid
1395 5091 1631 5144 fututum
1668 5100 1768 5141 est.
1802 5090 1924 5142 llzcc
1951 5099 2035 5163 est
2074 5099 2173 5141 etc.
2204 5105 2329 5163 mss.
2382 5087 2527 5163 Jolg,
2550 5084 2721 5163 _Vict_.;
2750 5087 2935 5163 δέδιεν.
2995 5087 3051 5142 S.
3101 5088 3260 5142 Miclt.
3318 5099 3367 5141 et
3420 5088 3561 5140 Edit.
3619 5084 3777 5163 (ξοιιδ.

543 5155 811 5238 Quicquid
848 5177 947 5238 est,
974 5155 1193 5218 uecesSc
1217 5155 1299 5215 εέι
1327 5176 1444 5238 esse
1460 5169 1561 5238 ,σει
1592 5174 1812 5212 necesse
1841 5168 1922 5211 est
1947 5158 2188 5238 futurum
2228 5155 2721 5238 Afui_s_s~e,nQuicquid
2780 5158 3014 5209 futurum
3037 5166 3218 5238 "est,_
3234 5172 3474 5238 11800388.
3521 5164 3601 5208 est
3632 5156 3780 5238 fotu:

540 5222 873 5294 Milium.
904 5222 1025 5286 litrc
1052 5245 1132 5287 est
1158 5244 1255 5285 etc.
1331 5231 1423 5261 ²⁸⁷⁰
1460 5222 1522 5283 Ut
1554 5238 1747 5281 tractat
1776 5244 1898 5281 mss.
1930 5228 2018 5279 tibi
2045 5234 2243 5278 tractat
2314 5226 2403 5254 ’³⁷³
2431 5222 2631 5277 Omnia
2651 5240 2767 5277 esse
2790 5241 2853 5277 ex
2908 5243 3004 5278 ms.
3037 5225 3171 5277 Vict.
3199 5227 3283 5280 i9.
3331 5226 3509 5279 omnia
3540 5240 3605 5277 ex
3642 5224 3780 5294 7"3"

544 5292 635 5361 vel
668 5305 953 5375 Pl-oplletia
984 5318 1080 5353 ms.
1110 5302 1230 5375 J_oly
1256 5310 1310 5354 et
1336 5300 1634 5375 Proplletia‘
1663 5297 1827 5375 “13':
1868 5296 1980 5375 μου
2035 5295 2351 5347 necessitate
2404 5295 2695 5375 ιιιοτιιιιξιιξ
2742 5310 2873 5375 mss.-
2918 5294 3059 5375 Joly_,
3095 5294 3226 5375 Vict.
3288 5294 3473 5347 Cister.
3526 5292 3774 5375 tif-ﬁdit.

541 5376 696 5429 Galli.
723 5361 826 5428 ιιὸιι
854 5390 922 5427 ex
951 5361 1271 5425 necessitate
1295 5361 1589 5422 moriturus
1663 5367 1758 5396 ’⁸⁷⁵
1788 5366 2124 5418 Volllntatcm
2152 5377 2277 5430 ergo
2305 5379 2426 5415 mss.
2486 5372 2532 5413 et
2570 5361 2709 5430 fidit.
2752 5362 2907 5416 Galli.
2958 5361 3284 5417 voluntatem
3339 5378 3463 5413 vero
3534 5362 3628 5393 ³⁸⁷⁸
3676 5361 3770 5415 Sic

542 5448 729 5514 utique
756 5451 939 5509 mss.et
970 5439 1114 5492 Edit.
1133 5437 1287 5514 (iolla.
1306 5439 1577 5514 sicitaquc
1650 5437 1745 5467 ’⁸⁷⁸
1773 5434 1923 5488 Sicut
1951 5435 2061 5502 ipse
2082 5429 2350 5514 ‘tliCiliit'ss.
2370 5429 2626 5514 Cistuerﬁ.
2649 5431 2809 5514 ΜίεΙι.ἱ
2830 5432 3234 5511 sicutipsodixit
3304 5432 3395 5463 ’⁸⁷⁷
3415 5431 3774 5514 Εειιιιίιαιιὲιιιι

540 5500 843 5582 negandum
872 5512 1100 5574 testimo,
1127 5507 1283 5561 aliam
1312 5522 1418 5559 mss
1444 5500 1584 5574 my.
1616 5520 1952 5574 nequaquam
1972 5500 2187 5556 aestimo
2214 5501 2370 5553 aliam
2446 5500 2537 5530 ³³⁷⁸
2561 5500 2727 5562 Quam
2759 5500 3010 5565 diximus,
3040 5510 3263 5571 excepto
3287 5518 3385 5557 ms.
3410 5500 3589 5556 Cister.
3608 5513 3774 5567 quam

540 5579 795 5648 diiilnus,
826 5579 1108 5646 rationem,
1135 5584 1357 5644 excepto
