4240 6198
457 240 564 300 869

1670 238 1940 297 DIALOG.
1986 236 2059 293 DE

2118 234 2457 293 VERITATE
2910 210 2913 225 ’
3106 290 3107 293 γ
3410 206 3411 215 γ
3592 236 3695 289 ...δ

384 348 389 359 “’
458 367 566 408 non
596 352 697 407 fuit
722 352 825 410 hoc
853 366 1059 419 verum,
1089 351 1312 418 scilicet,
1359 352 1482 423 quia
1515 350 1751 407 biturum
1780 360 1896 407 erat
1925 351 2023 405 ali-
2056 362 2098 415 Α
2128 349 2255 417 quia
2285 363 2408 401 cum
2439 345 2708 418 signiﬁcat
2755 348 2846 380 ⁸³³⁸
2871 360 3008 411 esse,
3041 348 3183 418 quod
3213 356 3290 401 cst
3322 392 3331 411 ,
3384 356 3509 403 tunc
3535 360 3612 415 est
3642 353 3693 402 in

458 444 585 513 quid
620 462 632 498 :
664 452 758 498 aut
781 443 997 511 quando
1047 445 1276 508 desinet.
1305 454 1379 501 et.
1403 461 1506 500 non
1547 445 1649 500 erit
1689 446 1791 500 hoc
1813 459 2022 507 verum,

366 558 371 563 ο
456 550 485 591 s
517 535 688 598 licet,
720 534 844 604 quia
876 534 1207 602 prmteritum
1238 536 1343 591 erit
1382 536 1603 607 aliquid.
1628 536 1780 603 Quod
1810 537 1857 591 si
1880 551 2022 599 pneu-

458 636 602 680 trum
631 625 855 679 istorum
892 623 1116 694 cogitari
1143 633 1336 696 potest,
1384 635 1440 680 et
1480 636 1765 697 utrumque
1803 626 1907 682 hoc
1932 625 2026 657 ³⁸⁵⁸

457 733 644 771 ventur
676 716 793 771 sine
816 716 1045 771 veritate
1070 732 1188 772 esse
1228 733 1337 771 non
1367 727 1561 786 potest,
1592 717 1919 786 impossibile
1944 725 2029 771 est

356 870 357 873 η
459 806 538 861 vel
564 807 804 875 cogitare
832 808 972 877 quod
1004 808 1204 861 veritas
1229 806 1568 877 principium,
1614 818 1703 862 aut
1732 806 1891 862 ﬁnem
1921 804 2029 877 “ha-

372 928 375 929 ν
458 897 602 951 beat.
635 896 875 968 Denique
908 896 953 950 si
987 897 1188 950 veritas
1229 896 1413 951 habuit
1438 897 1783 966 principium,
1814 892 2028 952 autha-

454 986 812 1052 bebitﬁuem,
844 994 1137 1056 antequam
1186 987 1297 1056 ipsa
1354 987 1637 1057 inciperet,
1684 1002 1867 1043 verum
1911 996 2030 1041 erat

452 1086 583 1129 tunc
609 1076 736 1144 quia
782 1090 886 1130 non
912 1064 1032 1131 erat
1068 1077 1304 1143 veritas;
1342 1083 1398 1145 et
1430 1086 1712 1148 postquam
1755 1076 1903 1131 ﬁnita
1935 1076 2027 1111 ’3"

451 1165 579 1228 erit,
631 1181 813 1221 verum
857 1167 962 1222 erit
1001 1167 1126 1238 quia
1156 1153 1275 1223 'non
1323 1169 1427 1223 erit
1467 1169 1687 1224 veritas.
1739 1168 1896 1237 Atqui
1937 1180 2028 1221 ve-

456 1269 577 1309 rum
607 1253 702 1287 ³⁸⁸⁸
730 1270 835 1311 non
865 1264 1039 1326 potest
1065 1270 1187 1312 esse
1234 1256 1352 1313 sine
1403 1258 1667 1313 veritate:
1699 1267 1817 1311 erat
1871 1256 2031 1326 igitur

454 1339 697 1411 vei-itas,
748 1355 1035 1416 antequam
1083 1354 1228 1403 esset
1272 1349 1508 1411 veritas;
1558 1348 1624 1402 et
1679 1347 2026 1410 eritveritas,

456 1446 741 1507 postquam
770 1437 917 1492 ﬁnita
949 1438 1053 1494 erit
1093 1439 1295 1494 veritas
1320 1456 1340 1493 :-
1362 1441 1501 1508 quod
1534 1438 2030 1494 inconvenientissi-

456 1542 600 1581 nium
626 1534 734 1582 est.
781 1526 906 1583 Sive
956 1527 1119 1599 igitur
1151 1528 1362 1583 dicatur
1405 1529 1603 1583 veritas
1644 1528 1865 1592 habere,
1913 1526 2030 1596 sive

457 1617 784 1689 intelligatur
806 1634 910 1674 non
949 1619 1149 1674 habere
1188 1618 1510 1689 principium
1539 1619 1622 1697 vel
1664 1619 1850 1682 ﬁnem,
1882 1614 2029 1674 nullo

2129 456 2190 492 ea
2222 438 2441 504 veritas,
2471 446 2523 493 et
2548 448 2631 518 est
2654 453 2799 493 vera.
2831 438 2973 507 MAG.
3002 440 3078 493 Α‹Ι
3109 440 3234 515 quid
3267 439 3691 518 l'actaestamr-

2130 524 2293 585 matio
2313 529 2336 581 ἱ)
2358 531 2501 584 Dtsc.
2527 516 2623 583 Ad
2642 529 3049 599 signiﬁcandum
3078 546 3220 593 esse,
3244 519 3517 598 quodest.
3534 516 3696 603 llas.

2129 616 2239 674 iloc
2267 634 2395 690 ergo
2425 618 2627 674 debet?
2657 620 2798 673 Dtsc.
2844 618 3060 674 Certum
3092 628 3193 673 est.
3242 619 3535 688 M'.\c.,Cum
3570 634 3698 689 ergo

2128 711 2391 779 signiﬁcat
2439 725 2578 776 esse,
2641 711 2782 780 quod
2830 720 2953 775 est,
3011 711 3279 782 signiﬁcat
3326 713 3466 780 quod
3515 712 3695 783 debet.

2130 801 2277 855 Dtsc.
2306 799 2488 855 Palam
2517 810 2619 855 est.
2652 801 2788 857 MAG.
2816 802 2884 854 At
2912 817 3032 855 cum
3062 800 3329 875 signiﬁcat
3352 801 3494 871 quod
3518 790 3694 860 debet.

2129 898 2277 947 recte
2314 889 2602 963 signiﬁcat.
2643 890 2783 959 Disc.
2816 890 2890 944 lta
2922 902 3025 946 est.
3066 891 3221 949 MAG.
3247 893 3378 945 (,‘utn
3413 899 3590 944 autem
3622 892 3697 944 si—

2129 978 2348 1046 gnificat
2374 986 2520 1033 recte
2540 1019 2556 1044 ,
2596 988 2741 1053 recta
2771 988 2855 1033 est
2887 978 3254 1047 signiﬁcatio?
3286 980 3427 1033 litsc.
3473 977 3587 1033 Non
3616 987 3702 1034 est

2130 1062 2370 1117 dubiant.
2414 1062 2553 1119 MAG.
2601 1062 2889 1131 Cumergo
2920 1061 3187 1132 signiﬁcat
3222 1077 3351 1137 esse
3408 1063 3547 1131 quod
3583 1073 3698 1124 est,

2132 1160 2277 1207 recta
2306 1160 2387 1206 est
2414 1152 2792 1221 signiﬁcatio?
2836 1153 2978 1208 Drsc.
3016 1152 3088 1206 Ita
3113 1152 3370 1223 sequitur.
3400 1146 3514 1207 Mai;
3569 1154 3699 1208 ltem

2130 1255 2251 1294 Cum
2304 1242 2577 1311 signiﬁcat
2606 1258 2725 1297 esse
2756 1243 2895 1312 quod
2920 1246 3038 1308 est,
3072 1259 3196 1297 vera
3239 1256 3319 1297 est
3344 1244 3704 1319 signiﬁcatio?

2132 1330 2276 1387 Dtsc.
2314 1332 2447 1387 Vere
2467 1342 2520 1387 et
2545 1343 2687 1411 recta
2719 1342 2772 1386 et
2802 1322 2938 1388 vera
2982 1343 3086 1398 est,
3106 1350 3231 1395 cum
3267 1334 3535 1405 signiﬁcat
3558 1336 3561 1337 ⁷
3583 1352 3702 1389 esse

2131 1423 2273 1491 quod
2293 1431 2395 1477 est.
2422 1422 2560 1478 MAG.
2589 1423 2731 1478 idem
2761 1425 2925 1492 igitur
2958 1432 3039 1479 est
3066 1424 3161 1490 illi,
3191 1435 3243 1478 et
3273 1434 3492 1488 rectam,
3527 1435 3582 1479 et
3614 1442 3704 1479 vc-

2134 1526 2245 1565 ram
2293 1527 2431 1577 esse,
2477 1513 2529 1567 id
2578 1522 2687 1577 est,
2739 1513 3043 1584 signiﬁcare
3092 1514 3182 1546 ³³⁵⁷
3226 1530 3346 1569 esse
3388 1516 3532 1584 quod
3588 1518 3707 1571 est?

2134 1600 2276 1655 Dtsc.
2314 1600 2451 1656 Vere
2477 1602 2640 1656 idem.
2681 1600 2822 1657 Mao.
2867 1602 3009 1673 Ergo
3037 1620 3143 1657 non
3174 1613 3252 1659 est
3289 1604 3360 1658 illi
3394 1605 3534 1659 aliud
3565 1608 3709 1659 Veri~

453 1709 632 1764 cum“
666 1719 840 1780 pote“
870 1710 1070 1764 verius
1093 1711 1356 1781 principio
1387 1709 1468 1766 vel
1513 1690 1635 1765 “m5.
1670 1729 1688 1762 ,
1736 1709 1863 1765 ιιπο
1891 1719 1944 1765 ω
1973 1710 2028 1764 in
2065 1703 2102 1759 ῃ
2134 1696 2233 1752 tas,
2264 1703 2425 1781 quam
2470 1690 2755 1745 rectitudo.
2807 1690 2951 1745 Drsc.
2974 1692 3173 1760 Aperte
3202 1708 3344 1746 nunc
3375 1692 3527 1747 rideo
3555 1695 3701 1747 veri-

455 1800 758 1871 Monologio
790 1809 900 1855 tuo.
932 1800 1273 1871 Quapropter
1309 1801 1554 1856 veritatis
1599 1799 1971 1856 diﬁinitionem
1998 1816 2026 1855 a

444 1896 511 1945 te
542 1891 729 1946 audire
766 1891 857 1921 ³³⁸¹
889 1901 1164 1959 exspecto.
1212 1889 1350 1945 ΜΑα.
1375 1888 1490 1943 Non
1517 1890 1735 1944 memini
1770 1904 1854 1944 me
1883 1889 2030 1945 inve-

459 1980 605 2035 nisse
633 1978 1003 2035 diﬁinitionem
1041 1980 1286 2034 veritatis
1326 1994 1342 2033 :
1389 1979 1481 2034 sed
1512 1980 1556 2032 si
1593 1980 1692 2043 vis,
1725 1995 2029 2048 quan-amns

456 2086 556 2138 per
598 2086 773 2125 rerum
802 2070 1161 2136 diversitates,
1191 2071 1241 2124 in
1270 2071 1465 2140 quibus
1491 2070 1774 2125 veritatem
1802 2071 2031 2125 dicimus

453 2173 593 2222 esse,
623 2159 753 2228 quid
776 2160 842 2213 sit
874 2160 1095 2215 veritas.
1127 2158 1270 2214 Dtsc.
1303 2158 1361 2214 Si
1392 2158 1537 2213 aliud
1562 2175 1668 2215 non
1695 2168 1905 2244 potero,
1948 2158 2029 2213 vel
2058 2176 2063 2181 ·

456 2250 727 2305 audiendo
749 2250 970 2320 jnvabo.

1071 2361 1297 2417 CAPUT
1341 2332 1403 2415 rt.

456 2451 534 2523 De
578 2452 790 2535 veritate
828 2451 1249 2533 significationis,
1291 2460 1338 2533 et
1382 2451 1445 2532 de
1486 2450 1690 2506 duabus
1732 2447 2031 2507 seritatibus

1050 2532 1440 2575 enuntiationes.

530 2612 670 2667 MAG.
695 2612 1009 2679 Qumrarnus
1050 2627 1181 2682 ergo
1204 2612 1434 2681 primum
1478 2612 1607 2681 quid
1637 2611 1708 2667 sit
1734 2612 1936 2667 veritas
1974 2613 2027 2666 in

461 2703 831 2758 ermntiatione
859 2719 877 2759 :
905 2702 1156 2771 quoniam
1185 2703 1325 2756 hanc
1349 2702 1546 2771 saepius
1574 2702 1801 2757 dicimus
1829 2717 2031 2767 veram,

464 2792 546 2848 vel
578 2792 788 2847 falsam.
822 2792 965 2845 Dtsc.
1022 2790 1218 2858 Quaere
1246 2800 1333 2855 tu;
1366 2800 1422 2845 et
1448 2790 1707 2861 quidquid
1738 2792 2029 2858 inveneris,

455 2901 560 2952 ego
600 2883 919 2937 observabo.
955 2882 1090 2935 Mtte.
1135 2880 1363 2947 Quando
1397 2890 1483 2935 est
1522 2882 1823 2935 enuntiatio
1862 2884 2032 2937 vera?

459 2976 610 3029 brsc.
657 2974 879 3041 Quando
905 2982 991 3029 est
1033 2976 1175 3041 quod
1221 2976 1486 3037 enuntiat,
1531 2973 1644 3028 sive
1684 2971 2026 3036 afﬁrmando,

455 3070 573 3122 εἴη
602 3067 845 3135 negando
874 3083 887 3117 :
922 3065 1040 3119 dico
1067 3050 1213 3120 enim
1240 3058 1360 3120 esse
1383 3065 1524 3135 quod
1553 3064 1822 3128 enuntiat,
1864 3064 2029 3119 etiam

455 3157 673 3227 quando
711 3156 984 3224 “"negat
1012 3169 1130 3210 esse
1157 3155 1299 3225 quod
1329 3172 1432 3210 non
1455 3166 1537 3211 est
1556 3172 1570 3219 ;
1589 3155 1729 3225 quia
1759 3155 1837 3209 sic
1860 3170 2033 3209 enun-

460 3247 581 3303 tiat.
632 3244 798 3313 110-
838 3242 1287 3312 quemadmodum
1318 3258 1404 3298 res
1442 3253 1547 3297 est.
1594 3242 1733 3296 MAG.
1774 3244 1853 3295 An
1903 3258 2033 3312 ergo

460 3337 557 3391 tibi
590 3335 803 3391 videtur
831 3334 973 3404 quod
1018 3349 1104 3388 res
1150 3334 1427 3388 enuntiata
1458 3334 1530 3388 sit
1556 3334 1754 3389 veritas
1779 3334 2031 3388 enuntia»

462 3428 663 3482 tionis?
687 3426 830 3482 Druse.
856 3424 991 3480 Non.
1021 3425 1157 3481 Mss.
1186 3424 1406 3493 Quare?
1435 3426 1578 3480 DISC.
1612 3416 1745 3493 Quia
1796 3426 1926 3481 nihil
1950 3435 2034 3480 est
2120 3482 2123 3485 .

463 3531 671 3579 Verum,
723 3514 824 3569 nisi
874 3515 1244 3584 participando
1275 3515 1555 3569 veritatem
1610 3525 1723 3569 :et
1767 3515 1889 3569 ideo
1919 3517 2030 3569 veri

461 3605 660 3662 veritas
688 3606 782 3639 ³³⁸³
815 3607 867 3661 in
901 3606 1015 3674 ipso
1040 3621 1167 3659 vero
1194 3616 1302 3669 est;
1355 3622 1440 3660 res
1469 3622 1597 3661 vero
1624 3607 1899 3662 enuntiata
1925 3621 2031 3661 non

458 3707 543 3753 est
572 3697 624 3751 in
653 3696 1041 3751 enuntiatione
1055 3709 1204 3758 vera,
1247 3696 1388 3749 unde
1415 3711 1518 3750 non
1542 3697 1658 3765 ejus
1686 3698 1909 3760 veritas,
1939 3698 2033 3751 sed

458 3800 622 3841 causa
650 3784 895 3839 veritatis
921 3780 1034 3851 ejus
1060 3782 1283 3836 dicenda
1307 3791 1390 3838 est
1420 3782 1531 3835 "“;
1560 3782 1900 3851 Quapropter
1928 3797 2032 3838 non

462 3878 567 3933 nisi
594 3878 646 3931 in
680 3878 792 3946 ipsa
819 3876 1064 3930 oratione
1086 3873 1373 3945 quaerenda
1401 3874 1531 3928 mihi
1558 3876 1768 3929 videtur
1799 3872 1915 3940 eius
1947 3887 2035 3927 ve-

376 3996 379 3999 -
464 3968 614 4021 ritas.
651 3966 788 4019 Μλα.
821 3966 953 4020 Vide
979 3979 1108 4034 ergo
1136 3980 1203 4018 an
1235 3963 1347 4033 ipsa
1374 3964 1568 4029 oratio,
1612 3973 1705 4017 aut
1728 3964 1844 4034 ejus
1868 3964 2034 4033 signi-
2066 3956 2072 3967 ’

464 4057 675 4123 ﬁcatio,_
694 4065 787 4109 aut
825 4055 1025 4124 aliquid
1065 4069 1277 4119 eorum,
1302 4068 1421 4124 qua:
1462 4063 1589 4109 sunt
1621 4053 1673 4107 in
1713 4053 2036 4109 tlit'ﬁnitione
2067 4086 2079 4097 -

452 4146 867 4210 enuntiationis,
919 4148 1001 4201 sit~
1037 4145 1181 4217 quod
1225 4146 1461 4214 qureris?
1509 4146 1658 4200 Dtsc.
1710 4144 1826 4200 Non
1881 4154 2031 4215 puto.

466 4236 845 4303 Machuare.
898 4238 1041 4292 Brsc.
1084 4235 1218 4302 Quia
1242 4239 1285 4292 si
1317 4238 1419 4292 hoc
1464 4245 1627 4300 esset.
1658 4251 1872 4305 semper
1891 4247 2036 4293 esset

2134 1788 2294 1834 tatem
2344 1779 2482 1835 hanc
2514 1796 2632 1835 esse
2670 1782 3066 1837 rectitudinem.
3112 1783 3250 1838 ΜΑο.
3302 1784 3560 1839 Similiter
3598 1798 3703 1850 est,

2132 1884 2254 1925 cum
2296 1872 2389 1903 ³³⁸⁸
2421 1872 2721 1926 enuntiatio
2764 1872 3035 1941 signiﬁcat
3083 1889 3187 1927 non
3236 1889 3358 1927 esse
3402 1876 3543 1943 quod
3601 1892 3703 1930 noa

2132 1970 2233 2016 est.
2268 1963 2410 2017 Drsc.
2464 1963 2627 2018 Video
2652 1963 2793 2031 quod
2821 1964 2956 2019 dicis
3001 1982 3013 2017 :
3045 1964 3138 2018 sed
3173 1967 3304 2033 tloee
3339 1970 3423 2018 tne
3464 1966 3589 2035 quid
3624 1983 3713 2020 re-.

2131 2044 2394 2123 Spondere
2418 2055 2639 2123 possim,
2669 2056 2717 2109 si
2741 2056 2861 2125 quis
2890 2055 3031 2113 dicat
3056 2058 3196 2125 quod
3228 2057 3391 2111 etiam
3416 2073 3535 2110 cum
3568 2060 3713 2111 τηιξελ

2132 2141 2406 2210 signiﬁcat
2434 2156 2555 2199 esse
2606 2145 2747 2212 quod
2776 2159 2882 2198 non
2915 2153 3019 2207 est,
3051 2144 3315 2212 signiﬁcat
3338 2146 3476 2212 quod
3510 2146 3661 2198 debet
3687 2164 3700 2199 :

2132 2233 2337 2301 pariter
2360 2248 2591 2302 namque
2627 2235 2833 2303 accepit
2860 2234 3169 2304 signiﬁcare
3198 2250 3318 2289 esse
3344 2244 3396 2289 et
3437 2236 3577 2303 quod
3599 2248 3702 2300 es',

2131 2333 2184 2377 et
2210 2322 2353 2393 quod
2389 2339 2493 2377 non
2526 2333 2626 2378 est.
2662 2323 2792 2377 Nam
2825 2327 2867 2379 si
2918 2342 3033 2403 non
3055 2316 3358 2394 accepisset
3403 2327 3716 2401 signiﬁcare.

2133 2424 2272 2478 esse,
2296 2411 2459 2480 etiam
2484 2413 2622 2480 quod
2656 2427 2758 2465 non
2789 2423 2889 2479 est,
2926 2400 3033 2465 non
3060 2413 3111 2466 id
3140 2412 3487 2485 signiﬁcaret.
3520 2413 3703 2478 Quare

2100 2554 2103 2555 ν
2132 2501 2295 2555 etiam
2322 2514 2444 2556 eum
2473 2500 2888 2572 signiﬁcatesse
2939 2501 3082 2575 quod
3114 2516 3214 2554 non
3258 2509 3340 2555 est
3365 2541 3381 2566 ,
3403 2562 3407 2566 _
3431 2492 3709 2569 signiﬁcat

2132 2592 2272 2662 quod
2304 2593 2476 2647 debet.
2508 2592 2578 2645 At
2598 2662 2601 2665 _
2621 2591 2665 2645 si
2698 2591 2839 2660 quod
2867 2592 3020 2645 debet
3066 2591 3449 2667 signiﬁcando,
3475 2601 3615 2644 recta
3644 2588 3716 2652 ct,

2134 2698 2261 2737 vera
2293 2692 2373 2738 est
2400 2683 2536 2737 sicut
2565 2682 2841 2751 ostendisti
2867 2697 2881 2745 ;
2908 2696 3030 2733 vera
3062 2690 3144 2734 est
3168 2682 3361 2747 oratio,
3393 2683 3554 2736 etiam
3579 2671 3700 2738 cum

2134 2761 2380 2831 enuntiat
2406 2788 2527 2828 esse
2558 2772 2699 2843 quod
2730 2787 2834 2825 non
2863 2778 2965 2824 est.
3004 2770 3160 2834 Mar...
3181 2771 3313 2825 Vera
3358 2772 3571 2842 quidem
3597 2762 3700 2827 non

2134 2864 2273 2918 solet
2293 2863 2421 2927 dici,
2444 2878 2565 2915 curn
2596 2858 2864 2928 signiﬁcat
2891 2876 3011 2914 esse
3057 2863 3198 2931 quod
3226 2874 3435 2916 nonest
3460 2881 3472 2926 ;
3508 2865 3702 2916 verita-

2138 2962 2242 3007 tem
2278 2962 2452 3006 tanten
2488 2962 2541 3005 et
2592 2950 2973 3011 rectittulinetn
3022 2949 3198 3013 habet,
3230 2956 3353 3019 quia
3387 2955 3517 3007 facit
3563 2958 3703 3021 quot

2133 3044 2309 3098 debet.
2348 3043 2452 3099 Sed
2477 3057 2599 3097 curn
2628 3041 2896 3109 signiﬁcat
2943 3051 3063 3092 esse
3091 3042 3229 3108 quod
3252 3051 3334 3097 est
3356 3082 3371 3106 ,
3417 3043 3703 3112 dupliCiter

2132 3133 2261 3189 facit
2281 3133 2423 3208 quod
2448 3133 2644 3203 debet:
2676 3132 2930 3199 quoniam
2958 3132 3229 3203 signiﬁcat
3252 3142 3304 3186 et
3328 3135 3467 3203 quod
3497 3138 3704 3202 accepit

2133 3224 2461 3295 signiﬁcare,
2508 3223 2730 3293 etquod
2762 3221 2898 3275 facta
2937 3208 3039 3277 est.
3094 3222 3196 3276 Sed
3246 3225 3535 3277 secundum
3567 3225 3703 3277 hanc

2136 3298 2511 3373 rectitudinem
2544 3300 2595 3368 et
2632 3314 2934 3376 veritatem,
2967 3327 3071 3379 qua
3102 3310 3365 3381 signiﬁcat
3392 3328 3535 3378 esse,
3560 3314 3701 3382 quod

2133 3412 2345 3463 est‘usu
2377 3390 2521 3469 recta
2545 3413 2596 3457 et
2629 3416 2753 3456 vera
2782 3398 2980 3453 dicitur
3008 3394 3306 3456 enuntiatio
3333 3445 3345 3469 ,
3381 3417 3706 3457 non‘secun-

2135 3496 2258 3549 tlutn
2288 3495 2453 3560 illam,
2484 3511 2588 3564 qua
2629 3494 2893 3562 signiﬁcat
2936 3507 3073 3552 esse.
3096 3492 3261 3567 etiam
3288 3478 3428 3561 quod
3462 3494 3574 3548 non
3600 3506 3700 3552 est.

2136 3588 2262 3642 Plus
2308 3587 2450 3641 enim
2479 3588 2637 3640 debet
2680 3594 2895 3653 propter
2935 3584 3075 3652 quod
3106 3584 3312 3652 accepit
3353 3585 3701 3653 signiﬁcatio-

2137 3693 2283 3747 nem,
2312 3692 2472 3745 quanr
2524 3689 2742 3745 propter
2771 3674 2912 3745 quod
2941 3690 3068 3726 non
3123 3675 3348 3741 accepit.
3399 3676 3512 3729 Non
3560 3678 3701 3732 enim

2137 3770 2342 3841 accepit
2390 3768 2695 3838 signiﬁcare
2726 3782 2835 3820 rem
2870 3781 3009 3833 esse,
3058 3782 3179 3824 eum
3210 3782 3312 3819 non
3346 3770 3425 3821 est
3447 3808 3459 3831 ,
3489 3758 3703 3820 vcanu

2134 3875 2273 3925 esse,
2304 3874 2427 3913 cum
2452 3865 2571 3928 est;
2602 3856 2702 3911 nisi
2733 3857 2859 3926 quia
2892 3873 2996 3913 non
3019 3864 3193 3928 potuit
3223 3857 3294 3910 illi
3323 3858 3436 3909 dari
3463 3848 3587 3909 tunc
3612 3858 3704 3887 ⁸³⁵⁸

2136 3954 2472 4009 solummodo
2512 3949 2819 4023 signiﬁcare
2851 3964 2993 4014 esse,
3043 3952 3259 4019 quando
3303 3944 3429 4025 est,
3465 3949 3545 4023 vel
3600 3965 3714 4003 non.

2134 4060 2274 4104 esse.
2304 4041 2519 4111 quando
2572 4054 2675 4094 non
2711 4046 2817 4093 est.
2849 4038 2967 4094 Alia
3016 4039 3174 4110 igitur
3219 4027 3708 4111 estrectitudo‘et

2134 4137 2334 4192 veritas
2382 4131 2967 4207 enuntiationis,‘quia
3006 4130 3289 4201 signiﬁcat.
3319 4135 3383 4183 ad
3430 4131 3569 4198 quod
3612 4130 3704 4159 "‘°

2136 4210 2542 4296 signiﬁcandum
2582 4224 2721 4276 facta
2768 4230 2897 4293 est;
2947 4223 3049 4276 alia
3096 4236 3224 4291 vero
3270 4214 3395 4290 quia
3438 4220 3705 4291 signiﬁcat
3752 4210 3757 4213 ’

463 4346 588 4385 vera
628 4330 757 4393 ³³⁵⁸;
785 4327 1040 4398 quoniam
1066 4328 1499 4384 eader'n‘maneut
1532 4328 1735 4391 omnia,
1762 4343 1881 4398 quae
1904 4339 2033 4384 sunt

2137 4319 2279 4387 quod
2330 4317 2539 4386 accepit
2581 4316 2908 4386 signiﬁcare.
2958 4314 3163 4382 Quippe
3214 4313 3313 4366 ista
3361 4312 3733 4393 immutabilis

464 4423 517 4476 in
545 4422 930 4478 enuntiationis
956 4422 1305 4488 difﬁnitione;
1334 4430 1391 4478 et
1418 4414 1541 4478 cum
1568 4430 1671 4489 est,
1696 4422 1838 4491 quod
1860 4434 2031 4475 enun-

2134 4420 2217 4463 est
2248 4408 2348 4477 ipsi
2370 4406 2597 4460 orationi
2626 4422 2639 4467 ;
2676 4404 2951 4479 illavero,
2973 4401 3278 4455 inritabilis:
3316 4402 3452 4468 hanc
3476 4416 3704 4468 namque

466 4510 584 4574 tiat,
612 4518 667 4564 et
695 4524 815 4563 eum
844 4523 949 4563 non
977 4517 1059 4562 est
1086 4523 1100 4561 :
1135 4511 1321 4563 eadem
1353 4519 1435 4564 est
1463 4509 1608 4564 enim
1635 4508 1830 4570 oratio.
1857 4516 1908 4559 et
1935 4521 2029 4559 ea-

465 4598 587 4651 dem
608 4598 945 4666 signiﬁcatio,
968 4606 1022 4652 et
1042 4607 1234 4652 cetera
1255 4598 1522 4654 similiter.
1547 4597 1686 4652 ΜΑα.
1711 4597 1847 4664 Quid
1871 4595 2034 4667 igitur

468 4688 559 4745 tibi
590 4690 799 4744 videtur
844 4687 914 4743 ibi
946 4686 1184 4742 veritas?
1211 4687 1354 4743 Drsc.
1384 4685 1526 4742 Nihil
1571 4686 1714 4742 aliud
1744 4685 1885 4751 scio,
1925 4683 2028 4739 nisi

2136 4515 2351 4568 semper
2380 4497 2579 4561 habet;
2608 4496 2751 4550 illam
2788 4510 2916 4551 vero
2950 4509 3054 4546 non
3087 4506 3339 4559 semper:
3373 4492 3527 4544 istam
3558 4493 3703 4546 enim

2139 4589 2453 4646 naturaliter
2480 4589 2677 4648 habet;
2730 4586 2873 4640 illam
2921 4598 3069 4646 vero,
3102 4582 3500 4649 accitlentaiiter
3524 4592 3579 4636 et
3621 4600 3705 4636 se-

2140 4677 2382 4733 cundum.
2404 4660 2581 4731 usum.
2625 4674 2758 4729 Nam
2787 4673 3057 4735 eum‘dico
3084 4686 3095 4724 :
3133 4670 3251 4726 Dies
3280 4681 3386 4741 est,
3410 4671 3475 4725 ad
3503 4672 3705 4741 signiti-

1640 4905 1644 4909 ,
1704 4830 1935 4899 vam
1968 4806 2370 4900 Lscrtoatas.

523 5028 1667 5098 m"Utrumqnehorutnmas.utrumqueboe
1724 5024 2125 5098 “"APostquam
2144 5022 2316 5098 ﬁnita,
2335 5035 2518 5098 verum
2536 5019 2640 5075 erit
2657 5036 2751 5098 tua.
2768 5016 2823 5069 S.
2849 5016 3006 5091 illic/1.
3033 5028 3080 5069 et
3108 5017 3231 5098 fuit.
3250 5016 3701 5098 δέρω-..ριιδιιμιιξιιι

468 5100 614 5153 {inira
631 5084 976 5164 erit,':verum
1006 5101 1106 5153 erit
1137 5117 1233 5153 ms.
1261 5098 1382 5153 Bec.
1414 5084 1778 5166 6.'postquam
1805 5094 1953 5149 ﬁnita
1981 5084 2089 5166 erit
2104 5092 2304 5147 veritas
2324 5090 2561 5166 _At
2586 5090 2705 5157 quia
2731 5102 2913 5139 verum
2932 5084 3069 5166 justi.
3110 5084 3243 5166 Vict.
3350 5084 3525 5166 Mida:
3556 5087 3699 5149 atqui

470 5184 648 5239 verum
699 5154 811 5239 A’I’i.‘
840 5171 881 5222 A
914 5178 965 5223 te
991 5169 1175 5239 audire
1214 5185 1337 5239 mss.
1376 5154 1510 5239 Vict:
1532 5154 1654 5219 Βεεῖ
1683 5164 1872 5239 Cister.
1895 5179 1926 5216 a
1959 5163 2249 5239 te__discere
2322 5158 2418 5239 '2’
2444 5158 2570 5213 Dico
2596 5154 2771 5239 autem
2805 5155 3241 5239 quoduept't‘r‘tciat
3262 5164 3315 5207 et
3342 5154 3553 5239 quando
3576 5170 3699 5204 mss.

472 5237 595 5291 Dico
624 5236 915 5292 enirn-csse
945 5237 1385 5305 (IIIOti-cmllICial,
1408 5237 1570 5289 etiam
1607 5235 1821 5304 quando
1846 5250 1972 5287 mss.
2004 5229 2187 5305 Bec._l
2234 5239 2289 5305 et
2339 5226 2529 5305 Qister.
2558 5228 2725 5305 omitt.
2753 5224 3040 5305 esse“???
3068 5224 3132 5276 Et
3168 5224 3285 5275 ideo
3339 5224 3535 5274 veritas
3575 5239 3698 5271 mss.

474 5306 536 5357 t-Zt
556 5308 671 5359 ideo
709 5306 817 5358 veri
846 5292 1043 5359 vet-iias
1118 5306 1212 5337 "5"
1236 5292 1487 5359 Veritatis
1514 5292 1737 5359 dice-uda
1769 5311 1852 5357 est
1886 5319 2010 5363 mss.
2034 5294 2279 5354 veritatis
2335 5297 2450 5351 e‘us
2479 5296 2699 5351 dicenda
2721 5303 2802 5347 est
2875 5292 2966 5327 ³³⁸⁸
2997 5295 3220 5361 Semper
3255 5306 3371 5344 esse
3421 5306 3543 5342 vera
3577 5306 3699 5367 mss.

481 5371 610 5421 Vict-
652 5375 710 5421 S-
744 5374 898 5421 Mich.
944 5374 1060 5421 Bm
1097 5376 1129 5421 ιι
1162 5385 1208 5421 ει
1249 5376 1375 5421 edit.
1416 5373 1573 5421 (Iolla-
1602 5387 1819 5421 semper
1839 5387 1959 5421 esse
2005 5385 2131 5421 vera
2208 5368 2304 5399 ³³³⁸
2335 5314 2445 5421 [disi
2477 5381 2599 5420 cum
2641 5363 2908 5421 signiﬁcat
2964 5380 3089 5415 mss.
3142 5360 3242 5414 nisi
3297 5362 3419 5421 quia
3460 5374 3581 5411 cum
3629 5373 3699 5409 sr-

481 5371 610 5426 Vict.
652 5375 710 5429 S.
740 5374 898 5428 Mich.
944 5374 1060 5427 Βρσ.
1097 5376 1129 5428 6
1162 5385 1208 5428 et
1249 5376 1375 5427 edit.
1416 5373 1573 5428 Galli.
1602 5387 1819 5441 semper
1839 5387 1959 5426 esse
2005 5385 2131 5424 vera
2208 5368 2304 5441 9f“

2384 5367 2445 5422 isi
2477 5381 2599 5420 cum
2641 5363 2908 5433 signiﬁcat
2964 5380 3089 5433 mss.
3129 5358 3242 5414 'ttisi
3297 5362 3419 5428 quia
3460 5374 3593 5433 cuni

473 5426 707 5512 guiﬁcai
740 5426 847 5476 ’³³⁸⁷
892 5426 1081 5496 Verani
1256 5426 1653 5512 etsigniﬁcare
1669 5426 1806 5512 mss:
1829 5457 2014 5512 veram
2048 5453 2186 5512 esse,
2221 5438 2384 5512 idest
2410 5426 2718 5512 signiﬁcat?
2791 5432 2885 5463 ³³⁸³
2911 5431 3184 5512 Sil-Ulli“.
3210 5426 3330 5509 θυιιί
3384 5442 3517 5512 ῩΕΨ.
3553 5426 3703 5512 Ψηίῖ

475 5502 592 5563 liter
616 5521 697 5565 est
734 5530 855 5567 cum
932 5514 1021 5544 “5"
1047 5514 1120 5565 Illi
1150 5515 1277 5566 dare
1301 5502 1425 5567 tunc
1455 5531 1575 5567 mss.
1611 5513 1731 5565 Bac.
1767 5509 1909 5562 Gem.
1948 5508 2003 5563 S.
2046 5509 2209 5561 Mich:
2234 5505 2418 5562 fiislcr.
2465 5502 2547 5561 illi
2592 5502 2708 5557 dari
2760 5513 2882 5559 tunc

2958 5502 3048 5532 ³³⁶⁰
3088 5498 3221 5564 Quia
3262 5497 3519 5567 signiﬁcat
3558 5495 3701 5563 quod

476 5580 675 5651 accepit
701 5584 1021 5653 signiﬁcare,
1049 5593 1099 5637 ct
1132 5581 1195 5637 ad
1220 5583 1356 5652 quod
1374 5600 1505 5637 mss.
1541 5583 1663 5654 quia
1691 5582 1953 5654 signiﬁcat
1985 5580 2051 5634 ad
2077 5578 2216 5648 quod
