4240 6234
582 342 682 402 ιιι

1124 353 1180 407 S.
1221 348 1522 405 ANSELMI
1562 348 1917 405 caurum.
1947 347 2268 406 ARCillEP.
2302 350 2450 407 Ol’P.
2491 350 2670 408 PARS
2711 352 2798 406 1.-

1598 348 1917 405 IANTUAR.
1947 347 2268 406 ARCillEP.
2302 350 2450 407 Ol’P.
2491 350 2670 408 PARS
2711 352 2836 406 l.-
2863 353 3272 410 DOCllATlCA.

3709 361 3821 416 412

581 482 595 505 ο
618 461 812 514 antl'tm
835 477 953 516 esse
978 463 1117 530 quod
1139 472 1241 520 est.
1273 470 1417 516 recte
1448 469 1573 514 utor
1600 462 1757 528 huius
1785 461 2048 516 orationis
2080 463 2155 516 si-
2187 470 2228 525 Α
2261 466 2401 532 'luod
2428 462 2638 528 debuit;
2672 481 2942 534 nunquam
2963 478 3258 534 peccasset,
3287 467 3378 536 qui
3407 483 3532 533 non,
3570 471 3667 525 nisi
3703 490 3827 542 pee-

582 551 966 619 gniﬁcat’nue:
1010 552 1131 621 quia
1175 552 1242 606 ad
1283 551 1384 606 hoc
1434 551 1572 607 facta
1619 561 1731 614 est,
1781 560 1835 605 et
1877 553 1994 605 ideo
2026 560 2152 605 tunc

584 652 730 696 recte
759 640 958 694 dicitur
991 643 1318 712 signiﬁcare.
1367 644 1500 697 (tum
1550 659 1676 696 vero
1700 644 1886 696 eadem
1913 657 1974 695 or
2009 641 2153 694 tione

583 730 822 798 signiﬁco
848 729 966 784 esse
997 732 1138 801 quod
1167 749 1270 787 non
1300 742 1400 795 est,
1431 749 1532 786 non
1562 747 1620 784 ea
1656 739 1799 784 recte
1830 740 1949 784 utor
1979 749 1990 783 :
2027 732 2151 800 quia

581 834 683 872 non
716 821 779 871 ad
815 820 915 874 hoc
944 822 1081 876 ἴδη·ιί
1112 833 1188 878 cst
1212 842 1226 889 ;
1249 836 1304 877 et
1346 823 1545 877 idcirco
1571 832 1694 875 tunc
1726 838 1830 875 non
1874 832 2015 877 recta
2038 821 2153 890 ejus

576 905 898 976 signiﬁcatio
930 912 1129 966 dicitur
1155 928 1170 966 :
1201 913 1443 982 quamvis
1478 914 1528 965 in
1557 912 1876 979 quibusdam
1907 914 2152 967 enuntia-

575 1000 813 1057 tionibus
839 1005 1214 1076 inseparabilcs
1245 1006 1354 1059 sint
1376 1005 1488 1059 ista:
1516 1007 1633 1060 duce
1664 1006 2027 1067 rectitudines,
2057 1021 2150 1062 seu

574 1091 834 1148 veritates
863 1114 874 1148 :
916 1105 994 1160 ut,
1014 1109 1134 1148 cum
1162 1095 1393 1149 dicimus
1427 1113 1440 1149 :
1483 1094 1654 1149 Homo
1680 1095 1879 1149 animal
1909 1103 2005 1157 est,
2034 1102 2148 1160 aut,

577 1180 744 1235 Ilomo
788 1183 917 1252 lapis
963 1200 1066 1238 non
1114 1195 1216 1241 est.
1261 1184 1485 1256 Semper
1531 1187 1672 1240 enim
1717 1187 1830 1238 lucc
1859 1184 2148 1239 afﬁrmatio

574 1269 836 1338 signiﬁcat
865 1285 984 1325 esse
1015 1274 1157 1342 quod
1192 1282 1270 1328 est
1299 1291 1314 1332 :
1365 1282 1419 1328 et
1447 1275 1559 1326 haec
1603 1275 1834 1340 negatio,
1881 1288 1982 1327 non
2028 1288 2147 1327 esse

572 1358 712 1418 quod
743 1374 847 1411 non
897 1367 980 1413 est
1009 1377 1021 1411 :
1072 1378 1168 1416 nec
1203 1362 1286 1414 illa
1322 1344 1603 1429 possumus
1631 1361 1704 1413 uti
1733 1361 1799 1414 ad
1841 1360 2147 1431 signiﬁcau-

569 1446 694 1500 dum
728 1463 845 1502 esse
874 1442 1014 1521 quod
1063 1467 1164 1504 non
1191 1461 1304 1514 est;
1337 1465 1552 1518 semper
1583 1450 1727 1502 enim
1757 1451 1917 1504 homo
1946 1451 2148 1506 a:.imal

568 1544 684 1601 est;
717 1553 815 1592 nec
849 1539 946 1594 ista
989 1541 1056 1594 ad
1083 1537 1491 1610 signiﬁcandum
1519 1555 1623 1593 non
1668 1555 1809 1603 esse,
1846 1542 1985 1609 quod
2025 1550 2141 1606 est,

568 1626 697 1692 quia
749 1626 908 1685 homo
937 1634 1209 1697 nunquam
1251 1628 1385 1697 lapis
1430 1636 1532 1682 est.
1574 1629 1647 1683 De
1682 1628 1769 1682 illa
1790 1629 1962 1700 igitur
2005 1632 2146 1686 veri-

567 1724 701 1778 tate,
733 1732 888 1784 quam
938 1717 1098 1773 habet
1126 1720 1325 1785 oratio,
1351 1720 1646 1786 secundum
1690 1721 1830 1790 quod
1858 1721 2051 1790 aliquis
2078 1738 2140 1776 ea

2256 553 2447 615 cando,
2493 552 2772 607 veritatem
2803 555 3058 610 deseruit.
3111 555 3248 612 Mss.
3297 558 3390 612 Dic
3418 573 3546 627 ergo
3593 563 3719 629 quid
3750 564 3826 617 ibi

2256 643 2520 712 intelligas
2547 646 2822 700 veritatem
2847 647 2939 679 ’3“
2955 640 2986 701 ἴθ’
3008 649 3147 703 Dtsc.
3173 648 3401 704 Nonnisi
3429 653 3823 710 rectitudinetn.

2256 730 2386 785 Nam
2415 734 2457 785 si
2489 735 2724 802 quandiu
2756 735 2918 789 voluit
2948 738 3087 805 quod
3114 738 3317 803 debuit,
3357 741 3424 792 ad
3450 742 3590 809 quod
3621 757 3680 797 sc
3701 742 3828 798 licet

2255 823 2582 879 voluntatem
2606 835 2905 894 acceperat,
2939 827 2990 880 in
3013 829 3330 885 rectitudine
3351 839 3405 885 et
3428 833 3655 887 veritate
3678 834 3774 888 fuit
3804 851 3824 891 :

2253 921 2308 966 ct
2335 928 2455 966 cum
2487 915 2646 968 voluit
2679 916 2819 983 quod
2867 934 2971 971 non
3004 919 3204 977 debuit.
3247 923 3622 979 rcctitud'mem
3653 936 3704 980 et
3729 941 3826 982 ve-

2253 1002 2465 1056 ritaten
2503 1003 2729 1058 deseruit
2771 1020 2785 1057 :
2823 1022 2926 1060 non
2957 1007 3098 1060 aliud
3138 1019 3312 1077 potest
3352 1012 3422 1066 ibi
3465 1015 3682 1083 intelligi
3728 1022 3841 1071 ve-'

2253 1093 2405 1155 ritas,
2446 1105 2606 1161 quam
2649 1094 2946 1159 rectitude;
2991 1097 3242 1163 quoniam
3291 1097 3405 1153 sive
3446 1104 3666 1172 veritas,
3712 1105 3828 1161 sive

2253 1181 2517 1237 rectitude
2542 1223 2557 1246 ,
2605 1199 2708 1238 non
2758 1185 2901 1240 aliud
2945 1186 3144 1255 ineius
3190 1188 3471 1245 voluntate
3499 1191 3620 1259 fuit,
3652 1173 3825 1264 quam

2251 1271 2384 1326 velle
2406 1274 2546 1341 quod
2569 1273 2772 1330 debuit.

2874 1407 3100 1467 CAPUT
3133 1411 3193 1466 ν.

2335 1515 2410 1569 De
2439 1515 2658 1570 actionis
2708 1519 2963 1574 naturalis
3015 1531 3060 1574 et
3092 1539 3192 1575 non
3216 1524 3470 1578 naturalis
3495 1527 3722 1583 veritate.

2316 1629 2454 1686 MAG.
2497 1631 2641 1686 Bene
2671 1631 2941 1703 intelligis.
3000 1633 3193 1689 Verum
3247 1636 3298 1690 in
3348 1639 3559 1693 actione
3609 1655 3824 1710 quoque

2246 1719 2591 1775 nihilominus
2604 1722 2802 1776 veritas
2818 1724 3083 1778 credenda
3101 1733 3204 1788 est,
3227 1726 3365 1779 sicut
3389 1725 3643 1784 Dominus
3653 1729 3787 1784 dixit
3804 1752 3820 1783 ε

568 1813 714 1858 recte
749 1804 938 1868 utitur,
992 1808 1310 1876 inempimus
1341 1821 1620 1878 quaerere:
1654 1809 1907 1879 quoniam
1949 1826 2144 1865 secun-
2175 1800 2218 1858 Β
2249 1809 2382 1876 Quia
2411 1811 2498 1880 qui
2521 1810 2656 1864 male
2671 1812 2800 1880 agit,
2822 1813 2927 1865 odit
2947 1812 3246 1876 lucem;,et:
3273 1813 3374 1882 Qui
3391 1818 3514 1882 facit
3533 1818 3826 1886 verutum,

566 1896 692 1948 dum
734 1895 891 1961 hanc,
922 1895 1103 1952 v’eratn
1134 1911 1252 1951 eam
1293 1911 1412 1952 esse
1435 1896 1646 1966 judicat
1675 1914 1802 1954 usus
1841 1900 2142 1954 communis

564 1984 865 2040 luctuionis.
901 1987 976 2042 De
1006 1988 1088 2040 illa
1133 1999 1312 2042 autem
1340 1990 1571 2043 veritate
1611 2005 1772 2058 quam
1806 2007 1910 2045 non
1945 1991 2142 2046 habere

563 2087 670 2129 non
703 2084 901 2145 potest,
928 2087 1111 2148 postea
1145 2079 1406 2133 dicentes.
1462 2079 1607 2134 Dtsc.
1637 2081 1768 2135 Redi
1802 2081 1964 2150 igitur
1991 2083 2055 2135 al
2089 2082 2141 2136 id

562 2167 704 2234 quod
737 2167 1004 2238 incoepisti
1030 2183 1046 2222 :
1073 2170 1327 2240 quoniam
1351 2170 1679 2226 sufﬁcicnter
1699 2171 1827 2224 mihi
1845 2173 1984 2224 inter
2009 2171 2141 2226 duas

560 2257 819 2313 veritates
839 2259 1100 2314 orationis
1119 2260 1454 2325 discrevisti;
1486 2260 1528 2314 si
1561 2269 1743 2315 tamen
1763 2260 1994 2330 aliquam
2019 2275 2139 2313 eam

557 2348 840 2404 veritatem
869 2349 1170 2405 ostenderis
1197 2351 1418 2416 habere,
1447 2365 1570 2406 cum
1604 2351 1862 2406 mentitur
1883 2391 1896 2415 ,
1925 2351 2064 2406 sicut
2084 2361 2137 2404 ιιι

559 2439 712 2496 dicis.
744 2441 882 2496 Msa.
915 2441 989 2497 De
1015 2443 1240 2497 veritate
1266 2437 1703 2514 signiﬁcationis,
1729 2448 1794 2499 de
1822 2461 1926 2512 qua
1965 2444 2141 2500 inemo

555 2531 757 2603 pimus,
809 2531 1026 2588 interim
1071 2535 1171 2590 ista
1214 2535 1511 2589 sufﬁciant.
1561 2535 1760 2590 Eadem
1810 2536 1955 2590 enim
2000 2535 2143 2588 ratio

554 2618 822 2685 veritatis,
859 2639 1025 2693 quam
1058 2625 1110 2678 iu
1159 2627 1524 2695 propOsitioue
1554 2629 1703 2682 vocis
1741 2627 2138 2697 perspeximus,

553 2714 945 2769 (‘Onsideranda
977 2724 1062 2769 est
1093 2717 1146 2770 in
1175 2719 1425 2771 omnibus
1448 2719 1634 2787 signis,
1661 2734 1779 2788 qua:
1808 2720 1939 2772 ﬁunt
1973 2733 2035 2771 au
2060 2718 2136 2771 si-

553 2803 914 2873 gniﬁcandum
944 2806 1148 2874 aliquid
1173 2822 1316 2873 esse,
1346 2808 1427 2862 vel
1455 2824 1559 2862 nou
1590 2824 1731 2872 esse,
1765 2816 1823 2861 ut
1853 2816 1978 2862 sunt
2006 2807 2142 2861 scri-

555 2901 753 2959 pturae,
799 2894 882 2948 vel
918 2895 1205 2966 digitorum
1236 2897 1470 2966 loquela.
1518 2899 1659 2953 Dtsc.
1707 2898 1846 2969 Ergo
1874 2899 2040 2953 transi
2071 2899 2138 2952 ad

552 2982 679 3035 alia.

1180 3077 1408 3132 CAPUT
1437 3079 1520 3131 Ill.

1044 3165 1358 3222 De'veritate
1381 3169 1659 3237 apiniom's.

623 3253 763 3309 Mss.
799 3253 1190 3325 Cogitatioaem
1235 3272 1449 3325 quoque
1494 3257 1724 3313 dicinms
1755 3274 1962 3324 veram,
2012 3275 2134 3314 cum

553 3354 636 3398 est
659 3344 801 3411 quod
831 3352 929 3397 aut
954 3347 1164 3399 ratio:te
1191 3354 1286 3399 aut
1305 3345 1486 3414 aliquo
1513 3346 1672 3401 modo
1702 3358 1952 3416 putamus
1977 3341 2098 3402 esse
2118 3388 2135 3414 ,

553 3441 608 3486 ct
633 3433 845 3497 falsam,
879 3449 1003 3487 cum
1047 3435 1138 3467 ⁸⁸⁶¹
1171 3451 1276 3490 non
1319 3444 1430 3490 est.
1473 3437 1616 3490 Dtsc.
1669 3436 1747 3490 Ita
1788 3451 1916 3491 usus
1945 3436 2131 3490 habet.

554 3523 692 3578 MAG.
729 3525 867 3590 Quid
898 3540 1028 3596 ergo
1069 3526 1163 3598 tibi
1195 3527 1408 3582 videtur
1435 3530 1636 3582 veritas
1670 3528 1721 3581 in
1767 3529 2139 3598 cogitatione?

556 3612 705 3666 Dtsc.
730 3613 1033 3669 Secundum
1063 3617 1348 3680 rationem,
1376 3632 1536 3686 quam
1563 3617 1629 3671 de
1653 3619 2022 3687 propositione
2044 3619 2135 3650 ³⁸⁸⁸

554 3703 805 3765 vidimus,
854 3705 985 3758 nihil
1031 3707 1229 3761 rectius
1280 3709 1479 3761 dicitur
1521 3699 1739 3763 veritas"
1772 3710 2138 3777 cogitationis,

553 3807 716 3861 quam
749 3795 1176 3862 reetitudoejus.
1212 3795 1292 3848 Ad
1341 3795 1443 3850 hoc
1475 3812 1705 3867 namque
1755 3799 1906 3852 nobis
1953 3800 2135 3852 datum

552 3892 641 3938 est
665 3899 821 3954 posse
851 3887 1090 3955 cogitare
1117 3899 1259 3951 esse,
1289 3889 1369 3942 vel
1400 3903 1505 3942 non
1535 3903 1655 3942 esse
1684 3889 1884 3958 aliquid
1910 3908 1922 3943 :
1960 3899 2017 3944 ut
2049 3905 2139 3944 co-

554 3974 787 4042 gitemus
820 3985 966 4040 esse,
993 3975 1136 4044 quod
1159 3985 1246 4030 est
1271 4016 1290 4042 ,
1320 3986 1374 4031 et
1404 3992 1508 4032 non
1543 3993 1685 4042 esse,
1713 3980 1854 4047 quod
1882 3996 1988 4034 non
2030 3990 2132 4035 est.

557 4065 893 4134 Quapropter
911 4065 1013 4133 qui
1034 4074 1191 4136 putat
1205 4081 1347 4132 esse,
1371 4069 1513 4138 quod
1543 4078 1648 4135 est,
1679 4078 1831 4137 putat
1855 4071 1999 4139 quod
2039 4071 2135 4124 dc-

554 4154 665 4218 bet,
699 4164 863 4224 atque
893 4156 1014 4210 ideo
1051 4165 1197 4211 recta
1221 4167 1310 4211 est
1335 4145 1713 4227 cogitationsi
1753 4175 1882 4230 ergo
1924 4176 2049 4215 vera
2084 4170 2140 4214 et

556 4252 706 4297 recta
727 4253 811 4296 est
835 4243 1110 4312 cogitatio,
1133 4261 1240 4301 non
1271 4247 1350 4304 ob.
1368 4248 1536 4315 aliud,
1552 4264 1713 4317 quam
1739 4251 1862 4318 quia
1889 4261 2138 4318 putamus

555 4349 678 4387 esse
698 4337 840 4403 quod
866 4345 979 4400 est;
1016 4345 1110 4390 aut
1139 4353 1243 4392 non
1271 4352 1412 4402 esse,
1441 4340 1718 4408 quodnon
1759 4352 1840 4396 est
1870 4360 1892 4394 :.
1922 4357 2027 4396 non
2054 4352 2141 4401 est

556 4423 706 4479 aliud
730 4427 851 4494 ejus
867 4427 1088 4492 veritas,
1111 4443 1272 4496 quam
1311 4430 1602 4484 rectitude.

1176 4516 1402 4572 εΑιευτ
1434 4519 1519 4572 ιγ.

1019 4604 1094 4658 De
1122 4608 1333 4662 veritate
1367 4611 1674 4664 uoluntatis.

627 4691 773 4746 Mss.
799 4691 962 4746 ﬂecte
1007 4696 1337 4751 consideras.
1372 4699 1563 4754 Sedet
1604 4701 1655 4755 in
1697 4699 1973 4756 voluntate
2004 4703 2137 4758 dicit

558 4780 672 4847 ipsa
699 4780 910 4837 Veritas
937 4785 1215 4838 veritatem
1245 4800 1387 4852 esse,
1417 4802 1539 4841 eum
1569 4788 1700 4842 dicit
1730 4789 1999 4843 diabolum
2027 4807 2142 4845 non

560 4875 774 4929 stetisse
796 4876 847 4930 in
898 4877 1126 4932 veritate
1153 4878 1333 4948 (Joan.
1364 4893 1479 4947 vm,
1508 4881 1621 4950 44).
1673 4881 1787 4936 Non
1827 4882 1970 4934 enim
2018 4893 2134 4952 erat

559 4959 615 5015 in
639 4965 882 5029 veritate,
915 4981 1091 5035 neque
1120 4969 1356 5023 deseruit
1384 4972 1697 5036 veritatem,
1723 4971 1820 5024 nisi
1860 4971 1911 5024 in
1949 4971 2136 5023 volun-

561 5060 672 5106 tate
702 5053 815 5110 ³⁸⁸³.
841 5055 982 5111 υνδε.
1008 5059 1083 5112 Ita
1127 5060 1310 5112 credo.
1353 5059 1409 5113 Si
1449 5063 1592 5115 enim
1618 5077 1831 5131 semper
1855 5064 2134 5127 voluisset,

2245 1901 2378 1954 venit
2403 1901 2472 1952 ad
2495 1901 2658 1955 lucem
2675 1901 2855 1971 (Joan.
2876 1904 3060 1968 utﬁt),
3080 1905 3194 1974 21).
3229 1906 3368 1962 Dtsc.
3392 1908 3557 1973 Video
3573 1910 3712 1977 quod
3738 1909 3829 1964 di-

2243 1990 2341 2043 cis.
2367 1988 2510 2057 Ms‘c.
2529 1990 2819 2045 Considera
2843 1992 3147 2091 igituqqnid
3177 1995 3247 2048 ibi
3267 1995 3338 2051 sit
3354 1997 3572 2061 veritas,
3588 1999 3630 2052 si
3648 2007 3829 2066 potes.

2245 2078 2386 2132 Dtsc.
2421 2078 2532 2133 Nisi
2560 2079 2738 2145 fallor,
2764 2081 2950 2136 eadem
2978 2078 3180 2138 ratione
3205 2099 3306 2153 qua
3343 2101 3503 2158 supra
3537 2087 3822 2141 veritatem

2245 2167 2298 2221 in
2343 2166 2464 2222 aliis
2483 2170 2849 2238 cognovimus,
2887 2171 2938 2225 in
2959 2175 3166 2228 actione
3180 2188 3392 2243 quoque
3410 2177 3822 2245 contemplanda

2243 2265 2346 2310 est.
2402 2257 2540 2312 Msa.
2572 2257 2647 2312 lta
2677 2267 2778 2312 est.
2807 2258 2938 2312 Nam
2974 2261 3018 2314 si
3056 2262 3192 2316 male
3220 2278 3402 2332 agere,
3433 2272 3486 2318 et
3534 2267 3824 2321 veritatem

2242 2346 2422 2401 facere
2468 2350 2710 2418 opposita
2757 2359 2904 2415 sunt,
2941 2335 3080 2404 sicut
3108 2354 3340 2407 ostendit
3394 2346 3821 2410 Dominuscum

2243 2437 2398 2493 dicit:
2420 2439 2522 2504 Qui
2540 2439 2787 2508 maleagit
2809 2443 2914 2493 odit
2939 2441 3103 2496 lucem
3120 2444 3209 2505 ;'ct
3223 2457 3239 2495 :
3255 2442 3360 2507 Qui
3383 2444 3512 2511 facit
3528 2447 3822 2510 veritatem,

2243 2529 2379 2582 venit
2403 2528 2471 2582 ad
2495 2530 2691 2594 lucem;
2720 2531 2861 2585 idem
2882 2541 2982 2596 est,
3012 2537 3273 2587 veritatem
3307 2535 3504 2598 (acere,
3540 2536 3681 2603 quod
3711 2545 3820 2600 est,

2248 2617 2400 2684 ιιι
2435 2618 2571 2672 bene
2597 2619 2792 2674 facere.
2817 2620 2958 2675 Bene
2980 2638 3210 2693 namque
3234 2623 3412 2678 facere
3438 2624 3554 2688 ³³⁸⁸,
3580 2625 3647 2677 ad
3671 2623 3824 2678 male

2243 2706 2423 2762 facere
2446 2710 2779 2763 contrarium
2817 2721 2918 2765 est.
2953 2711 3289 2782 Quapropter
3338 2711 3382 2766 Si
3426 2713 3706 2768 veritatem
3737 2714 3826 2766 fa-
3874 2718 3877 2721 ’

2243 2814 2389 2867 cere,
2429 2812 2484 2856 et
2511 2803 2649 2857 bene
2687 2802 2867 2858 facere
2912 2803 3049 2858 idem
3091 2805 3296 2858 suntin
3327 2804 3681 2874 oppositione,
3711 2820 3821 2857 non

2241 2896 2367 2942 sunt
2387 2889 2596 2944 diversa
2623 2891 2675 2942 in
2704 2890 3096 2959 signiﬁcatione
3119 2909 3134 2945 :
3167 2894 3259 2947 sed
3290 2894 3555 2948 sententia
3582 2903 3666 2947 est
3693 2908 3820 2946 om-

2243 2977 2390 3031 nium
2416 2979 2540 3046 quia
2569 2978 2661 3046 qui
2695 2977 2820 3033 facit
2850 2980 2991 3047 quod
3025 2980 3201 3040 debet.
3235 2982 3370 3035 bene
3396 2981 3545 3041 facit.
3571 2991 3627 3034 ct
3654 2981 3824 3034 recti-

2245 3066 2483 3119 tudinem
2532 3064 2681 3120 facit.
2709 3066 2862 3121 Unde
2889 3069 3133 3134 sequitur
3172 3071 3313 3136 quod
3337 3070 3711 3124 rectiludinem
3741 3068 3829 3122 fa-

2241 3168 2366 3208 cere
2377 3153 2492 3218 ⁸³⁸⁸,
2510 3163 2594 3209 est
2613 3154 2794 3209 facere
2815 3157 3118 3210 veritatem.
3141 3158 3365 3212 Constat
3394 3174 3624 3227 namque
3637 3157 3822 3212 facere

2238 3244 2542 3309 veritatem,
2594 3260 2716 3300 esse
2759 3246 2896 3300 bene
2947 3246 3154 3312 facere;
3191 3257 3250 3301 et
3286 3249 3420 3302 bene
3465 3246 3665 3312 facere,
3695 3263 3824 3303 esse

2239 3335 2617 3390 rectitudinem
2663 3335 2863 3390 facere.
2895 3337 3072 3403 Quare
3106 3339 3237 3391 nihil
3261 3338 3499 3407 apertius
3534 3353 3692 3407 quam
3723 3353 3824 3391 ve-

2243 3425 2460 3478 ritatem
2492 3425 2742 3491 actionis,
2788 3440 2908 3481 esse
2954 3427 3352 3481 rectitudinem.
3397 3426 3540 3478 DtSC.
3583 3426 3640 3478 ιιι
3671 3425 3822 3482 nullo

2242 3516 2396 3570 video
2423 3516 2654 3570 titubare
2687 3517 3170 3573 considerationem
3197 3518 3287 3549 ³⁸⁸⁷
3340 3527 3505 3571 tuam.
3537 3515 3676 3571 Mss.
3719 3517 3814 3569 lit-

2239 3606 2386 3672 spice
2416 3620 2482 3659 an
2511 3606 2687 3660 omnis
2723 3607 2887 3671 actio,
2927 3622 3046 3674 qua:
3077 3606 3367 3676 facitquod
3396 3607 3574 3671 debet,
3613 3606 3809 3661 verita-

2242 3707 2348 3753 tem
2401 3696 2579 3751 facere
2609 3696 2994 3751 convenienter
3038 3698 3268 3751 dicatur.
3312 3697 3405 3751 Est
3449 3697 3646 3767 quippe
3670 3696 3819 3752 actio

2241 3791 2536 3854 rationalis,
2564 3798 2624 3844 ut
2675 3789 2806 3844 dare
2832 3790 3261 3860 elcemosynam;
3288 3799 3342 3844 et
3379 3798 3464 3842 est
3490 3779 3824 3844 irrationalis

2240 3883 2404 3947 actio,
2430 3890 2488 3934 ut
2514 3881 2658 3935 actio
2682 3880 2842 3950 ignis,
2863 3880 2952 3948 qui
2977 3880 3074 3910 ³⁸⁸⁸
3094 3878 3359 3934 calefacit.
3425 3879 3554 3933 Vide
3580 3894 3709 3948 ergo
3739 3896 3824 3933 an.

2241 3974 2624 4028 convenienter
2650 3960 2902 4029 dicamus.
2925 3973 3098 4043 ignem
3122 3971 3302 4028 facere
3332 3972 3646 4028 veritatem?
3664 3973 3811 4025 Dtsc.

2241 4063 2298 4117 Si
2331 4059 2470 4133 ignis
2494 4065 2562 4118 ab
2590 4079 2676 4129 eo,
2699 4080 2729 4117 a
2757 4079 2864 4132 quo
2895 4064 3057 4118 habet
3080 4078 3223 4129 esse,
3253 4063 3460 4134 accepit
3479 4062 3773 4127 calefacere
3793 4103 3813 4128 ,

2239 4169 2360 4208 cum
2397 4153 2665 4218 calefacit,
2713 4154 2841 4208 facit
2885 4152 3034 4221 quod.
3079 4153 3269 4209 debet.
3308 4153 3474 4224 Igitur
3513 4168 3619 4207 non
3655 4153 3814 4219 video

2240 4259 2359 4312 quas
2387 4244 2816 4299 inconvenientia
2866 4244 2937 4299 sit
2983 4245 3157 4314 ignem
3214 4243 3388 4299 [arcere
3433 4243 3710 4298 veritatem
3748 4253 3817 4304 es

2241 4333 2639 4401 rectitudinem,
2666 4321 2786 4389 cum
2833 4334 2958 4389 facit
2978 4334 3118 4404 quod
3143 4333 3321 4388 debet.
3356 4333 3495 4388 Μλο.
3520 4333 3645 4388 Mihi
3669 4347 3814 4402 quo-

2163 4445 2215 4504 D
2241 4439 2346 4494 que
2383 4423 2540 4478 aliter
2579 4439 2685 4478 non
2741 4426 2971 4479 videtur.
3029 4423 3178 4478 Unde
3221 4422 3573 4480 animadverti
3629 4431 3815 4490 potest

2244 4516 2622 4586 rectitudinem
2657 4531 2750 4570 seu
2791 4517 3071 4570 veritatem
3102 4514 3349 4575 actionis,
3380 4513 3538 4567 aliam
3563 4527 3686 4566 esse
3712 4525 3817 4566 ne-

2241 4607 2569 4672 cessariam,
2622 4606 2784 4661 aliam
2819 4621 2926 4660 non
2959 4606 3340 4659 necessariam.
3370 4604 3448 4658 Ex
3487 4603 3817 4659 necessitate

2241 4711 2476 4764 namque
2511 4699 2650 4766 ignis
2690 4695 2822 4749 facit
2848 4695 3130 4750 veritatem
3170 4703 3227 4747 et
3263 4693 3655 4753 rectitudinem,
3682 4707 3810 4747 cum

2240 4787 2529 4851 calefacit;
2558 4797 2613 4841 et
2640 4802 2748 4842 non
2774 4802 2841 4841 ex
2868 4787 3188 4844 necessitate
3233 4785 3361 4839 facit
3395 4785 3554 4848 homo
3584 4783 3808 4836 rectitu-

2239 4878 2418 4931 diuem
2465 4886 2520 4930 et
2551 4877 2853 4937 veritatem.
2886 4893 3005 4930 cum
3049 4878 3181 4930 bene
3220 4875 3347 4929 facit
3374 4893 3387 4927 :
3420 4874 3595 4927 facere
3623 4881 3806 4926 autem

2240 4987 2344 5023 non
2375 4971 2546 5024 solum
2596 4985 2690 5038 pro
2713 4985 2777 5023 eo
2820 4971 2961 5038 quod
3001 4969 3215 5037 proprie
3239 4967 3435 5021 dicitur
3465 4965 3665 5029 facere,
3707 4968 3808 5019 sed

2241 5078 2336 5128 pro
2390 5062 2533 5114 omni
2591 5061 2754 5114 verbo
2803 5062 3057 5114 Dominus
3096 5060 3261 5113 voluit
3310 5059 3624 5128 intelligere,
3679 5071 3810 5111 cum

1847 5254 2075 5308 VAllUE
2115 5252 2516 5309 LECTIONES‘.

630 5375 720 5420 ³³⁴¹
756 5387 819 5441 Et
851 5383 1065 5450 falsum,
1093 5405 1213 5442 cum
1261 5407 1385 5442 mss.
1441 5399 1487 5442 el
1533 5389 1661 5442 edit.
1707 5386 1859 5441 Gotlt.
1883 5399 1938 5444 et
1993 5389 2205 5451 falsam,
2241 5403 2361 5439 cum
2439 5387 2529 5418 ⁸³⁸³
2553 5387 2722 5453 Quam
2768 5388 2817 5441 in
2852 5387 3211 5456 propositione
3250 5402 3370 5439 mss.
3401 5398 3559 5453 quam
3591 5382 3658 5456 de
3677 5399 3811 5456 pro-

597 5457 824 5527 ositioue
857 5498 864 5503 .
897 5457 990 5489 ³²⁶³
1036 5459 1143 5510 Nisi
1198 5455 1465 5527 voluntate
1501 5475 1625 5512 mss.
1681 5459 1782 5510 nisi
1809 5460 1871 5527 in
1919 5459 2192 5512 voluntate
2266 5456 2357 5486 ³³⁵⁸
2397 5457 2532 5527 Quid
2585 5467 2636 5509 tu
2668 5455 2931 5527 intelligas

2974 5472 3069 5525 per
3100 5457 3374 5518 veritatem
3415 5471 3535 5507 mss.
3569 5453 3806 5525 quidiilti

600 5526 826 5594 ntelligas
867 5531 1146 5582 veritatem
1221 5526 1494 5595 ""bene
1532 5543 1764 5595 namque
1796 5526 1973 5582 facere
2001 5531 2065 5581 ad
2112 5528 2248 5579 male
2304 5544 2398 5581 ms.
2442 5525 2568 5580 Bec.
2610 5529 2641 5580 (5
2699 5523 2861 5581 hcne'
2895 5523 3122 5594 namque
3177 5527 3351 5595 facere
3393 5532 3448 5577 et
3495 5523 3668 5595 male
3709 5524 3809 5595 “5‘

562 5594 955 5660 Rectitmlinem
986 5596 1186 5652 facere.
1218 5596 1280 5648 Ι).
1330 5594 1382 5646 In
1421 5612 1542 5648 mss.
1584 5594 1976 5651 rectitudincm.

2064 5599 2152 5632 ³⁸⁵⁷
2181 5599 2238 5651 Ι).
2271 5597 2324 5648 lu
2370 5597 2776 5650 :estitnationem
2815 5613 2937 5649 mss.
2979 5591 3453 5650 considerationem
3525 5591 3615 5623 ³³⁸⁸
3643 5592 3820 5649 Actio.

565 5663 704 5731 ignis
729 5665 818 5732 qui
851 5676 974 5732 mss.
1005 5667 1176 5730 actio;
1213 5679 1269 5717 ut
1297 5664 1438 5718 actio
1469 5666 1629 5733 ignis,
1658 5667 1744 5732 qui
1798 5684 1891 5718 ms.
1947 5667 2064 5717 lica.
2110 5677 2164 5718 ut
2196 5670 2334 5719 actio
2378 5668 2530 5736 ignis,
2585 5683 2701 5734 qua:
