4240 6244
458 359 564 415 475

1672 352 1939 412 DlALOC.
1982 355 2067 412 DE
2100 352 2471 443 ventitare.

3597 350 3702 405 471

460 470 592 525 dixit
621 466 872 538 quoniam
893 467 984 498 ⁸³⁸⁵
1013 466 1100 534 qui
1147 466 1273 535 facit
1321 465 1582 518 reritalcm
1611 467 1740 520 renit
1772 468 2029 524 adiacent
2060 473 2103 527 A
2133 467 2286 531 fallit,
2329 484 2433 521 non
2488 466 2558 521 illi
2607 466 2865 520 mentitur
2918 466 3174 522 exterior.
3219 465 3370 530 Quod
3413 464 3700 534 aliquando

461 559 642 631 (Joan.
672 576 754 622 tu,
786 557 898 628 2|).
926 557 1039 612 Non
1066 559 1206 610 enim
1235 567 1444 624 separat
1473 557 1616 610 ῑΙΙιιιιι
1645 559 1713 610 :tb
1751 558 1852 611 hac
1885 552 2026 611 veri-

461 658 570 703 tate
598 649 712 703 sive
755 648 872 702 lucc
909 647 1038 709 "7°;
1084 645 1172 712 qui
1217 645 1417 713 patitur
1444 647 1866 714 persecutionem
1908 661 2030 714 pro-

457 749 578 808 pter
622 739 916 810 justitiam;
970 744 1062 789 aut
1108 735 1198 804 qui
1234 745 1337 797 est,
1376 736 1611 804 quando,
1657 747 1710 789 et
1752 735 1840 789 ubi
1871 737 2027 788 debet

453 844 601 895 esse;
633 839 726 885 aut
755 829 844 898 qui
875 836 1002 890 stat,
1031 825 1110 880 vel
1141 827 1312 887 sedet.-
1340 828 1553 894 quando
1579 828 1737 881 debet
1757 869 1770 888 ,
1796 839 1848 881 et
1881 829 2026 881 simi-

455 921 546 978 lia.
591 922 778 977 Nullus
821 933 1054 987 namque
1087 919 1214 972 dicit
1249 918 1380 971 tales
1412 933 1514 971 non
1560 917 1695 971 bene
1737 915 1932 970 facere.
1965 917 2029 970 Et

453 1029 575 1070 cum
607 1013 738 1066 dicit
777 1010 1063 1080 Apostolus
1091 1011 1217 1078 quia
1248 1010 1452 1078 recipiet
1498 1009 1848 1078 unusquisque
1874 1019 2024 1076 prout

453 1105 607 1175 gessit
633 1101 715 1172 (11
741 1101 863 1154 Cor.
893 1115 947 1164 ν,
982 1100 1069 1163 10)
1093 1139 1109 1162 ,
1137 1099 1540 1169 intelligendum
1570 1099 1638 1152 ibi
1663 1110 1743 1152 est
1766 1097 2022 1166 quidquid

453 1195 691 1250 solemus
747 1191 927 1245 dicere
980 1190 1117 1244 bene
1164 1189 1344 1244 facere
1374 1185 1490 1253 ³⁸⁷⁸,
1529 1187 1613 1240 vel
1658 1186 1794 1241 male
1827 1187 2021 1240 facere.

456 1285 600 1338 Disc.
639 1281 776 1339 Usus
801 1296 1016 1350 quoque
1042 1280 1342 1335 communis
1377 1279 1664 1333 locutionis
1707 1278 1810 1333 hoc
1841 1279 2024 1342 habet,

453 1381 513 1428 ut
541 1380 598 1428 et
644 1373 778 1442 pati,
809 1380 862 1426 et
891 1371 1054 1426 multa
1086 1371 1189 1424 alia
1224 1371 1368 1425 dicat
1398 1370 1596 1435 facere,
1621 1385 1740 1440 qua:
1772 1386 1874 1424 non
1902 1378 2028 1424 sunt

455 1465 650 1519 facere.
680 1465 860 1530 Quare
906 1472 1105 1517 rectam
1146 1477 1357 1532 quoque
1393 1462 1740 1523 voluntatem,
1776 1462 1841 1516 de
1872 1462 2026 1530 cujus

453 1557 704 1619 veritate,
736 1564 863 1609 ante
892 1556 1174 1608 veritatem
1200 1554 1451 1621 actionis,
1486 1569 1646 1623 supra
1680 1553 2024 1621 contemplati

453 1658 663 1710 sonus,
701 1645 842 1698 inter
866 1654 1042 1699 rectas
1073 1645 1332 1706 actiones,
1365 1644 1469 1697 nisi
1513 1643 1686 1708 fallor,
1714 1651 2026 1710 computare

449 1728 757 1804 pessumus.
792 1734 928 1790 MAG.
970 1733 1084 1789 Non
1115 1733 1330 1789 falleris.
1363 1735 1492 1788 Nam
1522 1734 1612 1802 qui
1641 1733 1750 1789 vult
1776 1735 1914 1802 quod
1939 1733 2028 1788 de-

2131 561 2288 616 facile
2343 560 2709 631 cognoscitur,
2751 561 3041 629 aliquando
3097 559 3332 614 diﬂlcilc.
3371 557 3504 613 Cum
3556 558 3700 611 enim

2129 668 2261 723 puer
2311 651 2464 706 timet
2516 653 2780 722 sculptmn
2831 652 3120 705 draconem
3159 650 3345 724 aperto
3385 663 3480 704 ore
3505 687 3521 713 ,
3549 647 3704 704 facile

2129 744 2471 812 cognoscitur
2493 743 2615 810 quia
2658 741 2760 796 hoc
2806 757 2910 795 non
2944 739 3072 795 facit
3098 738 3266 807 visus,
3288 737 3532 810 qui'nibil
3559 741 3701 793 aliud

2128 848 2292 900 puero
2323 834 2618 894 renuntiat,
2660 848 2819 902 quam
2851 831 3071 887 senibus
3091 872 3106 895 ,
3136 831 3230 885 sed
3259 831 3480 899 puerilis
3511 846 3705 886 sensus

2128 919 2369 981 interior,
2400 919 2489 988 qui
2517 921 2749 972 nomium
2778 921 2911 974 bene
2939 920 3042 974 scit
3069 913 3375 972 discernere
3409 916 3552 972 inter
3586 934 3702 973 rem

2126 1015 2180 1059 et
2211 1008 2284 1060 rei
2315 999 2740 1060 sitttilittitlitteiii.
2772 1005 2901 1059 Tale
2931 1017 3011 1061 est
3055 1022 3178 1063 eum
3204 1005 3300 1037 ⁸⁸⁷³
3332 1005 3574 1061 videntes
3599 1007 3701 1061 ho-

2128 1099 2324 1152 minem
2348 1097 2507 1152 alicui
2538 1097 2788 1167 similem,
2822 1107 3074 1168 putamus
3103 1100 3247 1152 illum
3285 1113 3404 1154 esse
3438 1100 3524 1154 cui
3550 1095 3705 1155 siml-

2127 1187 2218 1250 lis;
2251 1197 2340 1241 aut
2370 1201 2491 1243 cum
2518 1191 2739 1243 audiens
2767 1190 2887 1258 quis
2910 1205 3012 1242 non
3055 1189 3285 1244 hominis
3314 1203 3522 1254 vocem,
3553 1181 3708 1260 putat

2127 1293 2245 1332 esse
2272 1293 2456 1332 vocem
2483 1279 2743 1332 hominis.
2782 1276 2912 1333 Nam
2939 1287 2995 1333 et
3033 1279 3139 1334 hoc
3183 1279 3310 1332 facit
3347 1295 3535 1353 sensus
3568 1280 3709 1334 intc-

2129 1370 2257 1423 rior.
2293 1369 2444 1437 Quod
2474 1380 2653 1423 autem
2684 1370 2820 1425 dicis
2849 1371 2915 1431 de
2952 1371 3115 1433 ritro,
3146 1369 3266 1425 ideo
3292 1379 3389 1433 est,
3422 1371 3546 1438 quia
3580 1378 3704 1425 cum

2128 1457 2275 1509 visus
2315 1457 2506 1511 transit
2545 1473 2640 1525 per
2682 1472 2880 1527 corpus
2925 1458 3147 1527 aliquod.
3167 1460 3308 1512 aerei
3343 1458 3556 1520 coloris,
3599 1475 3706 1512 non

2129 1546 2286 1600 aliter
2333 1549 2619 1617 impeditur
2683 1563 2960 1603 assumere
3025 1548 3431 1604 similitudinem
3485 1549 3704 1614 coloris,

2129 1653 2286 1708 quem
2321 1637 2457 1692 ultra
2489 1637 2632 1692 videt
2658 1638 2782 1703 ³³⁷⁸,
2818 1651 2978 1709 quam
3025 1647 3145 1694 cum
3185 1639 3378 1692 transit
3410 1645 3503 1709 per
3533 1644 3657 1694 aera
3690 1657 3704 1692 :

2130 1729 2232 1784 nisi
2283 1730 2598 1800 iuquantum
2628 1729 2753 1785 illud
2786 1746 3000 1802 corpus,
3033 1734 3176 1802 quod
3204 1732 3420 1798 transit,
3460 1733 3705 1801 spiSsius,

453 1824 564 1887 bet,
598 1833 744 1878 recte
772 1832 827 1878 et
859 1825 994 1877 bene
1023 1822 1199 1879 facere
1227 1823 1442 1886 dicitur,
1476 1837 1572 1877 nec
1597 1823 1664 1875 ab
1705 1823 1787 1876 his
1818 1823 1906 1892 qui
1938 1837 2026 1877 ve-
2059 1822 2100 1880 Β
2128 1831 2220 1874 aut
2249 1822 2531 1876 obscurius
2577 1831 2661 1877 est
2701 1828 2868 1877 aere:
2906 1833 2985 1888 ut,
3016 1839 3135 1878 cum
3165 1820 3358 1878 transit
3387 1823 3482 1893 per
3509 1825 3705 1876 vitrum

455 1911 672 1966 ritatem
706 1913 907 1967 faciunt
934 1913 1255 1967 excluditur.
1287 1913 1390 1967 Sed
1423 1915 1676 1983 quoniam
1705 1913 1772 1968 de
1799 1913 2026 1968 veritate

454 2001 846 2073 investigando,
896 2003 1039 2056 illam
1091 2003 1380 2073 loquimur,
1429 2015 1480 2057 et
1526 2005 1783 2060 Dominus
1829 2003 1897 2061 de
1938 2004 2024 2058 illa

430 2075 685 2147 'veritate
734 2107 856 2161 qua:
903 2093 953 2148 in
993 2093 1267 2148 voluntate
1315 2105 1420 2158 est,
1466 2094 1770 2163 specialiter
1817 2096 2028 2148 videtur

451 2180 651 2244 dicere,
707 2199 830 2236 cum
885 2185 1012 2238 dicit
1047 2185 1110 2237 de
1144 2185 1353 2238 diabolo
1392 2186 1516 2254 quia
1575 2187 1628 2238 in
1679 2187 1890 2251 veritate
1923 2204 2026 2240 non

451 2273 589 2326 stetit
623 2272 803 2342 (Joau.
859 2289 976 2339 \‘tll,
1007 2273 1096 2344 44)
1130 2294 1142 2328 :
1174 2275 1293 2330 ideo
1329 2278 1618 2343 separatim
1669 2278 1794 2345 quid
1840 2277 1890 2331 in
1927 2293 2022 2336 vo-

450 2359 654 2416 luntate
683 2365 884 2418 veritas
911 2375 1073 2426 esset.
1104 2366 1445 2420 considerare
1467 2367 1628 2421 volui.
1661 2367 1807 2421 Disc.
1843 2367 2024 2423 Placet

451 2449 582 2504 mihi
614 2451 686 2504 ita
736 2450 935 2506 factum
961 2468 1099 2507 esse.
1128 2453 1263 2508 MAG.
1290 2454 1422 2507 Cum
1449 2470 1577 2522 ergo
1607 2466 1816 2509 constet
1860 2455 2026 2510 actio-

453 2540 538 2594 nis
567 2543 853 2597 veritatem
883 2543 1050 2602 aliam,
1068 2545 1363 2599 naturalem
1394 2561 1531 2608 esse,
1559 2534 1716 2599 aliam
1745 2562 1846 2602 non
1878 2555 2026 2600 natu-

454 2631 652 2696 ralem,
708 2632 809 2687 sub
858 2635 1085 2688 naturali
1137 2638 1379 2704 ponemla
1420 2645 1502 2690 est
1549 2637 1636 2690 illa
1668 2638 1869 2692 veritas
1897 2653 2022 2692 ora-

453 2722 636 2786 tionis,
665 2739 824 2793 quam
849 2725 1261 2792 supraritlitnus
1284 2726 1425 2796 (cap.
1450 2727 1506 2795 2)
1531 2727 1598 2780 ab
1635 2727 1721 2780 illa
1744 2742 1848 2782 non
1865 2743 2024 2797 posse

451 2814 713 2882 separari.
747 2813 902 2868 Sicut
925 2814 1070 2867 enim
1099 2815 1255 2884 ignis,
1282 2831 1402 2870 cum
1437 2817 1706 2880 calefacit,
1738 2818 2020 2875 veritatem

451 2902 601 2969 facit,
635 2905 762 2974 quia
793 2907 860 2958 ab
890 2921 954 2959 eo
995 2907 1203 2974 accepit
1244 2923 1273 2960 a
1327 2923 1435 2976 quo
1468 2906 1628 2962 habet
1671 2923 1790 2963 esse
1821 2925 1834 2963 :
1869 2909 1941 2962 ita
1969 2919 2024 2964 et

449 2993 565 3047 haec
592 2994 788 3058 oratio,
839 2996 1062 3058 scilicet,
1099 2997 1216 3052 dies
1258 3007 1361 3062 est,
1413 3000 1698 3053 veritatem
1724 2999 1868 3062 facit,
1898 3015 2019 3054 cum

447 3085 717 3155 significat
753 3087 894 3145 diem
919 3103 1059 3150 esse,
1092 3089 1205 3144 sive
1240 3090 1356 3144 dies
1386 3090 1477 3155 sit,
1505 3092 1617 3144 sive
1650 3091 1763 3145 dies
1794 3106 1898 3144 non
1927 3091 2016 3156 sit,

449 3175 700 3244 quoniam
734 3176 834 3230 hoc
859 3178 1177 3232 naturaliter
1205 3179 1413 3248 accepit
1446 3180 1647 3233 facere.
1688 3181 1834 3235 DISC.
1866 3178 2018 3234 Nunc

447 3265 679 3336 primum
705 3267 860 3322 video
888 3267 940 3321 in
979 3268 1108 3322 falsa
1151 3271 1396 3324 oratione
1436 3271 1740 3324 veritatem.

1026 3376 1284 3437 {CAPUT
1332 3378 1411 3432 Vl.

447 3463 525 3518 De
548 3481 796 3518 sensuum
839 3466 1050 3546 veritate
1071 3467 1189 3530 ⁸³⁷³,
1212 3478 1258 3520 et
1304 3467 1441 3546 quod
1478 3467 1704 3546 falsitas,
1726 3484 1842 3538 qua:
1864 3479 2022 3537 puta-

751 3544 838 3586 tur
861 3552 969 3588 esse
993 3537 1048 3588 in
1082 3553 1258 3601 sensu,
1283 3539 1348 3589 sit
1377 3537 1428 3589 in
1453 3539 1712 3605 opinione.

502 3619 657 3675 MAG.
705 3621 944 3676 Putasne
1010 3639 1107 3678 nos
1177 3635 1371 3694 praeter
1406 3641 1669 3680 summam
1715 3627 2016 3692 veritatem,

446 3727 633 3766 omnes
681 3713 836 3767 sedes
886 3715 1159 3769 invenisse
1201 3717 1475 3771 veritatis?
1507 3717 1651 3772 Disc.
1683 3719 2020 3774 Reminiscor

449 3817 590 3857 nunc
638 3803 916 3868 cujusdam
973 3806 1236 3868 veritatis,
1282 3823 1441 3874 quam
1489 3808 1540 3862 in
1585 3809 1691 3871 bis,
1737 3812 1800 3862 de
1823 3811 2019 3878 quibus

449 3896 713 3960 tractasti,
767 3910 871 3949 non
905 3895 1137 3950 invenio.
1169 3896 1308 3951 MAG.
1340 3898 1468 3964 Qua:
1497 3908 1579 3953 est
1605 3900 1727 3954 illa?
1756 3900 1898 3955 DISC.
1925 3900 2020 3955 Est

447 3983 660 4052 quidem
692 4000 743 4036 In
775 3985 1020 4039 sensibus
1055 3987 1298 4054 corporis
1333 3987 1552 4051 veritas,
1596 3988 1688 4042 sed
1744 4005 1846 4056 non
1880 4004 2019 4043 sem-

444 4089 579 4144 per:
613 4089 735 4127 nam
790 4073 980 4129 fallunt
1021 4090 1122 4129 nos
1161 4077 1470 4144 aliquando.
1520 4077 1656 4131 Nam
1702 4093 1824 4131 cum
1861 4079 2017 4133 video

448 4164 734 4232 aliquando
765 4179 858 4230 per
891 4165 1124 4218 medium
1159 4165 1357 4219 vitrum
1396 4166 1618 4235 ailquid,
1661 4167 1793 4220 fallit
1825 4185 1910 4222 tne
1941 4171 2019 4223 vi-

446 4255 728 4323 suszquia
783 4254 1070 4324 aliquando
1121 4259 1392 4311 renuntiat
1441 4258 1570 4311 mihi
1623 4273 1838 4328 corpus,
1874 4260 2015 4328 quod

445 4344 600 4398 video
633 4343 772 4398 ultra
804 4345 1028 4408 vitrum,
1083 4345 1321 4414 ejusdem
1350 4359 1470 4400 esse
1502 4346 1699 4400 coloris
1750 4347 1902 4415 cujus
1932 4357 2013 4402 est

445 4439 500 4486 et
527 4433 722 4485 vitrum
747 4471 762 4496 ,
803 4423 925 4485 cum
957 4431 1175 4487 alterius
1201 4434 1272 4486 sit
1294 4434 1489 4488 coloris
1525 4453 1535 4486 :
1567 4434 1857 4503 aliquando
1886 4450 2016 4490 vero

447 4522 573 4577 facit
610 4539 696 4576 me
736 4532 925 4591 putare
961 4525 1156 4578 vitrum
1207 4525 1405 4578 habere
1449 4524 1682 4578 colorem
1719 4525 1816 4590 rei,
1847 4541 2007 4593 quam

445 4613 583 4669 ultra
628 4613 812 4677 video,
844 4629 966 4667 cum
1020 4630 1124 4668 non
1174 4616 1386 4680 habeat.
1437 4615 1597 4668 Multa
1645 4625 1771 4670 sunt
1799 4615 1925 4684 alia,
1958 4618 2008 4671 in

444 4706 637 4774 quibus
679 4707 848 4772 visus,
897 4715 952 4761 et
979 4707 1070 4761 alii
1102 4723 1291 4762 sensus
1321 4707 1532 4761 fallunt.
1567 4707 1704 4762 Μις.
1739 4707 1854 4763 Non
1881 4709 2010 4762 mihi

445 4799 658 4853 videtur
709 4801 821 4852 haec
854 4799 1070 4862 veritas,
1103 4799 1183 4852 vel
1238 4798 1442 4852 falsitas
1473 4799 1525 4852 in
1565 4799 1816 4855 sensibus
1868 4806 2010 4865 esse,

441 4889 538 4944 sed
575 4889 627 4943 in
668 4889 937 4958 opinione.
989 4889 1105 4958 ipse
1152 4904 1384 4958 namque
1424 4904 1619 4944 sensus
1673 4891 1900 4946 interior
1953 4906 2012 4945 se

2130 1914 2210 1968 sui
2263 1913 2474 1974 coloris,
2519 1915 2570 1967 id
2617 1923 2699 1968 est
2731 1915 2814 1968 cui
2846 1915 3022 1968 nullus
3049 1913 3184 1968 alius
3220 1914 3482 1972 adm'istus
3507 1922 3587 1969 est
3617 1929 3710 1968 co-

2128 2003 2244 2068 lor;
2278 2013 2369 2057 aut
2397 2019 2493 2074 per
2521 2003 2864 2074 purissimam
2889 2021 3104 2074 aquam,
3134 2014 3225 2058 aut
3249 2020 3343 2072 per
3372 2003 3704 2074 crystallum,

2128 2104 2221 2149 aut
2247 2111 2342 2164 per
2385 2095 2853 2165 aliqttidtsimilem
2886 2094 3091 2150 habens
3128 2082 3382 2150 colorem.
3417 2093 3548 2150 Cum
3581 2108 3707 2149 vero

2129 2186 2319 2240 transit
2358 2185 2498 2241 idem
2528 2187 2672 2258 visus
2703 2200 2797 2254 per
2822 2185 2984 2239 alium
3015 2188 3278 2251 colorem,
3305 2193 3360 2235 ut
3383 2198 3479 2251 per
3503 2186 3704 2236 vitrum

2126 2289 2232 2330 non
2261 2275 2342 2330 sui
2363 2275 2580 2340 coloris,
2603 2275 2697 2331 sed
2718 2275 2803 2329 cui
2831 2273 2968 2329 alius
2993 2274 3139 2328 color
3164 2284 3248 2328 est
3271 2273 3502 2336 additus,
3529 2269 3704 2342 ipsum

2125 2363 2358 2418 colorem
2387 2365 2477 2434 qui
2507 2364 2658 2434 prius
2683 2365 2920 2420 occurrit
2951 2364 3165 2433 accipit.
3189 2361 3546 2439 Quapropter,
3574 2378 3709 2433 quo-

2126 2455 2270 2508 niam
2300 2464 2422 2523 post
2441 2471 2603 2508 unum
2632 2464 2909 2524 acceptum
2942 2451 3200 2520 colorem,
3235 2452 3528 2508 secundum
3563 2454 3706 2521 quod

2126 2543 2216 2600 illo
2243 2543 2465 2600 allectus
2487 2554 2588 2608 e5t,
2619 2540 2784 2598 alium
2811 2545 3114 2615 quicunque
3142 2554 3409 2606 occurrat,
3448 2551 3541 2595 aut
3579 2541 3704 2596 nul-
3775 2559 3777 2562 ·

2125 2633 2356 2698 latenus,
2389 2642 2481 2688 aut
2506 2637 2682 2688 minus
2721 2634 2926 2704 integre
2967 2633 3187 2704 suscipit
3206 2633 3300 2665 ³³⁷³
3331 2651 3343 2689 :
3380 2631 3501 2687 ideo
3553 2629 3703 2687 illum

2123 2709 2282 2792 quem
2316 2724 2464 2791 prius
2494 2722 2656 2790 cepit,
2704 2732 2797 2776 aut
2845 2723 3040 2790 solum,
3087 2732 3180 2778 aut
3224 2739 3345 2778 cum
3373 2738 3437 2776 co
3465 2723 3553 2796 qui
3585 2730 3708 2795 post

2126 2811 2392 2873 oecurrit,
2426 2811 2717 2864 renuntiat.
2754 2810 2820 2865 .Si
2858 2809 3000 2865 enim
3050 2809 3218 2886 risus,
3250 2818 3516 2886 quantum
3536 2815 3707 2882 rapax

2123 2901 2452 2967 est-coloris,
2494 2909 2701 2955 tantum
2734 2900 2965 2955 adicitur
3009 2903 3185 2972 priore
3234 2901 3437 2966 colore,
3469 2917 3571 2957 non
3604 2918 3698 2981 po-

2125 2999 2233 3047 test
2274 2992 2438 3044 alium
2491 2991 2693 3045 sentire
2737 2990 2897 3046 simul
2926 2993 3162 3047 colorem
3194 3011 3205 3046 :
3237 2994 3282 3047 si
3314 2996 3492 3046 autem
3525 2993 3706 3054 minus

2123 3095 2280 3150 quam
2306 3078 2540 3135 colorem
2583 3080 2785 3136 sentire
2810 3081 3012 3152 possit,
3038 3083 3203 3150 priori
3238 3078 3491 3147 adicitur,
3525 3081 3704 3151 potest

2124 3172 2286 3224 alum
2319 3171 2520 3225 sentire
2551 3189 2565 3224 :
2598 3181 2677 3235 ut,
2710 3171 2755 3226 si
2784 3174 2975 3227 transit
3001 3187 3098 3242 per
3117 3172 3332 3242 aliquod
3363 3188 3561 3242 corpus
3611 3190 3705 3229 vc-

2124 3261 2203 3314 lut
2225 3276 2320 3329 per
2349 3260 2568 3323 vitrum,
2606 3261 2748 3329 quod
2783 3262 2854 3315 ita
2882 3256 3117 3332 perfecte
3143 3262 3211 3316 sit
3242 3253 3613 3340 rubicundum,
3645 3273 3704 3318 ut

2121 3351 2338 3405 omnino
2369 3349 2481 3418 ipse
2519 3351 2666 3406 visus
2703 3350 2970 3407 alliciatur
3014 3351 3131 3424 ejus
3161 3353 3376 3419 rubore,
3409 3356 3595 3423 nequit
3620 3355 3701 3413 di-

2122 3455 2280 3495 verso
2327 3439 2486 3493 simul
2509 3439 2645 3496 allici
2674 3441 2896 3496 Colore:
2933 3441 2975 3497 si
3014 3452 3191 3500 autem
3244 3439 3350 3498 non
3392 3433 3497 3499 tam
3525 3447 3701 3515 perfe-

2121 3541 2265 3586 ctum
2305 3531 2512 3585 invenit
2555 3533 2808 3588 ruborem
2837 3534 2925 3604 qui
2967 3533 3114 3603 prior
3148 3533 3407 3602 occurrit,
3439 3546 3696 3608 quantum

2121 3622 2317 3677 coloris
2360 3632 2530 3692 capax
2584 3634 2686 3687 est,
2741 3625 2896 3693 quasi
2949 3627 3185 3680 nondum
3246 3621 3456 3694 plenus,
3511 3627 3688 3682 adhuc

2121 3712 2282 3765 alium
2317 3713 2457 3767 valet
2494 3727 2770 3768 assumere
2807 3714 3064 3778 colorem,
3116 3716 3434 3783 inqnantum
3464 3718 3579 3783 ejus
3606 3732 3700 3770 ca-

2119 3803 2324 3868 pacitas
2351 3803 2516 3871 priori
2547 3801 2728 3858 colore
2769 3809 2876 3859 non
2905 3814 2989 3860 est
3040 3805 3254 3860 satiata.
3292 3803 3392 3869 Qui
3422 3820 3554 3873 ergo
3593 3806 3698 3859 hoc

2121 3892 2312 3954 nescit,
2345 3900 2496 3959 putat
2525 3893 2699 3946 visum
2743 3893 3054 3954 renuntiare
3077 3892 3204 3961 quia
3235 3893 3328 3924 ³³⁷⁸
3355 3893 3534 3952 omnia
3574 3908 3694 3962 qua:

2120 3990 2238 4052 post
2259 3983 2406 4051 prius
2451 3991 2786 4052 assumptum
2833 3983 3068 4038 colorem
3105 3984 3291 4048 sentit,
3331 3994 3424 4038 aut
3450 3985 3693 4049 omnino,

2121 4084 2214 4130 aut
2238 4076 2577 4146 aliquatenus
2597 4076 2836 4144 ejusdem
2866 4077 2975 4132 sint
2999 4077 3214 4133 coloris.
3241 4075 3391 4132 Unde
3415 4076 3697 4147 contingit

2104 4177 2172 4245 ut
2200 4183 2390 4222 sensus
2420 4169 2643 4223 interior
2666 4151 2880 4238 culpam
2901 4183 3056 4225 suam
3081 4170 3307 4242 imputet
3327 4167 3692 4236 sensuittxte-

2121 4256 2270 4311 riori.
2303 4257 2561 4312 Similiter
2591 4273 2714 4314 cum
2761 4259 2917 4315 fustis
2963 4260 3188 4330 integer,
3238 4256 3392 4331 cujus
3442 4271 3568 4327 pars
3609 4268 3695 4312 est

2119 4348 2258 4402 intra
2293 4364 2511 4416 aquam,
2564 4359 2614 4402 ct
2664 4364 2788 4416 pars
2829 4359 3007 4412 extra,
3049 4357 3268 4418 putatur
3318 4349 3521 4402 tractus
3555 4366 3568 4401 :
3600 4357 3694 4400 aut

2119 4453 2238 4492 cum
2261 4447 2508 4505 putamus
2537 4439 2677 4506 quod
2709 4439 2856 4493 visus
2884 4449 3066 4494 noster
3092 4438 3271 4493 vultus
3297 4446 3512 4493 nostros
3541 4438 3690 4504 inve-

2120 4528 2232 4579 niat
2267 4527 2316 4579 in
2347 4525 2585 4594 speculo,
2624 4537 2678 4586 et
2726 4544 2849 4582 cum
2895 4528 3061 4583 multa
3093 4528 3196 4583 alia
3236 4528 3390 4583 nobis
3428 4527 3584 4582 aliter
3613 4527 3694 4580 vi-

2119 4619 2312 4672 dentur
2339 4618 2485 4671 visus
2528 4627 2583 4672 et
2611 4619 2699 4672 alii
2725 4634 2916 4674 sensus
2940 4621 3186 4674 nuntiare
3211 4635 3376 4688 quam
3397 4619 3510 4672 sint
3531 4657 3546 4683 ,
3582 4635 3690 4674 non

2118 4707 2270 4776 eulpa
2303 4719 2558 4760 sensuum
2613 4719 2721 4774 est,
2770 4708 2860 4777 qui
2914 4708 3225 4761 renuntiant
3263 4707 3404 4775 quod
3441 4716 3698 4775 possunt,

2119 4803 2370 4870 quoniam
2406 4806 2479 4858 ita
2527 4817 2682 4872 posse
2727 4808 3082 4868 acceperunt;
3133 4799 3227 4852 sed
3263 4797 3466 4866 judicio
3495 4797 3697 4851 anima:

2120 4892 2486 4963 imputandum
2516 4901 2623 4957 est,
2654 4893 2796 4961 quod
2828 4906 2934 4945 non
2975 4890 3112 4944 bene
3138 4887 3390 4943 discernit
3412 4886 3539 4956 quid
3565 4901 3691 4954 pos-

1721 5071 1952 5138 VARIIE
1994 5072 2395 5130 LECTIONES.

510 5223 605 5296 ff”
637 5223 857 5295 Proprie
898 5225 1095 5279 dicitur
1140 5227 1336 5291 facere,
1368 5223 1548 5282 facere
1577 5227 1862 5283 veritatem
1901 5227 2234 5296 intelligitur,
2270 5240 2375 5280 non
2421 5233 2627 5281 tantum
2657 5226 2709 5280 in
2739 5225 2903 5289 facto,
2935 5225 3030 5279 sed
3057 5222 3219 5279 etiam
3260 5224 3313 5278 in
3346 5221 3592 5296 verboet
3630 5225 3682 5279 in

439 5293 774 5393 :ull'erentia‘:
819 5295 910 5348 sed
958 5310 1054 5362 pro
1085 5298 1227 5393 omnii
1278 5299 1438 5393 v'erbo
1480 5308 1535 5350 ct
1580 5297 1838 5393 Dominus
1861 5297 2027 5393 vo'luit
2068 5293 2382 5393 intelligere,
2408 5310 2532 5370 cum
2558 5296 2731 5351 dixit:
2771 5296 3023 5393 qupja‘m
3059 5311 3183 5393 mss.
3224 5293 3436 5393 proprie
3484 5293 3693 5348 dicitur

467 5378 615 5393 ..ΛΔ-Λ
668 5381 740 5393 ειη.
802 5380 896 5393 nm.
928 5366 1070 5393 nhs-1:
1107 5380 1196 5393 ιοΛ-
1221 5381 1264 5393 ,Α
1319 5367 1550 5393 bunt“..-
1593 5382 1656 5393 .u.
1684 5367 1755 5393 ..ει
1790 5365 1898 5393 ζηιη
1945 5367 2086 5393 ΞηΑ-,ι
2135 5381 2250 5393 Anim
2290 5382 2302 5393 ι
2327 5365 2419 5393 ιντο
2457 5383 2469 5393 .
2509 5365 2759 5393 ,συ-Λιιεηηι
3009 5374 3139 5393 Λευ-1η
3171 5377 3199 5393 ο
3238 5378 3352 5393 ριν-ιι
3399 5376 3495 5393 una
3533 5378 3636 5393 ...η-

441 5362 637 5435 ἓιειιςίξ,
668 5367 898 5435 πψρτο
927 5366 1070 5418 omni
1107 5367 1267 5419 verbo
1297 5367 1553 5421 Dominus
1593 5367 1760 5421 voluit
1790 5365 2088 5435 intelligere
2133 5362 2260 5435 cuni
2288 5365 2469 5420 dixit:
2507 5365 2760 5435 quoniam

2835 5363 2930 5396 ³⁸⁷⁸
2967 5362 3199 5418 Veritate
3237 5363 3352 5417 sine
3379 5363 3495 5417 ruce
3533 5378 3658 5417 nm.

441 5430 717 5509 S._Mich.
1002 5435 1228 5509 veritate
1275 5437 1385 5489 sive
1417 5437 1534 5491 luce
1609 5430 2059 5509 “'{Diccrejvel
2099 5433 2416 5509 benefacere
2461 5430 2582 5488 mss.
2646 5431 2774 5487 Vict.
2819 5432 3076 5509 S._Mi¢‘/t.
3124 5431 3243 5484 Bec.
3292 5430 3675 5509 t§__dicere__be-

440 5501 683 5574 nefacere
757 5504 848 5535 ³³⁷⁸
906 5503 970 5555 In
1015 5521 1136 5556 mss.
1188 5505 1262 5558 De
1300 5521 1550 5560 sensuum
1597 5506 1824 5559 veritate
1898 5506 1988 5537 ³³⁷³
2019 5505 2146 5560 Tale
2192 5505 2441 5574 este‘nim
2489 5520 2608 5557 cum
2649 5503 3062 5574 mssttaleAcst
3109 5502 3392 5574 cum}m
3437 5499 3680 5574 Similem

440 5569 630 5656 coloris
668 5575 785 5655 qui.
812 5574 1206 5656 ultranvidetur
1242 5592 1366 5628 mss.
1409 5576 1816 5656 similitudinem
1866 5576 2063 5630 coloris
2088 5589 2244 5656 quem
2273 5572 2441 5656 ,ειμι-ελ
2479 5575 2741 5652 videt-ms.
2776 5573 2897 5656 per.
2942 5570 3411 5656 (isiiiiilitudincm
3461 5569 3678 5656 coloris,

441 5641 528 5716 qni
574 5640 708 5716 ultra
738 5644 876 5698 videt
956 5643 1046 5674 ³³⁷³
1077 5643 1281 5714 Integre
1335 5647 1520 5714 accipit
1570 5663 1690 5700 mss.
1734 5647 1938 5714 integre
1979 5640 2196 5714 suscipit
2272 5643 2362 5674 ³³⁷⁸
2406 5643 2740 5698 iicnunciare
2782 5642 2902 5710 hoc,
2932 5640 3298 5708 scilicet,quia
3333 5655 3447 5691 mss.
3486 5651 3682 5688 rcnuno

442 5713 581 5760 eiarc
612 5713 730 5780 quia
