4240 6196
697 229 802 279 47ῗὶ
1230 228 1285 283 S.
1332 228 1624 283 ANSELMI
1664 226 2012 281 CANTUAR.
2058 227 2370 286 ARCIIIEP.

2340 237 2370 286 ι.
2400 233 2549 289 ore.
2593 231 2773 287 PARS
2811 228 2940 284 1.-
2964 228 3377 284 DOGMATICA.

699 338 807 390 sint
838 336 934 403 illi,
965 346 1057 391 aut
1094 338 1222 408 quid
1251 338 1475 392 debeant
1499 337 1609 389 ³³⁷⁷.
1638 336 1788 403 Quod
1818 337 2101 392 ostendere
2129 353 2261 407 quo-
2290 346 2332 403 Α
2368 343 2507 397 Oisc.
2556 341 2695 396 Nihil
2746 340 2877 393 mibi
2924 340 3141 393 certius.
3184 340 3320 395 MAG.
3368 340 3449 395 An
3488 340 3706 403 audebis
3736 343 3915 400 dicere

700 428 843 481 niam
884 427 1203 481 laboriosum
1235 426 1405 494 magis
1447 434 1532 481 est
1599 442 1757 495 quam
1806 426 2135 482 fructuosum
2191 429 2258 483 ad
2360 432 2481 499 quia
2524 432 2661 485 Deus
2693 429 2890 497 aliquid
2912 427 3071 483 faciat
3099 430 3479 498 autpermittat
3502 446 3606 485 non
3629 431 3910 501 sapienter,

700 518 802 570 hoc
829 518 969 585 quod
995 516 1353 581 intendimus,
1378 517 1429 570 in
1456 519 1556 572 boc
1584 517 1739 571 modo
1762 526 1971 588 tempus
1989 518 2259 573 insumen-
2359 530 2451 576 aut
2490 534 2591 573 non
2620 520 2785 574 bene?
2817 519 2959 574 DISC.
2990 519 3099 573 imo
3128 536 3313 574 assero
3334 520 3455 590 quia
3486 520 3613 576 nihil
3645 520 3740 575 nisi
3782 521 3912 577 bene

698 609 823 659 dum
848 607 942 637 ³³⁷⁸
974 620 1077 658 non
1108 606 1361 659 arbitror.
1403 605 1512 660 lloe
1536 616 1739 660 tantum
1766 607 1993 661 sutiiciat
2029 609 2209 664 dicere
2240 627 2253 661 :
2358 618 2411 663 et
2439 608 2726 677 sapienter.
2752 606 2889 660 Mac.
2920 604 3273 673 Anjudicabis
3295 623 3397 661 non
3421 609 3615 663 debere
3636 610 3753 663 esse
3772 612 3911 679 quod

698 695 820 761 quia
850 708 1041 748 sensus
1083 694 1342 763 quidquid
1388 696 1693 748 renuntiare
1720 695 2019 757 videantur,
2052 696 2166 751 sive
2192 711 2259 750 ex
2362 705 2506 749 tanta
2536 694 2746 747 bonitas
2774 702 2827 747 et
2859 701 2999 746 tanta
3034 694 3288 762 sapientia
3317 694 3463 757 facit,
3492 707 3583 749 aut
3621 698 3915 766 permittit?

696 785 776 836 sui
807 794 997 836 natura
1032 785 1136 838 hoc
1169 784 1386 847 faciant,
1433 785 1547 838 sive
1599 801 1664 837 ex
1706 785 1879 863 aliqua
1925 785 2030 839 alla
2073 800 2255 850 causa,
2330 782 2502 835 ηῡιεε.
2541 782 2670 847 Quis
2722 780 3018 850 intelligens
3061 784 3253 837 amicat
3311 783 3411 835 bne
3456 786 3730 852 cogitare?
3774 786 3911 842 Mm.

697 873 897 926 faciunt
919 875 1059 943 quod
1091 875 1315 938 debent;
1347 882 1401 926 et
1424 874 1542 928 ideo
1564 876 1653 907 ⁸³⁷³
1687 874 2057 931 rectitudinctn
2085 885 2140 930 et
2163 892 2256 931 ve-
2360 872 2523 926 Debet
2546 873 2727 941 igitur
2749 885 2870 924 esse
2896 868 3118 938 pariter,
3148 878 3201 925 et
3227 872 3366 939 quod
3395 870 3646 936 faciente,
3684 883 3737 927 et
3773 876 3914 943 quod

696 956 912 1018 ritatem
958 965 1157 1016 faciunt
1188 980 1200 1014 :
1235 972 1288 1015 et
1322 962 1627 1017 continetur
1664 965 1777 1017 luec
1806 964 2005 1018 veritas
2033 966 2131 1018 sub
2170 964 2255 1017 illa
2358 964 2700 1032 permittente
2752 959 2863 1016 Deo
2907 960 2984 1014 ﬁt.
3034 960 3174 1015 Drsc.
3223 961 3376 1016 Patet
3405 963 3543 1031 quod
3566 962 3731 1020 dicis.
3774 964 3913 1019 MAG.

695 1055 942 1111 veritate.
973 1067 1089 1120 qua:
1116 1061 1201 1106 est
1246 1052 1297 1106 in
1324 1053 1557 1106 actione.
1592 1052 1734 1106 DISC.
1768 1052 2082 1108 Satisfecisti
2129 1054 2257 1108 mibi
2362 1054 2453 1107 Dic
2480 1052 2681 1106 etiam:
2721 1065 2787 1105 an
2826 1060 2978 1120 putas
3030 1064 3147 1104 esse
3185 1048 3379 1105 debere
3422 1052 3572 1105 mala:
3626 1052 3914 1113 voluntatis

698 1150 784 1194 tua
826 1141 1192 1208 responsione,
1240 1151 1294 1194 et
1330 1140 1451 1194 uolo
1481 1152 1532 1194 te
1559 1142 1787 1211 amplius
1838 1143 2036 1197 morari
2079 1144 2131 1196 in
2160 1145 2257 1198 bac
2358 1139 2641 1194 all‘euum?
2681 1140 2821 1194 Dtsc.
2860 1139 3001 1192 ldem
3026 1146 3109 1191 est
3142 1152 3207 1192 ac
3232 1137 3274 1191 si
3305 1137 3453 1193 dicas
3479 1154 3546 1192 an
3589 1141 3777 1195 debeat
3799 1157 3915 1195 esse

695 1232 759 1285 de
789 1230 1037 1284 sensibus
1067 1232 1381 1301 quzestinne.
2235 1237 2239 1241 '
2357 1246 2489 1300 opus
2523 1230 2717 1283 malum
2746 1247 2759 1281 :
2787 1229 2927 1297 quod
2977 1227 3150 1281 nullus
3191 1238 3437 1281 scnsatus
3472 1232 3753 1283 concedet:
3778 1230 3914 1287 liae.

1287 1318 1514 1376 CAPUT
1558 1321 1664 1375 VII.
2278 1350 2285 1357 -
2360 1320 2623 1375 Permittit
2676 1319 3044 1373 tameu~Deus
3091 1318 3295 1387 aliquos
3332 1318 3472 1372 male
3525 1316 3721 1383 facere,
3775 1322 3916 1388 quod

1029 1411 1102 1465 De
1124 1413 1333 1465 veritate
1355 1414 1592 1465 essentne
1618 1429 1789 1465 rerum
1819 1412 1931 1465 ³³¹¹⁰.
2360 1412 2496 1467 male
2523 1411 2725 1465 volunt.
2760 1410 2904 1467 Dtsc.
2938 1407 3148 1463 Utinam
3189 1424 3293 1463 non
3341 1417 3448 1461 tam
3473 1424 3613 1478 serpe
3638 1412 3916 1482 permitte-

764 1500 1033 1555 MacJam
1059 1500 1337 1554 considera
1363 1511 1643 1569 anprreter
1670 1516 1933 1555 summam
1958 1501 2256 1565 veritatem,
2361 1512 2461 1557 rct.
2504 1501 2641 1556 MAG.
2681 1501 2821 1556 idem
2860 1500 3018 1569 igitur
3040 1498 3200 1554 debet
3228 1513 3367 1562 esse.
3397 1508 3451 1553 et
3481 1492 3588 1553 non
3623 1498 3742 1554 esse
3776 1520 3789 1554 :
3818 1502 3913 1554 de-

694 1592 747 1644 in
779 1591 954 1661 aliqua
990 1607 1045 1644 re
1072 1591 1269 1645 veritas
1292 1590 1361 1646 sit
1386 1590 1745 1661 intelligenda,
1773 1592 2012 1661 exceptis
2036 1591 2119 1645 bis
2140 1607 2260 1661 quae
2360 1594 2448 1647 bet
2468 1593 2610 1646 enim
2636 1605 2783 1658 esse,
2806 1590 2929 1659 quia
2980 1591 3114 1643 bene
3173 1596 3227 1643 et
3271 1589 3543 1659 sapienter
3592 1589 3774 1656 abeo,
3810 1603 3917 1656 qua

693 1695 855 1747 supra
904 1690 1188 1748 conspecta
1215 1691 1356 1734 sunt.
1388 1680 1531 1735 Dtsc.
1565 1680 1701 1746 Quid
1750 1680 1878 1734 illud
1908 1695 2029 1734 esse
2059 1681 2265 1749 potest?
2296 1695 2337 1749 Β
2365 1699 2470 1737 non
2496 1683 2838 1753 permittente
2865 1680 2975 1734 lieri
2996 1695 3098 1733 non
3125 1687 3328 1749 posset,
3352 1666 3708 1747 permittitur;
3738 1688 3793 1733 et
3815 1696 3915 1732 non

694 1768 830 1821 MAG.
876 1770 954 1820 An
994 1776 1148 1835 putas
1177 1769 1377 1837 aliquid
1408 1784 1528 1825 εεεε
1573 1770 1877 1839 aliquando,
1914 1779 2008 1824 aut
2042 1771 2256 1834 alicubi,
2360 1770 2518 1825 debet
2556 1785 2695 1834 esse,
2745 1777 3001 1839 quantum
3035 1768 3100 1820 ad
3130 1767 3296 1830 illum,
3323 1766 3474 1834 cujus
3512 1767 3690 1837 iniqua
3722 1768 3916 1822 volun-

696 1858 836 1925 quod
868 1858 1023 1925 112
1062 1874 1165 1911 non
1197 1860 1268 1912 sit
1299 1859 1349 1912 in
1378 1874 1587 1913 summa
1614 1862 1862 1927 veritate,
1887 1870 1942 1916 et
1977 1863 2116 1931 quod
2139 1862 2259 1917 inde
2360 1866 2469 1911 tate
2517 1857 2849 1933 concipitura
2885 1855 2995 1910 Hoc
3033 1856 3194 1926 igitur
3227 1857 3385 1910 modo
3437 1857 3692 1910 Dominus
3739 1854 3916 1921 Jesus,

693 1962 796 2000 non
822 1947 1092 2013 acceperit
1127 1948 1268 2015 quod
1308 1956 1412 2013 est,
1461 1948 1777 2018 inqnantum
1828 1958 1910 2004 est
1936 1967 1949 2002 :
1980 1959 2072 2002 aut
2116 1950 2256 2019 quod
2359 1948 2486 2018 quia
2525 1948 2673 2002 solus
2696 1946 2787 1978 ”’°
2837 1948 3095 2001 innocens
3148 1956 3287 2009 erat,
3334 1961 3437 1999 non
3481 1946 3662 2001 debuit
3694 1955 3917 2000 mortem

691 2037 860 2103 possit
900 2037 1042 2090 aliud
1071 2052 1211 2102 esse,
1237 2054 1399 2107 quam
1428 2040 1569 2107 quod
1594 2040 1665 2093 ibi
1697 2040 1823 2095 est?
1856 2040 1991 2095 Drsc.
2026 2038 2140 2093 Non
2176 2047 2259 2094 est
2358 2037 2488 2104 pati,
2538 2051 2636 2090 nec
2669 2035 2807 2089 nllus
2847 2049 2964 2089 eam
3018 2034 3090 2087 illi
3128 2033 3308 2089 debuit
3356 2033 3589 2099 inferre;
3646 2044 3702 2088 et
3742 2045 3916 2089 tamen

689 2125 1160 2193 putanduthc.
1186 2127 1453 2198 Quidquid
1479 2124 1734 2198 igitur'cst
1758 2144 1886 2183 vere
1909 2139 2014 2193 est,
2035 2130 2259 2198 inqu-.m-
2328 2141 2475 2201 'eam
2502 2126 2683 2179 debuit
2707 2125 2835 2195 pati,
2868 2123 2991 2194 quia
3029 2122 3139 2190 ipse
3170 2124 3462 2191 sapienter,
3489 2132 3543 2176 et
3584 2123 3831 2193 benigne,
3864 2132 3917 2177 et

690 2224 802 2267 tum
833 2216 933 2270 bne
976 2225 1061 2271 est
1088 2220 1228 2286 quod
1257 2218 1327 2272 ibi
1355 2227 1458 2273 est.
1490 2220 1632 2274 Disc.
1663 2221 1914 2274 Absolute
1937 2220 2259 2274 concludere
2358 2214 2563 2267 utiliter
2600 2213 2764 2267 voluit
2796 2228 2914 2265 eam
2954 2210 3179 2266 sufferre
3202 2212 3315 2264 "".
3349 2210 3528 2265 Multis
3560 2212 3703 2265 enim
3748 2211 3919 2266 modis

692 2314 845 2372 potes
866 2307 988 2373 quia
1019 2324 1179 2361 omne
1205 2308 1346 2376 quod
1378 2319 1460 2363 est
1494 2308 1745 2375 vere‘est,
1777 2311 2026 2379 quoniam
2051 2321 2258 2364 nonest
2355 2303 2658 2357 cadem‘res
2696 2301 2919 2370 suscipit
2961 2301 3189 2357 diversis
3224 2300 3751 2355 consideratiouibus
3794 2317 3919 2356 con-

689 2384 834 2445 aliud
873 2410 1032 2463 quam
1085 2397 1225 2465 quod
1271 2397 1338 2449 ibi
1374 2406 1475 2451 εει.
1509 2397 1647 2452 MAG.
1678 2399 1771 2453 Est
1794 2399 1956 2466 igitur
1977 2400 2175 2452 veritas
2205 2400 2255 2453 in
2361 2396 2523 2449 traria
2556 2413 2568 2448 :
2608 2394 2750 2463 quod
2799 2394 2850 2447 in
2884 2393 3097 2448 actione
3143 2410 3285 2463 saepe
3311 2394 3590 2462 contingit,
3632 2402 3689 2447 ut
3720 2394 3773 2447 in
3805 2410 3917 2463 per-

686 2483 925 2538 onmium
970 2501 1089 2555 quae
1138 2497 1264 2540 sunt
1293 2488 1549 2551 essentia,
1579 2490 1705 2555 quia
1752 2491 1851 2542 hoc
1879 2498 2002 2543 sunt
2031 2488 2173 2557 quod
2204 2488 2255 2542 in
2358 2483 2626 2540 eussione.
2659 2482 2937 2536 Percussit)
2956 2497 3185 2548 namque
3216 2491 3267 2535 et
3297 2482 3509 2551 agentis
3524 2492 3607 2536 est
3635 2492 3690 2536 et
3715 2486 3919 2552 patieno

687 2587 895 2625 summa
924 2574 1149 2627 veritate
1177 2585 1319 2629 sunt.
1355 2575 1496 2630 Dtsc.
1525 2577 1692 2631 Video
1717 2578 1787 2630 ita
1825 2578 1893 2631 ibi
1921 2593 2042 2632 esse
2064 2578 2257 2631 verita-
2360 2574 2427 2627 tis
2456 2590 2469 2625 :
2501 2575 2641 2626 unde
2683 2582 2736 2625 et
2790 2575 2930 2626 aetio
2958 2570 3084 2633 diei,
3130 2580 3183 2624 et
3218 2572 3392 2641 passio
3424 2580 3614 2641 potest,
3650 2575 3915 2641 quantivis,

689 2670 817 2725 tem,
872 2663 1091 2719 utnulla
1142 2664 1214 2718 ibi
1262 2665 1428 2733 possit
1451 2680 1571 2720 esse
1595 2665 1683 2697 ³⁸⁸¹
1732 2665 1955 2728 falsitas,
2001 2666 2255 2735 quoniam
2356 2661 2644 2716 secundum
2675 2661 2845 2733 ipsum
2882 2674 3095 2723 nomen,
3126 2660 3267 2714 actio
3292 2659 3372 2715 vel
3396 2662 3697 2731 percussio,
3724 2672 3778 2715 et
3806 2678 3919 2731 qua:

686 2753 828 2820 quod
859 2752 994 2808 falso
1020 2764 1100 2808 est
1128 2770 1231 2810 non
1259 2766 1364 2810 est.
1399 2756 1536 2811 MAG.
1576 2756 1719 2811 Bene
1752 2757 1907 2811 dicis.
1940 2757 2045 2811 Sed
2074 2758 2161 2811 die
2188 2772 2255 2812 an
2356 2753 2603 2807 similiter
2626 2754 2767 2807 dicta
2800 2767 2829 2805 a
2867 2751 3090 2821 passivis
3121 2752 3171 2804 in
3212 2753 3384 2805 activa
3411 2751 3803 2820 signiﬁcatione
3836 2754 3916 2805 di-

685 2843 885 2911 aliquid
920 2845 1062 2898 aliud
1092 2844 1289 2901 debeat
1318 2862 1456 2907 esse,
1490 2863 1651 2916 quam
1678 2849 1819 2917 quod
1845 2857 1927 2902 est
1966 2849 2016 2902 in
2047 2863 2254 2902 summa
2356 2852 2551 2896 cuntur
2580 2841 2748 2912 magis
2773 2841 3049 2894 videantur
3075 2855 3193 2894 esse
3233 2841 3495 2907 patienter
3550 2852 3712 2909 quam
3762 2855 3917 2910 agen-

688 2935 960 2989 veritate?
1002 2936 1141 2990 Dtsc.
1185 2935 1319 2992 Non.
1364 2937 1500 2992 MAG.
1544 2937 1602 2992 Si
1645 2954 1775 3008 ergo
1821 2939 2000 2992 omnia
2036 2939 2255 2994 “"hoc
2359 2942 2362 2979 ¹

2242 2954 2255 2994 3
2359 2931 2444 2985 tis.
2470 2928 2671 3000 Quippe
2725 2932 3017 2984 secundum
3050 2930 3102 2982 id
3142 2932 3280 2998 quod
3315 2931 3443 2998 agit,
3493 2931 3661 2998 magis
3710 2932 3916 2999 proprie

688 3035 815 3079 sunt
841 3026 980 3093 quod
1017 3026 1086 3080 ibi
1117 3036 1242 3081 sunt
1278 3026 1395 3082 sine
1422 3028 1584 3083 dubio
1608 3029 1709 3084 boc
1730 3039 1856 3083 sunt
1879 3030 1971 3060 ³³⁸³
1995 3029 2135 3098 (μιοό
2164 3029 2253 3082 de-
2361 3038 2362 3043 ‘

2240 3059 2253 3069 .
2361 3020 2603 3074 videntur
2632 3019 2736 3073 dici
2760 3019 2853 3050 ⁸⁶”
2881 3018 3088 3087 agentia
3114 3018 3193 3071 vel
3224 3018 3573 3086 percutientia
3599 3034 3613 3080 ;
3642 3030 3695 3072 et
3732 3034 3914 3073 secun-

686 3114 835 3167 bem,
889 3113 1034 3167 οιεο,
1086 3116 1221 3171 γυνθ
1268 3117 1370 3172 hoc
1406 3127 1533 3172 ευηι
1560 3119 1654 3150 Im
1699 3120 1839 3188 quod
1867 3120 2081 3173 ἀεικιηι,
2113 3118 2251 3174 MAG,
2357 3109 2480 3162 dum
2513 3108 2562 3161 id
2590 3107 2730 3179 quod
2758 3107 2977 3174 patitur,
3004 3109 3144 3162 actio
3172 3106 3254 3161 vel
3277 3108 3569 3175 percussio.
3596 3106 3730 3161 bam
3760 3106 3917 3178 agen-

684 3204 951 3272 Quidquid
983 3220 1109 3259 vero
1156 3215 1239 3259 est
1277 3210 1419 3275 quod
1464 3209 1619 3262 debet
1665 3224 1801 3270 esse.
1845 3217 1988 3265 recte
2030 3220 2107 3266 est
2139 3212 2252 3265 ³³⁸⁸,
2360 3198 2429 3250 tia
2461 3205 2513 3251 ct
2544 3197 2916 3265 percutientia,
2957 3198 3023 3250 ab
3069 3204 3257 3267 agente
3282 3209 3338 3271 ες
3373 3197 3706 3266 percuticute
3736 3200 3915 3252 dieuué

685 3294 829 3347 Dtsc.
860 3296 1029 3348 Aliter
1060 3312 1309 3351 essenon
1339 3308 1532 3366 potest.
1567 3299 1701 3356 Illac.
1732 3299 1900 3371 Igitur
1928 3317 2089 3356 omne
2111 3304 2254 3372 quod
2357 3300 2359 3335 ⁴

2236 3304 2254 3358 ι
2357 3296 2444 3341 tur
2469 3288 2631 3357 (sicut
2655 3287 2986 3357 providentia
3020 3302 3049 3339 a
3083 3288 3412 3355 providente,
3452 3296 3508 3340 et
3535 3286 3862 3358 continentia
3883 3302 3910 3339 a

683 3396 767 3438 est
794 3395 938 3439 recte
972 3397 1074 3440 est.
1117 3389 1258 3442 DlsC.
1296 3388 1441 3442 Nibil
1469 3391 1885 3459 consequentius
1910 3391 2002 3421 ³³⁸⁵
2030 3392 2169 3447 MAG.
2196 3391 2252 3447 Si
2355 3402 2357 3419 ‘

2238 3391 2252 3446 ί
2355 3377 2694 3447 continente)
2718 3392 2834 3444 quae
2865 3376 3067 3430 scilicet
3113 3391 3276 3445 agens
3304 3385 3358 3431 et
3385 3378 3708 3444 percutiens,
3740 3376 3912 3444 provi-

688 3491 817 3543 ergo
850 3478 1048 3532 veritas
1086 3488 1142 3532 et
1180 3480 1443 3535 rectitude
1488 3471 1687 3534 ideirdo
1725 3491 1850 3535 sunt
1879 3483 1930 3535 iu
1960 3498 2137 3536 rerum
2170 3499 2254 3537 es-
2354 3489 2362 3521 ⁴

2235 3514 2254 3524 -
2354 3470 2484 3524 deus
2513 3478 2565 3523 et
2606 3470 2907 3535 continens,
2944 3468 3116 3523 activa
3167 3478 3319 3534 sunt;
3369 3468 3510 3523 actio
3540 3484 3666 3523 vero
3693 3478 3751 3524 et
3795 3485 3909 3541 per.

682 3568 880 3633 scutia,
922 3569 1047 3637 quia
1079 3568 1181 3623 huc
1212 3580 1336 3623 sunt
1371 3572 1510 3640 quod
1540 3580 1666 3625 sunt
1690 3571 1740 3624 in
1770 3588 1978 3625 summa
2006 3573 2251 3640 veritate,
2354 3586 2356 3601 '

2238 3614 2251 3640 ν
2354 3560 2549 3623 cussio,
2602 3559 2667 3611 ab
2702 3567 2821 3611 acto
2856 3566 2910 3612 et
2946 3574 3219 3627 percusso,
3260 3574 3379 3629 qua:
3414 3561 3620 3628 passiva
3649 3569 3793 3626 sunt,
3825 3560 3912 3613 de-

690 3648 894 3711 certum
918 3668 1001 3712 est
1032 3661 1313 3713 veritatem
1342 3676 1521 3714 rerum
1551 3676 1671 3715 esse
1696 3662 2087 3717 rectitudiuem.
2356 3664 2364 3701 ¹

2356 3649 2613 3701 rivantur.
2669 3646 2774 3701 Sed
2818 3648 3069 3716 quoniam
3121 3650 3202 3713 (ut
3245 3648 3298 3701 in
3331 3664 3435 3701 uno
3463 3648 3637 3701 dicam
3664 3649 3807 3717 quod
3854 3648 3902 3701 in

1270 3747 1496 3801 CAPUT
1539 3748 1665 3803 Vlll.
2352 3740 2560 3829 (Laetaris
2600 3737 2885 3809 intelligas)
2926 3738 3389 3807 sicutpercntiens
3419 3754 3523 3793 non
3554 3740 3772 3794 estsine
3792 3755 3907 3808 per-

682 3838 757 3893 De
779 3841 995 3894 diversis
1018 3842 1383 3903 intellectibua,
1400 3843 1611 3917 debere,
1636 3854 1797 3898 etnon
1821 3844 2043 3911 debere;
2070 3862 2251 3916 posse,
2352 3826 2623 3893 έηδδίοθθν
2652 3843 2748 3881 “cc
2770 3843 3063 3897 Ρθτευδδηεδ
3075 3829 3276 3895 θιιεειιω
3300 3828 3631 3895 Ρονευίίειιίε
3649 3868 3663 3891 ο
3692 3827 3909 3897 ἰπὶ-μετ’

1265 3924 1310 3963 ct
1345 3930 1448 3965 llUll
1482 3927 1661 3980 posse.
2353 3918 2606 3973 cuticntia
2655 3927 2710 3973 et
2752 3918 3027 3987 percussio
3064 3918 3178 3971 sine
3206 3918 3431 3971 invicem
3461 3932 3582 3971 esse
3620 3926 3904 3984 nequeunt;

752 4000 891 4054 Dtsc.
920 4000 1058 4067 Nihil
1087 4002 1315 4071 planius,
1333 4006 1590 4071 «piantqu
1614 4005 1681 4057 ad
1702 4014 2140 4073 consequentiam
2168 4020 2253 4058 ar-
2355 4010 2459 4063 imo
2488 4023 2588 4060 una
2617 4016 2672 4061 et
2696 4007 2882 4060 eadem
2915 4022 3001 4060 res
3028 4014 3113 4060 est
3140 4006 3367 4059 diversis
3391 4005 3693 4060 nominibus
3718 4021 3906 4061 secun—

679 4092 1119 4159 gnmentationis.
1171 4093 1277 4148 Sed
1326 4094 1621 4148 secundum
1678 4095 1753 4148 rei
1785 4096 1877 4131 ³³⁸⁷
1936 4096 2247 4157 veritatem.
2352 4098 2476 4151 dum
2510 4097 2747 4151 diversas
2786 4107 2966 4165 partes
3001 4096 3296 4164 significata
3333 4095 3573 4150 :idcirco
3610 4094 3903 4165 percussio,

678 4184 947 4253 quomodo
994 4199 1276 4253 possumus
1335 4185 1512 4239 dicere
1562 4186 1686 4255 quia
1731 4186 1987 4256 quidquid
2038 4196 2119 4240 est
2158 4187 2248 4219 ³³⁸⁸
2352 4198 2407 4241 ει
2435 4186 2802 4255 percutientis,
2828 4194 2884 4241 et
2925 4186 3161 4255 percussi
3187 4200 3305 4237 esse
3336 4184 3545 4238 dicitur.
3577 4186 3907 4259 Quapropter

678 4276 835 4328 debet
864 4290 982 4329 esse
1002 4316 1016 4338 ,
1045 4291 1167 4329 cum
1202 4276 1309 4330 siut
1338 4276 1500 4329 multa
1530 4293 1690 4346 opera
1724 4280 1858 4331 mala
1885 4294 2004 4347 qua:
2036 4289 2243 4332 certum
2281 4338 2314 4347 ﬁ
2352 4280 2640 4333 secundum
2675 4276 2816 4346 quod
2864 4290 3027 4344 agens
3078 4274 3167 4327 vel
3205 4276 3410 4343 patiens
3438 4275 3608 4328 eidem
3634 4276 3906 4344 subjacent

676 4375 757 4416 est
802 4379 919 4418 esse
959 4380 1062 4418 non
1102 4367 1295 4420 debere
1320 4366 1447 4418 m"?
1494 4366 1631 4423 Illac.
1668 4367 1805 4433 Quid
1832 4368 2049 4432 mirmu,
2072 4369 2115 4421 si
2156 4383 2246 4423 ea-
2280 4338 2565 4436 Djudieio,
2594 4367 2680 4421 vel
2699 4365 2984 4421 contrariis
3010 4404 3024 4430 ,
3078 4365 3190 4433 ipsa
3230 4378 3443 4432 quoque
3473 4365 3611 4421 actio
3644 4380 3709 4419 ex
3749 4376 3897 4417 utra-

676 4455 796 4506 dem
824 4470 908 4507 res
947 4456 1102 4507 debet
1135 4470 1251 4509 esse
1274 4466 1327 4508 et
1360 4472 1462 4509 nun
1492 4458 1642 4511 esse’
1668 4457 1808 4511 DISC.
1843 4458 2119 4523 Quomodo
2151 4475 2243 4528 ρος
2348 4474 2452 4529 que
2496 4466 2648 4526 parte
2674 4455 2923 4509 similiter
2944 4452 3293 4521 iudicabitur,
3335 4462 3427 4506 aut
3450 4453 3738 4507 contrarie.
3771 4452 3898 4505 Cum

679 4552 781 4595 test
815 4544 914 4597 hoc
937 4546 1088 4599 esse?
1122 4545 1256 4600 Mic.
1291 4546 1413 4601 Scio
1450 4558 1498 4601 te
1528 4564 1629 4609 non
1663 4549 1910 4603 dubitare
1954 4550 2075 4617 quia
2111 4550 2241 4603 nibil
2345 4562 2473 4618 ergo
2504 4554 2558 4599 ct
2594 4544 2683 4613 qui
2714 4541 2945 4611 percutit
2973 4552 3115 4595 recte
3143 4540 3391 4609 percutit,
3416 4550 3469 4593 et
3494 4541 3582 4608 qui
3611 4539 3902 4607 percutitur

674 4633 894 4687 oumiuo
920 4644 1019 4700 est,
1064 4636 1163 4689 nisi
1202 4635 1310 4688 Deo
1343 4646 1435 4691 aut
1465 4638 1714 4701 faciente,
1757 4648 1847 4690 aut
1874 4640 2236 4707 permittente.
2346 4647 2491 4692 recte
2522 4635 2816 4705 percutitur
2852 4650 2864 4684 :
2911 4641 2987 4695 ut,
3017 4646 3137 4684 cum
3177 4644 3428 4699 peccztns,
3460 4630 3525 4683 ab
3565 4645 3629 4683 eo
3658 4629 3721 4681 ad
3744 4641 3895 4695 quem

1952 4769 2182 4823 vanu;
2224 4764 2619 4845 LECTIONES;

752 4877 840 4908 ³³⁷⁷
876 4879 971 4942 Qui
1003 4889 1221 4945 possent
1254 4880 1349 4937 illi.
1379 4889 1469 4931 aut
1492 4881 1583 4947 qui
1607 4880 1831 4935 debeant
1856 4898 1978 4935 mss.
2005 4881 2130 4947 quid
2163 4882 2365 4939 possint
2411 4878 2504 4939 illi,
2533 4885 2619 4928 aut
2646 4874 2772 4943 quid
2804 4873 3029 4947 debeant
3058 4889 3165 4947 mi:
3193 4872 3311 4947 Ιξιςςτ.
3339 4873 3372 4925 6
3424 4874 3564 4947 quod
3597 4873 3665 4926 iEli
3686 4874 3895 4947 possint

676 4948 816 5012 quml
849 4942 1141 5001 deliberant
1214 4951 1305 4980 ³³⁷⁸⁷
1334 4942 1764 5003 Cousuiucndum
1818 4968 1939 5002 mss.
2000 4942 2131 5003 Vict.
2160 4949 2279 5002 Bec.
2321 4952 2353 5002 ti
2400 4948 2583 5001 Cister.
2631 4942 3002 4997 insumendum
3077 4942 3167 5012 "3°
3200 4943 3311 4994 Alia
3344 4959 3503 4996 causa
3536 4945 3632 4995 boc
3681 4943 3890 5004 faciant,

676 5010 815 5088 (illud
859 5016 1068 5088 debent.
1115 5030 1166 5071 ct
1214 5021 1330 5088 ideo
1360 5034 1453 5069 ms.
1502 5016 1631 5088 γὸτι.
1679 5020 1783 5071 alia
1824 5036 2003 5079 causa,
2044 5020 2246 5071 faciunt
2272 5018 2410 5087 qmnl
2436 5016 2666 5088 debent.
2703 5012 3059 5088 Et‘ideonm-s.
3101 5010 3292 5088 Bec._b
3337 5014 3436 5064 alia
3482 5026 3661 5074 causa,
3693 5011 3789 5088 iure
3818 5013 3893 5088 {at

674 5079 842 5144 eiunt,
876 5084 997 5152 quia
1038 5088 1225 5139 debent
1254 5084 1360 5140 :"ct
1396 5088 1514 5140 ideo
1588 5087 1680 5117 ³³⁸⁸
1721 5088 1848 5140 Mss.
1889 5091 1953 5141 de
1986 5089 2211 5141 veritate
2249 5079 2493 5141 essuntize
2524 5098 2702 5136 rerum
2779 5079 3063 5152 ’δέ’-Ναυῆ
3114 5082 3280 5147 possit
3322 5096 3441 5152 esse
3477 5097 3598 5152 mss.
3643 5080 3779 5133 nulla
3805 5079 3887 5152 illi

674 5154 840 5225 possit
881 5145 1027 5225 essv'._
1057 5154 1163 5225 Au”
1204 5156 1265 5208 In
1316 5174 1435 5208 mss.
1472 5156 1592 5208 Bac.
1620 5156 1652 5209 6
1703 5160 2036 5210 continuatur
2079 5168 2231 5217 caput
2275 5155 2585 5225 prtecedens.
2622 5150 2932 5225 Omniadtic
2967 5161 3091 5202 Sttltl
3115 5145 3448 5225 inssgernnia
3479 5150 3577 5201 ltoc
3607 5158 3732 5200 sunt
3779 5145 3890 5225 __""‘"

676 5215 803 5274 Sine
830 5223 991 5274 dubio
1016 5222 1101 5275 bie
1126 5234 1243 5275 sunt
1270 5242 1388 5277 mss.
1417 5241 1530 5278 sme
1546 5226 1707 5279 dubio
1726 5227 1824 5280 hoc
1840 5235 1963 5279 sunt
2035 5228 2125 5265 ³³⁸³
2144 5215 2286 5278 Vere
2320 5226 2350 5279 lt

2213 5215 2286 5278 τρε
2320 5225 2406 5279 hic
2433 5232 2557 5277 sunt
2585 5236 2709 5274 nm.
2743 5234 2869 5273 vere
2898 5220 2996 5271 huc
3030 5226 3153 5271 stmt
3225 5219 3316 5254 ³³⁸⁸
3343 5219 3503 5271 Ιιεειε
3532 5227 3614 5271 est
3646 5235 3737 5268 ηιις.
3770 5215 3887 5267 Βετ.

674 5293 727 5343 6.
762 5308 885 5344 vero
913 5301 995 5344 est
1069 5293 1159 5322 ³³⁸⁸⁵
1201 5293 1337 5344 Nihil
1387 5296 1823 5361 corhcqitentins,
1857 5312 1978 5347 mss.
2022 5297 2185 5346 0min.
2262 5294 2350 5325 ³³³⁷
2393 5291 2495 5346 Sed
2543 5290 2833 5361 secundum
2882 5289 2955 5361 rei
2993 5298 3120 5361 _etc.,
3159 5287 3208 5339 in
3251 5287 3503 5361 nr_s_._‘Bec.
3543 5288 3575 5339 ti
3625 5297 3672 5339 et
3706 5285 3886 5361 (gifter.

674 5364 754 5413 h‘c
780 5362 956 5432 iuefpit
998 5373 1147 5432 t‘ttpttt
1181 5361 1212 5413 8
1288 5362 1376 5391 ³³⁸⁸
1403 5353 1662 5430 Quicquid
1692 5375 1792 5428 est,
1812 5353 1963 5431 'quod
1993 5364 2149 5417 debet
2182 5378 2299 5418 esse
2332 5379 2463 5432 rum.
2495 5360 2747 5432 quiequid
2777 5368 2880 5432 est,
2921 5359 3078 5410 debet
3105 5370 3220 5432 esse
3294 5358 3384 5432 1”"
3414 5356 3528 5409 Non
3550 5369 3675 5432 esse
3698 5353 3888 5432 debere

675 5446 795 5499 um.
843 5423 969 5480 Vict.
1015 5423 1135 5482 lter.
1173 5433 1203 5482 (5
1244 5445 1385 5499 esse,
1414 5423 1517 5483 non
1549 5423 1744 5486 debere
1780 5423 1789 5428 ⁷
1821 5423 1911 5464 ³³⁹⁰
1947 5434 2119 5496 Modo,
2162 5433 2283 5499 quia
2322 5423 2577 5484 Dominus
2611 5423 2763 5482 Iesus
2793 5428 2937 5499 solus
2964 5423 3414 5499 ηιεεεᾉΥἰ-ιξιτϐεσ.
3445 5425 3598 5499 uredo
3642 5423 3886 5499 υοηείριιιε

673 5495 844 5571 lesus,
878 5499 1007 5571 quia
1029 5500 1169 5554 solus
1244 5501 1329 5530 "9’
1364 5498 1425 5571 In
1464 5517 1583 5553 mss.
1628 5500 1744 5554 Bac.
1789 5501 1931 5558 Gem.
1968 5487 2464 5557 l’irtdcdutimmfur
2511 5509 2662 5567 t‘ttpttt
2689 5498 2980 5566 prn'cedcns
3054 5496 3145 5527 ³³⁹¹
3184 5494 3439 5551 Videntur
3469 5493 3567 5549 dici
3594 5507 3711 5545 um.
3753 5487 3883 5542 Vict.

675 5566 879 5620 videtur
910 5568 1009 5621 dici
