4240 6236
338 4066 367 4111 \

448 328 553 381 177

1642 334 1909 392 DIALOG.
1954 337 2042 393 DE
2082 336 2441 395 VERITA'I'E.

3556 346 3659 402 473

447 448 677 513 pertinet
701 441 1006 513 corrigitur,
1029 456 1094 500 ex
1125 452 1352 513 utraque
1378 452 1532 514 parte
1562 455 1705 501 recta
1733 456 1840 509 est,
1873 448 1996 518 quia
2027 451 2071 506 Α
2099 451 2525 521 signiﬁcationis,
2559 465 2590 505 a
2619 465 2725 521 qua
2760 451 2881 507 ideo
2918 451 3115 523 incepi,
3139 463 3198 508 ut
3224 465 3277 510 te
3303 470 3333 509 a
3364 457 3662 515 notioribus

448 546 513 585 ex
541 540 959 603 utraquepurte,
999 532 1157 587 debet
1184 548 1302 587 esse
1321 535 1615 603 percussio.
1645 536 1685 591 ε
1706 540 1997 601 contran'o,

448 619 683 703 quando}
701 620 769 675 ab
810 620 991 689 iniquo
1017 621 1196 689 justus
1225 622 1539 692 percutitur,
1585 624 1710 692 quia
1761 640 1861 681 nec
1902 627 2002 679 iste

398 726 401 733 ‘
447 712 674 777 percuti,
717 725 813 766 nec
851 712 938 766 ille
979 722 1264 781 percutere
1285 714 1464 780 debet,
1490 731 1557 771 ex
1602 724 1830 785 utraque
1850 726 2001 790 parte

447 815 553 855 non
582 811 723 854 recta
750 810 850 868 est,
888 801 1013 871 quia
1038 817 1102 858 ex
1128 811 1312 859 neutra
1338 815 1488 873 parte
1518 806 1674 860 debet
1702 823 1846 873 esse,
1872 824 1999 877 per-

446 892 644 947 cussio.
673 892 805 946 Cu‘m
846 908 971 951 vero
1020 909 1248 963 peccans
1278 897 1344 948 ab
1374 910 1438 948 eo
1461 897 1527 949 ad
1558 911 1715 965 quem
1747 910 1850 950 non
1883 914 2002 967 per-

451 983 582 1037 tinet
617 983 931 1052 percutitur,
962 985 1215 1053 quoniam
1256 990 1310 1038 et
1339 984 1447 1039 iste
1481 984 1639 1039 debet
1677 987 1899 1055 percuti,
1948 997 2001 1042 et

386 1142 407 1148 β
450 1072 536 1128 ille
584 1080 689 1127 non
717 1064 1397 1142 debet.pereutere,debet
1426 1084 1480 1130 et
1523 1092 1627 1131 non
1677 1079 1833 1133 debet
1883 1094 2001 1133 esse

446 1166 720 1236 percussio
749 1184 762 1220 :
787 1148 840 1219 et
864 1167 982 1223 ideo
1008 1177 1250 1233 recta,,cl
1277 1185 1379 1224 non
1408 1179 1549 1224 recta
1578 1174 1759 1240 negari
1782 1189 1884 1226 non
1909 1189 2002 1243 po-
2048 1190 2051 1195 '

447 1267 569 1312 test.
588 1256 735 1324 Quod
760 1259 803 1312 si
822 1259 890 1314 ad
917 1274 1160 1330 supernae
1186 1262 1461 1331 sapientiae
1486 1263 1846 1339 bonitatisqnc
1872 1281 2000 1321 con-

434 1345 652 1403 sideres
696 1344 976 1413 judicium,
1034 1349 1147 1404 sive
1180 1364 1244 1404 ex
1289 1350 1454 1404 altera
1504 1359 1730 1421 tantum,
1780 1355 1893 1410 sive
1934 1370 2001 1410 ex

447 1444 674 1509 utraque
717 1448 886 1507 parte,
910 1439 1118 1509 agentis
1145 1442 1353 1498 scilicet
1376 1452 1430 1500 et
1455 1447 1730 1515 patient-is.
1775 1454 1880 1502 nun
1913 1448 2003 1503 dc-

445 1528 569 1583 beat
622 1544 743 1587 esse
794 1532 1113 1603 percussio:
1145 1534 1265 1602 quis
1311 1537 1527 1593 audebit
1559 1552 1759 1609 negarer
1806 1539 2002 1595 debere

446 1632 586 1683 esse,
633 1620 772 1688 quod
808 1628 954 1677 tanta
1005 1620 1243 1680 bonitate
1284 1633 1339 1679 et
1376 1626 1638 1695 sapientia
1678 1630 2002 1695 permittur?

447 1706 592 1764 Dtsc.
625 1708 791 1779 Neget
832 1711 923 1781 qui
969 1709 1153 1780 audet,
1191 1729 1290 1784 ego
1318 1731 1453 1772 vero
1482 1733 1586 1773 non
1637 1719 1826 1775 audeo.
1860 1721 1999 1777 MAG.

446 1797 584 1865 Quid
620 1801 804 1866 etiam,
849 1802 895 1858 si
942 1806 1230 1859 secundum
1279 1815 1520 1862 naturam
1552 1824 1729 1865 rerum
1760 1813 2002 1867 conside-

445 1904 558 1954 res,
581 1898 640 1945 ttt
660 1906 781 1945 cum
802 1893 935 1948 clavi
968 1892 1124 1949 ferrei
1154 1896 1400 1965 impressi
1426 1906 1557 1953 sunt
1582 1900 1633 1953 in
1667 1916 1864 1970 corpus
1895 1902 2003 1955 Du-

446 1981 577 2036 mini
609 1998 623 2035 :
665 1998 733 2036 an
756 1983 901 2040 dices
934 1972 1172 2056 fragilem
1202 2003 1418 2045 carnem
1444 2004 1547 2045 non
1572 1984 1819 2047 debuisse
1848 2008 2006 2062 pene-

447 2070 601 2138 trari,
675 2081 768 2127 aut
816 2084 974 2129 acuto
1015 2076 1159 2130 ferro
1207 2088 1537 2148 penetratam
1600 2097 1725 2136 non-
1757 2081 2005 2137 debuisse

448 2158 661 2216 dolere?
706 2162 847 2218 Dtsc.
893 2164 1091 2220 Contra
1131 2178 1374 2221 natm-am
1416 2170 1671 2225 dicerem.
1710 2170 1847 2226 Mm.
1900 2172 2001 2225 Pu-

448 2256 556 2303 test
585 2249 745 2318 igitur
770 2253 1074 2325 contingere
1100 2263 1158 2309 ttt
1193 2256 1382 2313 debeat
1415 2274 1535 2314 esse
1565 2262 1858 2316 secundum
1905 2279 2003 2315 na-

450 2349 624 2397 tttram
655 2338 820 2409 actio,
844 2344 923 2399 vel
946 2347 1144 2416 passio,
1170 2364 1289 2418 qua:
1320 2350 1608 2405 secundum
1650 2360 1890 2421 agentem
1923 2353 2007 2407 rei

448 2430 734 2499 patientem
772 2448 889 2489 esse
926 2451 1028 2490 non
1072 2437 1247 2501 debet,
1288 2440 1542 2508 quoniam
1581 2456 1679 2495 nec
1710 2440 1797 2495 ille
1823 2457 2003 2511 agere,

449 2534 550 2574 nec
594 2520 696 2576 iste
732 2521 887 2579 debet
931 2524 1059 2593 pati.
1096 2523 1240 2581 Disc.
1266 2526 1405 2582 Niltil
1436 2530 1627 2599 borum
1652 2546 1850 2600 negare
1888 2546 2009 2601 pos-

442 2625 588 2667 sum.
636 2611 772 2668 Msa.
814 2612 972 2670 Vides
1004 2616 1165 2687 igitur
1201 2618 1494 2688 saepissime
1522 2635 1681 2690 posse
1699 2623 2010 2693 contingere

452 2710 511 2756 ut
532 2701 718 2757 eadem
737 2704 885 2758 actio
918 2705 1107 2761 debeat
1150 2721 1276 2762 esse
1310 2717 1363 2762 et
1410 2723 1513 2763 non
1541 2709 1729 2765 debeat
1758 2725 1897 2778 esse,
1926 2711 2007 2766 di-

451 2800 623 2856 rersis
644 2799 1173 2858 considerationibus.
1210 2802 1455 2857 Dtsc.‘lta
1491 2806 1676 2872 aperte
1697 2805 1807 2859 l‘toc-
1824 2816 2007 2860 osten-

452 2892 555 2954 dis,
592 2899 649 2945 ttt
698 2907 802 2946 non
848 2895 1045 2961 possim
1078 2907 1181 2948 non
1228 2892 1426 2948 videre.
1461 2893 1598 2949 Msa.
1638 2895 1836 2950 Verum
1872 2895 2011 2951 inter

454 2984 567 3038 lucc
593 2983 685 3015 ³⁸⁹³
734 2992 785 3037 te
815 2984 951 3039 scire
996 2982 1115 3038 volo
1158 2985 1281 3054 quia
1318 2978 1512 3041 debere
1547 2994 1598 3040 et
1655 3002 1759 3039 non
1788 2987 2009 3056 debere,

2098 543 2166 597 ad
2200 543 2464 614 ignotiora
2509 543 2881 613 perducerem.
2915 543 3112 599 Omnes
3143 547 3289 601 enim
3329 548 3396 602 de
3433 548 3662 603 veritate

2100 631 2506 702 signiﬁcationis
2545 633 2878 709 loquuntur:
2914 635 3192 690 veritatem
3240 652 3389 700 vero,
3432 654 3554 708 qua:
3575 650 3664 695 est

2100 724 2154 778 in
2191 739 2369 778 rerum
2400 725 2656 803 essentia,
2692 724 2845 793 pauci
2876 726 3236 781 considerant.
3279 728 3422 783 Dtsc.
3455 727 3663 784 Profuit

2099 817 2231 871 mibi
2269 818 2394 887 quia
2437 819 2542 874 itoc
2566 818 2757 874 ordine
2809 832 2899 873 me
2933 819 3163 872 duxisti.
3202 818 3339 873 Mtte.
3370 819 3661 874 Videamus

2100 921 2228 977 ergo
2255 923 2415 977 quam
2461 908 2571 962 lata
2614 910 2687 962 sit
2712 909 2914 963 veritas
2945 908 3373 977 signiﬁcationis.
3420 910 3660 979 Namque

2102 1012 2205 1052 non
2239 998 2407 1053 solum
2438 999 2491 1053 itt
2528 999 2611 1057 bis
2657 1014 2776 1068 qua:
2814 1002 2961 1069 signa
2993 1000 3226 1055 solemus
3253 1002 3448 1062 dicere1
3483 1006 3573 1056 sel
3608 1012 3661 1057 et

2101 1086 2154 1140 in
2186 1085 2304 1141 aliis
2330 1088 2577 1144 omnibus
2613 1102 2734 1157 qute
2781 1087 3014 1143 diximus
3056 1101 3136 1143 est
3165 1089 3486 1162 signiﬁcatio
3539 1106 3661 1143 vera

2101 1175 2185 1228 vel
2226 1174 2383 1232 falsa.
2430 1176 2697 1243 Quoniam
2733 1192 2966 1247 namque
3004 1192 3108 1232 non
3144 1188 3227 1235 est
3268 1182 3334 1233 ab
3376 1180 3555 1250 aliquo
3581 1181 3660 1236 ia-

2101 1266 2373 1329 ciendum,
2398 1265 2499 1321 nisi
2525 1266 2664 1336 quod
2700 1268 2820 1339 quis
2847 1266 3009 1323 debet
3032 1267 3243 1333 facere;
3280 1284 3345 1323 eo
3384 1269 3497 1338 ipso
3521 1272 3661 1339 quod

2102 1354 2298 1425 aliquis
2320 1355 2519 1426 aliquid
2550 1355 2702 1419 facit,
2731 1355 2863 1410 dicit
2882 1365 2938 1411 et
2969 1356 3236 1428 signiﬁcat
3262 1348 3363 1412 hoc
3384 1372 3442 1412 se
3471 1359 3663 1414 debere

2105 1446 2281 1501 facere
2311 1464 2323 1501 :
2352 1447 2495 1517 quod
2525 1446 2570 1501 si
2615 1446 2773 1517 113
2814 1446 2971 1513 debet
3017 1447 3197 1502 facere
3233 1450 3375 1517 quod
3399 1448 3545 1515 facit,
3576 1466 3664 1511 vc-

2104 1536 2219 1591 rtnn
2234 1536 2385 1601 dicit,
2414 1538 2658 1593 siautem
2684 1553 2789 1592 non
2802 1539 2978 1601 debet,
2995 1536 3270 1611 mentitur.
3300 1538 3441 1594 Dtsc.
3464 1537 3675 1605 Quam-

2102 1628 2183 1681 vis
2240 1628 2429 1681 videar
2476 1627 2605 1681 mibi
2641 1628 2979 1700 intelligere,
3038 1639 3213 1685 tamen
3269 1630 3391 1700 quia
3460 1629 3677 1684 inaudi-

2106 1729 2218 1774 tum
2251 1718 2346 1752 “°‘
2383 1718 2645 1775 hactenus
2676 1719 2795 1787 fuit,
2820 1722 3059 1793 apertius
3084 1713 3307 1778 Ostende
3337 1720 3479 1790 quod
3506 1720 3662 1775 dicis.

2105 1808 2244 1867 Msa.
2285 1808 2341 1864 Si
2382 1820 2533 1865 esses
2571 1810 2626 1863 in
2664 1809 2787 1865 loco
2826 1811 2915 1865 ubi
2941 1812 3110 1867 scires
3138 1826 3256 1867 esse
3285 1810 3526 1865 salubres
3551 1811 3668 1866 bet-

2104 1903 2201 1959 bas
2258 1914 2313 1959 et
2363 1900 2711 1968 mortiferas;
2736 1901 2829 1957 sed
2874 1904 3113 1973 nescires
3146 1918 3239 1969 eas
3275 1902 3578 1972 discernere.
3613 1909 3672 1955 et

2103 2002 2245 2049 esset
2267 1994 2338 2049 ibi
2370 1993 2583 2065 aliquis,
2611 1995 2677 2049 de
2703 2008 2811 2064 quo
2831 2008 2934 2049 non
2959 1994 3231 2049 dubitares
3261 1993 3387 2061 quin
3420 1991 3536 2045 illas
3572 1988 3666 2023 ““

2104 2087 2408 2143 discernere
2448 2087 2635 2153 sciret,
2670 2087 2874 2157 tibique
2914 2084 3269 2159 interroganti
3287 2100 3407 2154 qua:
3430 2084 3671 2139 salubres

2105 2187 2289 2233 essent
2324 2186 2377 2232 et
2405 2195 2525 2248 quas
2569 2177 2878 2244 mortiferae,
2924 2179 3057 2234 alias
3101 2179 3265 2233 verbo
3303 2176 3553 2231 salubres
3573 2177 3667 2210 ““

2106 2267 2308 2322 diceret
2343 2282 2484 2335 esse,
2523 2276 2577 2322 et
2598 2266 2733 2323 alias
2779 2266 3122 2331 emuederet;
3155 2266 3245 2320 cui
3282 2266 3452 2336 magis
3480 2266 3672 2320 crede-‘-

2108 2370 2214 2418 res,
2255 2355 2419 2410 verbo
2440 2370 2508 2409 an
2551 2355 2753 2410 actioni
2780 2351 2929 2423 ejus?
2978 2354 3126 2411 Dtsc.
3158 2351 3275 2412 Non
3308 2361 3514 2407 tantum
3552 2367 3672 2407 cre-

2106 2446 2286 2499 derem
2336 2446 2501 2500 verbo
2536 2455 2796 2516 quantum
2848 2446 3017 2516 operi.
3064 2444 3202 2521 Msa.
3257 2443 3383 2499 Plus
3417 2460 3547 2509 ergo
3576 2444 3668 2498 tibi

2108 2531 2313 2587 diceret
2359 2547 2485 2603 quas
2520 2533 2775 2587 salubres
2835 2540 3017 2587 essent
3052 2527 3237 2601 ‘oper'e
3283 2547 3443 2601 quam
3485 2532 3669 2587 verbo.

2109 2618 2254 2681 Disc.
2285 2624 2360 2679 ita
2390 2632 2494 2680 est.
2539 2612 2677 2681 She.
2700 2623 2790 2680 Sic
2819 2624 3022 2694 itaque,
3051 2622 3096 2679 si
3135 2612 3373 2679 nescires
3418 2639 3523 2677 non
3553 2639 3675 2678 esse

2108 2716 2509 2793 mentiendum,
2574 2724 2629 2770 et
2694 2716 3017 2771 mentiretur
3080 2715 3275 2785 aliquis
3330 2729 3513 2770 coram
3576 2724 3673 2781 te,

2110 2807 2319 2861 etiamsi
2346 2806 2551 2861 diceret
2584 2806 2685 2875 tibi
2704 2806 2901 2874 ipsese
2925 2819 3030 2859 non
3059 2802 3256 2859 debere
3284 2803 3522 2868 mentiri,
3553 2802 3676 2871 plus

2111 2897 2224 2968 ipse
2244 2898 2334 2952 tibi
2354 2897 2556 2955 diceret
2578 2910 2742 2965 opere
2760 2910 2820 2951 se
2847 2895 3061 2958 mentiri
3087 2896 3306 2965 debere,
3324 2910 3485 2965 quam
3512 2894 3676 2948 verbo

2112 3004 2215 3045 non
2276 2988 2492 3043 debere.
2558 2986 2820 3042 Similiter
2878 2988 3003 3041 dum
3049 2985 3252 3051 cogitat
3293 2982 3527 3054 aliquis,
3582 2993 3684 3038 aut

452 3072 742 3144 aliquando
778 3074 971 3139 dicitur
1009 3075 1296 3145 imprOptjie
1319 3075 1444 3142 “";
1471 3085 1546 3141 ut,
1591 3094 1712 3133 cum
1741 3080 1860 3133 dico
1884 3081 2006 3148 quia
2036 3098 2081 3161 ρ
2111 3080 2224 3133 vult
2244 3078 2337 3111 'm
2365 3077 2588 3148 aliquid,
2626 3077 2670 3131 si
2703 3076 2940 3131 nescires
2963 3091 3031 3130 an
3062 3076 3283 3129 deberet
3306 3075 3356 3128 id
3382 3074 3537 3135 velle,
3563 3073 3677 3129 sive

452 3160 621 3217 debeo
649 3163 816 3219 amari
843 3180 873 3219 a
915 3172 985 3223 te.
1034 3164 1089 3219 Si
1133 3165 1273 3220 enim
1311 3180 1437 3220 vere
1473 3167 1663 3231 debeo,
1695 3166 2008 3223 debitor‘m

453 3267 573 3308 sum
595 3253 815 3310 reddere
855 3255 996 3326 quod
1029 3254 1225 3320 debeo;
1273 3265 1329 3311 et
1358 3256 1408 3311 in
1439 3256 1592 3328 culpa
1634 3274 1771 3322 sum,
1816 3260 1859 3314 si
1904 3277 2008 3316 non

453 3358 609 3400 amor
646 3355 773 3399 ate.
806 3344 951 3401 Diae.
976 3346 1049 3404 ita
1073 3348 1336 3418 sequitur.
1368 3347 1505 3402 Msa.
1535 3347 1638 3403 Sed
1683 3365 1803 3404 cum
1843 3351 2011 3406 debeo

452 3437 674 3493 amaris
707 3447 788 3498 te.
825 3442 1038 3493 nonest
1062 3452 1091 3491 ι
1121 3453 1213 3493 me
1232 3439 1570 3508 exigendum.
1597 3440 1688 3494 sed
1718 3456 1747 3493 a
1773 3450 1841 3495 te.
1867 3440 2013 3497 Dtsc.

453 3524 643 3597 I'aterl,
677 3542 762 3581 me
807 3527 873 3582 ita
929 3541 1047 3584 esse
1095 3538 1301 3597 oportet
1346 3530 1461 3583 'm.
1514 3529 1661 3586 Msa.
1706 3531 1839 3585 Cum
1884 3546 2012 3601 ergo

457 3616 585 3672 dico
608 3616 733 3687 quia
757 3616 845 3649 ³³³¹
898 3617 1064 3672 debeo
1096 3610 1266 3671 amari
1302 3634 1329 3672 a
1381 3604 1468 3683 te,
1516 3635 1631 3673 non.
1683 3612 1753 3673 ita
1796 3620 2010 3686 dicitur,

456 3706 607 3777 quasi
648 3722 749 3779 ego
785 3706 984 3777 aliquid
1022 3706 1244 3764 debeam
1275 3707 1388 3774 θ’θ’,
1430 3709 1522 3763 sed
1561 3710 1687 3779 quia
1731 3718 1793 3765 tu‘
1854 3710 2015 3765 debes

459 3815 650 3855 amare
668 3814 773 3855 me.
796 3800 1195 3875 Similitercum
1220 3801 1343 3854 dico
1364 3802 1487 3870 quia
1514 3817 1617 3856 non
1649 3802 1818 3856 debeo
1841 3800 2013 3856 amari

461 3908 490 3944 a
532 3901 604 3957 te,
648 3908 749 3947 non
787 3893 939 3946 aliud.
967 3891 1293 3962 intelligitur,
1318 3908 1475 3961 quam
1500 3894 1623 3962 quia
1653 3903 1704 3945 ttt
1734 3909 1835 3947 non
1853 3893 2015 3949 debes

462 3995 643 4051 amare
671 3996 775 4036 me.
814 3981 913 4047 Qui
949 3980 1406 4051 modusloquendi
1452 3991 1534 4036 est
1564 3984 1725 4037 etiam
1759 3984 1810 4037 in
1834 3993 2018 4052 poten—

465 4072 535 4124 tia
557 4080 614 4126 et
638 4071 688 4124 in
733 4071 1068 4140 impotentia,
1099 4080 1166 4140 ut.
1187 4086 1307 4153 cum
1339 4071 1534 4126 dicitur
1566 4086 1581 4124 :
1616 4070 1811 4126 llector
1841 4075 2015 4141 potuit

448 4152 609 4219 Ivinc‘i‘
659 4165 727 4218 ab
773 4165 993 4228 Achille,
1034 4172 1088 4218 et
1137 4147 1371 4219 Acbilles
1415 4176 1519 4218 non
1573 4166 1744 4234 potuit
1769 4165 1909 4219 vinci
1952 4147 2051 4220 ab.

470 4253 709 4310 "cetera.
744 4254 862 4310 Non
897 4254 1047 4309 enim
1084 4254 1184 4309 fuit
1220 4256 1457 4325 potentia
1508 4254 1561 4309 in
1604 4254 1693 4310 illo
1724 4257 1823 4326 qui
1849 4258 2019 4325 potuit

468 4343 626 4405 vinci,
657 4343 749 4398 sed
802 4343 855 4399 in
897 4342 986 4398 illo
1009 4344 1100 4414 qui
1129 4344 1343 4399 vincere
1372 4343 1544 4411 potuit
1576 4362 1589 4397 :
1626 4360 1725 4399 nec
1758 4346 2019 4415 impoten-

2110 3171 2371 3239 cogitare,
2417 3168 2462 3223 si
2492 3167 2818 3223 voluntatem
2862 3165 2976 3233 ejus
3008 3173 3063 3221 et
3108 3162 3490 3234 cogitationem
3531 3165 3680 3217 vide-

2110 3274 2216 3323 res,
2259 3257 2591 3328 signiﬁcaret
2650 3255 2745 3311 tibi
2784 3256 2901 3326 ipso
2939 3269 3102 3325 opere
3149 3254 3272 3323 quia
3316 3254 3419 3308 boc
3455 3252 3679 3306 deberet

2111 3349 2462 3419 cogitare“"
2492 3358 2549 3405 et
2586 3347 2744 3403 velle.
2789 3346 2941 3414 Quod
2985 3346 3029 3402 si
3090 3345 3161 3399 ita
3196 3344 3439 3408 deberet,
3487 3357 3675 3396 verum

2112 3439 2343 3503 diceret;
2394 3438 2477 3495 sin
2525 3447 2725 3503 autem,
2781 3436 3118 3491 mentiretur.
3166 3433 3222 3488 in
3255 3447 3435 3487 rerum
3466 3447 3681 3501 quoque

2110 3531 2393 3586 esistentia
2437 3539 2522 3586 est
2551 3530 2801 3586 similiter
2836 3542 2960 3582 vera
3010 3524 3093 3580 vel
3141 3524 3273 3580 falsa
3326 3524 3678 3591 signiﬁcatio;

2112 3621 2365 3691 quoniam
2402 3634 2468 3674 eo
2508 3620 2622 3690 ipso
2669 3618 2795 3687 quia
2846 3629 2952 3681 est,
3013 3614 3144 3671 dicit
3187 3627 3248 3667 se
3293 3611 3490 3666 debere
3538 3627 3677 3675 esse.

2116 3712 2258 3767 Disc.
2312 3711 2488 3766 Video
2533 3725 2674 3765 nunc
2721 3715 2905 3778 aperte
2961 3706 3102 3776 quod
3134 3703 3398 3758 hactenus
3429 3718 3535 3756 non
3570 3704 3683 3756 ani-

2114 3802 2400 3857 madverti‘.

2526 3890 2751 3946 CAPUT
2797 3890 2837 3943 Χ
2860 3889 3001 3962 [ηιη
3042 3888 3132 3959 XI]
3155 3888 3268 3941 mi.

2592 3979 2664 4033 De
2708 3996 2912 4034 summa
2959 3982 3197 4033 veritate.

2188 4074 2325 4128 Msa.
2344 4071 2755 4141 Progrediamur
2783 4071 2847 4123 ad
2877 4085 2940 4124 ea
2965 4085 3084 4138 qua:
3111 4076 3333 4131 restant.
3366 4067 3507 4121 Dtsc.
3532 4067 3679 4120 Pue-

2116 4165 2265 4227 cede,
2288 4172 2343 4217 et
2370 4176 2586 4229 sequar.
2605 4159 3029 4231 Mtu.Summam
3055 4166 3233 4210 autem
3264 4157 3545 4210 veritatem
3577 4172 3680 4208 non

2120 4254 2340 4324 rogabis
2375 4266 2494 4307 esse
2534 4249 2948 4309 rectitudinetn?
2998 4248 3141 4302 Dtsc.
3192 4247 3301 4301 lmo
3357 4245 3490 4299 nihil
3537 4244 3682 4299 aliud

2121 4345 2263 4400 illam
2300 4356 2513 4413 possum
2554 4340 2728 4396 fateri.
2761 4338 2900 4394 "tu.
2929 4338 3222 4392 Considera
3247 4336 3373 4405 quia
3412 4350 3538 4389 cum
3562 4350 3682 4390 om—

470 4435 539 4487 tia
572 4434 622 4488 in
654 4433 753 4488 illo-
773 4434 865 4503 qui
908 4432 1046 4489 vinci
1080 4448 1184 4487 non
1214 4434 1400 4503 potuit,
1453 4435 1545 4490 sed
1579 4435 1631 4489 in
1671 4436 1759 4489 illo
1785 4437 1873 4507 qui
1901 4438 2018 4492 vin-
2057 4422 2097 4475 ί)
2126 4449 2219 4489 nes
2248 4433 2568 4504 supradicta:
2594 4429 2688 4463 'W
2724 4428 3069 4483 rectitudines
3107 4425 3229 4480 ideo
3250 4425 3366 4479 sint
3408 4424 3687 4485 rectitudi-

468 4541 587 4581 eere
636 4539 739 4581 non
792 4526 984 4593 potuit.
1040 4524 1185 4580 Dtsc.
1253 4524 1442 4581 Placet
1482 4526 1615 4581 mibi
1651 4527 1791 4595 quod
1844 4528 2016 4582 dicis:

468 4617 661 4689 quippe
696 4616 834 4669 utile
860 4625 987 4685 puto
1014 4616 1115 4671 bne
1140 4630 1485 4686 cognoscere.

847 4703 1098 4762 .csrur
1139 4704 1203 4759 ut
1247 4705 1366 4777 [(11..
1394 4705 1459 4776 χ]
1491 4705 1603 4759 ιω.

506 4796 656 4862 Quod
680 4799 843 4865 Qtttm's
872 4796 1005 4849 uctio
1031 4797 1281 4866 signi/iret
1320 4807 1406 4849 aut
1440 4813 1610 4848 rerum
1637 4807 1726 4848 aut
1765 4796 1978 4865 falsum.

540 4886 676 4942 Mss.
706 4886 866 4940 Recte
904 4898 1056 4956 putas
1108 4903 1122 4940 :
1159 4888 1254 4940 sed
1305 4886 1584 4939 redeamus
1631 4885 1704 4937 ad
1741 4887 2017 4942 veritatem

1212 4966 1235 5007 Ι

2128 4538 2242 4591 nes,
2257 4524 2379 4594 quia
2397 4524 2483 4579 illa
2503 4525 2554 4579 in
2571 4524 2764 4595 quibus
2780 4512 2921 4584 sunt,
2938 4528 3030 4574 aut
3048 4526 3173 4573 sunt
3201 4526 3291 4573 aut
3319 4516 3521 4571 faciunt
3546 4517 3689 4587 quod

2127 4620 2358 4679 debent:
2383 4631 2589 4671 summa
2623 4614 2824 4669 veritas
2863 4627 2966 4665 non
3001 4610 3118 4664 ideo
3145 4616 3229 4665 est
3258 4606 3687 4675 rectitudo,quia
3768 4624 3773 4629 λ

2128 4710 2283 4762 debet
2321 4706 2544 4777 aliquid.
2593 4702 2785 4770 Omnia
2822 4702 2964 4773 enim
3019 4699 3092 4753 illi
3143 4698 3340 4753 debent
3392 4696 3551 4765 :ipsa
3593 4695 3690 4728 'W’

2129 4812 2255 4849 vero
2278 4795 2402 4848 nulli
2429 4792 2718 4865 quidquam
2741 4790 2920 4854 debet,
2944 4805 3040 4844 nec
3066 4788 3167 4841 ulla
3199 4788 3406 4847 ratione
3433 4794 3517 4839 est
3547 4786 3695 4853 quod

2129 4898 2234 4950 est,
2270 4886 2369 4939 nisi
2397 4884 2521 4953 quia
2556 4891 2656 4938 est.
2692 4881 2835 4936 Dtsc.
2870 4880 3127 4950 Intelligo.
3162 4878 3297 4933 Msa.
3340 4875 3497 4930 Vides
3525 4875 3691 4929 etiam

542 5065 634 5097 'm
666 5064 837 5120 Unum
863 5076 1001 5118 mter
1039 5064 1151 5119 haec
1193 5082 1316 5128 mss,
1360 5080 1543 5118 verum
1583 5067 1718 5119 inter
1747 4995 2479 5119 ait».
2524 5064 2635 5117 lucc
2669 5079 2765 5115 ms.
2800 5061 2916 5115 nec.
2946 5061 2996 5114 6.
3028 5057 3213 5128 verum
3254 5057 3369 5128 iure
3400 5055 3543 5128 inter
3577 5055 3695 5109 haec

474 5133 566 5204 f3,“
599 5134 917 5202 ltnproprie;
971 5143 1025 5188 ut
1068 5151 1164 5204 tm.
1215 5125 1363 5204 Vict.
1391 5135 1444 5188 5.
1493 5136 1704 5204 proprie
1734 5144 1791 5187 ut
1862 5136 1954 5167 ³³⁸⁸
2000 5136 2054 5191 Si
2085 5137 2226 5187 enim
2269 5136 2454 5197 debeo,
2512 5148 2636 5186 vere
2672 5134 2880 5184 debitor
2914 5147 3047 5204 nm.
3114 5127 3244 5182 Vict.
3285 5126 3329 5181 si
3357 5125 3522 5204 enim
3566 5137 3701 5204 ἴρηξ

472 5191 1030 5262 ἀκειιρο.ἰιεὶίιιοι·’νηι.
1057 5202 1179 5255 Bac.
1224 5203 1274 5257 6.
1315 5203 1367 5255 si
1411 5191 1536 5257 ver'o
1578 5191 1745 5257 debeo
1776 5205 1982 5257 debitor
2055 5206 2145 5237 ³⁸⁸⁸
2172 5204 2253 5256 Me
2279 5206 2348 5257 ita
2379 5191 2586 5273 oportet
2629 5218 2750 5253 nm.
2781 5208 2882 5273 me
2914 5199 2983 5258 ita
3015 5202 3373 5273 remotione}
3415 5210 3511 5273 uti;
3537 5191 3687 5273 ﬂer-
3770 5244 3773 5247 .

475 5274 531 5324 ii.
578 5261 655 5325 ita
711 5285 971 5343 tne__esse
1004 5281 1213 5340 oportet
1282 5273 1383 5343 9"
1416 5273 1548 5343 Cum
1606 5288 1732 5343 ergo
1778 5288 1895 5326 esse
1938 5276 2091 5337 dico,
2120 5275 2242 5341 quia
2298 5261 2427 5328 mss:
2474 5273 2780 5343 Caunergo
2808 5269 2946 5343 _dico
2973 5267 3107 5343 quia
3183 5261 3276 5297 ’V‘“
3324 5261 3691 5343 qutlehﬂyu

476 5356 598 5413 mss.
633 5339 981 5413 ego_t_tliqt_t_id_
1019 5330 1243 5413 debeam
1315 5342 1408 5413 ³³η
1452 5341 1541 5413 Est
1592 5330 1792 5395 initus.
1837 5353 1988 5410 caput
2026 5330 2213 5413 9'ct'mt
2257 5344 2452 5413 titulo:
2485 5341 2651 5413 Quod
2677 5330 2851 5413 nimiis
2883 5330 3021 5413 aelii}
3064 5347 3185 5401 etin,
3224 5344 3285 5413 Et
3328 5330 3693 5413 ὺίιίιπεαξξηφ

478 5409 541 5480 οὶ
571 5410 624 5461 iu
666 5397 823 5480 Editis
863 5397 985 5440 "m
1017 5410 1216 5464 Tamen
1265 5412 1404 5480 quod
1451 5411 1575 5465 tnilti
1624 5428 1747 5480 nm.
1792 5397 1976 5475 tanien
2015 5397 2136 5480 quia
2193 5397 2527 5480 inauditum“
2564 5409 2654 5441 “°‘
2700 5405 2851 5480 Quin
2883 5406 2999 5459 illas
3037 5397 3181 5480 iam.
3224 5402 3356 5480 Vict.
3403 5398 3524 5480 qui?
3576 5397 3723 5480 illati,

480 5479 571 5516 ³⁸⁸³
614 5479 760 5532 Alias
813 5484 940 5534 vero
978 5480 1216 5533 salubres
1260 5466 1384 5534 τίω.
1435 5480 1538 5534 alia
1599 5478 1761 5534 verbo
1792 5466 2046 5535 salubre;
2113 5480 2205 5511 ³⁸⁸³
2243 5478 2489 5544 Aliquid,
2530 5466 2781 5533 aut'vdlt
2832 5493 2954 5529 mss.
3002 5474 3241 5542 aliquis;
3272 5479 3363 5524 ³1η
3412 5466 3525 5519 “lu
3565 5466 3701 5544 tm‘

484 5546 965 5621 [laberetwgitare
994 5564 1116 5601 um.
1147 5547 1465 5621 i'ic‘t.,debet
1489 5550 1725 5621 cogitare
1798 5550 1889 5582 ⁸⁸⁸⁸
1934 5549 2025 5603 Est
2056 5551 2113 5619 in
2136 5548 2276 5619 ltus.
2315 5543 2481 5621 Caput
2524 5545 2736 5621 {01‘s}!!!
2753 5544 2870 5621 _Itoc
2904 5544 3100 5621 titulo“:
3138 5546 3205 5621 de
3225 5552 3428 5619 summa
3466 5543 3695 5621 νςηιέξξυ

483 5616 574 5737 LL"
625 5614 754 5697 quia
797 5602 1000 5674 "manus
1052 5602 1370 5687 supradictae
1424 5602 1725 5691 mssfquia
1776 5636 1894 5673 CU’“
1953 5602 2147 5673 omnes
2194 5602 2511 5688 supradicta:
2607 5616 2694 5647 "°'
2751 5614 2948 5669 Debent
3007 5612 3229 5680 aliquid,
3278 5609 3389 5679 ipsa
3434 5619 3555 5658 mu.
3598 5602 3703 5656 de»
3786 5632 3793 5637 ο

533 5692 605 5737 ἰιι
631 5702 643 5737 :
676 5697 791 5737 tus:
2304 5700 2305 5709 ‘

533 5692 605 5739 :ttt
631 5702 643 5739 :
676 5692 791 5755 ipse
2304 5700 2305 5709 ‘
