4240 6188
640 301 747 355 479

1174 296 1233 354 S.
1280 296 1574 353 .tNSELMI
1612 294 1969 351 CANTUAR.
2013 294 2247 349 ARCIIII

2324 333 2330 346 .
2363 290 2512 349 OPP.
2552 292 2730 349 PARS
2766 293 2801 349 l.
2837 322 2904 336 -—-
2938 292 3355 351 DOCSIATICA.

3787 295 3893 354 480

639 412 911 481 quomodo
942 412 1043 489 istp
1068 411 1159 442 ’W'
1192 409 1451 465 rectitude
1480 424 1638 462 causa
1687 408 1758 461 sit
1806 409 2047 462 onmium
2085 407 2211 460 alia—
2241 410 2285 464 Α
2314 405 2502 457 Nonne
2533 394 2798 459 rectitude
2831 405 2917 459 illa
2966 420 3248 474 COI'lml‘lllll
3294 403 3500 457 ratione
3553 404 3887 477 illltnigiull'.

643 518 762 558 rum
811 503 1097 558 veritatum
1128 509 1182 554 et
1223 499 1630 564 rectitudiuum,
1680 507 1736 553 et
1768 498 1898 553 nihil
1942 501 2012 553 sit
2055 514 2217 553 causa

642 595 821 649 illius?
851 594 993 648 Dtsc.
1026 592 1190 646 Video
1230 600 1287 645 et
1328 592 1701 646 animadverto
1727 590 1779 643 in
1812 590 1929 643 aliis
1959 589 2216 657 quasdam

639 696 764 736 esse
794 691 999 735 tantum
1045 680 1267 745 cll‘ccta;
1312 681 1574 750 quasdam
1608 693 1736 732 vero
1762 692 1882 731 esse
1910 691 2103 729 causas
2122 714 2138 740 ,
2166 684 2218 730 ct

640 769 826 823 cll'ccta
854 786 867 822 :
898 777 978 832 ut,
1005 784 1129 823 cum
1162 770 1381 832 veritas,
1410 784 1527 837 qute
1555 776 1637 821 est
1667 766 1717 819 iu
1763 780 1941 818 rerum
1974 766 2218 819 existen-

641 860 735 924 tia,
762 858 831 914 sit
856 858 1106 916 eﬂ'ectum
1129 877 1352 917 summa:
1373 858 1647 923 veritatis,
1673 857 1783 925 ipsa
1815 871 2030 926 quoque
2054 872 2217 910 causa

638 959 726 1005 est
745 950 987 1005 veritatis
1013 966 1133 1021 qua:
1176 947 1517 1017 cogitationis
1542 958 1649 1010 est,
1686 955 1744 999 et
1766 943 1885 1011 ejus
1911 962 2029 1013 qua:
2055 957 2138 1000 est
2164 946 2215 998 in

635 1040 1103 1109 propositionczet
1131 1040 1246 1095 istm
1271 1040 1388 1093 dua:
1415 1041 1673 1094 veritates
1688 1040 1884 1093 nullius
1909 1046 2034 1091 sunt
2053 1052 2214 1090 causa

638 1132 906 1185 veritatis.
954 1131 1094 1186 MAG.
1139 1130 1283 1186 Bene
1313 1129 1670 1191 consideras:
1704 1127 1845 1183 unde
1864 1127 1977 1196 jam
2025 1128 2216 1181 intelli-

640 1238 770 1291 gere
820 1230 974 1291 potes
1023 1223 1296 1291 quomodo
1348 1235 1613 1276 summam
1662 1220 1943 1274 veritatem
1992 1218 2047 1272 in
2095 1233 2214 1272 meo

638 1312 938 1382 Iluuologio
961 1312 1103 1383 (cap.
1134 1310 1222 1383 l8)
1259 1312 1476 1371 probavi
1512 1327 1618 1366 non
1650 1312 1850 1365 habere
1887 1310 2209 1380 principium

638 1405 722 1458 vel
764 1405 946 1472 liuent,
977 1420 1075 1473 per
1101 1405 1382 1459 veritatem
1404 1400 1685 1457 orationis.
1714 1402 1847 1457 Cum
1887 1403 2033 1456 enim
2076 1403 2210 1467 dixi,

635 1494 853 1563 quando
910 1509 1016 1549 non
1067 1494 1168 1549 fuit
1216 1508 1399 1547 verum
1450 1492 1574 1561 quia
1635 1491 1873 1546 futurum
1935 1503 2055 1546 erat
2117 1493 2212 1545 ali-

633 1585 807 1653 quid,
870 1600 975 1639 non
1026 1585 1101 1639 ita
1150 1584 1259 1641 ἀίιί
1298 1582 1375 1639 ἀθ
1430 1584 1473 1638 si
1523 1583 1729 1653 absque
1782 1584 2049 1655 principio
2106 1586 2209 1637 ista

634 1676 812 1729 oratio
845 1675 1071 1740 fuisset,
1101 1688 1222 1745 qua:
1251 1685 1521 1731 assereret
1554 1675 1796 1730 futurum
1837 1677 2037 1746 aliquid
2069 1691 2208 1740 esse,

632 1774 726 1821 aut
757 1765 860 1821 ista
893 1766 1096 1821 veritas
1124 1744 1278 1821 esset
1322 1760 1464 1822 Deus
1495 1784 1510 1821 :
1552 1767 1643 1821 sed
1673 1744 1940 1835 quoniam
1969 1767 2062 1799 ³⁵⁸³
2106 1784 2209 1822 con
2247 1744 2292 1802 Β

635 1864 815 1926 potest
843 1856 1068 1928 intelligi
1093 1858 1333 1927 quando,
1357 1858 1402 1911 si
1432 1859 1608 1912 oratio
1639 1856 1734 1889 ³⁵⁵⁸⁸
1776 1858 1876 1912 ista
1907 1869 2051 1913 esset
2077 1900 2092 1923 ,
2124 1875 2215 1913 vc-
2243 1848 2247 1874 ¹

636 1934 773 2002 ritas
798 1946 871 2001 illi
902 1948 1135 2013 deesset,
1167 1955 1230 2002 ut
1277 1962 1376 2017 per
1422 1948 1686 2017 bocquia
1737 1964 1843 2003 non
1897 1949 2211 2020 intelligitur

637 2038 852 2106 quando
886 2037 982 2091 ista
1008 2037 1210 2092 veritas
1235 2042 1355 2092 esse
1377 2054 1482 2091 non
1512 2041 1766 2107 potuerit,
1801 2041 1843 2093 si
1874 2053 2013 2094 esset
2035 2040 2213 2093 oratio

629 2129 821 2204 inqua
859 2143 980 2183 esse
1005 2136 1206 2199 posset,
1231 2128 1563 2198 intelligatur
1585 2131 1669 2184 illa
1697 2124 1897 2185 veritas
1921 2130 2037 2185 siue
2059 2131 2210 2199 prin-

630 2220 774 2291 cipio
821 2220 1011 2283 fuisse,
1048 2235 1169 2289 quze
1212 2221 1387 2289 prima
1425 2236 1588 2275 causa
1642 2230 1726 2275 est
1758 2221 1916 2292 hujus
1942 2223 2223 2277 veritatis.‘

631 2311 840 2380 Quippe
869 2311 1069 2368 veritas
1098 2310 1361 2368 orationis
1385 2326 1494 2369 non
1542 2327 1756 2382 semper
1788 2324 1969 2382 posset
1996 2329 2136 2378 esse,
2164 2316 2208 2368 si

629 2401 751 2471 t-jus
790 2415 954 2456 causa
982 2415 1088 2456 non
1120 2415 1334 2471 semper
1379 2411 1545 2457 esset.
1580 2402 1789 2457 Etenim
1828 2419 1936 2464 non
1976 2414 2058 2459 est
2085 2421 2210 2459 vera

630 2490 831 2557 oratio,
857 2506 978 2560 qua:
1022 2490 1154 2545 dicit
1215 2479 1456 2546 futurum
1505 2507 1627 2547 esse
1678 2493 1879 2563 aliquid
1926 2495 2015 2531 'W
2046 2537 2061 2563 ,
2094 2498 2211 2556 nisi

630 2582 808 2651 reipsa
857 2582 933 2638 sit
965 2582 1171 2653 aliquid
1220 2583 1492 2649 futurum;
1547 2599 1722 2655 neque
1775 2588 1976 2655 aliquid
2016 2598 2101 2643 est
2129 2588 2215 2641 fu-

631 2680 845 2739 turum,
897 2673 945 2729 si
984 2688 1092 2728 non
1122 2673 1192 2729 sit
1218 2675 1272 2729 in
1300 2679 1511 2729 sutnma
1548 2678 1793 2731 veritate.
1833 2678 2096 2743 Similiter
2145 2682 2211 2735 de

637 2762 737 2816 illa
782 2761 1189 2834 intelligendum
1219 2763 1305 2819 cSt
1328 2765 1574 2821 oratione
1613 2768 1729 2833 W’,
1755 2784 1876 2836 qua:
1907 2770 2039 2823 dicit
2085 2771 2210 2839 quia

634 2853 969 2921 praeteritum
999 2862 1084 2909 est
1111 2853 1339 2925 aliquid.
1362 2852 1496 2909 Nam
1520 2857 1566 2910 si
1595 2857 1741 2911 nullo
1767 2858 2039 2913 intellectu
2070 2862 2211 2915 veri-

633 2952 721 2996 tas
762 2943 995 2997 orationi
1028 2944 1185 3006 huic,
1220 2944 1263 2999 si
1306 2944 1443 2998 facta
1496 2945 1700 3011 fuerit,
1746 2950 1933 3002 deesse
1985 2953 2211 3019 poterit.

636 3044 865 3086 necesse
899 3042 983 3086 est
1013 3041 1071 3086 ut
1099 3035 1214 3100 ejus
1236 3034 1499 3101 veritatis,
1529 3052 1649 3106 qua:
1686 3053 1897 3092 summa
1925 3055 2088 3095 causa
2129 3052 2214 3096 cst

634 3118 817 3201 Istius.
858 3120 1035 3178 nullus
1066 3123 1192 3178 linis
1239 3124 1461 3195 intelligi
1510 3128 1701 3196 possit.
1741 3129 1946 3188 ideirco
1982 3133 2214 3201 namque

635 3196 770 3265 vere
813 3211 1011 3268 dicitur
1048 3215 1381 3283 praeteritum
1412 3216 1504 3247 ³⁸³³
1542 3232 1665 3273 esse
1721 3218 1942 3290 aliquid,
1972 3223 2098 3292 quia
2126 3196 2214 3277 ita

632 3311 718 3355 est
745 3304 800 3357 in
844 3317 905 3357 re
935 3312 1034 3359 :et
1067 3305 1187 3359 ideo
1216 3315 1302 3359 est
1329 3306 1530 3376 aliquid
1562 3312 1919 3377 praeteritum,
1961 3313 2086 3382 quia
2139 3314 2216 3369 sic

634 3403 721 3449 est
746 3393 800 3448 in
832 3394 1060 3449 veritate
1102 3412 1334 3451 summa.
1376 3399 1718 3470 Quapropter
1742 3403 1787 3457 si
1825 3419 2095 3472 nunquam
2122 3420 2216 3473 po—

636 3482 738 3538 tuit
770 3499 875 3538 non
911 3501 1031 3540 esse
1058 3502 1269 3553 verum,
1310 3490 1547 3548 futurum
1584 3506 1704 3547 esse
1730 3494 1933 3565 aliquid
1952 3536 1967 3560 ,
1995 3505 2051 3551 et
2079 3513 2227 3550 nuu-

634 3589 798 3643 quam
850 3578 1047 3645 poterit
1080 3594 1187 3632 non
1213 3572 1338 3633 esse
1380 3567 1590 3647 verum,
1623 3586 1959 3653 prmtcritum
2011 3585 2215 3654 aliquid

636 3678 789 3728 esse,
824 3664 1153 3734 impossibile
1196 3679 1281 3722 est
1329 3670 1651 3741 principium
1701 3688 1927 3725 sumunc
1975 3675 2217 3727 veritatis

636 3756 825 3819 fuisse,
856 3767 949 3810 aut
977 3757 1153 3813 finem.
1185 3758 1427 3814 futurum
1462 3776 1604 3816 esse.
1646 3764 1788 3816 DISC.
1820 3746 1961 3816 Nihil
1995 3778 2097 3817 Iu.c
2128 3780 2214 3817 ra-

641 3845 773 3900 tioni
805 3846 967 3909 obiici
1000 3863 1161 3918 posse
1187 3850 1363 3905 video.

703 3952 709 3959 ν
1099 3940 1328 3997 CAPUT
1355 3942 1422 3996 x1
1452 3943 1572 4015 [al.,
1603 3941 1746 4015 xu].

1063 4030 1140 4086 De
1182 4033 1413 4087 veritatis
1466 4035 1793 4105 difﬁnitt'oue.

714 4112 855 4168 MAG.
905 4112 1212 4169 Retlcatlms
1259 4122 1357 4154 ³⁸³⁸
1410 4125 1477 4178 ad
1527 4120 1928 4193 indagationem
1975 4124 2218 4179 veritatis

644 4220 805 4272 quam
838 4204 1179 4273 inccepimus.
1208 4204 1355 4259 Dtsc.
1384 4213 1581 4267 Totum
1626 4215 1729 4269 hoc
1756 4215 1990 4284 pertinet
2032 4214 2099 4268 ad
2131 4215 2216 4268 in-

644 4294 948 4365 dagandum
976 4296 1284 4360 veritatem;
1319 4306 1682 4359 verumtamen
1717 4304 1827 4359 redi
1851 4305 1917 4361 ad
1943 4305 2085 4375 quod
2118 4306 2215 4360 vis.

2241 3091 2282 3144 C

2323 504 2517 561 prmlcr
2554 493 2873 561 subjectum,
2908 504 2960 549 ct
2987 494 3374 563 cognoscilur?
3410 492 3517 546 Aut
3570 493 3615 548 si
3668 497 3893 563 alicujus

2319 586 2565 653 corporis
2616 587 2862 641 absentis
2915 588 3057 641 linca
3110 586 3383 640 dubitctu.‘
3424 602 3490 638 au
3535 596 3678 639 ret-Ia
3718 588 3810 651 sit,
3839 600 3891 641 et

2321 675 2611 729 monstrari
2648 666 2825 743 pelest
2852 677 2977 749 quia
3023 677 3074 729 in
3126 671 3329 729 nullam
3377 683 3586 743 partem
3617 676 3889 741 ﬂectitur,

2319 779 2499 820 nonne
2528 766 2737 820 ratione
2778 766 3046 836 colligitur
3084 766 3211 833 quia
3252 775 3450 819 rectam
3499 783 3618 822 eam
3669 785 3892 824 necesse

2318 862 2403 909 est
2442 855 2598 909 esse?
2625 854 2769 908 Dtse.
2801 855 2996 909 Etiam.
3030 855 3134 910 Sed
3181 858 3370 911 eadem
3401 846 3527 926 quae.
3566 860 3645 913 sic
3682 861 3892 917 ratione

2320 947 2785 1015 intelligitur,visu
2818 949 3069 1013 sentitur,
3095 947 3147 1002 in
3174 949 3448 1017 subjecto;
3483 950 3584 1005 illae
3602 965 3727 1004 vero
3756 967 3893 1006 nou-

2318 1034 2420 1088 nisi
2472 1034 2583 1088 sola
2639 1045 2817 1088 mente
2864 1037 3066 1106 percipi
3115 1047 3359 1106 possunt.
3409 1038 3548 1103 MAG.
3597 1039 3895 1094 Possumus

2316 1123 2498 1193 igitur,
2527 1122 2629 1176 nisi
2654 1122 2830 1187 fallor,
2864 1123 3094 1179 diﬂinire
3125 1125 3249 1193 quia
3271 1127 3471 1180 veritas
3499 1136 3584 1181 est
3621 1116 3896 1183 rectitude

2314 1213 2428 1268 sola
2480 1229 2660 1271 mente
2689 1216 3073 1287 perceptibilis.
3124 1218 3271 1273 Dtsc.
3305 1218 3461 1273 Nullo
3488 1217 3646 1277 modo
3674 1223 3775 1278 hoc
3813 1222 3896 1277 tli—

2316 1315 2523 1359 centem
2557 1306 2666 1362 falli
2690 1306 2870 1362 video.
2903 1307 3106 1378 Nempe
3136 1324 3235 1364 nec
3263 1308 3401 1377 plus,
3437 1326 3537 1366 nec
3561 1314 3897 1373 utiuuscon-
3940 1358 3943 1361 .

2320 1393 2453 1448 tinet
2483 1396 2584 1450 ista
2634 1395 2881 1453 dimttitio
2921 1398 3169 1454 veritatis
3216 1414 3397 1477 quam
3426 1403 3717 1471 expediat,
3756 1419 3896 1475 quo-

2315 1488 2459 1543 niam
2506 1504 2699 1546 nomen
2734 1490 3072 1544 rectitudinis
3122 1491 3309 1546 dividit
3349 1506 3468 1546 eam
3514 1493 3581 1546 ab
3612 1494 3756 1548 omni
3810 1509 3895 1562 re,

2313 1594 2431 1647 qua:
2465 1578 2731 1634 rectitude
2763 1596 2867 1634 non
2904 1588 3148 1636 vocatur.
3180 1579 3332 1647 Quod
3381 1596 3507 1637 vero
3553 1584 3666 1637 sola
3712 1596 3896 1640 mente

2315 1668 2519 1737 percipi
2545 1668 2766 1734 dicitur,
2790 1677 3003 1736 separat
3029 1684 3148 1725 eam
3181 1684 3213 1724 a
3236 1669 3568 1745 rectitudine
3598 1673 3819 1731 visibili.

2687 1758 2914 1815 CAPUT
2953 1759 3043 1814 Xll
3091 1758 3211 1833 [al.,
3239 1759 3377 1835 XIII]
3401 1761 3499 1795 ⁸⁸¹⁶

2748 1851 2821 1904 De
2846 1850 3076 1920 justitia:
3114 1850 3444 1921 difﬁnitiane.

2382 1944 2488 1998 Sed
2519 1944 2773 2012 quoniam
2814 1942 3045 1997 docuisti
3076 1958 3162 1997 me
3199 1958 3414 1998 omnem
3445 1945 3896 2018 veritatemvesse

2314 2035 2711 2099 rectitudiuem,
2753 2043 2809 2088 et
2862 2034 3133 2088 rectitude
3179 2032 3323 2089 idem
3364 2034 3576 2088 videtur
3607 2037 3739 2091 ntihi
3771 2053 3900 2093 esse

2309 2130 2453 2198 quod
2473 2119 2706 2194 iustitia,
2737 2123 3004 2193 justitiam
3035 2140 3254 2194 quoque
3284 2123 3418 2179 doce
3450 2137 3535 2182 me
3555 2165 3569 2189 ,
3608 2127 3743 2197 quid
3771 2142 3895 2184 esse

2310 2220 2629 2290 intelligam.
2662 2201 3145 2285 Videtur-namque
3167 2216 3292 2285 quia
3320 2232 3481 2271 omne
3505 2218 3647 2286 quod
3680 2221 3895 2274 rectum

2310 2320 2393 2365 est
2415 2324 2555 2374 esse,
2588 2308 2793 2379 justum
2820 2308 2983 2360 etiam
3013 2314 3096 2361 est
3124 2321 3247 2362 esse
3278 2322 3292 2359 :
3326 2316 3382 2361 et
3408 2309 3733 2374 conversim,
3766 2310 3897 2378 quia

2310 2405 2454 2474 quod
2470 2406 2671 2474 justum
2691 2410 3150 2467 estesse,rectum
3177 2410 3258 2458 est
3278 2390 3816 2458 esseJ'ustttmenim
3840 2413 3897 2458 et

2314 2502 2517 2547 rectum
2543 2490 2773 2557 videtur,
2814 2492 2991 2560 ignem
3022 2490 3253 2545 calidum
3284 2505 3435 2552 esse;
3458 2499 3514 2544 et
3535 2505 3896 2565 unumquem-

2313 2599 2416 2651 que
2440 2582 2740 2645 bominem,
2770 2582 3082 2650 diligentem
3119 2595 3177 2634 se
3217 2579 3460 2646 diligere.
3493 2578 3627 2634 Nam
3653 2576 3699 2634 si
3730 2578 3896 2652 quid-

2314 2672 2442 2741 quid
2470 2671 2629 2725 debet
2657 2684 2801 2734 esse,
2841 2677 2985 2724 recte
3013 2678 3066 2722 et
3105 2669 3251 2738 juste
3293 2678 3409 2734 est;
3439 2683 3538 2723 nec
3568 2667 3713 2722 aliud
3744 2678 3898 2727 recte

2314 2760 2405 2793 m‘
2432 2771 2485 2815 et
2506 2761 2650 2834 iuste
2675 2768 2777 2821 est,
2804 2759 2906 2812 nisi
2936 2759 3079 2826 quod
3129 2756 3291 2813 debet
3336 2773 3457 2812 esse
3488 2771 3517 2834 .:
3548 2758 3690 2819 sicut
3723 2768 3897 2830 puto,

2314 2866 2439 2905 non
2465 2833 2645 2919 potest
2683 2850 2831 2905 aliud
2880 2846 3247 2915 esse‘justitia
3286 2863 3449 2916 quam
3490 2833 3799 2905 rrectitudo.’
3839 2850 3897 2904 In

2315 2947 2783 3010 summa‘namqne
2834 2950 2889 2995 et
2929 2939 3163 3009 simplici
3211 2949 3402 2994 natura
3431 2980 3446 3003 ,
3488 2940 3738 3010 quamvis
3784 2958 3897 2999 non

2316 3034 2438 3087 ideo
2464 3034 2533 3088 sit
2562 3042 2705 3088 recta
2734 3041 2787 3087 et
2808 3033 2982 3102 justa,
3007 3033 3134 3102 quia
3172 3029 3364 3085 debeat
3393 3031 3631 3101 aliquid,
3662 3032 3892 3088 dubium

2317 3112 2494 3180 tamen
2527 3138 2633 3180 non
2663 3133 2767 3185 est.
2793 3126 2931 3187 idem
2955 3138 3076 3179 esse
3112 3123 3489 3179 rectitudiuem
3530 3132 3583 3179 et
3599 3122 3893 3192 justitiam.

2319 3216 2457 3271 illac.
2488 3215 2665 3270 Habes
2706 3214 2872 3284 igitur
2912 3211 3282 3268 diﬂiuitionem
3304 3210 3578 3279 iustitiae,
3605 3213 3651 3267 si
3676 3213 3897 3283 iustitia

2318 3323 2421 3361 non
2450 3317 2534 3361 est
2558 3297 2704 3361 aliud
2737 3322 2899 3376 quant
2938 3303 3225 3359 rectitude.
3260 3303 3323 3358 Et
3353 3304 3606 3373 quoniam
3637 3291 3704 3359 de
3731 3306 3899 3363 recti-

2318 3400 2505 3454 tudine
2536 3399 2651 3454 sola
2704 3409 2883 3454 mente
2929 3396 3269 3468 perceptibili
3310 3396 3601 3466 loquimur,
3654 3397 3892 3455 invicem

2315 3505 2436 3545 sese
2462 3488 2730 3545 didiciqu
2761 3489 2961 3543 veritas
2983 3528 2998 3552 ,
3044 3499 3097 3541 et
3127 3486 3414 3551 rectitude,
3445 3495 3501 3539 ct
3525 3487 3737 3557 justitia
3784 3506 3801 3544 :
3836 3498 3895 3544 ut

2316 3582 2405 3650 qui
2438 3597 2598 3634 unam
2627 3595 2812 3634 earum
2855 3578 3089 3643 noverit,
3119 3587 3173 3641 et
3204 3578 3338 3632 alias
3356 3578 3637 3643 nescierit,
3667 3594 3765 3649 per
3792 3593 3892 3634 no-

2319 3684 2426 3727 tam
2456 3674 2521 3727 ad
2556 3673 2860 3743 ignotarum
2886 3671 3173 3725 scientiam
3202 3669 3511 3740 pertingere
3549 3672 3752 3741 possit;
3782 3672 3897 3727 into

2317 3768 2406 3835 qui
2438 3765 2647 3819 noverit
2701 3779 2888 3829 uuam,
2917 3762 3053 3816 alias
3101 3762 3316 3816 nescire
3363 3778 3469 3816 non
3518 3765 3708 3832 possit.
3742 3763 3887 3818 Dtsc.

2316 3855 2451 3923 Quid
2493 3854 2653 3922 ergo?
2678 3853 2757 3906 An
2801 3853 3041 3906 dicemus
3067 3852 3295 3921 lapidem
3327 3849 3555 3919 justum,
3588 3869 3709 3908 eum
3738 3866 3890 3910 asu-

2316 3944 2622 4015 perioribus
2656 3938 2910 3996 inferiora
2937 3942 3102 4010 petit;
3144 3941 3270 4013 quia
3306 3942 3408 3995 hoc
3440 3941 3600 4010 facit,
3627 3947 3769 4015 quod
3796 3938 3894 4021 de;

2316 4037 2427 4103 bet,
2457 4034 2905 4104 quemadmodum
2956 4032 3185 4086 dicimus
3240 4032 3514 4088 hominem
3541 4034 3768 4103 justum,
3799 4033 3890 4103 qui

2316 4126 2457 4193 quod
2496 4123 2657 4179 debet
2679 4123 2810 4177 facit
2841 4122 2973 4175 “‘7?
3000 4121 3138 4176 MAG.
3173 4122 3288 4177 Non
3317 4124 3553 4187 solemus
3583 4123 3891 4194 huiusmodi

2308 4212 2521 4281 justitia
2576 4212 2670 4244 ³⁵³⁸
2712 4210 2917 4282 justum
2971 4212 3171 4265 dicere.
3218 4214 3361 4267 Dtsc.
3416 4214 3525 4269 Cur
3562 4229 3691 4284 ergo
3724 4216 3897 4285 magis

2319 4307 2480 4359 homo
2527 4319 2688 4373 quam
2742 4302 2877 4371 lapis
2905 4299 3199 4369 ""justu’s
3226 4312 3342 4368 est,
3388 4302 3433 4356 si
3478 4313 3706 4372 uterque
3735 4300 3893 4375 justo

648 4384 789 4439 Mss.
837 4384 935 4440 Dic
972 4400 1102 4456 ergo
1144 4384 1276 4441 mihi
1330 4401 1399 4440 an
1458 4387 1553 4441 tibi
1584 4387 1827 4444 Videntur
1866 4410 1995 4451 esse
2030 4396 2208 4466 aliqua
2245 4425 2289 4477 ι)
2318 4394 2488 4447 facit?
2516 4392 2653 4446 MM}.
2696 4392 2775 4446 Tu
2819 4394 2945 4470 ipse
2979 4408 3047 4445 an
3088 4408 3191 4445 non
3219 4400 3377 4459 putas
3406 4390 3586 4444 facere
3633 4391 3890 4453 hominis,

651 4474 916 4532 rectitudo
938 4476 1065 4542 alia,
1086 4486 1287 4548 prmia
1318 4478 1415 4531 ltas
1444 4493 1581 4547 quas
1626 4480 1973 4547 contemplati
2006 4503 2210 4543 sumus.

654 4568 797 4621 Dtsc.
831 4565 941 4620 Non
991 4566 1095 4621 alia
1132 4576 1327 4637 praeter
1374 4569 1491 4633 bas,
1522 4567 1626 4621 nisi
1662 4569 1749 4621 illa
1780 4584 1898 4638 qua:
1925 4579 2013 4625 est
2047 4570 2102 4623 in
2133 4591 2219 4627 re—

654 4656 755 4709 bus
787 4657 1083 4723 corporeis,
1123 4671 1243 4726 quae
1285 4656 1508 4710 multum
1536 4667 1621 4710 est
1656 4658 1829 4712 aliena
1867 4659 1935 4714 ab
1979 4659 2117 4723 istis,
2166 4669 2225 4713 ut

657 4746 924 4799 rectitude
956 4745 1140 4814 virgat.
1178 4745 1315 4801 Mac.
1365 4746 1420 4799 In
1468 4763 1575 4815 quo
1609 4747 1699 4802 tibi
1740 4748 1828 4802 illa
1878 4748 2087 4803 videtur
2123 4748 2225 4803 dif-

659 4834 801 4895 ferre
826 4834 898 4890 ab
922 4837 1061 4891 istis.
1102 4836 1244 4891 Dtsc.
1278 4838 1410 4903 Quia
1456 4839 1541 4891 illa
1571 4838 1683 4897 visu
1725 4854 1988 4907 corporeo
2020 4853 2220 4906 coguo-

661 4926 735 4980 sci
772 4937 974 4997 potest;
1026 4928 1156 4982 istas
1190 4929 1413 4984 talionis
1442 4932 1583 4999 capit
1628 4932 2029 5001 contemplatio.
2080 4930 2218 4984 Msa.

2322 4501 2351 4538 a
2395 4486 2574 4540 facere
2623 4484 2817 4553 lapidis
2864 4465 3046 4552 aliquo
3099 4482 3257 4537 modo
3307 4476 3559 4536 differre?
3590 4481 3734 4535 Dtsc.
3764 4480 3894 4538 Scio

2325 4578 2449 4647 quia
2498 4578 2660 4631 homo
2703 4586 2913 4644 sponte.
2942 4575 3081 4643 lapis
3111 4574 3429 4628 naturaliter
3467 4582 3522 4626 et
3567 4586 3672 4625 non
3701 4580 3891 4642 sponte

2327 4669 2477 4723 facit.
2522 4667 2660 4722 MAG.
2697 4667 2901 4722 Idcirco
2945 4667 3079 4734 lapis
3117 4680 3220 4719 non
3266 4664 3463 4717 dicitur
3501 4662 3701 4730 justus,
3765 4662 3888 4731 quia
3950 4728 3951 4733 η

2330 4770 2446 4815 ηοιι.
2466 4757 2737 4823 estiustus
2762 4757 2849 4826 qui
2876 4756 3002 4809 facit
3033 4755 3174 4823 quod
3199 4754 3380 4817 debet,
3404 4754 3445 4805 si
3472 4770 3575 4806 non
3614 4750 3888 4820 vultqnml
3930 4814 3933 4815 ν

2332 4841 2479 4894 facit.
2512 4841 2654 4895 Dtse.
2686 4844 2933 4898 Dicemus
2977 4858 3107 4912 ergo
3133 4842 3336 4910 justum
3366 4857 3491 4895 eSse
3527 4856 3743 4909 equum,
3770 4854 3888 4892 cum

2330 4928 2443 4981 vult
2491 4945 2748 4999 pascere,
2788 4935 2910 5001 quia
2942 4932 3128 4987 volens
3170 4929 3299 4985 facit
3332 4930 3472 4998 quod
3513 4929 3708 4983 debet?
3749 4927 3887 4982 Macr.

1900 5102 2131 5160 VARI/i3
2171 5104 2571 5159 LECTIONES.

728 5202 823 5247 ἕδη
862 5212 1139 5285 QttomOtlo
1190 5216 1290 5271 ista
1339 5233 1437 5271 ms.
1489 5217 1621 5272 Vict.
1664 5216 1715 5270 5.
1763 5217 2012 5285 quoniam
2061 5218 2158 5269 ista
2236 5216 2327 5245 ’m
2379 5215 2544 5273 Deus,
2598 5215 2848 5282 quoniam
2900 5214 3240 5285 llis.‘vCl‘8Ier.
3282 5215 3467 5285 Deus,
3501 5214 3593 5267 sed
3639 5216 3888 5283 quoniam

659 5284 756 5319 ⁸⁸⁸⁸
801 5284 1044 5361 Quando
1070 5287 1246 5361 oratio
1290 5303 1414 5340 mss.
1476 5288 1689 5357 quando
1734 5283 1791 5342 si
1813 5290 1997 5361 oratio
2069 5287 2158 5329 “‘l
2191 5286 2611 5361 Futuratn__esse
2648 5285 2787 5337 aliud
2830 5302 2953 5361 ruas.
2991 5283 3228 5361 futurum
3262 5300 3380 5361 esse
3408 5284 3610 5361 aliquid
3683 5286 3774 5316 ³³η

659 5349 887 5423 veritate
911 5349 1170 5423 orationis
1196 5371 1315 5407 nm.
1361 5367 1443 5412 cst
1471 5349 1716 5414 oratione
1786 5355 1880 5387 ³³³³
1909 5356 2042 5410 Vere
2072 5356 2400 5423 praeteritum
2434 5356 2625 5407 dicitur
2656 5371 2779 5406 mss.
2832 5354 2965 5406 Vict.
3013 5368 3138 5405 vere
3162 5353 3370 5423 dicitur
3406 5349 3729 5423 pra-teritum
3782 5352 3887 5423 ἕξιν

661 5422 971 5493 Redeamus
988 5434 1110 5493 είς..
1134 5422 1365 5493 .Iurmss.
1403 5429 1741 5481 continuatur
1766 5435 1921 5493 caput
1956 5422 2248 5493 prwcedens

2320 5424 2413 5454 3""
2452 5424 2555 5477 Est'
2584 5426 2637 5477 in
2664 5440 2785 5476 mss.
2834 5434 2985 5491 caput
3025 5423 3110 5474 η.
3150 5422 3211 5491 In
3238 5434 3367 5491 την-δ.
3407 5421 3886 5491 dedustititedeﬂ-

665 5494 868 5569 uitione
939 5491 1163 5569 3“‘I‘lec
1182 5492 1556 5569 aliquidrecte
1577 5512 1701 5551 mss.
1746 5488 1843 5549 nec
1866 5488 1970 5569 aliti
2022 5504 2165 5569 recte
2238 5494 2343 5569 ³³η-
2376 5493 2475 5569 Qui
2503 5496 2643 5569 quod
2670 5494 2847 5569 _debe_t
2873 5488 2996 5545 facit
3031 5490 3249 5569 mss:_$._
3276 5490 3431 5569 ﬁlirlt.
3469 5490 3674 5569 Βεινερ,
3704 5488 3885 5569 (ἐξείη.

664 5562 951 5635 Qttmfacit
970 5564 1109 5632 qnoJ
1133 5562 1312 5635 debet
1364 5564 1457 5593 ’W'
1504 5565 1813 5635 llujusmodi
1855 5582 1882 5618 a
1918 5564 2121 5631 justitia
2173 5582 2290 5616 mss.
2332 5559 2631 5635 huiusmodi
2662 5561 3001 5635 justitiaim.
3033 5562 3089 5615 S.
3126 5560 3284 5615 Mitlt.
3317 5560 3613 5627 lmjnsmodi
3640 5559 3888 5635 iustitiam

666 5631 755 5664 "‘9
787 5632 955 5689 Homo
981 5648 1137 5704 quam
1176 5632 1306 5701 lapis
1336 5650 1456 5688 mss.
1495 5634 1555 5690 S.
1586 5631 1885 5689 Mirlt.Bcr.
1920 5638 1950 5688 b'
1978 5634 2142 5689 Cistcr
2198 5636 2355 5687 homo
2376 5632 2571 5702 justus,
2609 5649 2767 5701 quam
2800 5632 2931 5701 lapis
