4240 6222
550 253 658 309 485
901 269 906 276 ‘
1089 255 1122 310 S
1190 252 1478 309 ANSELMI
1517 249 1857 309 CANTUAR.
1896 247 2214 305 ARClllEP.
2244 247 2390 303 OPP.
2436 246 2612 304 PARS
2640 245 2680 301 l.
2718 273 2789 288 --
2824 243 3242 305 DOGMATICA.
3668 233 3773 305 481

550 367 722 420 donec
768 379 1062 426 servamus,
1121 363 1389 418 volumus.
1439 362 1702 430 Quoniam
1757 375 1884 431 ergo
1920 362 2109 415 eodem
2141 364 2184 420 Α
2214 359 2381 412 utitur
2429 357 2780 429 prtesentibus
2811 377 2824 415 :
2855 367 2916 416 ut
2958 361 3000 416 si
3043 359 3258 416 dicatur
3303 357 3392 391 “"
3429 357 3495 415 de
3545 359 3773 432 aliquo:

556 464 793 524 tempore
817 453 1079 522 contingit
1122 454 1276 508 nobis
1322 453 1465 508 illam
1500 463 1553 506 et
1597 451 1728 506 velle
1776 462 1832 507 et
1871 449 2114 508 habere:

557 560 656 599 nec
686 543 896 596 diverso
925 552 1170 611 tempore
1202 541 1256 597 in
1290 543 1443 598 nobis
1466 551 1590 596 sunt
1617 550 1671 596 ct
1707 540 1873 605 velle,
1917 550 1970 594 et
1999 556 2118 595 ser-

558 646 682 686 vare
709 645 861 694 eant;
887 645 951 684 ex
977 634 1300 687 necessitate
1328 630 1485 686 simul
1515 632 1808 701 accipimus
1836 641 1891 686 et
1921 631 2121 687 habere

554 720 722 784 illam,
745 727 800 772 et
836 733 1092 773 servare:
1129 730 1184 773 et
1219 719 1359 772 sicut
1406 720 1640 790 quandiu
1693 734 1996 785 servamus,
2029 721 2122 774 ha-

559 807 948 867 betnusillatn;
988 807 1057 860 ita
1085 808 1321 875 qnandiu
1351 808 1632 874 habemus,
1671 809 1989 863 servamus:
2025 826 2122 866 nec

560 895 666 950 ulla
704 896 798 928 ⁸⁵⁸⁸
833 912 897 950 ex
948 895 1029 948 his
1065 905 1358 962 generatur
1413 896 1871 951 inconvenientia.
1903 898 2124 967 Quippe

561 984 703 1040 sicut
731 986 966 1054 ejusdem
998 984 1341 1038 rectitudinis
1365 986 1607 1054 acceptio
1644 994 1835 1041 natura
1868 989 2018 1057 prius
2041 999 2126 1042 est

563 1091 724 1142 quam
772 1077 1017 1146 haberek
1059 1087 1152 1130 aut
1189 1074 1324 1127 velle
1367 1073 1511 1127 illam
1556 1091 1569 1127 :
1613 1061 1883 1144 quoniam.
1925 1076 2126 1131 habere

567 1166 729 1228 illam,
752 1175 844 1218 aut
876 1166 1032 1232 velle,
1061 1183 1168 1221 non
1197 1176 1279 1221 est
1307 1182 1470 1222 causa
1500 1165 1830 1235 aceeptlenis
1852 1207 1868 1232 ,
1907 1167 2001 1234 sed
2035 1182 2127 1222 ac-

564 1256 740 1322 ceptio
769 1255 900 1312 facit
931 1258 1063 1312 velle
1108 1258 1256 1312 illam
1285 1267 1339 1312 et
1366 1258 1569 1312 habere
1617 1273 1629 1310 :
1663 1263 1719 1311 et
1758 1263 1936 1311 tamen
1968 1257 2127 1312 simul

564 1355 691 1398 sunt
733 1355 974 1415 tempore
1028 1347 1293 1415 acceptio,
1319 1357 1374 1401 et
1403 1344 1603 1417 habere
1647 1353 1703 1400 et
1750 1343 1886 1400 velle
1918 1362 1931 1375 ο
1969 1345 2127 1398 simul

565 1437 713 1490 enim
769 1436 1053 1506 incipimus
1108 1437 1252 1491 illam
1297 1446 1355 1492 et
1402 1435 1668 1507 accipere,
1698 1444 1754 1490 et
1796 1434 2034 1498 habere,
2075 1443 2130 1490 et

569 1527 734 1591 velle;
778 1537 835 1582 et
890 1537 1070 1583 tamen
1120 1529 1279 1582 simul
1313 1537 1438 1583 sunt
1481 1537 1742 1597 tempore,
1783 1529 2046 1597 acceptio,
2076 1539 2132 1583 et

569 1619 1103 1681 habere,etvelle:et
1127 1633 1248 1673 mox
1282 1627 1340 1673 ut
1370 1630 1451 1674 cst
1473 1627 1713 1686 accepta,
1739 1618 2130 1682 esthabita""

567 1718 622 1763 et
653 1709 894 1763 volumus
915 1724 1065 1773 eam;
1107 1710 1179 1763 ita
1216 1710 1435 1772 habere,
1469 1725 1562 1763 seu
1579 1708 1722 1789 velle
1743 1708 1907 1775 illam,
1935 1722 2128 1780 quam-
2163 1689 2207 1747 Β

571 1793 1048 1869 visnatttra'prius
1100 1802 1232 1868 sint,
1287 1808 1449 1870 quam
1489 1816 1710 1856 servare
1759 1799 1937 1864 illam;
1975 1799 2136 1854 simul

567 1891 658 1923 "“
701 1901 877 1945 ιιιιιιειι
906 1901 1033 1948 sunt
1071 1901 1334 1962 tempore.
1369 1891 1547 1960 Quare
1583 1906 1612 1945 a
1644 1875 1941 1961 que'simul
1991 1890 2140 1960 arci-4

567 1982 744 2049 pimus
798 1989 856 2035 et
902 1981 1138 2048 habere,
1179 1991 1233 2034 et
1284 1981 1446 2044 velle,
1471 1988 1526 2035 et
1573 1995 1793 2035 servare
1841 1980 2135 2035 voluntatis

565 2071 968 2136 rectitudinem,
1017 2073 1086 2126 ab
1115 2072 1206 2126 ille
1235 2073 1532 2142 accipimus
1550 2071 1819 2141 justitiam
1858 2090 1872 2127 :
1909 2081 1965 2126 et
2012 2087 2135 2126 mox

567 2168 627 2213 ut
649 2161 907 2216 habemus
947 2161 1130 2216 ιιι-³⁸³⁸
1173 2161 1418 2216 volumus
1465 2161 1708 2216 eamdem
1765 2161 2137 2215 rcctitudinem

565 2248 891 2314 voluntatis,
918 2249 1126 2319 iustitia
1161 2251 1383 2305 dicenda
1430 2259 1532 2304 est.
1563 2250 1714 2317 Quod
1760 2263 1887 2304 vero
1936 2251 2141 2304 addidie

569 2357 709 2405 mus,
745 2352 956 2411 prcph’r
980 2359 1063 2403 se.
1097 2341 1169 2395 ita
1202 2342 1566 2396 necessat-lum
1588 2353 1674 2396 est
1713 2349 1771 2394 ut
1803 2341 1948 2394 nullo
1982 2359 1997 2394 ι
2038 2340 2140 2395 edo

566 2431 752 2483 eadem
782 2431 1070 2494 rectitude,
1103 2431 1203 2484 nisi
1229 2441 1445 2500 propter
1468 2446 1525 2484 se
1552 2438 1788 2495 servata,
1811 2428 2019 2496 iustitia
2049 2431 2140 2485 sit.

567 2518 713 2571 Disc.
741 2517 900 2572 'Nihil
945 2515 1163 2587 pessum
1200 2518 1437 2587 cogitare
1481 2525 1692 2571 contra.
1744 2517 1886 2572 Mite.
1922 2516 2141 2572 Videtur

570 2608 664 2661 tibi
693 2608 836 2677 quod
869 2609 967 2661 ista
999 2609 1240 2662 dillinitio
1263 2608 1428 2678 possit
1453 2607 1626 2676 aptari
1655 2621 1881 2661 summie
1895 2607 2136 2678 justitim,

567 2699 861 2750 secundum
898 2697 1038 2765 quod
1067 2698 1133 2750 de
1172 2708 1228 2750 rc
1261 2696 1404 2764 loqui
1431 2710 1733 2765 possumus,
1764 2696 1830 2750 de
1856 2711 1962 2765 qua
1990 2695 2139 2759 nihil,

570 2795 664 2839 aut
690 2786 776 2838 vix
807 2788 1019 2854 proprie
1044 2785 1244 2854 aliquid
1285 2793 1462 2853 potest
1488 2783 1626 2838 dici?
1652 2783 1798 2838 DISC.
1829 2783 1978 2838 Licet
2003 2799 2141 2838 nen-

569 2876 672 2930 n'si
695 2875 795 2929 tibi
817 2874 959 2930 aliud
993 2876 1260 2940 voluntas,
1288 2874 1430 2930 aliud
1456 2874 1758 2929 rectitude:
1801 2883 1978 2928 tamen
2005 2875 2143 2929 sicut

572 2965 801 3019 dicitnus
822 2973 1148 3035 potestatem
1188 2965 1508 3030 divinitatis,
1535 2965 1886 3018 aut'divinam
1907 2975 2142 3034 potesta-

573 3067 702 3120 tem,
730 3057 842 3112 sive
885 3066 1158 3128 potentem
1197 3056 1532 3110 divinitatem
1579 3055 1724 3123 (cum
1767 3056 1820 3109 in
1864 3055 2141 3110 divinitate

573 3163 677 3201 non
717 3150 788 3202 sit
825 3148 970 3202 aliud
1002 3156 1240 3216 potestas
1261 3161 1426 3215 quam
1468 3145 1778 3213 divinitas);
1823 3146 1896 3199 ita
1935 3160 2042 3201 non
2065 3147 2144 3201 in-

572 3237 959 3291 convenienter
1007 3235 1235 3291 dicimus
1274 3236 1348 3294 ibi
1395 3235 1777 3290 rectitudinem
1830 3235 2140 3300 voluntatis,

577 3335 670 3380 aut
696 3327 1054 3380 voluntariam
1085 3326 1486 3392 rectitudinem,
1519 3340 1614 3379 seu
1659 3324 1862 3393 recta'm
1893 3325 2143 3380 volunta-

577 3427 706 3472 tem.
733 3417 789 3470 Si
820 3433 948 3471 vero
971 3417 1116 3470 illam
1145 3415 1525 3470 rectitudinem
1554 3416 1783 3471 dicimus
1825 3425 2044 3485 propter
2087 3431 2146 3471 se

577 3507 780 3561 servari
802 3545 820 3571 ,
850 3508 915 3562 de
954 3487 1096 3561 dulla
1136 3506 1238 3559 alia
1283 3506 1606 3562 rectitudine
1635 3515 1744 3560 tam
1765 3507 2150 3561 convenienter

578 3595 670 3626 “”
694 3595 798 3669 dici
837 3611 995 3664 posse
1023 3596 1254 3651 videtur.
1286 3595 1439 3650 Sicut
1481 3595 1624 3649 enim
1654 3609 1760 3648 non
1811 3594 1951 3649 aliud
1981 3594 2144 3660 illam,

577 3687 670 3740 sed
701 3687 811 3753 ipsa
860 3702 918 3739 sc
973 3695 1186 3750 servat,
1228 3700 1328 3738 nec
1367 3700 1463 3754 per
1512 3683 1655 3738 aliud
1688 3685 1794 3739 sed
1825 3699 1920 3754 per
1955 3700 2036 3752 se,
2075 3687 2145 3740 ita

580 3795 682 3830 nun
718 3786 934 3850 propter
961 3776 1104 3828 aliud
1125 3815 1129 3818 ς
1149 3792 1309 3844 quam
1338 3784 1557 3845 propter
1589 3789 1647 3830 se
1670 3774 1786 3830 “”.
1821 3774 1960 3830 MAG.
1990 3776 2148 3830 lndtt-

578 3867 816 3917 luitanter
864 3856 1041 3932 itaque
1085 3879 1370 3933 possumus
1419 3865 1599 3918 dicere
1653 3866 1779 3934 quia
1813 3863 2020 3932 iustitia
2067 3874 2150 3920 est

581 3958 846 4011 rectitude
874 3956 1165 4010 voluntatis
1207 3972 1220 4008 :
1255 3970 1371 4024 quae
1401 3955 1664 4010 rectitude
1692 3965 1910 4024 propter
1952 3969 2011 4010 se
2036 3971 2150 4010 ser-

581 4057 758 4098 vatur.
788 4044 855 4099 Et
901 4044 1156 4114 quoniam
1188 4045 1356 4106 verbi,
1402 4043 1543 4112 quod
1583 4042 1672 4097 hic
1710 4043 1830 4098 dlce
1859 4043 2149 4113 (servatur)

583 4151 692 4189 non
740 4135 1018 4190 habcmus'
1037 4133 1372 4202 participium
1405 4133 1672 4202 passivum
1704 4133 1982 4201 praesentis
2012 4142 2150 4187 tem-

585 4229 730 4296 poris
749 4267 765 4292 ,
808 4241 903 4298 pro
933 4223 1206 4295 praesenti,
1237 4239 1519 4292 possumus
1541 4225 1616 4276 uti
1644 4223 1856 4293 passivo
1884 4224 2152 4292 praeterito

2219 444 2316 500 llic
2343 448 2483 517 quod
2514 448 2733 503 studens
2771 459 2825 504 et
2865 449 3050 520 legens
3086 448 3293 516 didicit,
3320 448 3528 504 nonnisi
3564 459 3779 506 coactus

2219 537 2396 602 decet,
2422 537 2470 591 id
2497 538 2737 606 estquod
2766 539 2889 592 dum
2916 539 3121 593 studuit
3148 547 3203 593 et
3226 537 3374 610 legit,
3401 538 3624 603 'didicit,
3651 554 3782 593 non-

2221 626 2321 680 nisi
2375 642 2495 681 cuin
2535 628 2745 696 cogitur
2791 629 2966 684 docet.
3011 627 3152 683 Mss.
3184 629 3328 684 Bene
3375 644 3504 700 ergo
3553 629 3783 684 diximus

2195 716 2480 790 justitiam
2508 733 2627 774 esse
2655 719 3028 774 rectitudinem
3059 718 3348 774 voluntatis
3367 729 3634 776 servatam
3663 733 3785 794 pro-

2223 816 2342 874 pter
2370 822 2445 868 se.
2474 809 2524 863 id
2554 817 2636 862 est
2663 825 2782 878 qua:
2819 816 3068 864 servatur
3097 819 3411 880 prepterse.
3431 808 3509 864 Ἐι
3530 810 3653 863 hinc
3677 809 3782 874 est,

2222 898 2364 964 quod
2399 897 2528 965 justi
2570 897 2824 953 dicuntur
2873 897 3162 968 aliquando
3206 898 3340 953 necti
3371 896 3571 964 corde,
3603 897 3656 952 id
3703 910 3786 954 est

2227 986 2358 1039 recti
2387 986 2690 1054 voluntate;
2717 986 3003 1055 aliquando
3027 986 3184 1056 recti,
3204 988 3324 1040 sine
3343 986 3643 1056 adjectieno
3666 999 3788 1040 eer-

2227 1077 2334 1141 dis;
2394 1077 2648 1144 quoniam
2687 1076 2863 1130 nullus
2908 1076 3045 1131 alius
3077 1075 3392 1147 intelligitur
3429 1085 3626 1141 rectus,
3682 1072 3787 1132 nisi

2227 1164 2316 1234 qui
2359 1174 2558 1218 rectam
2589 1164 2748 1218 habet
2776 1163 3105 1218 voluntatem
3135 1178 3152 1217 :
3188 1173 3246 1216 nt
3271 1173 3354 1217 est
3383 1162 3508 1218 illud
3536 1179 3550 1216 :
3583 1161 3789 1218 Gloria-

2229 1255 2353 1308 mim‘
2380 1271 2552 1307 omnes
2588 1255 2712 1308 recti
2739 1255 2892 1308 corde
2927 1251 3097 1324 (Psal.
3141 1269 3301 1318 aut,
3349 1254 3455 1323 ll).
3491 1240 3575 1309 Et,
3610 1255 3738 1311 illud
3767 1272 3784 1311 τ

2237 1341 2487 1395 Videbunt
2517 1344 2659 1405 recti,
2688 1353 2732 1396 et
2764 1343 3078 1397 la’tabtmtur
3100 1341 3391 1411 (Psol.cvt,
3417 1343 3522 1412 ΔΒ).
3549 1344 3659 1399 Dts.
3685 1335 3786 1400 Sa-

2233 1429 2472 1485 tisfecisti
2522 1431 2682 1484 etiam
2735 1432 2911 1500 pueris
2957 1431 3137 1488 de'm
3181 1432 3494 1487 diﬂinitlene
3521 1429 3786 1500 justitiam

2233 1531 2571 1576 transeamus
2600 1523 2664 1574 ad
2696 1523 2817 1576 alia.

2586 1609 2812 1666 CAPUT
2842 1609 2953 1665 Xlll
2981 1609 3101 1682 [ατη
3143 1610 3280 1682 XIV]
3324 1612 3440 1666 ⁸⁸³⁸.

2377 1701 2531 1786 ριιοά
2569 1717 2670 1754 una
2700 1701 2765 1755 sit
2793 1703 2978 1755 veritas
3008 1701 3062 1754 in
3088 1704 3323 1755 oniuibas
3353 1703 3483 1755 ueris
3513 1702 3627 1736 ⁸⁸³⁷·
3659 1739 3663 1750 λ

2306 1790 2446 1846 MAG.
2478 1790 2781 1846 Redeamus
2808 1793 2874 1845 ad
2913 1793 3284 1846 rectitudineni
3326 1807 3417 1848 seu
3461 1793 3735 1848 veritatem
3772 1807 3790 1846 :

2235 1883 2428 1952 quibus
2469 1882 2676 1936 duobus
2707 1882 3013 1952 nominibus
3051 1883 3323 1952 (quoniam
3367 1883 3434 1938 de
3474 1883 3792 1939 rtezltutliue

2239 1983 2416 2027 tuente
2429 1971 2541 2030 sola
2567 1972 2899 2041 perceptibili
2925 1971 3191 2042 loquimur
3211 1989 3312 2026 una
3335 1987 3420 2028 res
3438 1972 3790 2044 signiﬁcatur,

2237 2077 2355 2129 qute
2382 2076 2550 2131 genus
2603 2071 2688 2114 est
2728 2061 2951 2128 iustitiae
2980 2079 2993 2114 :
3024 2071 3078 2115 et
3119 2077 3422 2130 qua-ramus
3462 2078 3531 2118 an
3571 2063 3640 2118 sit
3688 2079 3791 2117 una

2239 2151 2349 2205 sola
2383 2151 2583 2205 veritas
2621 2151 2673 2205 in
2713 2151 2965 2205 omnibus
3004 2151 3141 2218 istis,
3194 2153 3244 2206 in
3288 2153 3479 2221 quibus
3516 2154 3791 2209 veritatem

2237 2239 2467 2293 dicimus
2519 2255 2638 2293 esse
2672 2256 2684 2292 :
2714 2255 2780 2292 an
2831 2240 2903 2293 ita
2951 2240 3060 2294 sint
3107 2241 3367 2296 veritates
3410 2243 3614 2312 plures,
3658 2243 3798 2298 sicut

2241 2330 2390 2398 plura
2415 2339 2559 2395 sunt,
2599 2330 2650 2384 in
2687 2331 2882 2399 quibus
2911 2341 3126 2386 “constat
3149 2347 3268 2387 esse
3307 2335 3607 2388 veritatem.
3647 2335 3793 2391 Disc.

2242 2419 2355 2474 lloc
2386 2422 2610 2474 multum
2640 2436 2812 2475 nesse
2834 2422 3100 2476 desidere.
3142 2422 3280 2478 llas.
3308 2423 3530 2479 Constat
3565 2428 3691 2496 quia
3739 2427 3793 2483 in

2241 2525 2558 2578 quacunque
2599 2525 2656 2563 re
2681 2511 2750 2564 sit
2778 2511 2997 2576 veritas,
3029 2527 3133 2565 non
3161 2522 3243 2567 est
3271 2513 3411 2566 aliud
3444 2531 3603 2585 quam
3634 2518 3796 2572 recti-

2242 2600 2386 2652 tude.
2438 2600 2580 2652 Disc.
2617 2597 2733 2653 Non
2770 2599 2901 2653 hinc
2925 2599 3130 2655 dubito.
3180 2599 3318 2655 Mac.
3352 2600 3408 2656 Si
3457 2619 3585 2674 ergo
3619 2605 3798 2672 plures

2241 2700 2366 2744 sunt
2397 2684 2668 2752 veritates,
2695 2691 2984 2744 secundum
3031 2691 3207 2761 plures
3235 2709 3320 2746 res
3339 2732 3356 2757 ,
3382 2693 3562 2762 plures
3586 2710 3798 2767 quoque

2242 2787 2366 2832 sunt
2396 2779 2760 2833 rcctitudines.
2789 2781 2929 2832 Dtsc.
2964 2777 3074 2834 Hoc
3099 2795 3308 2849 quoque
3332 2796 3435 2834 non
3474 2783 3650 2838 minus
3675 2799 3798 2840 cer-

2245 2876 2354 2920 tunt
2400 2877 2504 2920 est.
2570 2865 2708 2922 8le.
2755 2867 2809 2920 Si
2853 2870 3146 2922 secundum
3198 2870 3534 2924 diversitates
3583 2886 3796 2939 rerum,

2243 2970 2464 3008 necesse
2492 2965 2576 3007 cst
2625 2971 2745 3009 esse
2773 2956 3012 3016 diversas
3053 2956 3430 3024 rectitudines,
3479 2960 3684 3028 utit'pte,
3708 2974 3791 3020 se-

2168 3022 2211 3079 C
2243 3046 2472 3097 cundum
2499 3059 2584 3098 res
2609 3045 2771 3114 ipsas,
2801 3046 3000 3102 habent
3028 3065 3148 3104 esse
3173 3065 3324 3106 suum
3356 3022 3552 3105 aedem
3575 3022 3799 3107 rectitu-

2246 3138 2399 3193 dines
2431 3155 2442 3191 :
2472 3149 2527 3192 et
2547 3139 2684 3192 sicut
2710 3154 2794 3194 res
2828 3141 2974 3209 ipsm,
3001 3143 3050 3196 in
3077 3144 3272 3211 quibus
3299 3154 3446 3209 sunt,
3475 3143 3797 3210 variantur,

2245 3227 2323 3282 sic
2346 3243 2558 3297 quoque
2584 3229 2931 3284 rectitudiues
2957 3233 3133 3286 varias
3151 3246 3268 3288 esse
3289 3248 3505 3290 necesse
3529 3244 3632 3288 cst.
3659 3236 3797 3290 Disc.

2247 3315 2300 3370 ln
2332 3332 2433 3370 una
2461 3333 2518 3374 re
2540 3317 2592 3371 in
2619 3332 2723 3386 qua
2755 3320 3128 3374 rectitudinetn
3155 3337 3273 3376 esse
3298 3321 3546 3388 dicimus.
3579 3327 3802 3381 ostende

2247 3408 2390 3476 quod
2419 3409 2472 3461 in
2504 3409 2717 3462 ca‘teris
2745 3409 3056 3480 intelligam.
3086 3410 3223 3466 llas.
3258 3411 3383 3467 Dico
3409 3415 3529 3483 quia
3565 3414 3609 3470 si
3647 3418 3804 3470 recti-

2250 3501 2375 3552 tudo
2415 3499 2823 3567 signiﬁcationis
2861 3501 2980 3554 ideo
3021 3505 3118 3556 est’
3149 3502 3275 3563 alia,
3307 3518 3466 3573 quam
3511 3505 3803 3560 voluntatis

2248 3589 2539 3654 rectitude,
2568 3589 2693 3658 quia
2716 3589 2817 3643 ista
2837 3591 2890 3644 in
2920 3590 3207 3657 voluntate,
3229 3592 3312 3646 illa
3342 3594 3395 3648 in
3418 3594 3804 3666 signiﬁcatione

2247 3685 2331 3731 est
2365 3679 2547 3743 ,habet
2588 3693 2744 3733 suum
2795 3694 2915 3735 esse
2947 3682 3218 3736 rectitude
3265 3691 3485 3754 pmpter
3538 3686 3805 3756 signiﬁca-

2253 3768 2474 3832 tionem,
2501 3776 2558 3822 ct
2588 3766 2881 3823 secundum
2927 3785 3046 3824 eam
3092 3781 3344 3825 mutatur.
3397 3771 3538 3828 Disc.
3579 3774 3655 3830 Ita
3698 3786 3800 3832 est.

2251 3861 2381 3914 Cum
2403 3860 2546 3916 enim
2582 3861 2918 3931 signiﬁcatur
2955 3875 3075 3916 esse
3102 3863 3241 3932 quod
3269 3871 3369 3928 est,
3403 3873 3493 3919 aut
3541 3881 3645 3920 non
3689 3879 3805 3923 esse

2251 3954 2393 4024 quod
2427 3969 2530 4008 non
2560 3963 2674 4018 est,
2712 3960 2858 4008 recta
2900 3951 3227 4023 ’signillcatie
3249 3965 3347 4020 est,
3379 3964 3433 4010 et
3457 3964 3669 4013 constat
3690 3972 3807 4014 esse

2253 4042 2653 4108 rectitudinem,
2677 4043 2791 4096 sine
2814 4057 2917 4111 qua
2941 4043 3259 4112 signiﬁcatio
3280 4053 3424 4100 recta
3455 4045 3636 4117 nequit
3663 4062 3804 4104 esse.

2253 4135 2309 4190 Si
2366 4149 2495 4189 vero
2524 4134 2856 4205 signiﬁcetur
2897 4148 3018 4191 esse
3069 4138 3208 4203 quod
3248 4149 3354 4189 non
3403 4145 3514 4200 est,
3576 4143 3670 4192 aut
3702 4149 3804 4192 neu

2251 4240 2370 4280 esse
2418 4227 2559 4295 quod
2583 4234 2663 4281 est
2682 4265 2698 4290 ,
2727 4235 2816 4280 aut
2837 4225 2881 4279 si
2907 4225 3038 4284 nihll
3061 4225 3278 4280 etntiino
3297 4225 3644 4294 signiﬁcetur,
3667 4228 3804 4281 nulla

585 4319 870 4390 participio
905 4316 1144 4386 t-jttsdcm
1193 4317 1362 4369 verbi.
1392 4315 1535 4368 Dtsc.
1589 4314 1742 4370 Huttc
1787 4330 1941 4370 usum
1989 4315 2154 4372 habe-
2186 4344 2228 4396 ι)
2254 4303 2358 4370 erit
2387 4317 2650 4372 rectitude
2681 4314 3110 4384 signiﬁcationis,
3147 4330 3266 4385 quas
3299 4317 3510 4372 nonnisi
3545 4319 3597 4372 in
3639 4319 3804 4389 signi-

587 4425 707 4462 mus
735 4408 1090 4467 notissimum,
1121 4416 1179 4459 ut
1207 4405 1494 4472 prteteritis
1528 4405 1682 4475 115
1707 4407 2003 4477 participiis
2031 4423 2151 4477 pas.

587 4498 718 4553 sivis
765 4507 982 4550 utamur
1027 4511 1122 4564 pro
1162 4496 1514 4564 prmsentibus
1541 4535 1555 4558 ,
1612 4511 1730 4566 qua:
1762 4496 2002 4552 latinitas
2050 4515 2154 4553 non

2258 4408 2504 4463 licatione
2525 4417 2626 4463 est.
2663 4405 3000 4477 Quapropter
3034 4421 3129 4476 per
3168 4405 3611 4477 signiﬁcationem
3649 4408 3810 4464 habet

2253 4515 2390 4564 esse,
2423 4510 2477 4554 et
2515 4512 2608 4569 per
2634 4512 2754 4553 eam
2784 4506 3024 4552 mutatur
3054 4500 3169 4569 ejus
3216 4497 3476 4561 rectitude
3506 4515 3519 4551 :
3549 4499 3810 4567 quemad-

590 4588 782 4650 hahet;
813 4585 953 4639 sicut
979 4600 1083 4637 non
1117 4583 1277 4636 habet
1322 4584 1591 4652 praeterita
1621 4586 1899 4655 participia
1928 4601 1956 4639 a
1984 4589 2160 4642 verbis
2257 4590 2472 4644 modum
2498 4587 2791 4657 color"per
2831 4604 3024 4658 corpus
3059 4574 3223 4643 habet
3269 4603 3406 4654 esse,
3436 4597 3489 4642 et
3529 4604 3631 4645 non
3667 4605 3808 4646 esse.

586 4678 776 4731 activis
805 4685 860 4731 ct
889 4675 1122 4740 neutris;
1156 4683 1204 4728 et
1234 4689 1332 4744 pro
1352 4675 1658 4744 praeteritis,
1682 4691 1802 4746 quze
1831 4692 1935 4732 non
1976 4666 2156 4743 habet;
2259 4679 2534 4734 Existente
2598 4693 2831 4749 namque
2881 4694 3121 4748 corpore,
3166 4679 3397 4734 celerem
3435 4667 3550 4747 eius
3591 4680 3810 4737 necesse

1861 4829 2090 4887 VABIE
2129 4830 2534 4887 LECTIONES.

666 4923 760 4996 ξδ’·
783 4921 846 4974 Et
863 4923 939 4975 sic
961 4920 1193 4996 quandiu
1209 4920 1486 4996 habendis,
1501 4934 1783 4996 βεργκ-ειυς
1794 4938 1806 4974 :
1835 4938 1938 4996 nec
1953 4923 2053 4996 ulla
2075 4940 2196 4976 mss.
2215 4933 2264 4976 et
2283 4925 2419 4996 sicut
2437 4924 2988 4996 quandiuservamus.
3009 4925 3267 4996 habemus
3285 4925 3454 4994 illam;
3483 4929 3555 4982 ita
3576 4928 3810 4996 quasdiu

594 4989 1204 5064 liabctnus.vservann'ts;
1231 5005 1330 5044 nec
1363 4989 1466 5064 ulla
1499 5059 1509 5064 _
1543 4989 1633 5020 ’δ”
1662 4989 1814 5058 lj‘acit
1843 4993 1974 5045 velle
2016 4994 2159 5064 illam
2195 5001 2250 5045 et
2280 4989 2498 5064 habere,
2538 4994 2694 5048 simul
2731 4995 2872 5048 enim
2915 4995 3196 5064 incipimus
3220 4989 3378 5049 illam'
3399 4989 3452 5049 et
3483 4989 3721 5064 accipere
3757 5007 3814 5052 et

597 5062 799 5114 habere
819 5069 873 5131 et
903 5059 1053 5131 velle,
1077 5069 1131 5113 et
1155 5069 1329 5131 tamen
1355 5059 1511 5113 simul
1543 5069 1667 5113 sunt
1696 5071 1932 5131 tempore
1962 5063 2222 5130 acceptio,
2248 5070 2304 5115 et
2332 5063 2529 5116 habere
2554 5073 2606 5117 et
2635 5064 2798 5118 velle:
2820 5073 2872 5117 et
2896 5059 3098 5118 ntex'ut
3123 5075 3364 5131 accepta,
3383 5077 3465 5119 est
3488 5059 3662 5121 habita
3686 5080 3808 5118 ms.

597 5131 725 5201 facit
756 5127 888 5181 velle
910 5128 1050 5201 illam
1077 5138 1132 5182 et
1157 5130 1385 5201 habere;
1415 5138 1468 5183 et
1495 5138 1673 5201 tamen
1697 5127 1850 5182 simul
1878 5140 2001 5184 sunt
2029 5127 2268 5199 tempore
2291 5133 2551 5199 acceptio,
2581 5143 2636 5186 et
2669 5134 2868 5186 habere
2898 5143 2951 5186 et
2973 5134 3103 5188 velle
3130 5149 3142 5185 :
3179 5127 3500 5188 siinul’enlm
3533 5135 3811 5201 incipimus

598 5200 742 5252 illam
764 5210 815 5251 et
840 5197 1082 5268 accipere
1106 5208 1152 5249 et
1174 5199 1382 5252 ‘habcre
1410 5209 1464 5268 et
1494 5199 1659 5259 velle;
1687 5207 1768 5251 est
1799 5215 1918 5252 mox
1951 5210 2007 5253 ut
2028 5210 2109 5252 est
2131 5197 2370 5268 accepta,
2394 5197 2477 5256 est
2504 5202 2680 5254 habita
2755 5203 2844 5234 'm
2874 5204 3100 5257 Servare
3129 5202 3289 5268 illam,
3318 5204 3474 5257 simul
3513 5197 3649 5259 mss;
3678 5201 3808 5257 Vm.

597 5268 720 5329 Rep.
745 5268 800 5332 6,
824 5264 1008 5318 Ciste’r.
1035 5281 1270 5329 servare,
1299 5267 1456 5320 simul
1527 5267 1615 5298 “"
1649 5268 1714 5320 Et
1738 5282 1857 5319 mox
1886 5278 1941 5321 ut
1968 5270 2207 5322 volumus
2230 5264 2282 5322 et
2311 5271 2564 5323 habemus
2586 5289 2706 5324 mss.
2744 5271 2806 5325 S.
2840 5270 2977 5324 Μιεὴ
3029 5271 3146 5323 Im.
3177 5271 3208 5323 6
3250 5264 3303 5326 ct
3327 5287 3448 5327 mox
3469 5279 3525 5328 ut
3553 5271 3811 5327 habemus

598 5348 650 5389 et
673 5337 915 5410 volumus
987 5334 1080 5365 ⁸⁸⁸⁸
1102 5335 1232 5410 Tam
1256 5338 1634 5390 convenienter
1663 5353 1784 5410 mss.
1816 5334 1944 5410 Yict.
1972 5338 2090 5391 Bec.
2125 5340 2178 5398 6,
2210 5337 2392 5392 Cister.
2424 5340 2499 5410 sic
2523 5341 2900 5410 convenienter
2971 5340 3064 5371 ³⁸⁵³³
3089 5339 3247 5410 Etita
3277 5357 3378 5394 non
3404 5349 3618 5410 propter
3640 5339 3807 5410 aliud,

600 5405 694 5457 sed
721 5415 937 5473 propter
965 5419 1021 5457 se
1048 5420 1171 5456 mss.
1209 5405 1279 5456 ita
1321 5420 1422 5457 non
1449 5417 1665 5473 propter
1692 5405 1834 5458 aliud
1865 5421 2022 5471 quam
2053 5419 2268 5474 propter
2308 5421 2364 5461 se
2438 5408 2529 5438 “"
2566 5409 2630 5463 Ut
2658 5411 2700 5462 si
2744 5411 2950 5462 dicatur
2974 5426 3096 5462 mss.
3139 5408 3267 5464 για.
3299 5405 3426 5464 (ἐισί.
3461 5405 3518 5464 ιιὶ
3555 5408 3599 5462 sl
3635 5409 3804 5463 dicam

603 5474 692 5506 “”
721 5476 891 5546 titiam
946 5475 1093 5546 prius
1148 5475 1212 5546 dc
1264 5490 1386 5546 mss.
1420 5475 1584 5546 etiam
1625 5475 1802 5542 pueris
1845 5475 1911 5546 de
1982 5476 2072 5546 ’ξδ’
2102 5477 2188 5528 Est
2227 5478 2279 5528 in
2326 5494 2447 5528 mss.
2488 5489 2638 5546 caput
2670 5476 2739 5531 l5
2808 5477 2897 5510 "'7
2938 5479 3062 5533 Mss.
3102 5481 3250 5546 Quod
3285 5495 3385 5534 uua
3423 5479 3490 5534 sit
3533 5477 3726 5537 veritas
3751 5477 3804 5531 iu

602 5544 845 5597 omnibus
880 5543 1017 5599 veris
1052 5561 1146 5597 ms.
1174 5543 1293 5598 llcr.
1323 5543 1372 5596 ὕ.
1396 5543 1545 5609 Quod
1571 5559 1670 5596 una
1695 5547 1762 5598 sit
1794 5545 2061 5613 vet'itaslin
2092 5546 2336 5600 omnibus
2380 5548 2535 5602 rebus

4068 208 4069 258 ι

4068 286 4071 348 Ι

4068 359 4073 418 i

4069 450 4075 514 i

4071 532 4079 666 ἕ

4079 698 4081 780 1

4089 1116 4093 1242 ζ

4091 1273 4095 1312 ι

4095 1356 4097 1398 |

4099 1522 4103 1656 Il

4099 1686 4107 1824 il
