4240 6212
209 42 304 60 I'l'1'

325 297 428 355 £85

1477 290 1746 348 DlALOG.
1787 287 1874 344 DE
1917 285 2283 344 VERITATE.

3473 292 3574 346 4805

325 413 406 468 cst
435 426 584 474 esse;
627 421 679 466 et
704 418 966 480 pereunte
991 424 1244 480 corpore,
1267 423 1502 463 calorem
1531 410 1647 478 ejus
1673 414 1893 460 manere
1921 399 1967 456 Α
1993 397 2129 455 Sunt
2149 402 2266 456 alia:
2294 403 2361 458 ab
2387 399 2642 468 invicem;
2672 413 2762 458 aut
2792 413 2872 459 cst
2895 418 2996 459 una
3021 413 3075 459 et
3105 404 3291 459 eadem
3317 406 3566 459 omnimu

326 501 659 572 impossibile
685 505 788 555 est.
835 499 972 554 MAG.
999 499 1112 553 Non
1145 498 1393 555 similiter
1423 514 1480 555 se
1511 499 1714 554 habent
1748 495 1900 550 color

325 589 389 644 ad
416 605 612 658 corpus
632 598 686 643 et
710 588 974 641 rectitudo
1008 587 1071 641 ad
1099 586 1548 658 signiﬁcationem
1579 585 1696 636 ³⁸⁸⁸.
1739 585 1887 639 Disc.

324 680 558 734 Ostende
582 675 1095 732 dissimilitudinem.
1113 677 1254 732 MAG.
1267 675 1322 732 Si
1344 675 1522 731 nullus
1535 674 1715 744 aliquo
1732 673 1897 743 signi-

323 771 484 826 ﬁcare
506 771 634 823 velit
655 769 809 839 signo
825 766 966 837 quod
989 767 1403 838 signiﬁcandum
1428 775 1530 829 est,
1556 768 1660 819 erit
1675 764 1777 818 ulla
1802 778 1900 832 per

321 861 470 931 signa
494 857 862 927 signiﬁcatio?
891 858 1034 912 Dtsc.
1057 856 1233 910 Nulla.
1261 855 1399 909 MAG.
1431 855 1510 908 An
1534 853 1651 909 ideo
1674 854 1899 909 nouerit

321 958 523 1006 rectum
538 958 593 1002 ut
606 948 1088 1020 signiﬁcelurquod
1103 945 1394 1018 significari
1409 944 1600 1000 debet?
1624 945 1764 999 Dtsc.
1781 942 1895 998 Non

319 1040 520 1094 idcirco
540 1039 716 1093 minus
736 1040 838 1093 erit
853 1049 1081 1102 rectum,
1099 1049 1191 1090 aut
1215 1037 1390 1091 minus
1407 1033 1508 1089 hoc
1533 1034 1710 1105 exiget
1733 1032 1894 1088 tecti-

319 1130 465 1195 tudo.
483 1131 600 1186 MAG
637 1131 777 1199 Ergo
800 1146 902 1184 non
926 1130 1189 1185 existente
1213 1127 1622 1197 signiﬁcatione,
1641 1141 1744 1178 non
1762 1125 1898 1194 perit.

317 1222 605 1285 rectitudu,
637 1237 742 1293 qua
778 1231 983 1276 rectum
1027 1230 1130 1284 est,
1162 1228 1216 1274 et
1240 1233 1344 1290 qua
1384 1216 1636 1287 exigitur,
1667 1225 1726 1270 ut
1755 1215 1896 1285 quod

317 1312 732 1382 signiﬁcandum
761 1321 862 1376 est,
894 1311 1248 1382 signiﬁcetur.
1287 1310 1431 1363 Disc.
1477 1306 1537 1362 Si
1572 1306 1893 1370 interiisset,

321 1420 428 1458 nou
456 1414 601 1458 esset
647 1412 854 1458 rectum
886 1403 1006 1469 hoc,
1039 1416 1138 1456 nec
1169 1401 1282 1472 ipsa
1318 1400 1422 1454 hoc
1462 1398 1723 1465 exigeret.
1753 1395 1894 1451 MAG.

316 1485 574 1553 Putasne.
609 1507 730 1545 cum
783 1490 1120 1562 signiﬁcatur
1171 1489 1315 1560 quod
1366 1486 1656 1560 signiﬁcari
1713 1487 1892 1551 debet,

315 1581 762 1652 signiﬁcationem
809 1591 937 1636 tunc
990 1590 1194 1634 rectam
1242 1593 1364 1634 esse
1392 1585 1611 1649 prepter
1661 1575 1802 1634 hanc
1834 1583 1892 1629 et

315 1670 610 1729 Secundum
639 1670 775 1726 hanc
805 1670 975 1740 ipsam
1001 1668 1423 1724 rectitudinem?
1458 1666 1601 1742 Disc.
1641 1665 1753 1720 lmo
1785 1680 1892 1722 non

2001 491 2284 556 rectitudo.
2315 491 2459 546 Dtsc.
2491 491 2664 562 Supra
2696 496 2933 550 concessi
2964 495 3055 527 “"‘
3076 496 3199 565 quia
3225 495 3267 548 si
3299 494 3417 549 i.lco
3445 506 3574 550 sunt

1997 579 2179 648 p'ures
2235 580 2613 646 rectitudines,
2679 583 2932 653 quoniam
2995 583 3170 652 plures
3217 593 3343 637 sunt
3391 600 3476 637 res
3523 586 3574 638 in

1998 671 2193 739 quibus
2215 671 2654 740 considerantur,
2691 688 2909 728 necesse
2931 685 3012 728 est
3031 690 3122 729 cas
3144 676 3374 729 existere
3401 687 3452 730 et
3483 692 3577 729 va-

1998 764 2124 840 riari
2175 767 2469 820 secundum
2509 782 2595 820 res
2645 765 2788 836 ijsas
2818 783 2830 819 :
2863 765 3008 834 quod
3067 781 3403 833 nequaquam
3457 767 3575 820 ﬁeri

1997 853 2424 920 demonstratum
2455 863 2557 909 est.
2588 854 2924 933 Quapropter
2950 869 3053 909 non
3085 855 3204 909 ideo
3241 865 3365 909 sunt
3389 856 3572 924 plures

1951 967 1961 973 -
1999 941 2368 1007 rectitudines,
2395 943 2522 1012 quia
2556 942 2736 1012 plures
2776 953 2903 997 sunt
2933 959 3038 1006 res,
3087 943 3139 998 in
3194 944 3392 1014 quibus
3420 954 3562 997 sunt.

1998 1031 2141 1088 MAG.
2175 1033 2256 1088 An
2282 1034 2452 1090 habes
2508 1035 2745 1104 aliquam
2795 1033 2955 1088 aliam
3009 1038 3289 1099 rationem,
3337 1051 3434 1088 cur
3475 1034 3593 1088 tibi-

1995 1124 2177 1193 plures
2203 1140 2323 1180 esse
2347 1126 2659 1180 videantur?
2690 1137 2882 1196 praeter
2915 1128 3082 1196 ipsam
3131 1142 3308 1180 rerum
3350 1127 3575 1196 plurali-

1998 1217 2195 1270 tatem?
2223 1218 2366 1272 Disc.
2391 1216 2544 1272 Sicut
2574 1217 2730 1293 istam
2769 1218 2967 1272 nullam
2995 1233 3115 1272 esse
3159 1233 3452 1288 cognosco;
3498 1219 3570 1272 ita

1996 1307 2196 1361 nullam
2236 1308 2396 1363 aliam
2437 1309 2662 1364 inveniri
2705 1325 2862 1380 posse
2908 1309 3216 1366 considero.
3275 1307 3413 1362 MAG.
3459 1307 3606 1363 Una'

1996 1399 2162 1468 igitur
2190 1410 2242 1455 et
2263 1402 2454 1456 eadem
2482 1410 2566 1456 est
2585 1401 2825 1455 omnium
2859 1403 3140 1456 rectitudo.
3194 1403 3337 1456 Dtsc.
3371 1401 3460 1456 Sic
3489 1415 3576 1455 nte

1994 1491 2152 1546 fateri
2188 1492 2281 1523 ““
2318 1507 2539 1549 necesse
2564 1501 2667 1547 est.
2708 1492 2845 1548 MAG.
2899 1493 3142 1562 Amplius
3167 1509 3193 1553 :_
3217 1492 3270 1546 Si
3303 1492 3567 1546 rectitude

1995 1597 2099 1638 non
2129 1592 2217 1639 est
2243 1583 2294 1640 in
2325 1585 2487 1638 rebus
2517 1584 2648 1648 illis,
2673 1601 2792 1654 qua:
2813 1585 3011 1639 debent
3040 1585 3427 1645 rectitutlincm,
3465 1583 3568 1637 nisi

1996 1690 2117 1732 Cum
2144 1685 2272 1731 sunt
2297 1676 2596 1731 secundum
2628 1677 2770 1745 quod
2801 1676 3016 1739 debent,
3049 1684 3103 1730 et
3152 1676 3252 1729 hoc
3286 1674 3455 1728 solmu
3482 1683 3568 1728 est

315 1772 534 1830 possunt
578 1759 737 1814 aliter
782 1738 1044 1830 cogitare.
1099 1757 1156 1814 Si
1205 1758 1350 1813 enim
1397 1757 1498 1814 alia
1539 1738 1892 1812 rectitudine

1998 1765 2101 1819 illis
2141 1775 2320 1821 rectas
2372 1778 2523 1830 esse,
2582 1764 2926 1820 manifestum
2975 1772 3058 1818 est
3101 1779 3285 1818 earum
3336 1762 3574 1818 oumium

316 1853 463 1922 καφ
490 1859 574 1906 ost
601 1849 694 1882 ³⁸³⁹
720 1850 1074 1922 signiﬁcatio;
1113 1859 1371 1919 pereunte
1420 1848 1550 1915 ista,
1585 1847 1721 1903 ttihii
1767 1863 1894 1918 ρι’οτ

313 1940 465 1995 bibet
501 1950 704 1997 rectam
757 1956 879 1997 esse
923 1940 1396 2012 signiﬁcationem.
1453 1938 1559 1995 Sed
1619 1940 1764 1993 nulla
1811 1940 1895 1994 est

315 2043 462 2092 recta
485 2033 826 2104 signiﬁcatio,
849 2038 969 2105 Quae
988 2031 1253 2102 signiﬁcat
1282 2033 1424 2101 quod
1444 2047 1551 2086 non
1580 2040 1664 2086 est
1685 2041 1890 2086 rectum

312 2124 632 2195 signiﬁcari,
654 2135 747 2179 aut
771 2125 912 2195 quod
939 2139 1044 2178 non
1064 2123 1230 2193 exigit
1254 2123 1540 2177 rectitndo.
1568 2121 1708 2176 “AG.
1739 2120 1891 2175 Nulla

315 2216 832 2288 igitursigniﬁcatio
873 2224 955 2271 est
988 2224 1136 2269 recta
1181 2212 1285 2268 alia
1335 2213 1680 2277 rectitudine,
1729 2227 1892 2280 quam

316 2303 408 2360 tu:
431 2319 558 2376 amo
617 2312 900 2375 permanet
951 2309 1210 2373 pereunte
1266 2300 1684 2370 signiﬁcation.
1741 2299 1887 2353 Disc.

318 2379 516 2462 illam,
543 2403 646 2449 est.
675 2393 814 2448 MAG.
847 2393 928 2446 An
965 2393 1147 2460 itaque
1173 2406 1276 2466 non
1301 2390 1450 2444 vides
1481 2388 1605 2460 quia
1629 2404 1733 2442 non
1773 2388 1893 2442 ideo

314 2495 402 2542 ω
453 2482 718 2557 root—itudo
762 2482 814 2537 in
859 2480 1274 2558 signiﬁcatione,
1327 2479 1459 2548 quia
1519 2486 1646 2532 tunc
1703 2478 1893 2547 incipit

313 2561 612 2641 esse,'cum
634 2573 969 2645 signiﬁcatur
997 2567 1116 2628 esse
1157 2572 1300 2642 quod
1343 2580 1446 2634 est,
1499 2569 1586 2625 vel
1629 2585 1735 2624 non
1773 2585 1895 2625 esse

243 2677 250 2684 '
314 2666 463 2737 quod
487 2681 593 2720 non
620 2675 730 2729 est;
754 2664 846 2718 sed
861 2663 986 2733 quia
1013 2661 1334 2734 signiﬁcatio
1354 2671 1479 2715 tunc
1517 2661 1574 2714 ﬁt
1596 2660 1890 2714 secundum

319 2756 724 2819 rectitudinem,
755 2769 873 2824 quae
903 2767 1116 2821 semper
1143 2761 1227 2806 est
1261 2769 1273 2804 :
1307 2766 1404 2806 nec
1444 2751 1512 2805 ob
1547 2751 1650 2804 hoc
1677 2751 1829 2804 abest
1863 2765 1894 2804 a

319 2842 738 2914 signiﬁcatione,
768 2841 890 2912 quia
923 2841 1083 2910 perit,
1110 2855 1231 2895 cum
1265 2856 1368 2894 non
1401 2841 1478 2896 sic
1510 2846 1566 2892 ut
1595 2839 1772 2904 debet,
1801 2847 1896 2892 aut

317 2949 446 2988 cum
479 2931 636 3010 nulla
654 2932 725 2986 sit
758 2930 1113 3001 signiﬁcatio;
1149 2932 1241 2985 sed
1271 2931 1526 3001 quoniam
1575 2940 1700 2986 tunc
1730 2930 1895 3000 signi-

273 3033 278 3046 ‘
320 3024 503 3079 tlcatio
528 3023 709 3078 deﬁcit
733 3037 764 3076 a
792 3037 896 3078 non
929 3023 1212 3077 deﬁciente
1241 3023 1601 3079 rectitudine?
1630 3023 1772 3076 Disc.
1803 3022 1894 3076 Sic

285 3116 498 3180 .video,
534 3124 592 3171 ut
630 3129 732 3168 non
773 3115 974 3184 possim
1032 3130 1136 3168 non
1185 3114 1387 3168 videre.
1430 3113 1570 3169 MAG.
1609 3113 1892 3172 Rectitudo

315 3223 472 3277 ergo,
499 3222 604 3276 qua
631 3205 954 3276 signiﬁcatio
983 3215 1129 3261 recta
1166 3205 1386 3269 dicitur,
1421 3221 1524 3259 non
1557 3206 1718 3260 habet
1745 3218 1888 3268 esse,

317 3310 413 3353 aut
435 3299 669 3367 aliquem
699 3297 794 3328 "“
823 3307 1052 3360 motum,
1079 3313 1180 3368 per
1213 3297 1659 3366 signilicationem
1702 3312 1714 3349 :
1757 3309 1892 3364 quo-

317 3392 694 3463 tuodocunque
748 3400 1027 3446 moveatur
1059 3392 1169 3460 ipsa
1205 3390 1545 3460 signiﬁcatio.
1579 3389 1722 3444 Disc.
1769 3389 1893 3443 Mihi

319 3481 451 3542 nihil
481 3479 853 3548 jam-clarius.
905 3481 1046 3535 MAG.
1097 3479 1326 3534 Potesne
1381 3478 1608 3548 probare
1659 3477 1891 3531 colorem

317 3574 570 3628 similiter
590 3587 648 3627 se
681 3571 880 3626 habere
901 3571 968 3625 ad
997 3585 1211 3640 corpus.
1247 3569 1516 3637 quomodo
1549 3569 1814 3622 rectitudo
1837 3583 1894 3622 se

319 3666 482 3719 habet
527 3665 605 3724 ad-
639 3643 1125 3733 signiﬁcationem?
1177 3663 1320 3716 Dise.
1371 3660 1892 3716 Paratiornuuc““

319 3772 438 3810 sum
469 3757 699 3826 probare
730 3755 855 3824 quia
883 3754 1038 3808 valde'
1057 3755 1408 3809 dissimiliter.
1441 3752 1580 3807 MAG.
1606 3752 1742 3807 Puto
1768 3753 1892 3824 quia

312 3846 423 3915 jam
461 3845 557 3901 tibi
586 3854 770 3898 notum
796 3854 879 3900 est
910 3847 1036 3914 quid
1074 3847 1140 3902 de
1174 3845 1449 3914 voluntate
1487 3855 1541 3899 et
1579 3843 1696 3914 ejus
1732 3846 1894 3899 recti-

319 3935 537 3996 tudine,
588 3935 742 3988 etde
805 3934 924 3988 aliis
971 3950 1090 4004 qua:
1140 3935 1515 3994 rectitudinem
1565 3934 1764 3988 habere
1801 3935 1894 3987 de-

317 4027 445 4080 bent
475 4025 588 4090 '“',
641 4025 975 4079 sentiendum
1008 4027 1080 4080 sit
1114 4025 1226 4091 ’δδῇ
1282 4023 1426 4077 Disc.
1461 4022 1694 4094 Omnino
1739 4024 1894 4080 video

302 4113 420 4188 hac
457 4114 571 4183 ipsa
627 4114 836 4168 ratione
877 4113 1115 4183 probari,
1153 4128 1369 4184 quoquo
1408 4112 1568 4166 modo
1614 4113 1727 4182 ipsa
1763 4114 1890 4179 siut,

317 4202 693 4256 rectitudinein
722 4202 1109 4257 immutabilem
1129 4203 1578 4273 m\permanere.
1598 4204 1736 4259 MAG.
1755 4205 1891 4271 Quid

314 4292 497 4363 itaque
539 4293 794 4363 consequi
837 4294 1117 4349 existimas
1164 4296 1230 4350 de
1275 4295 1408 4365 ipsis
1459 4295 1888 4351 rectitudiuibus.

1993 1871 2155 1910 unam
2199 1854 2370 1909 solam
2410 1871 2531 1910 esse
2582 1855 2977 1910 rectitudiuem.
3037 1855 3177 1908 Disc.
3237 1852 3350 1908 Non
3393 1863 3574 1922 potest

1993 1947 2200 2016 negari.
2227 1945 2363 2001 MAG.
2390 1945 2503 2002 Una
2530 1947 2692 2018 igitur
2721 1947 2772 2000 in
2807 1947 3057 2002 omnibus
3085 1945 3188 1998 illis
3214 1955 3297 2000 est
3337 1944 3563 2000 veritas.

1993 2039 2140 2094 Dtsc.
2198 2041 2263 2094 Et
2309 2040 2410 2095 hoc
2464 2041 2649 2111 negari
2700 2039 3042 2110 impossibile
3080 2048 3164 2093 est
3199 2057 3213 2092 :
3243 2039 3335 2092 sed
3387 2050 3570 2092 tamen

1991 2129 2214 2183 ostende
2259 2129 2389 2183 mihi
2433 2144 2534 2182 cur
2559 2129 2790 2182 dicimus
2836 2129 2993 2198 hujus
3027 2128 3280 2182 vei-illius
3331 2129 3404 2182 rei
3433 2126 3575 2182 veri-

1996 2228 2182 2282 tatem,
2231 2220 2377 2274 velut
2417 2219 2484 2274 ad
2521 2220 2930 2290 distinguendas
2984 2221 3273 2274 veritatutn
3321 2219 3569 2273 diﬁ‘eren-

1994 2306 2238 2371 tias.“",
2267 2301 2312 2360 si
2340 2299 2540 2360 nullam
2571 2307 2639 2361 ab
2661 2306 2794 2374 ipsis
2825 2307 2986 2361 rebus
3017 2316 3299 2362 assumunt
3336 2307 3561 2362 diversi-

1996 2402 2195 2453 tatem?
2226 2399 2373 2454 Multi
2417 2413 2654 2469 namque
2707 2400 2795 2453 vix
2831 2399 3133 2453 concedent
3184 2401 3397 2453 nullam
3451 2414 3571 2454 esse

1996 2487 2352 2543 diﬁ'erentiant
2385 2489 2527 2543 inter
2552 2488 2833 2542 veritatem
2863 2487 3172 2551 voluntatis,
3204 2496 3259 2541 et
3295 2503 3414 2541 eam
3443 2503 3562 2556 qua:

1997 2579 2196 2634 dicitur
2219 2579 2471 2641 actionis,
2504 2586 2598 2632 aut
2629 2577 2855 2645 alicujus
2897 2575 3146 2630 aliorum.
3179 2576 3317 2632 MAG.
3371 2577 3574 2646 Impro-

1995 2668 2111 2736 prie
2145 2665 2322 2733 hujus,
2357 2666 2436 2721 vel
2473 2667 2617 2721 illius
2650 2667 2724 2720 rei
2751 2681 2874 2722 esse
2916 2667 3150 2731 dicitur;
3191 2665 3443 2734 quoniam
3477 2666 3566 2720 illa

1997 2759 2182 2813 nonin
2232 2759 2361 2827 ipsis
2391 2760 2570 2821 rebus,
2609 2766 2704 2810 aut
2755 2772 2822 2811 ex
2852 2759 3001 2826 ipsis.
3061 2765 3151 2811 aut
3180 2771 3276 2826 per
3299 2757 3465 2824 ipsas,
3517 2757 3571 2810 in

1998 2849 2201 2919 quibus
2227 2863 2348 2902 esse
2370 2847 2592 2910 dicitur,
2625 2847 2786 2900 habet
2825 2862 2980 2901 suum
3005 2861 3126 2899 esse
3162 2863 3174 2898 :
3207 2845 3298 2898 sed
3329 2861 3450 2897 cum
3483 2859 3569 2897 res

2001 2940 2129 3008 ipsa:
2160 2938 2460 2992 secundum
2489 2935 2633 2990 illam
2663 2945 2808 3000 sunt,
2843 2951 2962 3004 qua:
3015 2949 3227 3001 semper
3269 2946 3462 3002 pnrsto
3486 2944 3573 2986 est

1997 3030 2084 3084 his
2147 3044 2267 3098 quae
2297 3037 2424 3082 sunt
2473 3026 2848 3091 sicutdebent,
2896 3034 3025 3079 tunc
3054 3025 3252 3079 dicitur
3280 3024 3438 3092 hujus
3486 3023 3571 3076 vel

2000 3121 2143 3174 illius
2175 3120 2251 3173 rei
2280 3119 2522 3173 veritas:
2559 3127 2616 3170 ut
2654 3117 2856 3170 veritas
2898 3116 3062 3178 vocis,
3092 3115 3340 3174 actionis,
3381 3113 3567 3165 volnu-

1999 3213 2125 3266 tatis
2148 3211 2269 3274 “‘9;
2305 3209 2754 3279 quemadmodum
2795 3207 2991 3261 dicitur
3040 3215 3249 3276 tempus
3276 3207 3455 3274 hujus,
3486 3202 3568 3256 ιιι-Ι

1998 3305 2140 3358 illius
2169 3304 2269 3367 rei,
2313 3318 2433 3356 cum
2463 3316 2626 3356 unum
2671 3308 2724 3354 ct
2755 3300 2894 3358 idem
2940 3300 3011 3352 sit
3062 3307 3271 3365 tempus
3301 3296 3567 3354 omnium.

1994 3411 2114 3465 qua:
2142 3403 2268 3450 sunt
2300 3394 2354 3447 in
2401 3392 2590 3447 eodem
2630 3399 2873 3458 tempore
2900 3387 3078 3442 simul.
3112 3386 3176 3440 Et
3215 3386 3259 3439 si
3291 3401 3395 3439 non
3420 3391 3565 3437 esset

1997 3488 2110 3540 lucc
2136 3485 2216 3537 vel
2253 3483 2338 3536 illa
2370 3497 2475 3545 res,
2501 3496 2604 3534 non
2636 3481 2812 3534 minus
2835 3487 2977 3532 esset
3016 3478 3154 3529 idem
3182 3485 3391 3544 tempus
3415 3489 3428 3524 :
3456 3489 3560 3526 tum

1995 3575 2138 3629 enim
2172 3573 2365 3626 dicitur
2400 3572 2520 3624 ideo
2553 3559 2764 3638 tempus
2818 3566 2976 3635 hujus
3010 3565 3090 3619 vel
3119 3563 3261 3619 illius
3295 3563 3396 3628 rei,
3435 3563 3561 3630 quia

1999 3673 2208 3731 tempus
2251 3671 2327 3715 est
2365 3659 2417 3714 iu
2459 3659 2587 3728 ipsis
2633 3657 2822 3721 rebus;
2876 3655 2967 3710 sed
3019 3653 3143 3723 quia
3189 3653 3316 3721 ipsa:
3357 3661 3483 3704 sunt
3516 3649 3567 3702 in

1999 3763 2260 3822 tempore.
2293 3752 2357 3805 Et
2397 3751 2536 3804 sicut
2572 3759 2782 3817 tempus
2811 3761 2905 3816 per
2936 3761 2992 3800 se
3029 3743 3423 3800 consideratum
3457 3757 3562 3793 non

1997 3844 2194 3897 dicitur
2231 3849 2442 3911 tempus
2493 3837 2740 3906 alicujus,
2774 3840 2868 3892 sed
2918 3853 3040 3892 cunt
3096 3849 3204 3897 res,
3237 3849 3355 3902 qtuc
3396 3833 3447 3885 in
3479 3830 3569 3883 illo

1996 3945 2144 3998 sunt,
2169 3933 2590 3993 consideramus,
2623 3929 2852 3984 dicimus
2881 3935 3096 3994 tempus
3121 3923 3280 3991 hujus
3315 3923 3396 3976 vel
3425 3920 3569 3974 illius

1999 4030 2104 4092 rei;
2141 4030 2214 4084 ita
2240 4039 2449 4081 summa
2487 4025 2687 4078 veritas
2716 4037 2810 4090 per
2837 4036 2896 4074 se
2931 4017 3232 4074 subsistens
3259 4015 3454 4069 nullius
3489 4014 3564 4067 rei

1996 4129 2078 4174 est
2111 4135 2123 4170 :
2153 4117 2245 4171 sed
2286 4130 2407 4168 eum
2427 4113 2626 4181 aliquid
2652 4110 2947 4165 secundum
2983 4107 3126 4162 illam
3155 4115 3261 4170 est,
3292 4115 3416 4158 tttuc
3451 4101 3568 4171 ejus

1998 4213 2196 4268 dicitur
2223 4206 2444 4271 veritas,
2469 4205 2548 4258 vel
2581 4203 2845 4258 rectitude
2871 4201 2982 4255 "”.

1584 4450 1813 4506 VARI/Ii
1845 4445 2246 4507 LECTIOMCS.

384 4565 479 4598 ³⁸³⁸
511 4563 580 4616 Se
613 4563 770 4616 habet
809 4562 955 4616 color
1003 4563 1068 4616 ad
1105 4577 1323 4630 corpus,
1380 4569 1436 4614 ut
1490 4562 1754 4615 vectitudo
1785 4563 1850 4616 ad
1892 4558 2312 4630 similitudinem
2345 4547 3062 4630 signiﬁcationumAmas.se
3103 4541 3563 4630 habetitcolo‘rad

316 4650 538 4704 corpus,
577 4634 926 4704 etreetitudo
962 4633 1028 4684 ad
1059 4611 1506 4704 signiﬁcaiiouem
1549 4647 1646 4704 ms.
1685 4631 1868 4704 Crisler.

1981 4611 2199 4684 {habet
2231 4611 2469 4704 colorLad
2501 4631 2716 4704 cprpus,
2780 4623 2837 4668 ut
2889 4615 3152 4668 rectitudo
3190 4613 3254 4666 ad
3286 4611 3560 4704 signiﬁes-

321 4683 538 4758 ιιῖἱιῖέὲῖἶ
583 4683 894 4756 InVinius
922 4683 1081 4755 esset
1111 4683 1232 4754 iiii};
1279 4683 1418 4753 Vici.
1454 4700 1577 4752 Bec.
1610 4683 1648 4752 is
1693 4683 1878 4755 ea...

1985 4683 2070 4753 cla
2106 4707 2186 4752 est
2261 4694 2351 4724 ³⁸³⁸
2382 4691 2492 4744 Non
2531 4683 2699 4758 habet
2722 4700 2840 4758 esse
2866 4694 2919 4739 et
2943 4700 3044 4738 non
3067 4699 3185 4736 esse
3206 4690 3301 4758 aut
3330 4683 3562 4758 aliquem

317 4751 620 4827 ipili'Wici.
1345 4751 1670 4840 habetiesse
1701 4751 1819 4823 ὶιίιῖ
1835 4751 2086 4840 aliquem
2125 4751 2228 4840 ms.
2263 4763 2399 4840 Vict.
2528 4773 2632 4840 non
2688 4755 2845 4840 habet
2885 4769 3023 4840 e530.
3171 4751 3432 4840 ιξιίξιυεινη

1621 4820 1699 4892 inc
1726 4820 2113 4894 "ré'ctiiui'iiiiém
2147 4835 2342 4890 habere
2370 4831 2564 4884 debent
2590 4843 2713 4878 mss.
2735 4821 2890 4894 ,Gem.
2923 4823 3045 4875 Bcc.
3082 4820 3214 4894 Viri.
3241 4822 3274 4875 ὅ
3297 4831 3343 4872 et
3373 4820 3563 4894 Qister:

320 4843 625 4911 l'romptior
650 4857 792 4894 nunc
818 4859 941 4894 mss.
973 4842 1212 4909 paratior
1241 4856 1380 4911 nunc
1454 4839 1545 4911 ’ξδ’
1572 4839 1614 4906 Q

3388 4768 3400 4802 ι
3471 4750 3562 4782 MSS

321 4887 1423 4980 ῖιίιῑ·ςξείειῖίδξίῑεέιῑῑιειειλῑτιέεῖνιει.
1479 4908 1510 4962 9
1554 4887 1699 4963 .713
1731 4887 2284 4980 ;,.'.;.;"“earinis...
2321 4902 2520 4955 habent
2726 4887 3562 4980 sensui...hisiig_.5..._pggz__s

321 4963 755 5034 scieudutn'esti
792 4963 885 5011 3”"
936 4981 1322 5051 Quoqupmodo
1370 4981 1479 5048 ipsa
1520 4981 1590 5032 sit
1639 4963 2012 5032 rectitudinem
2051 4963 3311 5051 immobilem.msﬁhquoquoinod-o_ipsa;$335..
3337 4963 3557 5051 regit";

322 5051 501 5102 dinem
535 5051 918 5104 immutabilem
943 5027 974 5046 κ
998 5027 1085 5079 ³⁵⁵Ῡ⁵
1117 5048 1285 5118 Supra
1312 5027 1628 5102 concessum
1665 5059 1747 5102 est
1792 5066 1917 5101 mss.
1957 5060 2117 5116 supra
2161 5039 2400 5118 concessi
2478 5037 2570 5118 'f“
2610 5031 3168 5118 Siilllltfhfaleli"pf:
3190 5028 3332 5118 Yfﬁ:

321 5118 509 5172 Cister.
542 5102 621 5172 sic
643 5102 782 5173 mihi
801 5102 968 5174 lateri
1043 5102 1140 5149 "‘7‘
1167 5102 1417 5172 V'eritatis
1440 5117 1767 5172 dilTerentias
1793 5135 1922 5174 mss.
1944 5102 2228 5170 veritatum
2253 5108 2594 5185 _«_lilierentias
2633 5103 2758 5185 L’f‘.’
2794 5102 2859 5156 Ut
2893 5102 3090 5185 veritas
3114 5102 3280 5185 vocis,
3311 5102 3558 5185 a’ctiuui-f.

323 5189 613 5266 \‘"ulu_uta_tis
635 5170 1101 5266 magnesiae“.
1130 5170 1189 5266 ut
1212 5170 1413 5266 veritas
1435 5170 2385 5266 voluntatiset‘actionisnnus;Vict.
2431 5189 2507 5266 ut.
2537 5174 2790 5266 veritatis.
2813 5170 3404 5266 agndum

325 5257 384 5308 S.
427 5257 586 5311 Mirh.
638 5267 683 5310 et
713 5255 913 5312 'Cisler.
956 5269 1010 5312 ιιι
1067 5260 1267 5312 veritas
1304 5257 1593 5311 voluntatis
1634 5259 1861 5310 actionis
1897 5273 1991 5310 ms.
2047 5254 2168 5308 Bec.
2212 5253 2348 5322 tiret
2379 5247 2575 5322 veritas
2614 5241 2902 5322 voluntatis
2930 5249 2982 5290 ct
3015 5238 3240 5322 actiluuis
3629 5279 3646 5291 .

1634 5303 2502 5392 abAtisehno
2524 5313 2928 5382 archiepiscopo
2951 5327 3047 5362 ms.
3101 5307 3289 5362 Cister.
3332 5303 3559 5369 Explicit

325 5405 582 5452 tractatus
607 5400 670 5452 de
702 5398 935 5455 Veritate
