4240 6234
628 188 730 244 ιδγ

1166 193 1222 245 s.
1268 187 1561 244 ANSELMI
1602 185 1951 240 omnium.
1998 182 2317 241 secatur,
2362 180 2508 236 ore.
2556 164 2797 235 rausr.‘
2833 212 2867 222 -
2933 180 3352 239 DOGMATICA.

3771 187 3864 245 488

649 350 3833 384 Mm

1474 500 2156 627 SANCTI
2224 495 3035 610 ANSELMI
3136 566 3137 569 ~

2054 724 2418 812 LIBER
2484 710 2485 713 γ

1562 943 1791 1064 "DE
1939 938 2908 1147 VMTATE

696 1228 975 1300 116(83)
1006 1223 1571 1312 Voluntas‘mquivoce
1589 1222 2031 1277 diciturtdicitur
2051 1220 2200 1277 enim
2224 1238 2276 1296 Α
2301 1220 2459 1312 voluit
2480 1220 2740 1312 Dominus
2764 1223 2887 1291 fecit
2911 1224 3231 1297 (Psalcxnt,
3259 1231 3344 1301 5);
3370 1236 3663 1292 secundum
3690 1256 3875 1312 appro-

620 1320 875 1372 voluntas
906 1319 1328 1371 instrumentum
1362 1296 1595 1378 volendi,
1644 1312 1785 1366 sicut
1816 1312 1960 1365 visus
2002 1312 2204 1366 instru-

622 1422 860 1463 mentum
890 1407 1130 1471 videndi;
1160 1415 1213 1460 et
1234 1405 1431 1459 dicitur
1455 1404 1704 1458 voluntas
1723 1403 1937 1458 affectio
1960 1402 2201 1472 ejusdem

621 1499 987 1561 instrumenti,
1026 1499 1166 1552 sicut
1194 1496 1417 1551 dilectio
1443 1496 1569 1560 filii,
1594 1510 1714 1564 quae
1763 1510 1980 1564 semper
2011 1501 2095 1549 est
2148 1494 2200 1548 in

619 1588 897 1642 voluntate
953 1569 1166 1651 matris,
1202 1586 1411 1640 sedicet
1461 1587 1512 1639 in
1563 1586 1923 1640 instrumento
1965 1584 2197 1650 volendi,

619 1681 762 1749 quod
784 1695 847 1734 ea
868 1677 1154 1734 aliectione
1172 1694 1385 1746 semper
1398 1687 1705 1748 promptum
1729 1677 1890 1731 estad
1918 1675 2199 1731 volentium

621 1769 850 1824 salutem
890 1769 1007 1836 lilii,
1047 1770 1164 1824 sive
1216 1785 1339 1824 cum
1395 1772 1497 1824 hoc
1529 1769 1754 1838 cogitat,
1788 1769 1902 1822 sive
1952 1782 2074 1822 eum
2100 1767 2203 1833 hoc

621 1878 726 1917 non
750 1863 971 1933 cogitat.
999 1863 1192 1917 Dicitur
1226 1862 1656 1917 etiamvoluntas
1676 1876 1811 1930 opus
1833 1858 2201 1921 instrumenti,

619 1967 740 2006 cum
753 1936 1040 2022 cogitando
1054 1952 1165 2006 vult
1179 1951 1400 2019 aliquid.
1419 1950 1672 2006 Voluntas
1686 1952 2096 2004 instrumentum
2111 1963 2203 2001 na—

620 2046 796 2100 turale
820 2055 902 2099 est
928 2045 1143 2098 animae.
1175 2043 1508 2098 All’ectiones
1538 2042 1863 2112 principales
1890 2041 2009 2095 dum
2029 2046 2151 2094 sunt
2184 2054 2196 2089 :

620 2132 851 2199 all‘ectio,
877 2134 1084 2188 scilicet
1108 2132 1321 2186 valendi
1341 2132 1682 2187 comnodum
1706 2132 1848 2198 quod
1873 2129 2007 2183 velle
2025 2136 2202 2198 potest

619 2226 818 2294 aliquid
841 2204 1127 2294 antequam
1150 2224 1363 2285 habeat,
1379 2219 1661 2275 etall'eetio
1683 2219 1891 2275 voleudi
1910 2217 2199 2287 justitiam.

617 2315 845 2369 Aﬂ‘eetio
874 2315 1081 2368 volendi
1119 2312 1462 2368 commodum
1499 2322 1715 2380 semper
1758 2319 1816 2363 et
1863 2308 2202 2378 inseparabi-

618 2404 742 2459 liter
789 2412 873 2457 est
909 2404 961 2458 in
1007 2404 1396 2465 instrumento;
1433 2398 1650 2453 affectio
1676 2397 1889 2453 valendi
1935 2396 2200 2467 justitiam

618 2511 721 2550 nec
748 2508 960 2564 semper
991 2494 1153 2559 inest,
1183 2492 1323 2546 sicut
1351 2490 1405 2544 in
1440 2488 1638 2557 injuste
1664 2487 1912 2551 homine;
1945 2500 2047 2541 nec
2072 2499 2197 2539 cum

2301 1310 2516 1368 Dantem
2545 1325 2671 1366 vero
2694 1311 2892 1368 dicitur
2912 1316 3040 1384 quia
3065 1318 3207 1374 Deus
3232 1322 3346 1376 vult
3365 1337 3578 1380 omnem
3609 1310 3872 1386 hominem

2301 1399 2513 1456 salvum
2550 1401 2688 1457 fieri.
2716 1403 2993 1473 Approbat
3023 1409 3165 1462 enim
3207 1408 3374 1479 Deus,
3414 1422 3470 1468 et
3497 1415 3675 1484 placet
3708 1419 3781 1474 illi
3811 1423 3876 1476 de

2302 1493 2550 1549 omnibus
2568 1494 2732 1565 justis
2756 1497 2881 1566 quia
2899 1498 3031 1569 justi
3082 1512 3326 1568 sunt,-ut
3354 1505 3487 1560 salvi
3526 1506 3688 1575 fiant;
3719 1518 3774 1565 et
3798 1512 3880 1565 ni-

2303 1584 2597 1644 hilominus
2651 1586 2890 1656 plareret
2938 1590 3017 1644 eis
3047 1592 3113 1646 de
3159 1592 3394 1662 injustis,
3426 1596 3470 1650 si
3506 1596 3639 1665 justi
3676 1608 3875 1664 essent.

2304 1683 2363 1729 ut
2391 1675 2526 1729 salvi
2553 1676 2763 1732 ﬁerent.
2802 1678 2931 1734 Tale
2978 1690 3062 1735 est
3088 1683 3234 1737 enini
3273 1687 3415 1754 quod
3448 1687 3655 1741 dictum
3688 1698 3790 1755 est,
3818 1704 3879 1744 ac

2301 1764 2347 1821 si
2393 1764 2606 1819 dicatur
2634 1782 2648 1818 :
2676 1765 2818 1821 Deus
2864 1767 3069 1823 nullum
3118 1770 3249 1827 facit
3277 1772 3566 1841 injustam;
3599 1777 3693 1830 sed
3722 1791 3881 1832 unus-

2302 1852 2531 1923 quisque
2557 1869 2588 1907 a
2623 1870 2681 1909 se
2710 1854 2875 1909 habet
2900 1856 3217 1924 injustitiam
3242 1870 3301 1916 ut
3326 1865 3614 1918 danmetur
3643 1883 3656 1917 :
3685 1871 3738 1919 et
3766 1864 3880 1919 ideo

2304 1958 2410 1999 non
2446 1954 2626 2014 potest
2650 1946 2756 2003 dici
2787 1938 3076 2019 displicere
3104 1950 3233 2015 Deo,
3257 1952 3303 2006 si
3330 1953 3508 2024 justus
3529 1954 3599 2008 sit
3623 1963 3679 2010 et
3712 1954 3883 2010 salve-

2288 2042 2423 2100 -tur;
2457 2050 2558 2090 nec
2581 2045 2761 2105 potest
2789 2039 2893 2093 diei
2922 2039 3089 2093 Deum
3122 2054 3424 2111 repugnare
3452 2042 3611 2098 saluti
3636 2044 3880 2115 alicujus,

2302 2124 2395 2179 sed
2443 2127 2822 2195 approbare.si
2861 2130 2931 2183 sit
2963 2128 3055 2198 qui
3090 2130 3349 2184 salvetur.
3401 2129 3711 2186 Secundum
3754 2124 3879 2203 per-

2301 2217 2603 2273 mittentem
2635 2234 2764 2275 vero
2815 2220 3143 2276 voluntatem
3198 2222 3398 2277 dicitur
3437 2224 3562 2295 quia
3588 2239 3742 2293 quem
3775 2223 3881 2279 vult

2303 2306 2542 2370 indurat,
2595 2304 2848 2377 quoniam
2900 2312 3162 2381 permittit
3205 2313 3477 2381 indurari;
3540 2316 3685 2384 quod
3736 2317 3879 2370 enim

2304 2403 2644 2468 praemissum
2667 2412 2770 2468 est,
2786 2404 2873 2458 tui
2892 2404 2999 2456 vult
3027 2405 3319 2467 miseretur,
3332 2406 3627 2460 secundum
3657 2405 3885 2462 efﬁcien-

2302 2499 2413 2544 tem
2460 2490 2793 2546 voluntatem
2844 2490 3048 2547 dictum
3102 2503 3203 2549 est.
3254 2494 3412 2549 Patet
3440 2506 3624 2550 autem
3663 2498 3793 2567 quia
3821 2498 3884 2553 de

621 2586 783 2649 inest,
812 2591 1132 2652 semperest
1166 2579 1568 2649 inseparabilis,
1597 2577 1740 2633 sicut
1762 2593 1815 2631 lli
1836 2574 2001 2645 justis
2025 2575 2201 2630 bomi-
2232 2587 2277 2647 Β
2304 2577 2513 2632 duabus
2533 2575 2908 2636 affectionibus
2928 2581 3279 2637 instrumenti
3301 2582 3535 2650 valendi,
3555 2585 3643 2639 illa
3661 2586 3885 2641 omnino

619 2679 777 2733 nibus
805 2675 858 2731 in
897 2677 997 2729 hac
1024 2676 1132 2727 vita
1162 2680 1416 2741 apparet;
1446 2679 1501 2724 et
1540 2667 1832 2737 aliquando
1863 2675 1950 2722 est
1994 2666 2205 2735 insepa-

621 2771 831 2834 rabilis,
888 2769 1037 2822 sicut
1070 2768 1126 2820 in
1167 2764 1357 2819 electis
1404 2761 1631 2833 angelis,
1678 2759 1822 2815 et'in
1867 2758 2202 2823 sanctis;_in

621 2862 842 2925 sanctis,
866 2868 984 2927 post
1007 2858 1147 2911 hanc
1172 2842 1356 2918 vitam;
1377 2854 1472 2908 sed
1494 2853 1546 2907 in
1562 2851 1805 2927 angelis,
1831 2864 2044 2920 semper
2067 2848 2201 2919 (84).

627 2948 706 3001 Ex
736 2946 820 3000 his
854 2946 1061 3000 duabus
1082 2941 1457 2998 aﬂ'cctionibus
1489 2941 1735 2997 volumus
1762 2939 2021 3009 quidquid
2054 2939 2203 2993 volu-

619 3054 758 3092 mus.
790 3037 895 3091 Aut
919 3037 1063 3091 enim
1086 3034 1687 3092 volumuscommodum
1709 3040 1802 3085 aut
1820 3030 2119 3098 justitiam;
2147 3036 2203 3083 et

617 3128 754 3191 inec,
783 3135 874 3179 aut
895 3135 1115 3195 propter
1143 3129 1508 3190 commodum,
1541 3131 1637 3177 aut
1667 3120 2195 3191 propterjustitiam.

622 3217 904 3284 Voluntas,
921 3232 1040 3287 qua:
1064 3232 1191 3273 usus
1215 3218 1415 3273 dicitur
1429 3216 1511 3273 vel
1526 3231 1659 3287 opus
1688 3214 2202 3280 instrumenti,sicut

616 3308 753 3363 visio
774 3323 908 3377 opus
926 3309 1009 3363 vel
1035 3323 1163 3364 usus
1185 3308 1334 3363 visus
1364 3305 1708 3363 instrumenti
1726 3305 1965 3372 videndi,
1984 3302 2197 3359 nonnisi

619 3400 967 3471 in‘cOgitante
986 3410 1070 3455 est
1086 3441 1101 3468 ,
1124 3409 1177 3455 et
1209 3408 1294 3455 est
1318 3400 1525 3469 pariter
1544 3412 1666 3453 cum
1692 3397 1809 3466 ipso
1839 3394 2199 3450 instrumento

616 3508 751 3563 Opus
781 3491 1104 3558 affectionis,
1136 3492 1278 3548 sicut
1321 3499 1482 3546 acuta
1523 3490 1664 3562 visio
1691 3502 1828 3558 opus
1858 3495 1944 3543 est
1965 3487 2118 3540 visus
2143 3492 2199 3561 et

616 3585 885 3639 acuminis
910 3585 1076 3640 visus.
1115 3583 1239 3639 time
1269 3584 1433 3654 igitur
1458 3581 1711 3637 voluntas
1756 3587 1849 3632 aut
1870 3586 1949 3633 est
1977 3586 2197 3648 propter

618 3693 753 3741 rem,
780 3691 941 3745 quam
966 3675 1100 3731 velle
1130 3676 1348 3739 dicitur,
1378 3683 1439 3728 ut
1465 3689 1588 3727 eum
1620 3670 1908 3741 cogitando
1938 3669 2192 3751 salutem,

615 3784 735 3821 eam
789 3764 1107 3831 vohnnus;'
1158 3776 1251 3819 aut
1319 3772 1539 3835 propter
1608 3761 1775 3827 aliud,
1828 3770 1890 3814 ut
1949 3760 2193 3828 equitare

616 3858 862 3913 volumus
910 3865 1131 3927 propter
1168 3854 1420 3910 salutem.
1474 3852 1572 3908 Est
1617 3853 1782 3906 etiam
1829 3848 1933 3903 alia
1997 3845 2192 3901 divisio

2307 2673 2499 2726 melior
2518 2682 2601 2727 est
2621 2684 2677 2728 et
2700 2674 2921 2729 omnino
2950 2675 3331 2745 praeponenda,
3349 2692 3468 2747 qua:
3493 2687 3574 2732 est
3604 2679 3673 2733 ad
3703 2678 3886 2734 volen-

2303 2762 2431 2816 dum
2461 2761 2728 2830 justitiam
2758 2781 2773 2817 :
2804 2779 2899 2834 per
2930 2766 3072 2821 hanc
3099 2766 3244 2821 enim
3289 2768 3467 2823 omnis
3487 2767 3669 2837 justus
3706 2770 3886 2837 justus

2304 2859 2420 2916 est;
2463 2869 2583 2919 nec,
2617 2854 2719 2909 nisi
2748 2868 2844 2923 per
2868 2854 3048 2921 istam,
3077 2855 3273 2926 aliquis
3300 2857 3490 2913 beatus
3510 2860 3631 2914 esse
3657 2868 3837 2931 potest
3866 2876 3881 2913 :

2302 2954 2358 2996 et
2378 2944 2425 2998 si
2457 2944 2542 2997 illa
2571 2938 2692 3014 quae
2720 2954 2804 2999 est
2841 2945 3054 3001 volendi
3081 2948 3425 3003 commodum
3465 2959 3687 3020 propter
3718 2948 3884 3019 justi-

2302 3035 2453 3099 tiam,
2482 3036 2703 3090 omnino
2726 3051 2833 3091 nou
2857 3046 3001 3092 esset
3026 3038 3078 3092 in
3107 3038 3287 3095 anima
3305 3080 3322 3107 ,
3352 3039 3505 3094 beata
3529 3049 3710 3098 tamen
3738 3052 3884 3098 esset

2312 3125 2492 3178 anima
2538 3124 2649 3180 sola
2681 3126 2969 3181 dilectione
2994 3125 3239 3196 iustitiae,
3277 3144 3379 3184 nec
3424 3130 3697 3187 ullatenus
3743 3140 3885 3191 esset
3922 3180 3931 3191 ,

2301 3212 2496 3268 misera
2534 3228 2633 3283 per
2681 3214 2982 3283 absentiam
3036 3215 3264 3286 alicujus
3318 3218 3542 3277 alterius
3586 3208 3878 3283 commodi,

2297 3303 2426 3372 quia
2452 3319 2558 3358 non
2590 3304 2854 3374 indigeret
2874 3321 2937 3360 ea
2971 3322 3029 3362 re
3082 3323 3243 3377 quam
3271 3325 3376 3364 non
3405 3309 3560 3363 vellet
3590 3329 3603 3364 :
3639 3312 3730 3366 illa
3757 3328 3883 3367 vero

2293 3392 2533 3458 aliectio,
2560 3410 2681 3463 qua:
2694 3404 2777 3451 est
2794 3397 3003 3452 volendi
3028 3400 3393 3461 commodum,
3420 3414 3515 3467 per
3536 3416 3698 3467 quam
3720 3402 3883 3455 etiam

2296 3498 2489 3540 omnes
2511 3486 2643 3555 justi
2675 3485 2864 3540 volunt
2884 3502 3005 3542 esse
3031 3488 3194 3554 beati,
3222 3490 3267 3544 si
3298 3488 3411 3543 sola
3442 3489 3613 3554 adsit;
3667 3489 3883 3546 nonnisi

2298 3571 2551 3625 miserum
2580 3572 2737 3639 facit,
2777 3576 2904 3644 quia
2945 3591 3212 3645 nusquam
3242 3577 3309 3630 ad
3346 3576 3449 3639 hoc
3479 3578 3619 3646 quod
3651 3579 3880 3648 appetit,

2292 3662 2410 3719 sine
2428 3663 2635 3734 justitia
2662 3668 2941 3736 pertingit.

2360 3754 2608 3810 Potestas
2638 3767 2721 3812 est
2761 3758 3005 3828 aptitudo
3042 3761 3108 3816 ad
3140 3760 3440 3817 iaciendum
3476 3778 3490 3817 :
3519 3780 3659 3835 pono
3698 3775 3881 3821 autem

2294 3846 2400 3911 hic,
2431 3846 2623 3916 facere,
2657 3864 2755 3918 pro
2779 3852 2925 3905 omni
2957 3852 3123 3907 verbo
3157 3854 3311 3909 linito
3343 3835 3426 3908 vel
3464 3855 3698 3923 infinito,
3728 3858 3876 3925 quod

614 3948 775 4017 hujus
818 3926 1143 4013 voluntatis;
1182 3945 1309 4014 quia
1359 3952 1454 3997 aut
1499 3941 1613 3996 vult
1656 3954 1778 3995 esse
1815 3937 2041 4008 aliquid,
2098 3938 2264 4013 autc
2294 3937 2558 4008 frequens
2595 3954 2725 3995 usus
2767 3926 2950 4015 habet.
2979 3941 3078 4010 Qui
3106 3946 3248 3999 enim
3280 3945 3517 4015 loquitur
3543 3962 3664 4001 cum
3693 3948 3877 4008 debet.

612 4039 726 4092 vult
772 4053 876 4092 non
936 4052 1056 4092 esse
1107 4036 1250 4108 (85);
1309 4046 1371 4089 ut
1416 4033 1555 4090 velle
1628 4042 1750 4088 esse
1786 4031 2083 4094 hominem,
2139 4036 2194 4084 et

614 4128 751 4181 velle
781 4143 885 4182 non
915 4142 1036 4183 esse
1080 4127 1373 4181 hominem.
1413 4124 1624 4193 Recipit
1655 4123 1821 4177 etiam
1848 4121 2189 4185 divisionem,

614 4235 773 4289 quant
807 4219 995 4288 recipit
1021 4219 1214 4288 facere.
1246 4217 1348 4273 Sex
1379 4217 1523 4273 enim
1557 4215 1731 4271 modis
1761 4213 1992 4269 dicimus
2013 4211 2193 4267 facere

613 4329 749 4375 esse,
783 4322 838 4366 et
881 4312 1098 4367 totidem
1131 4311 1307 4366 facere
1340 4325 1451 4364 non
1471 4323 1612 4364 esse.
1667 4307 1782 4361 Dici
1812 4306 1975 4361 etiam
2020 4313 2193 4375 potest

615 4404 727 4458 lucc
755 4401 1020 4465 voluntas,
1052 4400 1153 4454 alia
1173 4400 1430 4467 elliciens,
1456 4398 1557 4452 alia
1589 4398 1912 4467 approbans,
1941 4394 2044 4448 alia
2069 4410 2191 4464 per-

614 4494 834 4546 mittens
866 4509 879 4545 :
912 4491 1230 4547 cllieientem
1254 4492 1396 4557 dico,
1434 4506 1553 4560 quae
1596 4489 1760 4544 ellieit
1789 4486 1933 4559 quod
1963 4486 2101 4549 vult,
2138 4494 2191 4540 et

609 4599 731 4652 qua:
778 4582 1035 4647 elliceret,
1081 4582 1125 4637 si
1162 4592 1369 4651 posset;
1421 4581 1805 4651 approbantem
1860 4595 2009 4643 vero,
2069 4594 2189 4648 qua:

613 4672 873 4740 approbat
917 4672 1059 4739 quod
1100 4680 1204 4736 est,
1254 4680 1308 4725 et
1357 4686 1479 4739 qua:
1513 4670 1853 4741 approbaret,
1913 4669 1957 4722 si
2004 4676 2184 4728 esset;

613 4762 1015 4825 pel-inittentem
1046 4774 1198 4824 vero,
1235 4775 1354 4828 quae
1400 4760 1665 4829 permittit
1713 4772 1831 4813 esse
1858 4757 1999 4826 quod
2050 4757 2187 4810 velle

524 4854 527 4857 ’
614 4851 832 4916 dicitur,
857 4853 900 4906 si
930 4861 1034 4917 est,
1059 4862 1113 4906 ct
1135 4867 1253 4920 quae
1280 4852 1642 4921 permitteret,
1673 4850 1715 4905 si
1746 4858 1887 4904 esset
1912 4863 1926 4902 :
1949 4847 2186 4903 cllieiens

613 4941 827 5007 quidem
850 4950 930 4994 est
958 4942 1120 4996 etiam
1151 4942 1455 5011 approbans
1485 4949 1541 4995 et
1583 4932 1940 5011 permittens;
1989 4953 2185 5007 appro-

613 5027 748 5081 bans
775 5037 950 5081 autem
979 5039 1060 5082 est
1096 5038 1150 5083 et
1174 5010 1521 5099 permittens,
1564 5010 1879 5097 permittens
1910 5021 2035 5080 vero
2063 5036 2184 5078 tan-

614 5125 725 5171 tum
755 5131 853 5170 nec
898 5116 1151 5186 elliciens,
1192 5136 1293 5174 nec
1333 5119 1638 5189 approbans
1680 5127 1824 5171 recte
1852 5119 1955 5171 dici
1988 5125 2182 5187 potest.

613 5208 920 5264 Secundum
948 5208 1259 5266 cllieientem
1282 5211 1485 5285 dictum
1509 5218 1591 5265 est
1617 5227 1630 5263 :
1659 5207 1846 5264 Omnia
1869 5225 2185 5279 quaecunque

2295 4026 2378 4081 vel
2410 4030 2581 4100 sedet,
2614 4029 2693 4082 vel
2721 4040 2869 4095 stat;
2902 4040 2956 4084 et
2991 4034 3079 4100 qui
3107 4035 3238 4100 vult,
3267 4046 3361 4090 aut
3388 4037 3592 4106 patitur
3615 4036 3762 4104 quod
3788 4038 3883 4092 dc-

2293 4116 2417 4180 bet;
2449 4126 2503 4170 et
2523 4117 2613 4185 qui
2644 4127 2728 4172 est
2750 4121 2860 4184 ubi,
2892 4130 2947 4175 et
2967 4125 3183 4190 quando
3215 4126 3395 4189 debet,
3425 4125 3559 4179 bene
3590 4124 3753 4192 facit;
3786 4127 3881 4195 qui

2293 4216 2476 4259 autem
2512 4221 2617 4261 non
2648 4208 2889 4277 loquitur
2910 4228 3033 4266 cum
3069 4214 3252 4281 debet,
3281 4232 3380 4269 nec
3408 4213 3577 4279 sedet,
3612 4232 3714 4272 nec
3737 4226 3878 4282 stat;

2292 4303 2347 4350 et
2374 4297 2467 4365 qui
2501 4313 2603 4352 nec
2629 4300 2763 4363 vult,
2788 4315 2887 4356 nee
2915 4303 3117 4372 patitur
3154 4308 3295 4375 quod
3337 4307 3531 4374 debet;
3564 4318 3615 4362 et
3644 4308 3737 4377 qui
3768 4324 3876 4363 non

2291 4394 2373 4439 est
2403 4386 2515 4452 ubi,
2560 4397 2652 4442 aut
2684 4390 2898 4459 quando
2941 4392 3116 4458 debet,
3152 4396 3293 4452 male
3327 4396 3463 4453 facit
3516 4415 3529 4450 :
3572 4399 3737 4465 etqni
3768 4414 3876 4454 non

2291 4474 2426 4530 facit
2461 4479 2603 4546 quod
2624 4479 2797 4543 debet,
2834 4482 2971 4538 male
3000 4482 3159 4550 facit;
3192 4497 3247 4541 ει
3275 4490 3365 4558 qui
3394 4502 3498 4543 non
3542 4487 3671 4543 facit
3729 4490 3877 4560 quod

2290 4580 2397 4619 non
2428 4566 2605 4636 debet,
2631 4568 2764 4625 bene
2790 4569 2938 4626 facit.
2964 4571 3163 4643 Liquet
3194 4577 3377 4647 igitur,
3396 4580 3589 4647 facere,
3614 4581 3744 4649 poni
3776 4595 3878 4647 pm

2290 4658 2512 4721 omnino
2544 4660 2708 4716 verbo
2741 4662 2895 4717 finito
2924 4665 3007 4720 vel
3039 4665 3269 4731 intinito,
3298 4670 3460 4724 etiam
3502 4686 3620 4741 pro,
3650 4685 3759 4723 non
3790 4673 3876 4737 {u-

2288 4758 2422 4800 ιετε.
2453 4746 2548 4802 Est
2564 4750 2726 4819 igitur
2777 4764 3017 4825 petestas
3050 4756 3294 4825 aptitudo
3325 4759 3391 4811 ad
3440 4757 3783 4822 faciendum;
3818 4764 3876 4810 et

2287 4839 2463 4893 omnis
2482 4842 2726 4909 aptitudo
2740 4844 2806 4897 ad
2830 4845 3157 4913 faciendum,
3170 4857 3425 4915 potestas.
3452 4850 3628 4919 inquo
3671 4861 3876 4902 taren-

2288 4931 2415 4985 dum
2441 4949 2509 4986 ne
2532 4936 2755 4990 omnino
2778 4952 2877 5006 pro
2906 4940 3095 4993 eodem
3116 4938 3413 5011 accipiatur
3432 4942 3675 5013 aptitudo
3691 4940 3763 4993 ad
3786 4938 3874 4993 fa-

2286 5026 2559 5093 ciendum,
2592 5039 2647 5083 et
2675 5032 2919 5098 aptitudo
2942 5032 3173 5088 faciendi
3204 5050 3218 5087 :
3253 5034 3429 5088 omnis
3449 5034 3591 5088 enim
3620 5031 3872 5101 aptitudo

2288 5120 2352 5172 ad
2387 5118 2713 5186 faciendum,
2748 5135 2832 5178 est
2876 5136 2933 5180 et
2983 5126 3243 5191 faciendi;
3294 5126 3388 5180 sed
3417 5141 3523 5180 non
3570 5122 3750 5180 omnis
3780 5120 3871 5176 fa-

2288 5210 2483 5277 ciendi,
2511 5223 2594 5268 est
2617 5216 2779 5271 etiam
2808 5218 2875 5270 ad
2900 5208 3200 5273 faciendum
3232 5236 3246 5273 :
3280 5218 3522 5289 aptitudo
3541 5215 3684 5272 enim
3726 5215 3869 5270 scri-

2099 5317 2330 5376 NOT/E.

837 5401 1084 5491 Vicle‘li‘b.
1118 5404 1361 5491 deflere.
1386 5422 1567 5473 prwsc.
1592 5416 1724 5474 etc.,
1747 5420 1799 5475 ιι.
1823 5407 1875 5463 3.
1897 5423 1943 5463 ς.
1974 5409 2029 5463 ll
2058 5418 2109 5465 et
2142 5410 2179 5465 Ι.

615 5470 677 5521 de
707 5470 874 5522 Liber.
905 5474 1085 5526 arbitr.
1119 5492 1166 5527 ε.
1191 5477 1242 5538 5,
1278 5474 1327 5527 7.

685 5540 793 5609 (84)
824 5541 939 5599 Lib.
967 5548 1027 5599 de
1057 5543 1229 5599 Liber.
1260 5544 1467 5612 arbitra,
1492 5560 1540 5598 ε.
1576 5546 1658 5599 l-i.

2364 5414 2476 5485 (85)
2508 5415 2579 5489 De
2609 5416 2883 5489 multiplici
2920 5406 3197 5474 voluntatis
3253 5421 3502 5475 divisione
3544 5420 3867 5489 scripturum

2289 5500 2343 5540 se
2366 5487 2673 5558 promiierat
2689 5487 2722 5541 ι.
2741 5492 2805 5543 de
2826 5488 3045 5544 Coucor.
3064 5507 3316 5563 pra'sc.q.
3332 5492 3384 5561 ὃ,
3402 5507 3452 5547 c.
3473 5490 3529 5548 ll
3541 5531 3556 5561 ,
3584 5487 3682 5557 aL,
3708 5487 3807 5543 Et.
