4240 6228
391 148 492 204 489

1467 155 1726 242 DIALQG.
1767 155 1851 208 DE
1894 154 2138 211 ΗΒΕΗο
2169 160 2520 218 AliBiTlilO.

3503 177 3603 231 ilio

389 267 570 329 bemli,
601 283 718 336 quae
747 279 828 322 est
855 269 920 321 ad
941 271 1298 333 seribcmium,
1337 281 1418 322 est
1456 272 1617 331 etiam
1651 283 1939 340 antequam
1971 269 2013 327 Α
2047 273 2287 337 :lptitudo
2323 292 2425 330 non
2451 286 2564 342 est;
2617 289 2668 333 et
2720 280 2770 334 in
2798 294 2860 335 eo
2903 281 3041 349 quod
3095 283 3161 336 ad
3187 282 3486 336 faciendum
3517 287 3606 338 de-

390 356 659 410 scribatur
679 369 870 428 quaret
899 359 1094 412 dicitur
1121 369 1356 427 potestas
1377 362 1672 426 scribendi;
1704 364 1944 431 aptitndo

395 460 522 500 vero
569 449 861 515 scribendi,
901 465 1018 516 quae
1070 460 1151 502 est
1200 451 1250 503 in
1307 453 1607 512 scribendo,
1658 457 1947 509 secundum

391 551 553 603 quam
605 537 852 601 dicimus,
908 549 1022 606 apte
1085 540 1285 602 scribit,
1347 558 1448 595 non
1505 543 1946 610 pra‘eeditipsam

390 625 767 693 seriptiouem;
797 641 893 679 nec
915 637 993 679 est
1020 636 1253 693 potestas
1278 630 1681 692 scribendi..scd
1703 631 1948 685 effectum

391 714 676 780 potestatis
710 713 976 766 scribendi
1010 733 1021 767 :
1055 717 1176 784 quia
1227 718 1365 770 enim
1401 719 1652 786 prteeedit
1711 729 1832 786 pote
1871 729 1950 772 tas

391 808 516 865 apte
552 799 839 864 seribemli,
889 793 1006 854 ideo
1033 814 1155 870 apte
1203 784 1481 871 srribitur;
1536 824 1640 861 non
1675 808 1799 874 quia
1829 816 1951 876 apte

391 890 461 942 sit
489 890 729 958 scriptio,
769 891 900 946 ideo
924 903 1099 961 potest
1154 895 1286 963 ﬁeri.
1315 897 1554 966 scriptio.
1616 898 1824 951 Dictum
1870 906 1950 951 est

392 986 574 1030 autem
606 979 848 1054 aptitudo
874 983 938 1034 ad
968 981 1286 1046 faciendum,
1339 973 1400 1038 et.
1442 1004 1544 1040 non
1595 988 1836 1042 absolute
1884 991 1949 1044 ad

391 1065 621 1134 aliquid;
655 1069 780 1136 quia
823 1085 926 1123 non
957 1073 1298 1138 estaptitudo
1332 1077 1397 1127 ad
1448 1077 1646 1145 aliquid
1674 1088 1726 1130 et
1756 1093 1858 1131 non
1885 1079 1950 1134 ad

395 1156 726 1220 faciendum,
759 1175 878 1228 qua:
905 1177 1007 1214 non
1037 1173 1118 1215 est
1153 1174 1406 1232 potestas,
1433 1179 1482 1218 ut
1515 1169 1755 1235 aptitmio
1786 1171 1950 1225 vestis

393 1246 460 1299 ad
487 1261 682 1316 corpus
718 1265 730 1300 :
767 1249 964 1303 dicitur
1007 1253 1148 1304 enim
1189 1262 1308 1321 apta
1339 1255 1404 1307 ad
1435 1272 1658 1324 corpus;
1694 1274 1789 1313 nec
1833 1262 1951 1315 ideo

391 1345 570 1392 tamen
605 1339 799 1393 dicitur
829 1350 1014 1408 potens
1062 1344 1242 1420 vestis.
1276 1343 1416 1399 Bene
1451 1345 1609 1414 igitur
1637 1327 1838 1404 dictum
1869 1362 1953 1406 est

389 1427 514 1495 quia
541 1439 778 1496 potestas
801 1438 883 1484 est
909 1432 1148 1499 aptitndo
1177 1434 1242 1486 ad
1277 1435 1608 1502 iaciendum;
1641 1440 1761 1508 quia
1807 1440 1858 1494 in
1884 1455 1951 1496 eo

388 1519 532 1587 quod
574 1520 817 1588 aptitudo
863 1521 1077 1587 dicitur,
1129 1534 1409 1593 separatur
1449 1527 1517 1582 ab
1567 1530 1711 1584 omni
1754 1545 1810 1585 re
1834 1545 1954 1600 qum

2055 364 2390 429 terminatur,
2428 367 2683 420 dividitur
2709 369 2774 421 ab
2802 372 2943 424 omni
2976 371 3291 440 aptitudine,
3322 374 3434 426 sive
3457 373 3523 426 ab
3547 391 3610 429 ea

2051 467 2166 517 qua!
2203 467 2306 505 non
2361 464 2444 508 est
2470 455 2534 508 ad
2574 451 2796 524 aliquid,
2830 470 2885 510 ιιι
2935 463 3050 526 quae
3095 471 3177 514 est
3207 459 3258 512 in
3289 460 3601 523 scribendo:

2051 540 2161 592 sive
2184 542 2250 593 ab
2269 557 2329 594 ea
2357 533 2574 610 quteest
2599 546 2662 596 ad
2693 547 2890 614 aliquid
2914 559 3087 602 etnon
3117 551 3178 602 ad
3208 548 3524 610 faciendum,
3551 559 3608 601 ut

2050 640 2110 678 ea
2137 643 2253 694 qua-
2272 641 2352 682 est
2382 631 2429 683 in
2458 642 2607 686 veste
2629 634 2692 687 ad
2713 649 2928 704 corpus,
2951 651 3069 705 qua:
3108 647 3158 691 et
3181 640 3387 706 corpori
3419 638 3608 690 melius

2050 710 2154 771 dici
2187 728 2361 786 potest
2393 737 2405 772 :
2435 721 2629 774 dicitur
2660 725 2802 776 enim
2837 727 3001 779 vestis
3043 737 3164 795 apta
3203 729 3434 796 corpori.
3468 728 3609 781 Nihil

2053 806 2214 874 igitur
2249 807 2364 876 plus
2392 809 2471 860 vel
2504 812 2678 864 minus
2706 813 3005 870 habet'luec
3041 812 3284 869 diiiinitio
3307 817 3607 885 potestatis,-

2053 911 2224 964 quam'
2261 898 2437 951 debet.
2488 900 2581 953 Est
2634 913 2811 956 autem
2860 906 2973 958 inec
3025 905 3262 960 diilinitio
3324 909 3604 976 potestatis

2055 987 2190 1040 facta
2223 989 2514 1040 sccundmn
2555 1005 2730 1054 usum,
2763 1006 2866 1045 non
2896 998 3186 1048 secundum
3226 999 3636 1065 proprietatem-

2052 1078 2332 1144 potestatis
2369 1079 2666 1149 :‘quidquid
2716 1082 2857 1134 enim
2909 1083 3248 1153 aliqnomodo
3281 1095 3474 1153 potest.
3505 1087 3606 1144 hac

2053 1168 2368 1222 ditiinitione
2386 1157 2684 1239 potestatis
2717 1149 3017 1242 potest;.ut
3067 1149 3296 1240 lignunr
3322 1185 3492 1242 potest
3531 1180 3615 1229 ln-

2053 1261 2179 1324 eidi,
2211 1274 2261 1315 et
2297 1263 2456 1316 homo
2497 1272 2670 1332 potest
2713 1264 2991 1318 incidere:
3027 1280 3148 1318 nam
3189 1275 3241 1319 et
3271 1266 3470 1334 lignum
3501 1267 3621 1321 ideo

2051 1360 2229 1419 potest
2277 1351 2464 1412 incidi,
2516 1351 2640 1421 quia
2697 1352 2858 1405 habet
2895 1353 3250 1420 aptitudiuem
3281 1354 3346 1405 ad
3379 1353 3619 1406 inciden-

2055 1438 2213 1503 dum;
2239 1447 2292 1497 et
2317 1440 2476 1492 homo
2507 1439 2625 1491 ideo
2656 1449 2829 1508 potest
2855 1440 3110 1504 incidere,
3143 1442 3267 1508 quia
3301 1441 3464 1494 habet
3485 1437 3625 1508 apti-

2057 1529 2293 1583 tudinem
2331 1529 2397 1582 ad
2427 1528 2793 1583 incidendum.

437 1727 3606 1760 mw

1221 1877 1884 2014 SANCTI
1996 1883 2800 1996 ANSELMI

1737 2105 2321 2198 DIALOGUS

990 2315 1186 2438 DE
1275 2307 1842 2440 LIBERO
1925 2313 2664 2480 ARBITBIO

1347 2307 1842 2440 .113an
1925 2313 2676 2480 ARBITRIO
2910 2289 3021 2360 (δίε)

818 2641 971 2710 117
1004 2638 1236 2702 CAPUT
1252 2640 1534 2695 PRIMUM.

393 2756 545 2821 Quod
595 2763 814 2820 potestas
855 2748 1517 2870 peccandi.zonupertiueat
1566 2751 1632 2804 ad
1675 2751 1959 2805 libertatem

726 2836 738 2847 ο
1077 2836 1126 2870 1r
1160 2831 1285 2870 itm.

726 2836 738 2847 '
1077 2831 1285 2872 trmtm.

468 2911 607 2963 lusc.
647 2909 910 2974 Quoniam
943 2907 1165 2960 liberum
1214 2904 1492 2960 arhitrmm
1537 2906 1745 2959 videtur
1798 2923 1958 2974 repu-

393 3013 560 3070 gnare
587 2999 789 3082 gratiae,
827 3007 878 3050 et
901 2996 1373 3065 pt'ag-lestinationi,
1398 2996 1814 3063 etprzescientize
1845 2995 1959 3060 Dei,

394 3095 508 3160 ipsa
532 3093 752 3146 libertas
774 3090 980 3148 arbitrii
1005 3091 1130 3158 quid
1159 3092 1230 3145 sit
1253 3106 1409 3145 nosse
1423 3090 1690 3167 desidero,
1711 3101 1760 3144 et
1785 3099 1962 3144 utrum

393 3182 540 3234 illam
567 3195 778 3250 semper
803 3180 1115 3234 habeamus.
1178 3179 1233 3233 Si
1285 3180 1428 3235 enim
1488 3179 1706 3234 libertas
1757 3179 1963 3233 arbitrii

395 3280 477 3324 est
503 3284 659 3338 posse
682 3283 904 3339 peccare
929 3277 981 3323 et
1014 3286 1116 3322 non
1148 3284 1388 3338 peccare,
1429 3269 1566 3323 sicut
1596 3284 1624 3323 a
1649 3269 1965 3338 quiimsdam

397 3343 533 3413 solet
563 3359 688 3422 dici,
719 3367 771 3412 et
801 3359 903 3412 boc
929 3373 1147 3427 semper
1175 3358 1431 3412 habemus
1461 3358 1548 3388 ³⁶⁸¹
1578 3357 1842 3426 quornodo
1871 3357 1967 3409 ali-

395 3448 612 3519 quando
641 3449 812 3518 gralia
863 3429 1204 3518 indignantis?
1253 3447 1308 3500 Si
1342 3434 1516 3500 autem
1556 3447 1656 3501 hoc
1686 3461 1791 3500 non
1821 3460 1964 3500 sent-

399 3553 494 3604 pcr
519 3538 798 3600 habemus,
823 3552 919 3590 cur
948 3537 1099 3589 nobis
1125 3535 1416 3603 imputatur
1435 3545 1730 3603 peccatum,
1752 3537 1966 3603 quando

399 3626 702 3680 sineiibero
731 3625 958 3681 arbitrio
982 3625 1304 3694 peccamus?
1354 3624 1492 3678 MAG.
1523 3625 1847 3679 Libertatem
1885 3643 1969 3680 ar-

399 3719 544 3771 bitrii
575 3733 679 3770 non
708 3726 835 3786 puto
865 3732 983 3772 esse
1021 3717 1312 3785 potentiam
1336 3715 1588 3783 peccandi
1631 3724 1684 3767 et
1709 3730 1813 3768 non
1839 3730 1966 3784 pec-

399 3788 577 3860 canili.
610 3806 816 3876 Quippe
844 3807 886 3860 si
918 3808 1030 3860 ba'c
1060 3806 1172 3882 ejus
1218 3813 1360 3857 esset
1407 3804 1496 3852 ω’
1545 3803 1804 3866 deﬁnitio,
1870 3817 1970 3857 nec

403 3897 559 3962 Deus,
592 3912 693 3951 nec
715 3896 911 3964 angeli,
938 3897 1024 3965 qui
1051 3896 1144 3930 ³³⁸³
1171 3911 1391 3965 peccare
1421 3901 1710 3965 nequeunt,
1741 3893 1966 3947 liberum

1986 2648 2029 2704 Β
2058 2640 2267 2693 dil‘i'erat
2294 2639 2519 2690 liberum
2560 2636 2843 2705 arbitrium
2879 2635 3154 2689 heminam
3189 2649 3216 2688 a
3270 2635 3437 2688 libero
3484 2637 3632 2692 arbi-

2065 2734 2167 2784 trin
2203 2731 2292 2783 Dei
2330 2739 2384 2783 ct
2414 2729 2724 2798 angelorum
2773 2728 3031 2781 bonorum
3059 2728 3153 2760 "5*
3183 2726 3426 2780 diliinitio
3459 2739 3634 2782 tamen

2063 2820 2222 2887 hujus
2272 2817 2534 2872 libertatis
2559 2818 2608 2871 in
2639 2817 2879 2885 utrisque.
2901 2859 2914 2882 ,
2951 2816 3246 2871 scemtdmu
3290 2818 3389 2870 hoc
3419 2833 3635 2882 nomen,

2062 2908 2247 2982 eadem
2277 2909 2431 2962 debet
2459 2923 2575 2960 esse
2604 2924 2615 2958 :
2652 2906 2772 2960 licet
2799 2907 2940 2960 enim
2985 2905 3179 2959 animal
3208 2903 3410 2959 diil‘erat
3434 2906 3502 2959 ab
3520 2907 3636 2960 ani-

2066 2997 2187 3050 mali
2213 2997 2324 3050 sive
2353 2987 2807 3058 substantialiter,
2841 2997 2954 3049 sive
2983 2995 3412 3060 acei'leutaliter,
3443 2995 3634 3051 diliini-

2068 3084 2140 3138 tio
2168 3091 2370 3146 tamen,
2398 3082 2689 3138 secundum
2715 3098 2921 3136 nomen
2941 3084 3206 3145 animalis,
3234 3085 3482 3139 omnibus
3523 3087 3637 3140 aui-
3685 3155 3688 3159 _

2069 3173 2296 3228 malibus
2335 3181 2417 3228 est
2445 3173 2654 3226 eadem.
2687 3168 3022 3240 Quapmpter
3056 3171 3212 3226 talem
3271 3182 3482 3241 Oportet
3508 3173 3639 3226 dare

2067 3263 2432 3318 ditiinitionem
2476 3262 2738 3316 libertatis
2788 3262 3014 3325 arbitrii,
3067 3277 3185 3331 qttzc
3242 3277 3341 3317 nec
3397 3262 3515 3331 plus
3543 3278 3640 3318 nec

2069 3357 2245 3410 minus
2269 3355 2357 3410 illa
2416 3355 2710 3410 contineat.
2752 3353 3012 3420 Quoniam
3050 3369 3180 3421 ergo
3231 3353 3456 3407 liberum
3496 3355 3640 3409 arbi-
3711 3338 3715 3342 ’

2069 3444 2487 3497 lrinmdivimtm
2537 3451 2592 3496 et
2634 3442 2894 3496 bonorum
2927 3443 3236 3511 angelorum
3286 3457 3508 3510 peceare
3532 3458 3636 3496 non

2065 3539 2260 3602 potest,
2285 3546 2386 3584 non
2409 3533 2638 3600 pertinet
2663 3533 2726 3584 ad
2758 3533 3124 3586 ditiinitionem
3148 3533 3406 3587 libertatis
3431 3533 3636 3590 arbitrii

2068 3636 2223 3689 posse
2245 3635 2490 3689 peccare.
2535 3621 2772 3690 Denique
2813 3636 2908 3674 nec
2948 3622 3184 3681 libertas.
3250 3637 3347 3675 nec
3405 3637 3529 3691 pars
3575 3622 3640 3674 ii-

2067 3710 2294 3765 bcrtatis
2315 3719 2396 3762 est
2424 3717 2660 3776 potestas
2686 3709 2961 3776 peccandi.
2996 3709 3148 3775 Quod
3179 3699 3228 3760 ut
3259 3709 3414 3777 plane
3437 3709 3633 3763 intelli-

2067 3813 2181 3866 gas,
2216 3795 2430 3851 intende
2469 3798 2533 3849 ad
2569 3811 2630 3850 ea
2690 3811 2806 3864 qua:
2856 3797 3051 3851 dicam.
3079 3801 3221 3850 tusc.
3250 3797 3326 3848 Ad
3382 3787 3482 3850 hoc
3517 3812 3636 3849 sunt

2071 3888 2178 3941 hic.
2220 3887 2358 3942 Mac.
2395 3886 2522 3952 Qua:
2565 3887 2658 3940 tibi
2699 3886 2952 3940 voluntas
3001 3887 3220 3946 liberior
3249 3886 3495 3939 videtur:
3527 3884 3635 3950 illa,

401 3989 663 4042 haberent
711 3989 987 4042 arbitriqu
1020 4007 1032 4040 :
1065 3988 1204 4056 quod
1245 3986 1394 4042 nefas
1443 3995 1530 4042 est
1571 3986 1768 4040 dicere.
1817 3984 1960 4038 Dtsc.
1991 3977 2075 4038 Ct

1991 3977 2036 4038 C
2068 3993 2186 4046 qua:
2211 3977 2291 4031 sic
2325 3976 2436 4030 vnit
2486 3986 2541 4030 ct
2593 3984 2770 4044 potest
2799 3991 2904 4029 non
2941 3989 3186 4042 peccare,
3236 3984 3293 4027 ut
3339 3973 3637 4027 nullatenus

405 4073 562 4141 Quid,
593 4076 637 4130 si
673 4075 868 4129 dicitur
897 4077 1038 4129 aliud
1066 4090 1184 4128 esse
1206 4075 1426 4128 liberum
1460 4073 1742 4128 arbitrium
1788 4072 1882 4129 Dei
1910 4081 1963 4125 et
2069 4070 2206 4122 lice'ti
2237 4068 2410 4121 valeat
2437 4082 2465 4120 a
2497 4082 2598 4120 non
2631 4068 2881 4134 peccandi
2936 4067 3270 4128 rectitudine,
3305 4081 3370 4118 an
3403 4064 3487 4117 illa
3520 4080 3636 4130 qua:

401 4165 710 4220 aneelornm
743 4166 1024 4230 bonorum,
1063 4166 1203 4236 aliud
1235 4164 1510 4218 nostrum?
1551 4164 1684 4220 illac.
1712 4155 1966 4230 Quamvis
2072 4161 2250 4228 aliquo
2278 4159 2432 4214 modo
2461 4158 2596 4214 ileeti
2624 4167 2798 4226 potest
2845 4158 2911 4210 ad
2946 4155 3314 4226 peccandum?
3362 4157 3498 4210 DISC.
3530 4155 3638 4209 Cur

1669 4293 1898 4346 VARI/li
1941 4289 2342 4347 LECTIONES.

473 4383 566 4415 ³⁵⁵⁰
607 4382 868 4436 Collatum
917 4392 994 4434 est
1053 4383 1151 4436 hoc
1196 4382 1504 4448 opusculum
1528 4397 1647 4434 cum
1678 4398 1802 4435 mss.
1831 4381 1951 4434 Bec.
1977 4380 2122 4434 (Ic-nt.
2159 4379 2289 4431 Vict.
2320 4380 2485 4432 tribus
2513 4378 2595 4432 CC
2619 4381 2673 4432 ει.
2699 4380 2792 4434 EE
2821 4382 2899 4442 l3,
2929 4381 3032 4432 Ilii.
3071 4378 3147 4435 i5.
3173 4393 3275 4431 uno
3304 4379 3526 4434 Timauo
3547 4380 3631 4444 90,

405 4467 512 4505 nuo
542 4469 604 4504 ex
642 4451 970 4505 monasterio
1002 4451 1062 4504 S.
1100 4447 1260 4505 Miclt.
1296 4451 1347 4502 iu
1382 4461 1581 4508 monte.
1618 4466 1722 4503 uno
1752 4449 1940 4503 (ἥδιον.
1988 4459 2037 4501 et
2066 4465 2185 4500 eum
2209 4447 2449 4501 editione
2481 4449 2712 4515 gulhiea.
2751 4469 2840 4502 uss.
2874 4451 3017 4502 (icui.
3061 4449 3118 4499 (ἰ.
3154 4449 3238 4499 5i.
3279 4448 3464 4515 Incipit
3495 4459 3634 4501 trac-

407 4531 550 4574 tatus
578 4521 641 4574 de
688 4523 934 4572 libertate
983 4520 1190 4572 arbitrii
1221 4537 1233 4570 :
1277 4535 1372 4570 ms.
1420 4518 1608 4572 Cisler.
1643 4519 1910 4588 Incipiunt
1940 4518 2183 4588 Capitula
2219 4517 2268 4568 in
2294 4514 2581 4588 'l'ractatus
2627 4520 2690 4570 de
2725 4515 3237 4588 Iiberlafcarbitrii.
3265 4514 3589 4588 EtpostIm-c
3614 4532 3632 4568 :

406 4590 711 4658 Explieiunt
749 4589 1006 4658 capitula.
1064 4589 1304 4658 Deinde:
1338 4588 1523 4658 incipit
1555 4585 1840 4658 'l‘ractaius
1896 4589 1960 4658 tie
2012 4585 2287 4658 Libertate
2339 4586 2564 4658 Arbitrii
2602 4587 2776 4658 editus
2824 4589 2890 4639 ab
2921 4585 3185 4658 ΛιιειςιιιιιιΔ
3215 4585 3634 4658 Arrhicpiscopo

407 4652 931 4710 Cantuaricnsifms.
967 4656 1021 4709 S.
1069 4656 1228 4708 Mich.
1259 4652 1518 4723 Incipiunt
1544 4657 1788 4725 Capitula
1819 4657 1870 4709 in
1902 4656 2217 4725 Tractatum
2240 4655 2305 4706 de
2339 4655 2586 4725 libertate
2640 4653 2704 4705 lit
2733 4669 2843 4720 post
2866 4659 3012 4725 lui-3'5
3040 4652 3630 4725 liapi'eiuuttlapitula.

412 4725 608 4785 Deinde
632 4741 650 4777 :
691 4726 880 4794 Incipit
920 4725 1203 4794 Truc-tatus
1232 4727 1297 4776 de
1328 4721 1600 4794 Libertate
1626 4721 1886 4794 arbitrii.
1921 4741 2017 4776 ius.
2044 4723 2192 4794 HTlm.
2224 4723 2604 4794 iltl._lnci|.iiuut
2651 4725 2890 4794 Capitula
2939 4721 3080 4773 Liin
3119 4721 3358 4794 ΔΛιιξιιίιιιί
3401 4722 3634 4794 (iantua-

412 4795 604 4864 rieusis
651 4790 918 4864 Episcopi,
976 4794 1060 4864 de
1086 4792 1360 4864 Libertate
1411 4795 1656 4846 Arhitrii.
1687 4792 1822 4864 rl’opst
1847 4797 1964 4864 VIHL'Q
1992 4793 2143 4864 :‘liic.
2169 4792 2356 4864 incipit
2385 4791 2666 4864 'i'rartattts
2709 4795 2772 4841 de
2817 4791 3063 4864 libertate
3104 4790 3324 4864 Arbitrii
3368 4793 3541 4864 editus
3567 4793 3632 4841 ab

415 4863 662 4932 Anselmo
693 4858 805 4915 ἠιιι.
851 4858 980 4915 Vict.
1023 4861 1127 4914 Ct}.
1178 4865 1228 4914 9.
1277 4863 1538 4932 Incipiunt
1569 4862 1963 4932 capitulaiihri
1995 4861 2238 4932 ejusdem
2283 4858 2540 4932 (Auseiini
2586 4859 2989 4932 Carduarieusis
3019 4859 3316 4932 JXrehiep.)
3373 4860 3437 4932 t_l_e
3469 4859 3632 4911 libero

413 4931 662 4983 Arbitrio.
701 4933 894 4984 Deinde
923 4948 940 4984 :
968 4932 1123 4984 Liber
1176 4925 1414 4994 magistri
1462 4925 1697 4982 Anselmi
1733 4933 1799 4984 de
1832 4930 1999 4982 libero
2024 4925 2298 4980 'Arbitrin.
2334 4943 2432 4995 ius.
2467 4926 2585 4977 Nec.
2620 4926 2671 4977 5.
2707 4928 2970 4995 incipiunt
3009 4926 3254 4994 Capitula
3284 4927 3336 4979 in
3375 4925 3628 4980 Tractatu

414 5001 476 5052 de
503 4999 666 5052 libero
696 5001 948 5060 arbitrio,
986 5001 1126 5051 edito
1150 5001 1212 5049 al;
1237 4993 1485 5051 Anselmo
1523 4999 1898 5051 (Iantuaricnsi
1935 4996 2357 5060 archiepiscopo.
2391 4993 2585 5064 Deinde
2609 5011 2627 5046 :
2659 4993 2962 5063 l'priieiunt
2987 4993 3252 5064 Capitula.
3287 4996 3474 5063 lnripit
3501 4995 3631 5046 Tra-

415 5076 587 5120 rtatus
613 5069 676 5120 dc
721 5069 887 5118 libero
936 5070 1157 5121 arbitrio
1198 5068 1374 5120 edtus
1409 5065 1475 5117 ab
1498 5067 1751 5120 Auselmo
1829 5066 1920 5095 3””
1978 5065 2041 5116 Et
2086 5066 2185 5115 nuc
2237 5077 2449 5131 semper
2493 5062 2752 5131 habemus
2787 5082 2883 5118 ms.
2941 5062 3076 5118 Vict.
3114 5066 3168 5117 5.
3206 5074 3254 5118 et
3289 5067 3387 5117 hoc
3419 5079 3629 5131 semper

416 5136 666 5189 debemus
737 5137 828 5165 "5’
875 5139 927 5186 Si
981 5141 1079 5188 hoe
1127 5137 1238 5203 ejus
1271 5146 1412 5190 esset
1442 5151 1564 5187 mss.
1613 5145 1658 5186 et
1705 5133 1852 5203 Ιίιιίιἶ
1910 5131 2138 5203 G_otlt._si
2181 5133 2293 5203 inec
2316 5129 2457 5203 césef.
2485 5130 2601 5197 ejus
2677 5134 2766 5164 ³⁵⁵³
2808 5136 2913 5188 hec
2943 5134 3188 5203 Angelus,
3223 5135 3316 5203 qui
3355 5143 3450 5203 ms.
3493 5129 3623 5183 Vict.

420 5205 477 5253 ἐξ.
530 5204 682 5256 Miclt.
738 5203 924 5256 Cister.
961 5217 1004 5255 et
1050 5200 1167 5256 1!ch
1207 5220 1305 5256 nec
1363 5205 1573 5270 Angeli,
1627 5202 1716 5271 qui
1797 5201 1888 5231 M‘
1942 5201 2006 5253 lit
2055 5200 2380 5269 Angelorum
2435 5200 2695 5257 bonorum
2726 5219 2825 5258 ms.
2865 5200 3049 5258 Cistcr:
3093 5212 3146 5256 et
3180 5200 3320 5254 aliud
3369 5202 3626 5254 bonorum

429 5277 454 5321 -\
468 5273 757 5337 ngelorum.
2262 5303 2266 5307 ~

1886 5354 2114 5410 ΝΟΤιΕ.

493 5441 603 5512 (86)
644 5431 772 5516 Vide
809 5460 963 5511 supra
1014 5443 1292 5506 l‘t'uluguut
1342 5445 1390 5494 iu
1457 5445 1724 5516 lliaiogunt
1772 5447 1836 5498 de.
1899 5445 2151 5500 Veritatc.

705 5540 943 5597 l’A‘ruuL
1017 5537 1278 5595 (ILVHI.
