4240 6232
372 335 471 390 433

1442 328 1711 386 υιριωο.
1746 328 1833 383 DE
1873 324 2113 383 LIBERO
2147 321 2479 380 AltBlTRlO.

3393 305 3407 316 ‘
3462 322 3561 377 tot

368 443 595 515 jusntodi
642 444 733 478 ’δ”
794 438 1000 498 arbitrii
1043 436 1346 496 libertatem
1373 436 1639 494 habebant
1678 438 1769 469 ³⁸⁷⁸
1800 446 1925 491 ante
1949 442 1996 500 Α
2026 434 2391 504 negligentiam
2430 431 2674 486 servandi
2724 431 2981 485 habitam.
3032 428 3367 498 Quapropter
3406 443 3567 484 restat

374 545 647 609 peccatum
689 533 903 605 quando
959 538 1163 587 certum
1208 536 1294 583 est
1322 526 1414 559 ³⁸⁷⁸
1460 539 1552 583 eos
1586 528 1811 583 liberum
1830 527 1923 559 “7'

374 627 651 681 arbitrium
682 624 951 680 habuisse.
994 622 1138 675 Dtsc.
1190 617 1301 672 Hoc
1358 627 1647 695 exspectes
1679 616 1814 672 MAG.
1843 616 1922 670 Ad

374 720 502 788 quid
525 718 618 772 tibi
640 714 889 769 vitientur
918 708 1060 764 illam
1086 708 1338 764 habuisse
1358 698 1659 764 libertatem
1682 708 1922 762 arbitrii?

372 809 455 861 An
490 808 556 861 ad
593 800 982 871 assequendum
1004 798 1142 867 quod
1189 796 1425 863 vellent;
1452 813 1517 851 an
1553 798 1618 852 ad
1643 795 1919 850 rolendum

374 894 515 963 quod
546 873 820 952 deberent,
837 946 840 949 ,
860 895 914 941 et
941 886 1080 956 quod
1133 884 1237 939 illis
1258 885 1393 940 velle
1440 884 1756 953 expediret?
1779 883 1919 937 Dtsc.

372 983 452 1036 Ad
513 979 791 1036 volentium
846 974 986 1046 quod
1052 973 1321 1036 deberent.
1377 982 1432 1028 et
1452 972 1590 1042 quod
1650 970 1923 1041 expediret

372 1071 526 1126 velle.
573 1068 711 1124 MAG.
743 1067 883 1135 Ergo
918 1066 985 1121 ad
1051 1064 1424 1120 rectitudinem
1482 1063 1768 1118 voluntatis
1828 1062 1923 1114 ha-

372 1158 599 1211 buerunt
622 1155 920 1210 libertatem
984 1151 1232 1208 arbitrii:
1264 1151 1496 1220 quandiu
1557 1163 1784 1218 namque
1824 1163 1920 1203 vo-

372 1242 778 1313 lueruntzqnod
844 1242 1143 1298 debuerunt
1191 1239 1561 1299 rectitudinem
1622 1236 1922 1294 habuerunt

371 1332 677 1388 voluntatis.
704 1332 844 1386 Dtsc.
881 1331 955 1384 Ita
1002 1338 1104 1384 est.
1136 1326 1288 1383 δίη.
1318 1327 1545 1380 Dubium
1598 1334 1679 1379 est
1726 1325 1920 1389 adhuc,

372 1437 494 1477 cum
524 1422 720 1477 dicitur
747 1420 870 1490 quia
897 1417 1191 1473 libertatem
1233 1417 1530 1471 habuerunt
1590 1416 1656 1471 ad
1704 1417 1922 1471 rectitu-

370 1511 549 1566 dinem
578 1510 670 1543 ³⁸⁷⁷
707 1508 1025 1575 voluntatis,
1073 1510 1117 1565 si
1177 1523 1283 1565 non
1336 1509 1562 1563 addatur
1588 1506 1784 1577 aliquid
1808 1506 1918 1558 “".

369 1588 761 1668 Quarroigitur
806 1600 1073 1668 quomodo
1132 1598 1395 1653 habebant
1447 1598 1587 1653 illam
1621 1598 1915 1653 libertatem

370 1690 438 1743 ad
467 1689 835 1761 rectitudinem
888 1689 1177 1751 voluntatis
1204 1706 1217 1741 :
1251 1703 1316 1741 an
1341 1687 1406 1740 ad
1439 1687 1751 1755 capiendum
1780 1702 1915 1742 eam

2023 520 2320 576 libertatem
2340 520 2547 573 arbitrii
2571 522 2749 573 datam
2804 533 2920 572 esse
2951 518 3197 572 rationali
3223 528 3425 571 natura:
3477 516 3567 548 ³⁸⁸⁵

2020 612 2087 663 ad
2150 608 2465 663 servandam
2519 618 2791 677 acceptam
2842 608 3212 663 rectitudinem
3261 608 3567 669 voluntatis.

2020 697 2157 751 MAG.
2178 695 2317 751 Bene
2355 694 2418 749 ad
2471 695 2794 764 interrogata
2849 696 3187 764 respondisti.
3249 695 3354 750 Sed
3390 698 3569 751 adhuc

2000 798 2151 852 epus
2185 793 2268 837 est
2306 793 2363 835 ut
2386 783 2778 837 consuleremus
2826 794 3040 853 prepter
3068 785 3216 853 quid
3242 785 3385 839 illaut
3412 788 3570 841 recti-

2021 872 2255 925 tudinem
2286 884 2500 925 servare
2530 874 2723 926 debeat
2772 873 3048 926 rationalis
3091 884 3279 928 natura
3320 876 3453 928 u":
3487 877 3568 928 An

2021 966 2238 1026 propter
2275 957 2440 1025 ipsam
2464 958 2834 1012 rectitudinem
2896 975 2962 1011 an
3024 970 3239 1029 propter
3265 961 3407 1015 aliud
3437 963 3570 1016 “"1

2024 1049 2164 1102 Dtsc.
2194 1047 2249 1101 Si
2280 1062 2381 1101 non
2419 1048 2505 1100 illa
2532 1048 2746 1102 libertas
2799 1049 2920 1101 data
2965 1060 3102 1103 esset
3132 1051 3227 1104 illi-
3254 1060 3476 1117 naturte,
3514 1062 3573 1107 ut

2018 1140 2308 1193 voluntatis
2336 1138 2703 1192 rectitudinem
2724 1147 2937 1205 propter
2962 1136 3125 1205 ipsani
3154 1152 3389 1196 servaret
3415 1143 3574 1196 recti-

2018 1224 2279 1292 tudinem,
2304 1244 2407 1280 non
2444 1224 2642 1279 valeret
2674 1225 2738 1276 ad
2763 1223 3022 1292 justitiam
3052 1243 3065 1287 ;
3095 1230 3338 1303 quoniam
3366 1240 3573 1285 constat

2013 1316 2273 1384 justitiam
2303 1303 2452 1370 hesse
2493 1314 2862 1369 rectitudinem
2912 1318 3197 1371 voluntatis
3244 1332 3458 1390 propter
3514 1339 3575 1379 se

2018 1416 2283 1463 servatam
2313 1425 2324 1459 :
2362 1406 2454 1461 sed
2481 1406 2546 1459 ad
2580 1404 2844 1472 justitiam
2885 1407 3133 1474 prodesse
3182 1410 3387 1463 ambitrii
3416 1412 3575 1467 liber-

2018 1506 2179 1553 tatem
2202 1496 2487 1559 credimus.
2516 1496 2696 1563 Quare
2739 1493 3101 1551 indubitanter
3125 1501 3466 1555 assercndum
3492 1513 3577 1557 est

2018 1586 2327 1641 rationalem
2349 1578 2593 1640 naturam
2624 1600 2729 1640 non
2762 1598 2878 1638 eam
2925 1588 3213 1656 accepisse,
3248 1591 3345 1644 nisi
3370 1594 3435 1645 ad
3460 1608 3577 1647 ser-

2016 1675 2242 1730 vandam
2259 1672 2634 1728 rectitudinem
2661 1673 2950 1728 voluntatis
2978 1682 3191 1744 prepter
3226 1679 3390 1745 ipsam
3420 1682 3577 1736 recti-

369 1779 487 1833 sine
508 1778 715 1843 datm-9,
759 1793 883 1833 cum
926 1778 1067 1831 mam
1127 1778 1357 1831 nondum
1385 1777 1679 1842 haberem;
1731 1790 1798 1831 an
1849 1777 1917 1833 ad
1948 1761 1991 1819 Β
2018 1763 2275 1818 tudinem.
2304 1761 2441 1815 Mite.
2467 1762 2604 1830 Ergo
2634 1762 2882 1830 quoniam
2927 1765 3100 1817 omnis
3130 1766 3217 1797 'W
3251 1768 3467 1823 libertas
3493 1781 3578 1825 est

366 1867 735 1936 accipiendum
787 1870 1018 1923 nondum
1058 1868 1315 1932 habitam,
1361 1868 1405 1921 si
1441 1867 1661 1921 daretur
1679 1876 1737 1921 ut
1762 1866 1920 1921 babe-

367 1966 486 2008 rent
511 1973 524 2018 ;
557 1973 622 2008 an
650 1957 715 2008 ad
740 1954 1085 2011 deserendum
1111 1962 1632 2025 quam-acceperant,
1658 1965 1713 2009 et
1743 1969 1839 2025 per
1859 1967 1921 2010 re

366 2042 739 2095 resnmendum
795 2046 1100 2106 desertam;
1155 2059 1219 2095 an
1246 2045 1312 2096 ad
1345 2058 1556 2110 semper
1599 2040 1919 2096 servandum

365 2136 639 2195 acceptam
664 2129 693 2180 ζ’-
730 2129 873 2182 Dtsc.
900 2129 980 2181 Ad
1032 2129 1348 2196 capiendum
1398 2129 1769 2183 rectitudinem
1802 2129 1920 2186 sine

366 2218 554 2272 dature
588 2231 689 2270 non
726 2228 854 2287 puto
881 2218 1000 2273 illos
1022 2219 1275 2273 habuisse
1298 2217 1628 2283 libertatem;
1666 2218 1916 2288 quoniam

367 2305 501 2360 nihil
526 2306 722 2361 habere
764 2314 1049 2376 potuerunt
1101 2308 1241 2381 quod
1286 2322 1391 2362 non
1456 2316 1793 2375 acceperunt.
1835 2306 1917 2362 Ad

364 2390 730 2464 accipiendum
789 2410 915 2463 vero
945 2411 974 2449 a
1012 2386 1219 2462 (latore,
1260 2411 1419 2465 quam
1471 2398 1703 2452 nondum
1753 2396 1918 2451 habe-

365 2484 512 2548 bant,
552 2491 611 2536 ut
645 2496 764 2537 eam
797 2483 1075 2547 haberent,
1098 2494 1223 2538 “non
1241 2493 1324 2540 est
1357 2485 1635 2539 dicendum
1684 2498 1777 2539 eos
1824 2484 1921 2538 ha-

361 2571 544 2625 buisse
594 2570 928 2637 libertatem;
958 2573 1081 2641 quia
1107 2588 1210 2627 non
1249 2582 1330 2628 est
1375 2572 1695 2627 credendum
1724 2588 1816 2628 eos
1839 2572 1918 2627 fa-

298 2726 308 2733 .
363 2671 480 2716 ctos
526 2662 641 2716 sine
681 2670 823 2716 recta
865 2662 1158 2730 voluntate,
1195 2662 1439 2732 quamvis
1479 2679 1581 2718 non
1622 2664 1916 2734 negandum

362 2748 438 2801 sit
466 2762 557 2801 eos
580 2748 832 2821 habuisse
860 2750 1159 2803 libertatem
1175 2752 1462 2819 recipiendi
1497 2752 1740 2805 eamdem
1765 2752 1918 2821 recti-3

364 2835 620 2898 tudinem,
651 2836 694 2889 si
742 2850 859 2889 eam
911 2837 1238 2903 desererent,
1278 2847 1333 2892 et
1366 2840 1577 2908 ab_ipso
1623 2840 1793 2907 primo
1817 2812 1926 2893 da}

362 2934 480 2976 tore
517 2923 617 2977 illis
668 2923 980 2977 redderetur
1011 2926 1189 2993 :quod
1246 2925 1297 2979 in
1329 2926 1632 2980 hominibus
1674 2942 1813 2997 saepe
1836 2926 1915 2981 vi-

360 3012 569 3076 demus,
608 3012 697 3081 qui
727 3013 796 3066 ‘de
821 3011 1077 3081 injustitia
1107 3015 1172 3067 ad
1191 3014 1449 3079 justitiam
1478 3031 1703 3085 superna
1742 3018 1912 3086 gratia

2016 1858 2278 1920 potestas;
2315 1849 2404 1903 illa
2433 1850 2653 1906 libertas
2690 1851 2897 1905 arbitrii
2941 1860 3022 1905 est
3046 1864 3283 1923 potestas
3324 1859 3575 1913 servandi

2017 1938 2393 1995 rectitudinem
2415 1935 2942 2009 voluntatis'propter
2979 1941 3145 2008 ipsam
3176 1944 3579 2001 rectitudinem.

2017 2029 2162 2084 Dtsc.
2193 2028 2306 2083 Non
2348 2036 2526 2098 potest
2545 2027 2691 2084 aliud
2725 2043 2862 2085 esse.
2914 2030 3053 2086 huc.
3095 2026 3209 2087 Ja’m
3266 2036 3441 2106 itaque
3468 2038 3578 2091 cla«

2014 2133 2131 2174 rum
2159 2128 2245 2177 est
2275 2119 2497 2175 liberum
2518 2119 2805 2199 arbitrium
2833 2135 2936 2175 non
2963 2136 3083 2178 esse
3106 2123 3266 2187 aliud,
3297 2142 3455 2194 quam
3490 2143 3579 2184 ar-

2014 2206 2231 2264 bitrium
2265 2218 2452 2280 petens
2477 2200 2696 2264 scrvare
2740 2209 3112 2266 rectitudinem
3144 2214 3430 2270 voluntatis
3451 2230 3578 2284 pro-

2014 2307 2132 2368 pter
2189 2298 2357 2368 ipsam
2414 2296 2802 2353 rectitudinem.
2860 2300 3005 2353 Dtsc.
3038 2285 3249 2355 Clarum
3279 2305 3461 2372 utique
3484 2306 3577 2339 ⁸³⁸⁸

2013 2396 2113 2444 est.
2143 2387 2247 2442 Sed
2275 2389 2505 2457 quandiu
2535 2388 2701 2457 ipsam
2729 2401 2800 2442 re.
2823 2389 3096 2443 titudiuem
3127 2391 3330 2457 habtit,
3360 2410 3576 2451 servare

2012 2480 2186 2550 potuit
2206 2480 2344 2549 quod
2370 2481 2553 2535 habuit
2598 2481 2709 2532 ³³⁸⁹.
2742 2482 3027 2549 Postquam
3064 2492 3239 2535 autem
3280 2484 3425 2537 illam
3482 2486 3576 2539 dc-

2015 2570 2201 2636 seruit,
2225 2571 2489 2639 quomodo
2516 2578 2689 2640 potest
2714 2586 2927 2626 servare
2953 2574 3088 2641 quod
3117 2589 3218 2627 non
3252 2575 3440 2629 habet?
3464 2576 3572 2628 Ab-
3650 2618 3651 2623 η

1976 2716 1981 2723 ,
2014 2668 2164 2712 sente
2184 2660 2672 2730 ergorectitudine,
2708 2675 2826 2730 quae
2880 2661 3105 2716 servari
3132 2663 3297 2729 possit
3324 2662 3439 2726 δικ,
3467 2680 3570 2719 non

1966 2744 1967 2747 “
2013 2757 2096 2803 est
2132 2748 2358 2803 liberum
2386 2746 2666 2804 arbitrium
2690 2791 2706 2816 ,
2744 2752 2884 2820 quod
2932 2767 3049 2805 eam
3109 2766 3323 2806 serrare
3354 2753 3523 2807 valeat
3554 2772 3569 2809 :

2014 2853 2116 2892 non
2139 2839 2280 2892 enim
2293 2853 2508 2893 servare
2528 2840 2668 2895 valet
2691 2842 2830 2909 quod
2857 2858 2962 2895 non
2983 2842 3156 2895 habet.
3182 2841 3318 2895 alio.
3352 2842 3573 2897 Etiamsi

2010 2926 2150 2981 absit
2175 2928 2432 2981 rectitudo
2467 2928 2771 2994 voluntatis,
2816 2944 2919 2984 non
2955 2938 3127 2983 tamen
3157 2945 3213 2983 ra
3242 2929 3431 2985 ianulis
3480 2947 3574 2985 na-

2013 3024 2129 3070 tura
2152 3017 2326 3069 minus
2376 3017 2534 3071 habet
2560 3018 2699 3084 quod
2747 3032 2901 3070 suum
2946 3027 3044 3071 est.
3088 3018 3291 3073 Nullam
3345 3035 3573 3088 namque

360 3098 712 3154 reducuntur.
752 3098 886 3153 Mm.
945 3098 1135 3153 Verum
1184 3110 1266 3155 est
1308 3094 1448 3170 quad
1496 3084 1628 3157 dicis
1676 3084 1768 3134 “’5
1798 3119 1911 3159 eos
1938 3084 1979 3140 (ἶ
2013 3112 2327 3174 potestatem
2353 3104 2628 3168 habemus,
2659 3114 2713 3157 ιιι
2739 3116 2881 3172 puto,
2911 3121 3027 3172 qum
3054 3104 3163 3158 sola
3186 3106 3430 3167 sullic'tat,
3467 3084 3569 3160 sibi

358 3200 517 3253 posse
556 3187 792 3254 recipere
831 3184 1089 3255 perditam
1122 3191 1515 3255 rectitudinem,
1552 3192 1595 3244 si
1620 3191 1909 3253 reddatur:

357 3276 453 3327 sed
482 3291 579 3327 nos
601 3275 739 3327 illam
764 3276 1086 3341 libertatem,
1114 3292 1273 3346 quam
1301 3278 1604 3332 habuerunt
1626 3289 1912 3348 antequam

358 3370 665 3429 peccarent,
696 3363 1006 3430 quaerimus,
1029 3378 1146 3417 cum
1175 3364 1290 3417 sine
1312 3364 1470 3418 dubio
1498 3363 1720 3418 liberum
1750 3365 1913 3421 habe-

356 3449 492 3503 bant
530 3451 808 3505 arbitrium
836 3451 929 3483 ‘m
970 3468 1074 3507 non
1129 3453 1294 3518 illam,
1346 3468 1450 3523 qua
1488 3454 1664 3508 nullus
1715 3455 1913 3525 indigeo

359 3548 445 3592 ret
473 3540 584 3605 “3‘,
629 3543 673 3596 si
723 3558 990 3611 nunquam
1047 3545 1323 3611 veritatem
1365 3544 1722 3600 deseruisset?
1770 3545 1909 3599 Dtsc.

357 3627 666 3699 Prosequar
690 3618 893 3701 itaque,
923 3642 978 3684 et
1003 3633 1330 3701 respondebo
1372 3635 1437 3686 ad
1468 3647 1531 3686 ea
1562 3648 1680 3702 quae
1707 3644 1911 3689 restant

359 3722 429 3775 de
459 3721 540 3775 his
561 3735 677 3789 qua:
700 3722 1062 3790 interrogasti.
1092 3723 1169 3775 Ad
1192 3722 1538 3777 deserendum
1562 3731 1735 3782 autem
1766 3736 1911 3776 eam-

358 3810 481 3863 dem
511 3812 901 3874 rectitudincm,
926 3826 1018 3865 eos
1053 3810 1350 3864 libertatem
1414 3810 1662 3865 habuisse
1702 3821 1909 3867 nonest

358 3914 578 3964 verum;
611 3901 733 3967 quia
791 3901 1036 3954 deserere
1101 3900 1389 3954 voluntatis
1435 3894 1803 3955 rectitudinem
1826 3911 1909 3956 est

356 4003 603 4058 peccare,
627 3997 680 4042 et
709 3998 1024 4057 potestatem
1047 3989 1320 4059 peccandi,
1342 4005 1439 4044 nec
1466 3989 1785 4057 libertatem,
1812 4005 1909 4045 nec

356 4089 563 4143 partem
592 4094 709 4135 esse
738 4080 993 4135 libertatis
1023 4098 1179 4153 supra
1204 4084 1511 4138 monstrasti
1544 4083 1682 4154 (cap.
1718 4087 1790 4153 i).
1826 4085 1907 4139 Ad

354 4171 733 4223 resumendqu
760 4185 890 4222 vero
944 4186 1039 4239 per
1070 4185 1126 4225 se
1157 4172 1418 4226 desertam
1443 4170 1810 4226 rectitudinem
1839 4172 1905 4225 li-

353 4261 619 4314 bertatem
651 4275 752 4314 non
810 4270 1163 4330 acceperunt:
1193 4277 1312 4315 cum
1363 4263 1429 4316 ad
1492 4263 1592 4317 hoc
1648 4263 1910 4316 rectitudo

354 4349 445 4403 illa
473 4350 593 4403 data
631 4350 719 4381 ""
744 4352 836 4414 sit,
883 4361 939 4404 ut
984 4367 1249 4420 nunquam
1290 4349 1625 4407 desereretur
1650 4353 1760 4405 ³⁸⁸³.
1789 4352 1903 4422 Ipsa

354 4455 588 4509 namque
638 4434 874 4510 petestas
924 4445 1220 4498 resumendi
1280 4445 1581 4507 desertam,
1627 4452 1904 4511 generaret

2011 3193 2077 3245 ad
2107 3203 2284 3247 acttnn
2316 3212 2331 3247 :
2360 3203 2416 3247 et
2444 3205 2644 3260 tamen,
2666 3209 2787 3247 eum
2813 3210 2873 3247 ea
2924 3197 3117 3248 desunt
3140 3197 3254 3250 sine
3278 3196 3483 3264 quibus
3500 3198 3566 3250 ad

2012 3270 2188 3335 actum
2212 3280 2429 3335 minime
2450 3283 2809 3351 perducuntur
2826 3291 3017 3335 nosme
3034 3282 3118 3312 ³³⁹⁸
3137 3292 3442 3351 potestates,
3456 3299 3566 3339 non

2013 3367 2187 3421 minus
2206 3381 2317 3430 eas,
2345 3376 2597 3437 quantum
2625 3368 2678 3420 in
2716 3368 2870 3421 nobis
2921 3375 3025 3431 est,
3079 3368 3278 3422 habere
3318 3369 3563 3425 dicimur.

2013 3455 2166 3513 Sicut
2210 3456 2410 3512 nullum
2458 3456 2868 3512 instrumentum
2911 3457 3080 3511 solum
3135 3458 3234 3512 sibi
3262 3457 3450 3513 sollieit
3499 3462 3567 3513 ad

2009 3546 2370 3613 operandum;
2404 3554 2600 3611 tamen,
2632 3560 2753 3600 cum
2782 3546 2973 3599 desunt
3002 3546 3087 3599 illa
3118 3546 3233 3600 sine
3262 3547 3453 3617 quibus
3476 3546 3568 3589 ’δ”

2011 3633 2361 3689 instrumento
2411 3634 2487 3686 uti
2522 3634 2823 3701 nequimus,
2881 3635 3290 3689 instrumentum
3332 3650 3428 3691 nos
3478 3654 3568 3692 cn-

2002 3722 2222 3791 juslibet
2242 3723 2419 3791 operis
2441 3722 2637 3776 habere
2661 3723 2779 3777 sine
2807 3723 3031 3777 falsitate
3062 3722 3310 3777 fatemur.
3334 3725 3482 3791 Quod
3511 3736 3568 3782 ut

2009 3812 2061 3867 in
2084 3812 2262 3867 multis
2286 3811 2695 3875 animadvertas,
2730 3811 2780 3864 in
2810 3826 2914 3865 uno
2945 3811 3037 3865 tibi
3063 3813 3391 3868 monstrabo.
3431 3814 3563 3873 Nul-

2008 3900 2090 3954 lus
2123 3901 2289 3955 visum
2332 3900 2534 3955 habens
2581 3900 2776 3954 dicitur
2827 3899 3127 3954 nullatenus
3174 3916 3329 3971 posse
3385 3903 3577 3969 videre,

2009 4000 2263 4064 montem.
2298 3990 2438 4043 Dtsc.
2460 3989 2557 4054 Qui
2618 3998 2851 4043 montem
2892 3989 3072 4043 videre
3100 4002 3203 4043 non
3225 4000 3415 4059 potest,
3443 4007 3563 4061 pro-

1976 4112 1979 4113 ν
2008 4080 2149 4134 lecto
2164 4078 2362 4133 nullum
2391 4080 2551 4134 habet
2576 4078 2768 4134 visunt.
2803 4077 2940 4133 ΜΑο.
2971 4077 3142 4134 Habet
3166 4095 3291 4150 ergo
3330 4091 3562 4149 potesta-

2007 4177 2110 4221 tein
2143 4176 2215 4221 et'
2242 4167 2653 4221 instrumentum
2682 4165 2890 4219 videndi
2944 4174 3200 4233 montem,
3262 4168 3352 4235 qui
3393 4167 3563 4223 visum

2008 4255 2166 4310 habet
2196 4274 2209 4308 :
2239 4266 2293 4308 et
2314 4263 2490 4309 tamen
2506 4256 2548 4309 si
2565 4269 2717 4309 mons
2738 4255 2904 4317 abest,
2932 4264 2984 4308 et
3006 4254 3141 4310 dicis
3165 4257 3233 4319 ei,
3262 4255 3393 4311 Vide
3414 4272 3560 4311 mon-

2009 4353 2134 4407 tem,
2175 4344 2463 4413 respondet
2502 4343 2593 4397 tibi
2624 4340 2792 4396 :‘Non
2832 4358 3066 4412 possum,
3096 4343 3221 4413 quia
3280 4344 3468 4409 abest;
3514 4348 3559 4400 si

2008 4421 2239 4501 adesset,
2264 4448 2470 4505 possem
2501 4433 2703 4488 videre.
2764 4434 2892 4487 Item
2924 4448 2941 4488 :
2977 4432 3034 4488 Si
3064 4448 3169 4503 non
3234 4433 3465 4500 adesset,
3506 4443 3561 4488 et
3631 4432 3637 4442 “

1609 4568 1839 4622 VARle
1872 4567 2267 4623 LECTIONES.

433 4677 526 4715 ""”
555 4676 967 4732 Cbnsiderenms
994 4679 1286 4742 cnjnsmodi
1320 4698 1415 4734 ms.
1461 4684 1580 4734 Bcr.
1634 4682 1666 4733 5
1744 4676 2142 4737 consuleremus
2191 4696 2318 4748 ergo
2360 4695 2588 4748 primum
2632 4678 2927 4748 cujusmodi
2982 4696 3103 4740 mss.
3156 4683 3553 4735 consideremus

354 4748 593 4819 primum
628 4748 923 4814 cujustnodi
993 4748 1449 4819 ξδῖξγιλίιωγιειιωη
1488 4753 1801 4804 οιιειιιιιοτιιηι
1850 4768 1972 4803 mss.
2021 4751 2322 4819 libertatem
2364 4749 2640 4819 habebant
2713 4749 2807 4779 “"
2857 4749 3239 4819 Quiaicerttttn
3268 4760 3375 4819 Acst
3426 4766 3549 4802 mss.

351 4816 573 4884 quando
596 4830 805 4868 certum
836 4826 919 4868 est
990 4816 1084 4848 “7‘
1114 4818 1215 4868 lius
1260 4818 1482 4871 liberum
1520 4836 1614 4871 nis.
1657 4819 1844 4872 Cister.
1883 4836 1974 4871 cos
2009 4830 2132 4871 ante
2178 4818 2397 4869 liberum
2474 4818 2562 4849 ³⁸⁷⁷
2602 4817 2915 4870 llabuerunt
2957 4818 3022 4868 ad
3056 4817 3423 4874 rectitudinem
3452 4835 3549 4874 ms.

359 4886 503 4955 Vict.
528 4884 765 4955 Sternit.
791 4887 855 4936 ad
929 4884 1023 4915 “'3
1061 4887 1297 4955 At‘tdatur
1331 4888 1468 4938 aliud
1497 4905 1618 4940 ntss.
1650 4890 1880 4942 addatur
1906 4889 2106 4955 aliquid

2179 4887 2269 4917 “7’
2300 4884 2448 4939 Unde
2478 4896 2559 4937 est
2598 4891 2737 4951 quod
2768 4886 3049 4954 dicismss.
3085 4901 3264 4937 verum
3306 4898 3385 4939 est
3413 4891 3553 4954 quod

357 4953 499 5022 dit-is
573 4950 666 5022 ³⁴ξ¹ξ⁰
712 4952 960 5005 Liberum
996 4953 1613 5022 habueruntarbitrium
1652 4973 1775 5009 mss.
1828 4950 2049 5010 liheruin
2105 4954 2374 5009 habebant
2424 4950 2700 5007 arbitrium
2776 4954 2864 4983 ³³⁸¹
2913 4953 3097 5007 Nullus
3139 4954 3396 5022 indigeret
3423 4950 3545 5011 mss.

354 5021 507 5091 flia.
534 5019 707 5073 nullus
752 5023 951 5089 indiget
1022 5021 1115 5052 ³⁸⁸⁸
1159 5021 1437 5075 liectitudo
1483 5024 1556 5076 illi
1587 5026 1731 5091 data
1761 5038 1882 5078 mss.
1937 5025 2198 5077 rectitudo
2253 5024 2337 5074 illa
2390 5025 2508 5074 data
2584 5022 2675 5051 ³⁸⁸³
2718 5023 2997 5074 Deseratur
3032 5039 3152 5074 nm.
3212 5019 3550 5079 tla'tsereretur

350 5088 447 5119 W“
476 5088 739 5141 liationali
780 5088 1040 5142 creatura:
1072 5092 1149 5141 vel
1183 5101 1383 5143 ιιειιιιτω
1424 5107 1549 5145 mss.
1582 5088 1827 5146 rasionali
1858 5103 2059 5146 natura:
2132 5092 2224 5123 ³⁸³⁸
2263 5090 2554 5144 Ralioualis
2601 5100 2843 5142 creatura
2884 5107 3006 5142 mss.
3053 5092 3324 5146 rationalis
3360 5104 3545 5147 natura

347 5156 445 5187 ³⁸³⁸
477 5157 833 5229 {tutpropter
872 5159 1013 5209 aliud
1057 5175 1178 5208 mss.
1239 5159 1373 5211 Vict.
1430 5160 1552 5213 Bec.
1585 5161 1718 5213 Tim.
1767 5177 1832 5213 an
1866 5173 2081 5229 propter
2117 5161 2259 5213 aliud
2336 5160 2447 5229 ³³⁸⁷ί
2472 5161 2733 5229 Quoniam
2761 5161 2935 5229 omnis
2977 5176 3254 5229 msscrgo

3335 5163 3542 5215 ttoniam

344 5224 526 5296 (tumis
598 5226 688 5296 f‘f“
713 5222 927 5296 Clarum
963 5230 1140 5292 itaque
1169 5245 1289 5279 mss.
1319 5228 1521 5280 clarum
1555 5231 1735 5296 utique
1802 5222 1891 5290 “9"
1924 5222 2097 5281 Potuit
2128 5231 2267 5296 quod
2299 5228 2479 5280 debuit
2508 5244 2629 5277 mss.
2676 5226 2805 5279 Viri.
2835 5228 2954 5280 Hoc.
2991 5229 3053 5280 S.
3097 5222 3254 5281 lilii-7t.
3290 5222 3417 5282 Tlm.
3451 5245 3542 5296 po-

348 5293 454 5346 tuit
474 5292 614 5364 quod
648 5294 826 5364 hahn'it
900 5297 991 5325 ³³⁸³³
1020 5298 1187 5360 Quam
1221 5312 1432 5349 scrvare
1456 5298 1620 5363 possit
1648 5292 1769 5349 im.
1797 5314 1913 5364 qua:
1939 5292 2158 5350 servari
2180 5299 2343 5364 possit
2421 5296 2510 5364 “7"
2543 5296 2779 5348 Sulliciat
2815 5298 2912 5349 sibi
2942 5298 3004 5348 ad
3036 5307 3208 5349 actum
3238 5316 3250 5349 :
3282 5309 3334 5349 et
3366 5292 3537 5349 tanien

346 5378 477 5433 eum
501 5378 557 5412 ea
587 5362 778 5433 desint,
817 5364 927 5413 sine
957 5368 1144 5429 quibus
1172 5367 1233 5415 ad
1266 5362 1694 5417 aettttn’tninitne
1722 5362 2076 5433 perducuntur
2108 5362 2298 5417 inisti-at
2328 5381 2420 5415 ms.
2448 5363 2565 5414 Bec.
2600 5366 2696 5415 sibi
2722 5366 2962 5431 sttﬂicigtt.
2992 5364 3117 5416 Nam
3146 5366 3241 5417 etsi
3265 5369 3328 5416 ad
3362 5380 3537 5416 aetum

345 5430 569 5484 minimc
597 5431 1004 5497 perducerentur
1035 5444 1226 5484 nostra:
1258 5451 1377 5485 mss.
1410 5434 1632 5487 sullieiat
1670 5430 1769 5487 sibi
1801 5435 1863 5485 ad
1896 5445 2065 5486 actum
2097 5451 2107 5485 :
2142 5446 2190 5485 et
2223 5446 2395 5484 tamen
2428 5449 2544 5485 cum
2574 5450 2632 5486 ea
2662 5436 2872 5496 ili-sunt,
2897 5436 3011 5485 sine
3047 5432 3235 5499 quibus
3266 5436 3329 5483 ad
3361 5443 3533 5485 actum

347 5500 570 5551 minime
602 5500 1176 5572 perducunturAnostrte
1250 5502 1337 5535 δι”
1368 5503 1495 5557 Cum
1526 5503 1713 5557 desunt
1744 5502 1850 5568 illa,
1890 5503 2079 5572 quibus
2122 5520 2242 5554 mss.
2276 5518 2392 5554 eum
2428 5503 2617 5555 desunt
2648 5504 2751 5566 illa,
2799 5505 2910 5557 sine
2951 5503 3139 5569 quibus
3174 5517 3268 5553 ms.
3325 5501 3357 5540 '3'

371 5605 401 5620 .,
432 5577 540 5617 ~ttttt
590 5566 671 5617 illa
694 5607 707 5628 ,
737 5568 847 5618 sine
879 5570 1066 5631 quibus
