4240 6228
604 253 702 284 ηδ.)

614 230 702 273 an,
1121 216 1174 265 s.
1221 207 1507 273 ipsum
1545 175 1886 258 murum.
1933 198 2243 253 Antznttzr.
2283 195 2430 253 θυι).
2466 197 2637 252 pAns
2665 195 2789 249 ις
2837 193 3244 250 υοαιιιιτιιῖιι.
3700 179 3792 248 tas

602 342 687 390 lux
715 315 950 393 abesset;
979 324 1311 392 responderet
1346 335 1402 374 se.
1425 325 1654 371 tuontem
1681 314 1728 366 \i
1753 314 1856 366 ’ere
1884 312 2142 373 monenti,
2175 310 2423 372 A‘invitis
2489 307 2747 363 rei-titudo
2812 307 3093 359 voluntatis
3151 323 3252 358 non
3319 313 3523 372 potirat
3575 311 3784 357 anim...

603 427 723 492 quia
788 418 876 449 ’m
928 429 1030 468 non
1087 419 1264 478 posset
1310 407 1526 458 absente
1565 401 1657 432 3"”
1697 401 1807 452 luce
1834 413 1846 460 ;
1877 397 1967 450 sed
1993 396 2033 449 si
2059 396 2142 447 Iuv

601 482 830 563 adesset,
871 514 993 554 tunc
1022 507 1196 567 p0sset
1223 495 1333 546 "9’.
1367 494 1593 544 Rursum
1625 506 1636 540 :
1663 489 1706 540 si
1738 487 1907 540 visum
1934 482 2145 550 habenti

605 607 753 646 mons
777 600 829 643 et
856 591 939 640 lux
974 598 1202 653 praesens
1254 591 1354 642 est,
1383 587 1433 631 et
1485 576 1680 643 aliquid
1705 573 1838 624 visui
1877 572 2068 631 obstet,
2093 579 2148 622 ut

599 685 642 733 si
667 681 784 749 quis
814 679 884 731 illi
917 675 1100 746 oculos
1121 673 1348 730 t'lattdat,
1377 671 1515 720 dicet
1565 681 1621 718 se
1668 664 1758 694 ²⁴δ⁹⁶
1793 678 1946 732 posse
1969 662 2147 715 videre

600 778 830 821 montem
859 782 872 818 :
903 765 994 818 sed
1024 763 1064 813 si
1092 760 1218 813 nihil
1244 757 1371 810 visui
1399 755 1512 821 ejus
1542 753 1842 811 obsisteret,
1877 761 2001 804 tunc
2032 751 2144 802 sine

600 859 760 908 dubio
813 862 1041 908 montem
1095 847 1300 900 videndi
1367 853 1681 912 potestatem
1731 844 1972 896 haberet.
2001 841 2144 892 Ilisc.

602 945 792 996 'l‘otum
839 935 1204 992 ltocomnibus
1257 941 1438 984 notum
1469 940 1571 984 est.
1625 930 1762 982 MAG.
1822 929 1976 980 Vides
2021 939 2148 994 ergo

600 1035 717 1099 quia
739 1037 970 1097 potestas
1000 1023 1204 1077 videndi
1238 1021 1449 1089 aliquod
1495 1009 1711 1085 corpus,
1737 1016 1836 1076 alia
1866 1027 1949 1069 est
1987 1017 2037 1066 in
2070 1014 2147 1066 vi-

595 1119 778 1180 dente;
809 1116 909 1167 alia
943 1116 992 1167 in
1022 1129 1081 1166 re
1110 1111 1362 1172 videnda;
1392 1108 1490 1160 alia
1541 1107 1590 1158 in
1617 1105 1808 1167 medio,
1856 1105 1906 1155 id
1937 1115 2016 1155 est
2049 1119 2145 1153 ua-

593 1205 765 1274 quein
794 1205 1022 1262 vidente,
1065 1213 1235 1268 neque
1266 1199 1315 1250 in
1340 1196 1564 1249 videndo
1586 1195 1672 1224 m’
1709 1211 1722 1244 :
1748 1203 1802 1246 et
1829 1209 1890 1244 ea
1917 1206 2035 1258 qua:
2063 1201 2145 1243 est

596 1297 645 1347 in
675 1294 868 1354 medio,
897 1291 997 1344 alia
1020 1298 1096 1342 cst
1148 1289 1199 1340 in
1229 1284 1536 1352 adiuvante;
1567 1282 1666 1334 alia
1702 1281 1763 1334 .in
1819 1296 1922 1332 non
1975 1280 2142 1346 impe-

593 1387 788 1444 diente,
814 1383 863 1434 id
892 1389 972 1433 est
992 1393 1110 1432 cum
1138 1375 1267 1430 nihil
1310 1373 1448 1440 quod
1472 1371 1729 1438 impedire
1785 1369 1950 1436 poss't
1979 1369 2145 1436 impe-

593 1475 687 1525 dit.
721 1473 862 1523 Disc.
897 1470 1058 1522 Video
1086 1466 1259 1535 plane.
1293 1463 1430 1516 MAG.
1462 1461 1701 1527 Quatuor
1724 1461 1885 1530 igitur
1911 1460 2023 1513 ista:
2053 1473 2142 1527 po-

593 1571 809 1615 testates
831 1569 975 1619 sum,
1006 1573 1230 1631 quarum
1257 1555 1299 1608 si
1326 1569 1426 1606 una
1450 1552 1878 1624 quretibetdesit,
1895 1549 2009 1604 alia:
2034 1560 2142 1603 tres

2859 394 3079 448 CAPUT
3121 394 3179 446 ν.

2411 482 2558 545 Quo!
2587 481 2728 540 nulla
2756 482 2964 533 lculutio
2991 491 3136 547 cogat
3166 479 3376 532 invitum
3404 495 3608 544 peccare

2317 572 2419 624 Sed
2465 584 2602 622 nunc
2643 570 2905 634 quomodo
2935 581 3013 620 est
3063 570 3306 640 bulnana:
3338 567 3620 625 voluntatis
3648 564 3793 622 arbi-

2191 653 2195 658 ’
2251 663 2407 712 ιι·ἰιιιιι
2443 661 2539 711 hae
2568 667 2826 725 potestate
2858 657 3112 720 liberant;
3147 673 3266 710 cum
3299 672 3436 724 sarpe
3467 669 3665 710 rectam
3697 656 3792 709 ha-

2241 749 2378 802 .bens
2405 749 2558 798 homo
2589 744 2932 806 voluntatem,
2981 743 3147 810 ipsam
3178 746 3546 798 rectitudinem
3580 745 3794 808 invitus,

2246 843 2468 903 cogente
2498 833 2804 894 tentatione,
2837 831 3085 883 deserat?
3113 831 3248 884 Mite.
3281 831 3446 885 Nemo
3481 832 3622 884 illam
3648 832 3797 885 dese-

2246 923 2462 985 rit,.nisi
2489 923 2730 975 volendo.
2780 920 2834 973 Si
2879 933 3005 988 ergo
3037 921 3232 972 invitus
3259 920 3452 972 dicitur
3475 921 3657 992 nolens
3680 920 3797 985 ³⁸⁸⁸,

2246 1023 2400 1062 nemo
2423 1010 2620 1062 deserit
2657 1009 2795 1061 illam
2828 1007 3022 1061 invitus
3053 1025 3066 1061 :
3099 1007 3246 1076 ligari
3273 1007 3413 1060 enim
3436 1008 3598 1060 honm
3627 1017 3801 1077 potest

2247 1099 2460 1161 invitus,
2499 1100 2624 1166 quia
2659 1100 2847 1152 nolens
2887 1107 3060 1166 porest
3106 1097 3290 1164 ligari;
3343 1099 3577 1165 torqueri
3627 1109 3801 1166 potest

2244 1183 2464 1248 invitus,
2499 1187 2623 1253 quia
2658 1186 2846 1244 nolens
2889 1196 3062 1254 potest
3093 1179 3373 1253 torqueri;
3407 1185 3578 1240 occidi
3625 1196 3802 1254 potest

2245 1273 2459 1334 invitus,
2490 1274 2614 1342 quia
2645 1273 2828 1327 nolens
2856 1283 3030 1342 potest
3055 1274 3256 1337 occidi;
3307 1271 3438 1327 velle
3478 1283 3655 1327 autem
3691 1290 3798 1327 non

2243 1373 2412 1432 potest
2437 1364 2652 1427 invitus,
2677 1364 2800 1432 quia
2825 1364 2958 1418 velle
2985 1373 3277 1433 nonpotest
3295 1363 3608 1426 "°‘,nolens
3634 1365 3796 1428 velle;

2243 1467 2367 1506 nam
2432 1452 2605 1505 omnis
2645 1445 2830 1508 volens
2875 1453 3046 1520 ipsum
3093 1469 3246 1505 suum
3297 1452 3429 1505 velle
3475 1452 3606 1504 vult.
3655 1452 3795 1506 Drsc.

2244 1541 2517 1605 Quomodo
2543 1556 2669 1608 ergo
2695 1541 2889 1594 dicitur
2912 1541 3004 1572 ³⁸⁰⁷
3030 1540 3229 1595 invitus
3257 1541 3494 1604 mentiri,
3528 1541 3615 1608 qui
3645 1557 3800 1594 mcu-

594 1652 683 1682 3‘“
719 1666 814 1702 uec
835 1618 1074 1717 singultu,
1104 1629 1228 1698 nec
1269 1618 1479 1696 omnes
1503 1618 1658 1694 simul
1703 1641 1902 1709 aliquid
1925 1647 2144 1710 possunt
2173 1618 2216 1674 Β
2245 1633 2371 1683 titur
2394 1643 2460 1683 ne
2475 1629 2753 1684 occidatur
2776 1647 2790 1682 :
2815 1644 2936 1683 eum
2961 1629 3060 1684 hoc
3085 1630 3292 1684 nonnisi
3321 1629 3500 1683 volens
3524 1629 3648 1683 facit
3673 1629 3802 1682 ³⁸⁵³2

592 1719 796 1793 edicere
836 1755 848 1789 ι
879 1716 974 1789 nec
1005 1743 1203 1794 tamen,
1249 1716 1560 1786 absentibus
1584 1728 1722 1794 aliis,
1770 1743 2024 1796 negamus
2051 1737 2145 1781 aut

591 1841 707 1878 enm
733 1825 820 1892 qui
851 1824 1018 1876 visum
1050 1820 1141 1853 'm
1169 1819 1329 1872 habet
1379 1818 1576 1872 habere
1616 1817 1807 1880 visum,
1838 1824 1929 1869 aut
1951 1815 2144 1868 instru-

591 1922 824 1966 mentum
855 1912 967 1963 sive
994 1915 1308 1976 potestatem
1357 1904 1596 1966 videndi;
1620 1911 1719 1970 ,aut
1745 1918 1854 1956 rem
1886 1902 2141 1974 visibilem

592 2015 744 2070 posse
780 1999 976 2060 videri;
1015 2004 1105 2048 aut
1129 1995 1296 2046 lucem
1327 2008 1484 2062 posse
1519 1994 1689 2045 visum
1723 1991 1932 2059 juvare.
2011 1991 2024 2038 ζ

1093 2099 1249 2168 119
1285 2097 1509 2153 carur
1549 2096 1635 2150 IV.

592 2191 858 2256 Quomodo
895 2197 1194 2256 potestatem
1229 2187 1446 2256 habeant
1488 2183 1725 2256 servandi
1765 2183 2137 2256 rectitudinem,

585 2253 629 2268 ³-
669 2314 671 2318 ,
895 2253 902 2256 “
1108 2268 1261 2322 quam
1290 2269 1390 2304 non
1415 2253 1617 2305 habent.
2064 2253 2069 2258 ‘

656 2323 794 2398 Mne.
841 2343 1039 2408 Quarta
1086 2349 1259 2392 autem
1307 2348 1541 2405 potestas
1583 2339 1870 2407 improprie
1899 2337 2139 2390 dicitur:

593 2432 730 2500 quod
760 2431 902 2482 enim
931 2427 1060 2480 solet
1104 2426 1358 2491 impedire
1383 2425 1576 2487 visura,
1601 2440 1706 2478 non
1733 2426 1802 2478 ob
1838 2424 1979 2478 aliud
2010 2423 2144 2477 dici-

595 2533 680 2574 tur
705 2520 830 2571 dare
872 2524 1183 2584 potestatem
1228 2513 1458 2573 vivendi,
1491 2528 1612 2566 eum
1642 2529 1744 2566 non
1777 2512 2012 2580 impedit,
2045 2513 2144 2566 nisi

595 2609 714 2675 quia
740 2621 841 2658 non
875 2603 1070 2657 aufert.
1103 2601 1346 2654 Potestas
1366 2610 1540 2654 autem
1562 2602 1772 2654 vivendi
1800 2602 1992 2666 lucem,
2017 2616 2146 2655 non-

596 2699 692 2750 nisi
727 2698 776 2748 in
812 2694 977 2747 tribus
1003 2693 1160 2746 rebus
1189 2700 1302 2754 est;
1331 2691 1450 2757 quia
1485 2700 1608 2743 tunc
1630 2700 1712 2742 est
1737 2691 1896 2753 idem,
1925 2700 1981 2744 et
2005 2691 2144 2759 quod

597 2787 825 2846 videtur,
849 2792 902 2837 et
929 2783 1066 2850 quod
1090 2780 1318 2847 adjuvat.
1349 2772 1657 2832 Nonne’hoc
1683 2779 1931 2833 omnibus
1951 2790 2032 2833 est
2051 2779 2144 2810 ³⁸⁸⁸

593 2874 803 2942 notum!
857 2872 995 2924 DISC.
1029 2868 1162 2920 Nulli
1196 2868 1378 2934 utique
1406 2866 1496 2902 ⁸⁵⁸⁸
1522 2877 1604 2921 est
1633 2868 1888 2936 ignotum.
1917 2866 2054 2922 MAG.
2083 2867 2139 2921 Si

591 2974 733 3030 ergo.
758 2961 977 3011 absente
1006 2973 1061 3009 re
1083 2970 1200 3024 qua:
1227 2955 1388 3008 videri
1413 2955 1596 3022 possit,
1626 2955 1678 3008 in
1708 2954 1938 3010 tenebris
1964 2957 2140 3024 positi,

591 3060 643 3104 et
670 3047 880 3101 clausos
909 3047 1019 3099 sive
1050 3045 1236 3113 ligatos
1268 3042 1450 3095 oculos
1489 3043 1762 3103 trahentes,
1795 3052 2050 3110 quantum
2077 3045 2140 3096 ad

593 3152 690 3191 nos
727 3137 974 3203 pertinet,
1004 3133 1214 3186 videndi
1245 3131 1533 3199 quamlibet
1564 3145 1673 3183 rem
1706 3131 1965 3184 visibilem
1996 3141 2142 3198 pote-

594 3236 783 3280 statem
811 3223 903 3255 ³⁸”
932 3221 1216 3284 habemus;
1261 3223 1385 3290 quid
1427 3222 1668 3289 prohibet
1696 3236 1793 3273 nos
1831 3221 2024 3276 habere
2052 3237 2144 3290 po-

597 3309 839 3367 testatem
891 3311 1138 3365 servandi
1185 3311 1554 3367 rectitudinem
1600 3310 1886 3363 votuntatis
1931 3321 2145 3379 propter

596 3399 1182 3470 ipsam.rectitudinem,
1216 3399 1375 3476 etiam
1414 3400 1632 3452 absente
1662 3399 1772 3466 ipsa
1807 3399 2142 3462 rectitudine,

597 3490 826 3558 quandiu
874 3498 927 3542 et
979 3487 1111 3540 ratio
1155 3488 1205 3538 in
1254 3487 1405 3539 nobis
1438 3495 1552 3549 est,
1602 3502 1705 3555 qua
1740 3502 1858 3539 eam
1911 3488 2144 3542 valemus

596 3590 954 3645 cognoscere;
993 3584 1044 3628 et
1081 3574 1340 3634 voluntas,
1390 3588 1492 3640 qua
1545 3573 1687 3626 illam
1734 3583 1913 3628 tenere
1955 3589 2140 3643 possu-

597 3667 747 3720 mus?
783 3666 852 3717 ΕΑ
888 3666 967 3717 bis
997 3664 1134 3716 enim
1165 3675 1367 3716 constat
1407 3662 1620 3731 praefata
1655 3664 1871 3718 libertas
1912 3664 2140 3718 arbitrii.

598 3756 736 3807 lttsc.
786 3753 1094 3804 Satisfeciin
1149 3751 1432 3807 intellectui
1477 3767 1611 3813 meo,
1659 3760 1973 3821 potestatem
2005 3753 2141 3806 hanc

544 3886 552 3893 .
597 3841 835 3896 servandi
860 3841 951 3871 ³¹⁰³
978 3840 1344 3892 rectitudinem
1372 3838 1655 3892 voluntatis
1677 3839 1918 3894 rationali
1941 3849 2142 3892 natura:

597 3934 804 3997 semper
845 3930 1037 3993 inesse,
1069 3937 1225 3996 atque
1268 3928 1402 3980 hanc
1437 3936 1749 3995 potestatem
1781 3929 1832 3984 iu
1870 3928 2026 3997 primi
2051 3929 2144 3959 ³⁸⁰δ

2244 1718 2396 1784 Nam,
2431 1718 2569 1771 sicut
2595 1717 2792 1772 invitus
2835 1718 3109 1781 mentitur,
3137 1718 3215 1772 sic
3257 1719 3456 1772 invitus
3488 1719 3600 1772 vult
3642 1735 3793 1772 men-

2245 1808 2329 1860 tiri
2353 1823 2368 1871 ;
2393 1817 2446 1862 et
2471 1809 2561 1875 qui
2596 1807 2792 1861 invitus
2818 1807 2929 1859 vult
2954 1807 3186 1873 mentiri,
3216 1809 3402 1862 nolens
3425 1809 3539 1862 vult
3563 1808 3796 1863 mentiri.

2245 1895 2381 1949 MAG.
2406 1894 2528 1948 Ideo
2551 1880 2776 1948 forsitan
2803 1895 2895 1926 ³⁵⁰⁹
2925 1895 3121 1950 invitus
3153 1897 3366 1952 mentiri
3390 1898 3617 1962 dicitur;
3649 1901 3796 1966 quia,

2242 1998 2361 2035 cum
2399 1983 2477 2035 sic
2510 1983 2622 2034 vult
2663 1983 2941 2036 veritatem
2985 1991 3043 2033 ut
3083 1998 3184 2035 non
3230 1985 3517 2037 mentiatur
3561 1985 3658 2039 nisi
3705 1986 3800 2018 ³⁵⁸⁵

2241 2081 2456 2137 prapter
2488 2073 2670 2135 vitam,
2711 2079 2766 2124 et
2797 2071 2905 2122 vult
2934 2065 3284 2134 mendacium,
3318 2073 3439 2138 quia
3471 2085 3684 2141 propter
3713 2074 3797 2127 vi-

2246 2165 2382 2216 tam;
2415 2165 2470 2210 et
2496 2172 2598 2210 non
2628 2156 2740 2210 vult
2767 2157 3102 2211 mendacium
3133 2169 3350 2226 propter
3377 2160 3547 2228 ipsum
3579 2163 3803 2215 urenda-

2244 2247 2404 2309 cimn,
2450 2247 2702 2316 quoniam
2738 2246 2851 2300 vult
2892 2247 3168 2300 veritatem
3200 2266 3211 2300 :
3245 2260 3297 2301 et
3343 2249 3460 2302 ideo
3502 2251 3704 2314 volens,
3744 2261 3802 2305 et

2245 2335 2426 2387 nolens
2462 2335 2734 2388 mentitur.
2765 2335 2880 2388 Alia
2909 2352 3138 2404 narnque
3163 2347 3244 2389 est
3276 2337 3542 2400 voluntas,
3572 2355 3676 2407 qua
3708 2357 3806 2392 vo-

2244 2421 2418 2474 lumus
2448 2423 2645 2490 aliquid
2679 2432 2897 2491 propter
2923 2439 3000 2480 se,
3033 2433 3088 2474 ut
3126 2440 3245 2477 cum
3301 2427 3541 2482 volumus
3571 2429 3797 2483 salutem

2246 2523 2461 2582 propter
2503 2528 2560 2566 se
2589 2529 2604 2577 ;
2637 2525 2691 2568 et
2731 2515 2854 2579 alia,
2896 2531 3014 2568 cum
3061 2517 3260 2584 aliquid
3301 2499 3545 2576 volumus
3583 2530 3806 2588 propter

2245 2602 2406 2670 aliud,
2457 2589 2676 2655 utcum
2705 2603 2950 2656 volumus
2981 2605 3305 2657 absinthium
3353 2606 3534 2659 bibere
3584 2618 3808 2676 propter

2243 2690 2490 2742 salutem.
2526 2689 2675 2744 Unde
2724 2698 2896 2757 potest
2946 2691 3167 2744 forsitan
3212 2691 3317 2745 dici
3365 2697 3654 2746 secundum
3703 2694 3804 2750 has

2242 2779 2484 2840 diversas
2529 2778 2846 2841 voluntates.
2896 2781 3017 2844 quia
3072 2781 3297 2843 invitus,
3346 2791 3398 2834 et
3443 2796 3548 2834 non
3599 2782 3804 2839 invitus

2245 2871 2522 2923 mentitur.
2561 2867 2896 2936 Quapropter
2927 2883 3048 2921 eum
3088 2868 3283 2932 dicitur
3322 2867 3516 2923 invitus
3563 2862 3800 2934 mentiri,

2246 2955 2369 3027 quia
2402 2974 2503 3012 non
2536 2958 2587 3010 id
2622 2957 2730 3009 vult
2756 2957 3069 3025 inquantum
3104 2958 3215 3010 vult
3244 2959 3544 3021 veritatem,
3582 2974 3682 3011 non
3713 2975 3803 3014 re—

2247 3058 2441 3118 pugnat
2485 3049 2556 3101 illi
2604 3036 2881 3101 sententia:
2926 3065 3028 3118 qua
3076 3051 3194 3103 dico
3264 3051 3530 3103 neminem
3573 3051 3804 3110 invitum

2247 3141 2494 3191 deserere
2544 3127 2912 3194 rectitudisiem
2958 3137 3279 3200 voluntatis;
3326 3137 3449 3205 quia
3499 3137 3805 3192 mentiendo

2247 3226 2359 3279 vult
2393 3241 2508 3279 eam
2549 3225 2794 3280 deserere
2841 3237 3054 3295 propter
3083 3227 3242 3280 vitam
3275 3245 3288 3281 :
3319 3229 3608 3281 seettnilum
3638 3241 3804 3296 quam

2249 3315 2569 3368 voluntatem
2605 3329 2707 3369 non
2745 3315 2940 3368 invitus
2967 3330 3081 3369 eam
3113 3316 3329 3380 deserit;
3359 3318 3450 3370 sed
3486 3316 3697 3380 volens;
3733 3319 3802 3371 de

2245 3419 2346 3471 qua
2373 3403 2640 3458 voluntate
2667 3419 2805 3459 nunc
2831 3403 3114 3473 loquimur.
3145 3407 3218 3459 De
3247 3405 3332 3458 illa
3364 3421 3594 3473 namque
3621 3405 3801 3474 loqui-

2246 3509 2384 3555 mur,
2411 3507 2512 3561 qua
2544 3493 2654 3547 vult
2680 3495 2891 3548 mentiri
2931 3506 3146 3562 propter
3188 3495 3378 3560 vitam;
3430 3511 3534 3548 non
3577 3496 3641 3548 de
3685 3495 3799 3560 illa,

2244 3596 2345 3648 qua
2394 3594 2495 3634 non
2531 3579 2644 3632 vult
2685 3581 3032 3635 mendacium
3066 3591 3282 3650 propter
3326 3596 3400 3635 se.
3450 3583 3556 3635 Aut
3598 3581 3802 3635 idcirco

2243 3679 2390 3722 certe
2421 3667 2678 3721 mentitur
2724 3667 2938 3728 invitus,
2987 3669 3110 3736 quia
3158 3667 3355 3722 invitus
3389 3679 3477 3720 aut
3515 3668 3798 3732 occiditur,

2245 3765 2336 3808 aut
2364 3745 2657 3817 mentitur,
2684 3755 2734 3808 id
2771 3765 2848 3808 est
2887 3754 3085 3808 invitus
3120 3753 3202 3808 est
3231 3755 3280 3806 in
3316 3757 3414 3808 bac
3442 3753 3708 3824 angustia,
3740 3761 3801 3809 ut

2245 3857 2310 3910 ex
2357 3841 2698 3896 necessitate
2722 3857 2885 3895 unum
2920 3843 3106 3895 borum
3141 3839 3412 3910 quodlibet
3446 3839 3540 3893 ﬁat
3565 3857 3580 3889 :
3608 3853 3802 3909 quam-

2245 3933 2325 3986 vis
2351 3932 2744 4002 euimnecesse
2781 3933 2852 3999 sit
2893 3931 3039 3984 ilhnn
3083 3940 3173 3984 aut
3217 3931 3382 3984 occidi
3425 3929 3798 3994 aut-mentiri,

600 4019 827 4073 hominis
847 4027 898 4071 et
921 4016 1222 4084 angelorum
1251 4015 1472 4070 arbitrio
1499 4015 1716 4069 liberam
1746 4016 1925 4080 fuisse,
1957 4017 2146 4084 quibus
2175 3989 2220 4044 υ
2249 4014 2350 4070 non
2383 3995 2561 4072 tamen
2592 3997 2811 4074 necesse
2834 4028 2909 4073 est
2943 4018 3087 4071 illum
3113 4019 3302 4081 occidi,
3336 4018 3456 4088 quia
3487 4027 3663 4087 potest
3687 4030 3798 4071 non

1853 4128 1948 4182 VA
1963 4127 2096 4180 nus
2141 4127 2536 4180 LECTIONES.
2674 4108 2680 4115 ’

676 4241 763 4271 ³³³³
793 4238 1150 4306 Responderet
1179 4251 1234 4290 se
1262 4245 1492 4306 montem
1521 4250 1621 4288 non
1651 4249 1802 4303 posse
1826 4237 2027 4297 videre,
2059 4237 2180 4302 quia
2211 4235 2484 4306 mss._Virt.
2516 4235 2635 4288 Bee.
2667 4233 2799 4287 Tlm.
2827 4231 2968 4306 Gem.
2990 4234 3079 4306 754.
3095 4235 3444 4306 responderet
3476 4251 3531 4306 se
3558 4244 3794 4288 montem

606 4308 780 4360 videre
806 4303 1054 4367 monenti,
1083 4306 1202 4372 quia
1229 4320 1326 4356 ms.
1349 4305 1530 4357 Cister.
1557 4314 1619 4356 se'
1658 4315 1888 4360 montem
1940 4319 2043 4358 non
2076 4319 2228 4373 posse
2259 4304 2436 4373 videre
2468 4306 2698 4356 monenti
2721 4343 2736 4366 ,
2765 4305 2888 4372 quia
2965 4303 3054 4342 3"”
3079 4303 3199 4373 bon
3241 4313 3415 4370 peswt
3443 4305 3659 4356 absente
3694 4321 3792 4356 tua.

616 4376 744 4427 l'ict.
784 4376 865 4428 15.
900 4389 1000 4427 non
1040 4388 1248 4441 possum
1309 4376 1526 4424 absente
1600 4373 1688 4441 ³³ῗ⁵
1721 4373 1878 4441 Tunc,
1904 4371 2087 4438 posset
2133 4389 2228 4423 ms.
2285 4371 2424 4441 l’itt.
2463 4373 2546 4424 15.
2586 4371 2951 4438 tunchssum
3027 4371 3118 4404 ³⁵⁸⁸
3148 4371 3256 4423 Lux
3301 4381 3351 4423 et
3383 4390 3411 4420 n
3435 4383 3797 4441 onsprassens

606 4454 777 4505 esset,
815 4453 868 4496 et
894 4439 1088 4508 aliquid
1122 4441 1253 4494 visui
1287 4443 1543 4498 obstaret,
1573 4439 1716 4492 velut
1755 4441 1795 4492 si
1835 4440 2024 4506 aliquis
2067 4441 2138 4493 illi
2173 4441 2353 4492 oculos
2385 4439 2680 4501 clauderet,
2713 4441 2912 4493 diceret
2938 4454 2994 4508 se
3023 4456 3142 4490 mss.
3177 4450 3230 4492 et
3261 4456 3409 4491 mons
3439 4450 3491 4490 et
3536 4439 3621 4489 hut
3653 4453 3792 4505 prae-

606 4527 731 4564 sens
759 4520 942 4579 estnet
970 4507 1162 4579 aliquid
1203 4509 1334 4561 visui
1361 4508 1558 4579 obstet,
1583 4509 1700 4561 utsi
1731 4510 1848 4576 quis
1872 4508 1942 4579 illi
1970 4509 2152 4562 oculos
2185 4509 2413 4579 claudat,
2445 4508 2582 4559 dicet
2611 4523 2667 4579 se
2695 4523 2788 4579 ms.
2823 4510 2880 4560 δ.
2918 4507 3072 4579 dlicta.
3105 4518 3157 4559 et
3185 4523 3335 4559 mons
3364 4515 3415 4558 ct
3447 4508 3530 4579 lux
3558 4520 3798 4579 przesens

608 4589 717 4638 est.
745 4589 848 4632 etc.
873 4575 934 4629 iit
963 4579 1012 4628 in
1044 4575 1157 4628 aliis
1184 4591 1302 4627 mss.
1381 4575 1470 4605 "'97
1512 4577 1649 4627 Idem
1683 4591 1852 4642 neque
1882 4577 1929 4627 in
1964 4579 2172 4628 vidente
2201 4590 2368 4642 neque
2393 4576 2454 4634 in
2499 4591 2554 4628 re
2585 4575 2802 4628 videnda
2848 4593 2966 4627 mss.
3026 4577 3074 4627 id
3118 4585 3199 4628 est
3235 4590 3404 4642 neque
3460 4577 3508 4626 in
3546 4575 3792 4642 vidente,

612 4662 776 4713 neque
825 4648 874 4698 in
923 4645 1143 4698 videndo
1217 4644 1308 4713 3f”
1336 4644 1464 4696 Alia:
1511 4653 1617 4697 tres
1647 4641 1775 4698 sunt
1797 4661 1919 4696 mss.
1962 4647 2126 4698 omitt.
2159 4641 2297 4697 sunt
2352 4644 2440 4673 ³³⁵³⁵⁵
2480 4645 2584 4713 Aut
2613 4645 2701 4713 qui
2727 4644 2895 4697 visum
2923 4659 3048 4713 ruas.
3078 4642 3208 4713 Tim.
3239 4641 3381 4694 Gem.
3413 4642 3499 4695 5L
3519 4641 3650 4713 Aliae.
3671 4652 3790 4713 aut

611 4709 730 4764 eum
756 4714 841 4774 qui
871 4713 1034 4766 visum
1109 4712 1198 4746 ³³⁰⁰
1225 4711 1351 4764 Nam
1384 4715 1481 4765 hoc
1510 4721 1590 4765 est
1612 4713 1856 4766 onmibus
1877 4728 2000 4763 mss.
2036 4727 2209 4766 nonne
2239 4713 2338 4764 hoc
2363 4712 2608 4766 omnibus
2631 4709 2731 4774 'est,
2798 4713 2885 4742 ³⁶⁰¹
2914 4711 3046 4764 Nulli
3082 4712 3256 4778 itaque
3283 4727 3404 4763 mss.
3442 4710 3566 4762 nulli
3604 4709 3796 4778 utique

619 4782 704 4812 ποί
759 4781 889 4833 Rem
943 4789 1250 4847 potestatem
1309 4797 1428 4832 mss.
1478 4780 1608 4832 Tim.
1665 4795 1773 4834 rem
1825 4781 2105 4842 visibilem,
2154 4789 2277 4832 tunc
2315 4788 2626 4847 potestatem
2700 4780 2791 4810 ³⁸⁸³
2826 4780 2958 4839 Meo,
3006 4777 3320 4847 potestatem
3374 4777 3632 4831 servandi
3663 4777 3826 4847 mss.‘

614 4863 749 4910 meo,
781 4844 1539 4915 potestatemhbancrservandi
1615 4849 1705 4878 ³⁵⁰⁸
1764 4847 1816 4899 lu
1856 4848 2039 4914 primis
2091 4864 2212 4900 ntss.
2251 4844 2486 4899 allidit.
2539 4846 2690 4899 Goth.
2730 4849 2963 4915 inprimi
3006 4844 3130 4878 ’⁸⁵η
3165 4847 3361 4899 Invitus
3391 4847 3585 4898 dicitur
3609 4844 3793 4915 volt-ns

614 4933 733 4967 mss.
763 4913 904 4967 (2cm.
934 4913 1052 4984 Βείτἲ
1092 4914 1218 4984 Vict.
1248 4914 1428 4966 (lister.
1462 4917 1656 4968 invitus
1689 4913 1883 4968 dicitur
1909 4917 2096 4969 noiens
2171 4916 2264 4946 ³⁸⁰⁸
2304 4917 2476 4984 Ligari
2507 4917 2648 4968 enim
2685 4913 2841 4969 homo
2876 4924 3048 4984 potest
3083 4925 3133 4968 et
3165 4916 3375 4984 invitus,
3409 4916 3529 4982 quia
3567 4914 3789 4984 nolens:

613 4994 784 5050 potest
825 4982 1054 5052 torqueri
1080 4982 1315 5052 invitus,
1344 4984 1467 5052 quia
1517 4984 1698 5036 nolens
1728 4999 1741 5035 :
1776 4993 1944 5049 potest
1985 4985 2186 5045 occidi;
2224 4983 2353 5037 velle
2373 4982 2559 5036 'autem
2600 5000 2700 5039 non
2731 4982 2900 5052 potest
2931 5000 3050 5036 mss.
3081 4983 3228 5051 ligari
3256 4982 3396 5034 enim
3438 4990 3608 5052 potest
3633 4982 3793 5052 homo

618 5048 981 5122 invitus,_quia
1011 5048 1189 5100 nolens
1215 5059 1382 5122 potest
1409 5051 1554 5122 ligari
1590 5069 1601 5103 :
1629 5048 1858 5118 torqueri
1891 5062 2061 5118 potest
2088 5053 2298 5122 invitus,
2324 5055 2444 5122 quia
2477 5053 2661 5122 nolens
2684 5048 2855 5122 potest
2886 5048 3156 5122 torqueri:
3187 5052 3350 5122 00(ίῶ
3371 5048 3542 5119 potest
3571 5050 3791 5122 invitus,

612 5119 958 5188 quianoleus
988 5127 1168 5188 potest
1203 5117 1366 5188 occidi
1395 5134 1406 5167 :
1437 5117 1566 5170 velle
1606 5117 1778 5172 autem
1843 5117 1944 5171 non
1991 5130 2163 5186 potest
2235 5117 2640 5185 "°7’Quomodo
2684 5117 2895 5174 'dieitur
2937 5117 3383 5188 missaquomodo’
3419 5133 3545 5187 ergo
3593 5119 3796 5188 dicitur

619 5183 709 5218 πολ
741 5187 852 5239 Non
899 5186 996 5237 nisi
1043 5184 1224 5235 nolens
1272 5183 1392 5234 facit
1437 5201 1556 5236 nias.
1599 5204 1698 5239 non
1733 5189 1830 5238 nisi
1875 5183 2239 5241 voleiis'facit?
2312 5183 2406 5219 ³⁸οδ
2444 5188 2639 5242 Nolens
2676 5191 2788 5240 vult
2817 5188 3047 5240 mentiri.
3077 5183 3142 5239 ΜΖ
3174 5189 3291 5240 ldco
3320 5183 3536 5241 forsitan
3565 5201 3688 5238 mss.
3731 5185 3790 5237 8.

619 5255 771 5306 .llich.
819 5255 1000 5306 nolens
1028 5252 1136 5303 vult
1171 5252 1374 5322 incutiri
1410 5267 1421 5301 :
1457 5255 1701 5318 quoniam
1737 5257 2039 5322 priusquam
2080 5257 2252 5308 veniat
2285 5258 2348 5308 ad
2387 5258 2519 5308 hanc
2553 5257 2942 5316 necessitatem,
2973 5271 3075 5308 nou
3121 5257 3228 5308 vult
3281 5257 3513 5317 tuentiri,
3548 5269 3642 5306 nec
3681 5252 3795 5304 vult

620 5335 670 5372 ut
704 5322 1107 5394 boealiqnauilo
1137 5319 1425 5394 velit._ldeo
1457 5337 1572 5369 cum
1606 5319 2017 5394 haemi-Casione
2050 5328 2323 5394 mentitur,
2360 5327 2557 5390 judieat
2588 5341 2644 5376 se
2674 5325 2891 5394 invitum
2926 5326 3130 5376 mentiri
3164 5334 3380 5394 propter
3408 5324 3794 5394 przecedcntent

623 5387 1004 5443 necessitatem.
1037 5389 1097 5438 Μ,
1138 5387 1522 5457 ltleol'orsjtan,
1549 5399 1648 5457 etc.
1685 5388 1804 5440 Ilwc
1834 5393 2028 5439 mlu‘itio
2079 5391 2139 5441 ab
2178 5387 2682 5457 uliunierscriptorc
2719 5393 2800 5442 hic
2831 5393 3018 5445 inserta
3045 5387 3290 5446 videtur";
3335 5387 3449 5442 cum
3498 5391 3548 5440 in
3591 5391 3794 5440 cwtcrt's

626 5473 737 5507 :nss.
770 5476 865 5509 non
899 5459 1156 5507 turbentur.
1239 5455 1327 5484 ³⁵¹⁰
1360 5454 1426 5507 Ut
1459 5455 1761 5518 Incutiatur,‘
1802 5457 1895 5508 nisi
1931 5474 2050 5508 mas.
2095 5469 2147 5509 ut
2176 5454 2276 5511 non
2311 5454 2612 5513 incutiatur.
2650 5460 2747 5511 nisi
