4240 6202
552 61 581 73 ι’

499 309 599 366 497

1573 301 1837 358 L‘IALOC.
1876 304 1959 357 DE
2002 303 2244 361 LIBI'ZRO
2282 307 2623 365 λιιιιιτιιιο.

3606 323 3705 378 ιθὸ

503 426 615 479 οθνί
640 426 695 487 ιδ’
728 424 768 476 si
804 422 1086 485 mentitur;
1122 436 1219 474 nec
1266 431 1483 473 necesse
1511 427 1591 470 est
1627 418 1774 470 illum
1825 422 2055 483 mentiri,
2090 426 2131 476 Λ
2159 419 2349 472 falsum
2378 432 2496 472 esse
2524 421 2695 473 video.
2727 421 2861 476 .\l.ve.
2888 424 3014 489 Quis
3044 440 3169 493 ergo
3196 433 3369 493 potest
3401 428 3710 490 voluntatem

502 518 626 585 quia
674 524 844 583 potest
892 528 994 565 non
1027 511 1262 570 tnentiri,
1305 510 1347 560 si
1378 508 1637 561 occiditur
1663 510 1773 560 ³⁸⁸³.
1810 509 2060 562 Neutrum

504 605 642 657 enim
673 612 750 657 est
786 600 1139 654 detertuinate
1188 597 1238 648 in
1290 596 1636 659 necessitate;
1688 599 1809 665 quia
1858 607 2064 648 utrum-

503 693 629 745 libet
654 701 737 744 est
766 691 817 741 in
851 696 1111 755 potestate
1144 686 1255 737 ³⁵⁸³.
1290 685 1359 737 lla
1394 700 1623 752 quoque,
1659 687 1781 738 licet
1808 685 2063 738 “‘U‘ttvi-

502 788 588 835 tus
630 788 721 830 aut
752 776 1057 837 mentiatur,
1102 783 1193 827 attt
1236 775 1528 838 occidatur,
1578 790 1679 827 non
1724 784 1899 828 tamen
1947 775 2063 829 ideo

501 864 848 933 consequitur
870 872 927 917 ut
958 864 1156 917 invitus
1192 864 1497 926 mentiatur,
1536 876 1627 916 aut
1659 874 1715 915 ut
1748 865 1943 919 invitus
1974 879 2064 918 oe-

500 954 730 1009 cidatur.
786 952 879 1005 Est
926 960 983 1005 et
1032 951 1134 1005 alia
1193 952 1353 1017 ratio,
1403 966 1561 1019 quam
1611 952 1859 1020 frequens
1904 955 2062 1008 habet

500 1057 647 1119 usus,
679 1057 775 1095 cur
803 1042 1001 1096 invitus
1026 1050 1080 1096 et
1113 1040 1297 1096 nolens
1327 1050 1380 1096 et
1408 1057 1472 1095 ex
1518 1046 1834 1097 necessitate
1868 1044 2063 1099 dieitur

499 1133 692 1202 aliquis
727 1132 925 1211 facere,
956 1134 1096 1201 quod
1129 1142 1302 1185 tamen
1340 1132 1524 1186 volens
1568 1133 1713 1186 facit.
1760 1134 1890 1188 Nam
1922 1136 2061 1204 quod

501 1224 710 1277 nonnisi
738 1222 948 1276 dillicile
974 1222 1150 1276 facere
1178 1212 1433 1285 valemus,
1460 1234 1512 1276 et
1545 1222 1661 1275 ideo
1685 1240 1788 1276 non
1814 1223 2060 1284 facimus.

497 1314 725 1367 dicimus
754 1314 854 1367 hoc
884 1328 981 1367 nos
1006 1312 1185 1368 facere
1219 1328 1322 1367 non
1354 1327 1528 1382 posse,
1566 1326 1617 1365 et
1649 1328 1711 1366 ex
1746 1314 2065 1369 necessitate

500 1420 619 1467 nos,
646 1404 758 1458 sive
787 1405 1001 1467 invitos,
1026 1404 1273 1458 deserere
1302 1422 1315 1457 :
1345 1412 1396 1457 et
1420 1405 1559 1471 quod
1587 1404 1677 1433 ³⁵¹δ
1706 1405 1817 1457 sine
1844 1404 2063 1457 dillicul-

499 1500 609 1545 tate
638 1492 907 1545 dimittere
937 1492 1235 1559 nequimus,
1265 1499 1319 1545 et
1347 1491 1547 1545 idcirco
1577 1492 1804 1545 facimus
1826 1491 1935 1550 ³⁸η,
1963 1492 2062 1545 bne

499 1596 597 1635 nos
645 1582 859 1645 invitos,
903 1591 958 1633 et
1004 1581 1266 1644 nolentes,
1316 1591 1368 1635 et
1409 1596 1472 1635 ex
1521 1582 1838 1636 necessitate
1886 1580 2062 1635 facere

386 1676 389 1681 ’
420 1696 421 1719 :
498 1674 805 1729 asserimus.
839 1674 947 1727 lloe
974 1674 1133 1742 igitur
1165 1674 1337 1737 modo,
1369 1674 1457 1740 qui
1490 1674 1744 1726 mentitur
1771 1688 1839 1726 ne
1867 1674 2057 1726 moria-

2164 511 2343 561 dicere
2370 523 2471 559 non
2499 523 2616 561 esse
2644 509 2858 563 liberam
2886 515 2947 564 ad
2977 518 3293 569 servandam
3322 518 3714 584 rectitudinem,

2164 610 2216 651 ιιι
2253 600 2471 654 liberam
2499 619 2526 653 a
2563 603 2856 655 tentatioue
2886 613 2936 657 et
2964 614 3180 670 peccato
3209 624 3223 660 :
3253 609 3295 661 si
3327 610 3465 662 nulla
3500 612 3719 666 tentatio

2166 699 2337 755 potest
2370 690 2543 751 illam,
2588 692 2684 743 nisi
2720 690 3009 754 volentem,
3044 702 3282 745 avertere
3326 711 3354 747 a
3402 697 3719 751 rectitudine

2164 776 2227 827 ad
2259 788 2557 845 pet-catum,
2605 780 2653 831 id
2684 790 2765 843 est
2805 782 2868 831 ad
2901 780 3175 833 volendum
3211 786 3350 849 quod
3382 801 3484 838 non
3530 789 3719 842 debet?
3802 830 3813 845 ι

2162 866 2295 918 Cum
2341 881 2467 934 ergo
2515 868 2759 933 vincitur,
2802 886 2902 922 non
2939 870 3109 923 aliena
3163 873 3389 928 vincitur
3434 887 3714 943 potestate.

2162 958 2255 1010 sed
2300 972 2413 1011 sua.
2461 958 2598 1012 Dtsc.
2634 959 2742 1014 lloe
2792 971 3091 1015 tttonstratit
3126 979 3187 1016 ea
3233 981 3349 1032 qua:
3390 968 3526 1021 dicta
3572 980 3716 1023 sunt.
3766 964 3777 979 ³

2164 1048 2299 1101 MM}.
2338 1048 2520 1101 Nonne
2550 1049 2696 1103 vides
2722 1066 2785 1104 ex
2828 1052 2908 1105 bis
2942 1054 3190 1121 entisequi
3222 1057 3342 1122 quia
3378 1059 3513 1110 nulla
3550 1070 3719 1113 tenta-

2164 1138 2235 1190 tio
2278 1148 2448 1204 potest
2474 1140 2564 1170 3‘"
2595 1142 2805 1195 vincere
2852 1154 3046 1195 rectam
3082 1145 3439 1199 voluntatem?
3481 1148 3637 1210 Nam,
3672 1152 3718 1204 si

2164 1238 2365 1294 potest,
2399 1228 2557 1282 habet
2597 1239 2911 1298 potestatem
2952 1232 3223 1298 vinrendi,
3254 1246 3307 1288 et
3337 1250 3427 1287 sua
3462 1246 3719 1303 potestate

2164 1319 2326 1370 vincit
2354 1320 2474 1381 ³⁶¹³ς
2504 1323 2593 1375 sed
2625 1323 2722 1375 hoc
2752 1338 2870 1376 esse
2902 1339 3002 1376 ιιοιι
3034 1334 3226 1391 potest,
3256 1327 3503 1393 quoniatn
3538 1329 3721 1381 volun-

2168 1415 2246 1462 ta‘s
2273 1412 2483 1464 nonnisi
2518 1426 2612 1465 sua
2643 1412 2872 1467 vincitur
2901 1423 3181 1481 potestate.
3216 1415 3394 1481 Quare
3423 1417 3722 1471 nullatenus

2164 1508 2338 1565 potest
2376 1501 2595 1553 tentatio
2635 1501 2847 1555 vincere
2880 1512 3079 1558 rectam
3111 1506 3469 1571 voluntatem;
3516 1516 3568 1560 et
3602 1523 3720 1562 entu

2164 1588 2381 1651 dicitur,
2413 1589 2699 1658 improprie
2730 1591 2943 1644 dicitur.
2980 1592 3089 1645 Non
3121 1595 3260 1647 enim
3294 1594 3435 1647 aliud
3478 1594 3722 1664 intelligi-

2164 1692 2269 1745 tur,
2303 1696 2462 1749 quam
2501 1682 2623 1748 quia
2654 1681 2901 1735 voluntas
2946 1692 3117 1750 potest
3157 1699 3212 1737 se
3250 1686 3510 1754 subjicere
3554 1696 3721 1738 tenta-

499 1772 606 1824 tur,
644 1763 856 1814 mentri
898 1764 1095 1817 invitus
1130 1772 1182 1817 et
1214 1762 1398 1816 nolens
1432 1762 1646 1826 dicitur,
1680 1773 1736 1816 et
1762 1777 1835 1830 ex
1877 1778 2059 1816 neccs—
2099 1753 2137 1806 Β
2166 1770 2327 1831 tioni;
2359 1770 2497 1821 sicut
2519 1782 2549 1822 e
2572 1782 2851 1833 converso,
2881 1785 3000 1823 cum
3032 1770 3312 1825 imbecillis
3345 1774 3538 1826 dicitur
3567 1786 3724 1840 posse

499 1853 688 1912 sitatc,
723 1852 843 1920 quia
881 1854 1211 1907 mendacium
1244 1854 1415 1907 vitare
1469 1868 1571 1905 non
1603 1854 1744 1905 valet
1776 1855 1891 1907 sine
1923 1869 2063 1907 utor-

500 1942 569 1995 tis
601 1940 931 1995 diilieultate.
964 1941 1115 1995 Sicut
1140 1942 1299 2011 igitur
1324 1943 1413 2011 qui
1453 1943 1710 1996 mentitur
1738 1954 1953 2010 propter
1990 1944 2062 1994 vi-

500 2039 634 2094 tam,
686 2030 972 2099 itnp'Oprie
1021 2032 1216 2085 dicitur
1268 2031 1465 2085 invitus
1513 2031 1759 2097 mentiri,
1812 2031 2062 2099 quoniam

500 2123 753 2174 mentitur
777 2124 988 2185 volens;
1018 2123 1088 2175 ita
1119 2138 1222 2176 non
1252 2123 1465 2191 proprie
1491 2122 1687 2175 dicitur
1713 2123 1909 2175 invitus
1932 2122 2089 2177 velle.

500 2211 741 2270 tnentiri,
791 2211 1043 2278 quoniam
1101 2212 1202 2265 hoc
1249 2212 1459 2265 nonnisi
1515 2212 1694 2266 volens
1746 2212 1875 2265 vult.
1928 2212 2061 2265 Nam

497 2300 658 2361 sicut.
684 2317 804 2354 cum
850 2302 1123 2365 mentitur,
1156 2303 1267 2355 vult
1312 2303 1479 2369 ipsum
1530 2301 1780 2375 mentiri;
1814 2303 1910 2368 sic,
1940 2318 2061 2355 cum

497 2391 610 2443 vult
642 2392 873 2454 mentiri,
914 2392 1024 2444 vult
1069 2394 1237 2459 ipsum
1285 2392 1439 2445 velle.
1488 2392 1631 2446 Dtsc.
1686 2391 1799 2445 Non
1847 2392 2060 2460 possiem

498 2478 693 2548 negare
720 2482 865 2549 quod
896 2481 1048 2535 dicis.
1094 2482 1228 2534 MAG.
1262 2482 1540 2551 Quomodo
1567 2495 1695 2549 ergo
1737 2495 1842 2535 non
1887 2489 1970 2534 est
2001 2480 2064 2534 li-

498 2570 623 2623 bera
666 2571 931 2633 Voluntas,
971 2586 1132 2639 quam
1174 2572 1345 2625 aliena
1400 2580 1635 2640 potestas
1675 2572 1791 2625 sine
1834 2586 1931 2625 suo
1979 2586 2063 2625 as-

497 2676 658 2716 8rtt$tt
698 2663 961 2729 subjicere
998 2679 1098 2717 non
1133 2664 1339 2730 potest?
1372 2662 1516 2717 Dtsc.
1558 2662 1744 2716 Nonne
1780 2662 1938 2716 simili
1979 2678 2063 2716 ra-

499 2752 644 2803 tione
670 2767 949 2819 possuonts
974 2752 1150 2804 dicere
1171 2751 1498 2818 voluntatem
1524 2751 1647 2817 equi
1673 2765 1791 2805 esse
1819 2751 2058 2814 liberam,

498 2842 621 2908 quia
655 2856 763 2909 non
798 2842 1050 2909 appetitui
1091 2842 1272 2894 carnis
1304 2842 1489 2901 servit,
1531 2840 1629 2893 nisi
1670 2841 1889 2893 volens?
1922 2838 2054 2893 Mite.

499 2925 612 2981 Non
638 2936 720 2982 est
750 2928 836 2981 hic
876 2929 1120 2981 similiter
1146 2929 1263 2992 ’5“;
1300 2928 1350 2981 in
1382 2942 1519 2996 equo
1551 2943 1781 2993 namque
1817 2944 1920 2981 non
1949 2928 2055 2996 ipsa

498 3018 744 3073 voluntas
770 3034 827 3072 se
856 3019 1089 3087 sabjicit,
1120 3020 1208 3072 sed
1240 3018 1552 3072 naturaliter
1575 3017 1812 3085 subjecta
1850 3033 2060 3086 semper

499 3110 818 3163 necessitate
846 3125 979 3177 apge
1007 3110 1100 3162 ittti
1133 3111 1311 3161 carnis
1340 3110 1525 3162 servit.
1575 3108 1628 3160 ltt
1664 3109 1877 3162 homine
1907 3124 2055 3167 vero,

498 3197 734 3264 qnandiu
766 3196 877 3261 ipsa
909 3196 1149 3247 voluntas
1178 3205 1319 3248 recta
1344 3208 1446 3256 est,
1479 3210 1575 3248 nec
1604 3180 1785 3260 servit,
1812 3210 1908 3247 nec
1938 3197 2060 3249 sub-

495 3282 635 3353 jecta
666 3293 748 3338 est
776 3284 861 3338 cui
898 3300 1003 3338 non
1034 3283 1210 3345 debet,
1246 3299 1343 3338 nec
1371 3284 1437 3337 ab
1460 3284 1570 3353 ipsa
1606 3284 1922 3338 rectitudine
1956 3286 2058 3338 ulla

499 3374 551 3426 vi
582 3372 753 3426 aliena
783 3373 1064 3435 avertitur,
1107 3375 1205 3426 nisi
1241 3376 1371 3441 ipsa,
1408 3378 1491 3427 cui
1525 3390 1627 3429 non
1663 3376 1839 3441 debet,
1876 3378 2058 3429 volens

498 3462 837 3515 consentiat:
872 3476 1031 3531 quem
1073 3477 1388 3517 consensum
1431 3479 1533 3517 non
1581 3464 1917 3529 naturaliter,
1962 3481 2059 3519 nec

499 3567 564 3606 ex
596 3552 913 3605 necessitate
945 3552 1082 3607 sicut
1108 3566 1295 3620 equus,
1321 3553 1414 3606 sed
1440 3568 1505 3607 ex
1543 3567 1602 3606 se
1631 3564 1814 3621 aperte
1851 3555 2061 3609 videtur

500 3645 717 3699 habere.
765 3644 908 3699 Dtsc.
962 3643 1281 3700 Satisfecisti
1331 3646 1455 3700 huic
1496 3642 1781 3713 objectioni
1826 3660 1957 3701 meze
1997 3646 2061 3701 de

499 3734 772 3791 voluntate
816 3737 958 3805 equi.
1008 3735 1138 3789 Redi
1188 3736 1276 3789 ubi
1322 3750 1553 3790 eramus.
1597 3736 1733 3790 Mac.
1778 3736 1857 3788 An
1900 3751 2059 3806 nega-

500 3824 583 3880 bis
611 3824 701 3857 ³⁵⁸⁷
752 3840 963 3880 onmem
1004 3841 1113 3878 rem
1158 3825 1377 3878 liberam
1415 3840 1532 3880 esse
1572 3826 1639 3879 ab
1680 3839 1742 3879 ea
1790 3840 1848 3879 re
1882 3825 1915 3877 'a
1954 3839 2058 3895 qua

499 3916 616 3983 cogi
651 3913 749 3967 nisi
779 3914 957 3967 voletis
984 3915 1097 3978 ⁸³³⁸,
1127 3913 1206 3966 vel
1238 3914 1504 3980 prohiberi
1540 3930 1645 3967 non
1682 3914 1891 3983 potest?
1915 3915 2057 3970 Dtsc.

502 4002 616 4058 Non
643 4005 795 4057 video
818 4005 1080 4071 quomodo
1104 4019 1307 4071 negem.
1336 4002 1471 4057 MAG.
1498 4004 1590 4059 Dic
1613 4004 1772 4058 etiam
1797 4006 2063 4073 quomodo

502 4098 719 4157 superat
743 4100 884 4144 recta
920 4091 1180 4155 voluntas,
1210 4094 1553 4159 etquomodo
1576 4094 1892 4159 superatur?
1921 4094 2060 4148 Dtsc.

504 4178 649 4235 Velle
678 4180 759 4249 ips
797 4196 846 4233 m
878 4182 1243 4235 tectitudinem
1278 4190 1699 4249 perseveranter,
1726 4190 1808 4237 est
1844 4183 1918 4236 illi
1950 4184 2065 4237 vin-

504 4283 655 4331 cere;
709 4270 840 4323 velle
885 4280 1063 4323 autem
1108 4272 1247 4340 quod
1291 4286 1393 4323 non
1437 4273 1611 4334 debet,
1658 4282 1739 4327 est
1781 4274 1855 4327 illi
1901 4274 2062 4328 vinei.

506 4359 638 4415 Illac.
675 4361 805 4413 Puto
842 4363 963 4429 quia
1006 4363 1226 4416 tentatio
1256 4371 1455 4416 rectam
1493 4364 1818 4418 voluntatem
1857 4366 2061 4420 nonnisi

504 4449 789 4514 volentem,
822 4461 912 4503 aut
936 4454 1001 4505 ab
1036 4453 1145 4520 ipsa
1178 4453 1493 4505 rectitudine
1520 4453 1611 4483 'm
1639 4454 1941 4521 prohibere,
1971 4465 2061 4507 aut

509 4539 572 4592 ad
603 4540 679 4601 id,
709 4542 848 4608 quod
881 4557 982 4593 non
1017 4542 1199 4605 debet,
1236 4556 1425 4610 cogere
1455 4550 1625 4609 potest
1656 4559 1667 4594 :
1704 4551 1760 4595 ιιι
1796 4542 1935 4596 illam
1968 4559 2061 4597 no-

506 4625 584 4695 lit,
618 4639 670 4685 et
698 4632 835 4685 istud
867 4632 991 4685 velit
1013 4633 1124 4684 ’5“.
1172 4632 1310 4685 Dtsc.
1341 4630 1448 4685 Nec
1476 4633 1575 4685 hoc
1604 4631 1704 4684 ulla
1730 4630 1821 4662 ³⁶²¹
1853 4632 2058 4687 ratione

2091 4403 2141 4460 1)

2163 1858 2301 1911 vinci
2327 1877 2355 1910 a
2386 1858 2539 1922 forti,
2569 1875 2671 1912 non
2701 1874 2791 1913 sua
2814 1871 3077 1929 potestate
3103 1877 3256 1930 posse
3279 1865 3493 1926 dicitur,
3517 1866 3607 1918 sed
3632 1865 3724 1895 ³⁸³⁸

2162 1950 2363 2010 aliena;
2403 1950 2654 2017 quoniam
2703 1966 2803 2004 non
2853 1952 3183 2022 signiﬁcatur
3232 1954 3395 2017 aliud,
3448 1956 3548 2007 nisi
3596 1956 3719 2023 quia

2165 2039 2317 2095 l‘ortis
2343 2041 2503 2094 habet
2530 2041 2623 2072 ’m
2652 2049 2968 2109 potestatem
3000 2042 3240 2096 vincendi
3273 2043 3607 2097 itnbeeillem.

2681 2150 2835 2219 120
2872 2150 3095 2205 CAPUT
3136 2148 3220 2203 Vl.

2164 2238 2431 2300 Quomodo
2452 2237 2517 2289 sit
2539 2249 2714 2290 nostra
2739 2238 2971 2291 voluntas
2990 2250 3165 2306 potens
3187 2249 3365 2300 contra
3388 2238 3693 2291 lentatiours
3709 2280 3723 2301 ,

2608 2307 2724 2358 licet
2756 2309 2989 2360 videatur
3015 2309 3282 2375 impotens.

2232 2394 2377 2450 Dtsc.
2419 2395 2673 2462 Quamvis
2722 2397 2799 2451 sic
2839 2397 3015 2450 omnia
3063 2396 3424 2465 impugnantia
3468 2398 3727 2451 voluntati

2162 2494 2357 2537 nostra:
2402 2484 2676 2552 subjicias,
2707 2494 2866 2553 atque
2910 2484 3107 2538 nullam
3137 2486 3481 2538 tentatiouem
3528 2486 3599 2538 illi
3638 2487 3728 2535 do-

2165 2571 2355 2624 minari
2398 2571 2701 2638 permittas,
2737 2580 2795 2625 ut
2837 2571 2889 2623 in
2921 2571 3062 2624 nullo
3088 2570 3283 2639 possim
3311 2572 3529 2625 obviare
3554 2586 3725 2625 asser-

2165 2660 2395 2715 tionibus
2424 2659 2560 2723 tuis;
2595 2674 2698 2713 nou
2730 2667 2903 2714 tamen
2934 2673 3145 2727 possunt
3175 2658 3513 2713 dissimulare
3541 2673 3725 2727 quam-

2161 2754 2280 2806 dam
2327 2751 2690 2819 impotentiam
2734 2765 2851 2806 esse
2897 2750 2949 2805 in
2993 2751 3176 2805 eadem
3222 2750 3510 2812 voluntate,
3560 2766 3719 2818 quam

2162 2841 2272 2895 fere
2300 2855 2487 2894 omnes
2513 2841 2838 2908 experimur,
2870 2854 2989 2894 cum
3022 2840 3267 2894 violentia
3300 2840 3605 2893 tentationis
3634 2856 3723 2893 su—

2163 2945 2436 3000 peramur.
2485 2930 2820 2997 Quapropter
2856 2931 2972 3005 .nisi
3029 2930 3172 2983 illam
3224 2930 3512 2998 potentiam
3562 2946 3719 2997 quam

2162 3019 2381 3087 probas,
2409 3029 2464 3073 et
2493 3019 2648 3073 istam
2676 3019 3037 3086 impotentiam
3062 3033 3221 3087 quam
3253 3020 3531 3083 sentimus,
3559 3019 3722 3072 facias

2161 3107 2450 3161 convenire
2476 3122 2489 3158 :
2522 3121 2623 3161 non
2646 3115 2821 3173 potest
2846 3106 3056 3159 animus
3085 3121 3235 3159 meus
3265 3107 3329 3160 ad
3364 3106 3592 3173 qni-.tem
3625 3107 3721 3159 Ιιιι-

2150 3198 2243 3267 jus
2281 3194 2589 3263 quaestionis
2634 3195 2930 3263 pervenire.
2976 3194 3110 3249 Msa.
3156 3196 3315 3248 istam
3357 3195 3717 3262 impotentiam

2161 3284 2464 3348 voluntatis,
2499 3298 2655 3351 quam
2687 3284 2844 3346 dicis,
2885 3284 2936 3337 in
2978 3300 3083 3353 quo
3122 3295 3279 3353 putas
3316 3285 3467 3338 esse?
3502 3285 3638 3336 Dtsc.
3673 3284 3727 3335 In

2158 3390 2222 3430 eo
2270 3374 2393 3442 quia
2448 3390 2552 3427 non
2604 3384 2779 3443 potest
2828 3385 3233 3443 perseveranter
3279 3374 3579 3428 rectitudini
3625 3374 3719 3425 ad-

2161 3468 2381 3537 ha’rere.
2433 3464 2570 3518 MAG.
2624 3464 2679 3519 Si
2737 3480 2829 3533 per
2881 3466 3242 3533 impotentiam
3297 3481 3400 3517 non
3447 3466 3710 3523 adhaeret,

2165 3556 2337 3609 aliena
2365 3554 2417 3608 vi
2454 3555 2711 3607 avertitur
2738 3570 2768 3606 a
2800 3555 3136 3607 rectitudine.
3169 3555 3309 3607 Dtsc.
3338 3554 3580 3607 Concedo
3610 3555 3723 3605 ³⁸³⁸.

2164 3643 2304 3697 MAG.
2346 3642 2473 3707 Quae
2512 3652 2593 3695 est
2627 3643 2881 3699 h:ec_vis?
2926 3643 3068 3696 Dtsc.
3103 3643 3191 3695 Vis
3222 3643 3554 3695 tentationis.
3589 3642 3723 3695 “ac.

2163 3731 2287 3786 Haec
2319 3733 2396 3784 vis
2428 3746 2531 3783 non
2560 3745 2677 3784 eam
2727 3731 2917 3784 avertit
2945 3730 3035 3762 ³⁵³⁷
3062 3745 3089 3782 a
3137 3731 3475 3792 rectitudine,
3521 3731 3561 3783 si
3614 3731 3723 3795 ipsa

2161 3838 2265 3876 non
2298 3821 2407 3874 vult
2447 3821 2586 3888 quod
2629 3822 2861 3888 suggerit
2897 3820 3137 3873 tentatio.
3174 3821 3313 3873 Dtsc.
3366 3821 3435 3871 lta
3478 3828 3576 3870 est.
3616 3819 3721 3871 Sed

2162 3914 2273 3985 ipsa
2304 3914 2526 3967 tentatio
2570 3927 2664 3965 sua
2694 3912 2742 3965 vi
2774 3913 2914 3979 cogit
2947 3926 3063 3962 eain
3102 3908 3232 3962 velle
3275 3911 3416 3977 quod
3464 3909 3720 3982 suggerit.

2163 4006 2301 4060 Mm.
2328 4004 2567 4069 Qontodo
2592 4002 2735 4069 cogit
2759 4017 2875 4054 eam
2906 4000 3069 4053 velle?
3118 4001 3195 4051 An
3224 4000 3294 4051 ita
3328 4004 3387 4050 ut’
3412 3998 3575 4065 possit
3602 3998 3723 4065 qui-

2164 4097 2282 4151 deut
2330 4093 2466 4147 nolle
2492 4092 2602 4155 ’5",
2653 4093 2744 4145 sed
2774 4105 2874 4143 non
2905 4091 3018 4143 sine
3054 4090 3200 4158 gravi
3251 4090 3518 4150 molestia;
3554 4103 3618 4139 an
3653 4088 3724 4140 ita

2165 4194 2220 4239 ut
2247 4184 2543 4238 nullatenus
2586 4182 2754 4250 possit
2795 4180 2969 4233 nolle?
3000 4182 3138 4233 Dtsc.
3174 4180 3424 4244 Quamvis
3455 4179 3608 4232 l'atcri
3640 4194 3724 4230 me

2165 4283 2407 4342 oporteat
2438 4287 2533 4325 nos
2574 4270 2857 4339 aliquando
2898 4272 2975 4323 sic
3020 4271 3181 4339 premi
3230 4270 3633 4331 tentationibus,
3671 4276 3727 4321 ut
3806 4254 3809 4265 λ

2168 4363 2280 4417 sine
2309 4358 2613 4414 diiIieultate
2640 4374 2742 4413 non
2778 4358 3045 4411 valeamus
3073 4358 3207 4410 nolle
3237 4358 3373 4425 quod
3401 4366 3720 4426 suggerunt;

2168 4469 2269 4507 non
2296 4462 2470 4522 tamen
2502 4464 2714 4517 possunt
2746 4450 2921 4501 dicere
2953 4449 3091 4516 quod
3122 4448 3198 4501 sie
3234 4462 3330 4500 nos
3370 4462 3598 4513 unquam
3629 4459 3721 4511 0p-

2167 4543 2421 4612 primant,
2450 4550 2507 4593 ut
2535 4540 2674 4607 quod
2701 4546 2919 4592 monent
2940 4539 3030 4569 ³⁵¹⁹
3058 4538 3356 4590 nullatenus
3386 4536 3519 4587 nolle
3555 4533 3722 4601 possi-

2166 4645 2305 4685 mus.
2337 4630 2475 4685 Mac.
2504 4629 2694 4684 Nescio
2722 4628 2987 4695 quomodo
3015 4628 3180 4695 possit
3206 4626 3325 4678 dici.
3358 4624 3411 4675 Si
3443 4625 3581 4681 enim
3610 4621 3724 4673 vult

1778 4783 2006 4837 VARUS
2049 4782 2451 4837 LECTIONES.

580 4942 667 4974 "“
701 4941 813 4996 Non
846 4942 1081 5005 mentiri,
1107 4941 1199 4995 sed
1224 4941 1392 4995 occidi
1423 4958 1544 4995 mss.
1580 4956 1679 4991 non
1716 4939 1949 5001 mentiri,
1978 4938 2018 4991 si
2043 4936 2306 4992 occiditur
2378 4934 2471 4965 ³⁸¹¹
2498 4932 2818 5005 Utrumlibet
2842 4940 2923 5005 est
2954 4929 3003 4981 ln
3036 4927 3302 5005 voluntate
3329 4927 3407 4979 vel
3439 4934 3718 5005 potestate.

511 5027 631 5064 mss.
659 5010 967 5064 utrumlibet
994 4997 1080 5065 esi
1108 5011 1157 5064 in
1189 5020 1465 5077 potestate.
1543 5011 1634 5041 ³³¹³
1666 5010 1846 5075 Itaque
1877 4997 1999 5062 licet
2025 5024 2147 5058 mss.
2177 5005 2249 5057 lta
2276 5002 2643 5077 qttoquelicet
2718 5001 3109 5077 ’f“_l)eserere:
3135 4997 3274 5077 quod
3302 5012 3425 5077 mss.
3456 4997 3723 5077 deserere,

515 5094 566 5134 et
591 5081 729 5148 Quod
803 5080 895 5111 ³⁸³⁸
922 5081 1121 5133 Idcirco
1150 5065 1270 5134 cinn
1307 5079 1527 5131 faciams
1556 5096 1677 5132 mss.
1712 5065 1913 5148 ideirco
1942 5077 2161 5129 facimus
2193 5065 2313 5148 mss'.
2347 5065 2946 5148 Béeqideireo‘l‘ecimns
3008 5066 3109 5146 f5”
3140 5065 3363 5148 Non'est
3397 5066 3496 5117 hoc
3535 5065 3722 5116 simi-li-

516 5160 592 5203 ter
609 5134 737 5202 ἶπες.
767 5164 871 5201 non
899 5157 979 5202 est
1008 5150 1091 5203 hic
1125 5149 1369 5203 similiter
1444 5148 1531 5179 ³⁶¹⁷
1566 5150 1641 5199 An
1678 5147 1990 5213 negavimus
2020 5161 2142 5197 mss.
2182 5142 2267 5199 An
2297 5157 2361 5194 ne
2382 5142 2547 5194 yabis
2592 5139 2683 5203 ῗδίδ
2708 5140 2745 5190 Α
2778 5151 2877 5202 qua
2908 5135 3021 5204 cogi
3054 5150 3157 5188 non
3187 5134 3368 5213 volens
3406 5150 3526 5185 mss.
3560 5150 3586 5183 a
3616 5148 3718 5208 qua

516 5219 625 5264 enin
658 5219 755 5264 nisi
787 5218 967 5264 volans
998 5235 1115 5264 mss-
1153 5217 1211 5264 S-
1256 5217 1410 5264 MiLh.
1436 5220 1499 5264 atl
1530 5233 1687 5264 nttatn
1711 5216 1825 5264 cogi
1852 5216 1950 5264 nisi
1984 5214 2165 5264 volens
2238 5212 2331 5242 ³⁸¹⁹
2360 5159 2463 5264 ξω
2497 5210 2604 5264 ipsa
2638 5206 2949 5259 rectitudine
2980 5221 3101 5257 mss.
3137 5214 3226 5255 aut
3257 5205 3322 5255 al)
3356 5218 3464 5264 Ipsa
3500 5208 3715 5251 Γθριιιιι-

513 5200 625 5286 cogi
658 5200 974 5272 nisivolans
997 5200 1211 5271 dies.
1252 5200 1410 5269 Micrh.
1436 5220 1499 5271 ad
1530 5233 1687 5285 quam
1711 5200 1825 5283 cogi
1852 5214 2189 5286 nisivolens
2238 5212 2338 5286 “'“_
2360 5200 2463 5286 Ᾰιιι
2497 5200 2609 5286 ipsa
2638 5200 2949 5286 rectitudine
2976 5200 3101 5286 ipss.
3137 5214 3226 5255 aut
3257 5203 3482 5286 ab‘i‘psa‘
3500 5200 3715 5286 restitit:

522 5268 803 5342 iiiiiemii"
1253 5268 1310 5338 et
1348 5268 1643 5339 iSrltltiiltiﬂil.
1673 5268 1806 5336 mss?
1837 5295 1892 5337 ttt
1922 5284 2062 5336 illam
2090 5282 2216 5333 nolit
2246 5288 2298 5332 ct
2327 5280 2463 5333 istud
2499 5268 2621 5331 velit
2693 5274 2779 5303 ³³²¹
2817 5273 2921 5326 Nec
2951 5274 3051 5325 ulla
3078 5291 3196 5325 mss.
3225 5284 3267 5324 et
3297 5268 3415 5342 Edit
3443 5268 3589 5319 60th.
3626 5283 3721 5321 nec

520 5341 745 5411 liociulla
819 5357 909 5387 ”"
942 5358 1073 5422 Quia
1103 5356 1241 5407 ttttlla
1276 5366 1509 5423 potestas
1541 5365 1713 5419 potest
1744 5369 1864 5406 mss.
1896 5354 2019 5419 quia
2053 5352 2191 5423 nulla
2227 5350 2451 5423 letttatio
2482 5354 2653 5415 potest
2727 5344 2816 5423 3“?
2846 5341 3716 5423 Siliilitimhlztle.'\’i.t-i('illlt"t:tss;'fi

524 5404 820 5480 ii.'dit'iioth.
858 5404 1253 5492 sua‘poie—siaie
1276 5404 1752 5477 iiiiizii"83=1"s'.ia'
1785 5404 2046 5487 potestate
2074 5420 2284 5492 dicitur,
2334 5418 2422 5470 sed
2454 5404 2577 5492 "iis.
2617 5404 3001 5492 sita-potestate
3024 5425 3197 5492 posse
3224 5410 3430 5464 dicitur.
3461 5406 3586 5492 δείξῃ

523 5492 629 5545 Nisi
662 5494 811 5549 fortis
839 5483 1139 5549 habet-mss.
1169 5493 1266 5545 nisi
1296 5495 1416 5561 quia
1450 5494 1599 5546 fortis
1630 5483 1797 5545 habet
1867 5492 1957 5521 “"5
1982 5488 2152 5561 Credo
2178 5504 2307 5561 mss.
2329 5485 2595 5561 concedo"
2638 5483 2723 5512 ³⁵⁸⁷
2757 5483 3075 5561 Nonnaverttt
3107 5496 3225 5561 mss.
3254 5494 3352 5561 non
3381 5492 3493 5561 eam
3521 5483 3715 5561 avelrttt

524 5542 627 5591 ὡδί
1742 5542 1907 5628 possit
1950 5542 2157 5627 quidem
2204 5557 2343 5632 nolle
2380 5553 2517 5605 Erlit.
2560 5552 2729 5604 l'ertcr.
2778 5564 2818 5603 et
2859 5550 3038 5601 (ἔριθοι.
3086 5558 3138 5597 ιιι
3171 5548 3331 5613 possit
3358 5558 3470 5597 eatn
3503 5542 3714 5607 quidem

526 5633 653 5685 tolle
727 5626 816 5665 νεῖτ’
846 5635 993 5697 Quod
1028 5626 1237 5683 moveut
1270 5634 1563 5685 nuliatenus
1592 5649 1709 5683 mss.
1744 5626 1883 5689 quod
1916 5626 2125 5681 mouent
2158 5626 2475 5677 nullttvuus.
