4240 6188
635 304 744 360 491)

1126 305 1183 359 s.
1228 303 1518 360 assem
1557 301 1900 359 CANTUAR.
1953 305 2262 360 AlttllllEP.
2304 306 2450 362 ore.
2491 265 2667 362 mus
2706 307 2741 362 ι.
2774 303 3278 379 «pecunias.

636 399 1054 492 bomomentiri,
1076 423 1133 468 ut
1157 431 1258 468 non
1288 420 1544 482 sustineat
1571 426 1795 472 mortem
1815 429 1874 474 et
1896 429 2071 472 servet
2093 418 2187 454 ³⁸³⁰
2219 423 2262 478 Α
2293 405 2524 473 mentum
2555 417 2783 472 videndi.
2811 418 2960 472 Sicut
2989 417 3150 488 igitur
3173 423 3362 480 visum,
3391 416 3481 484 qui
3519 423 3600 468 est
3642 416 3842 470 instru-

634 504 800 558 vitam
841 503 906 557 ad
938 511 1174 571 tempus;
1217 501 1336 572 quis
1373 501 1513 558 dicet
1553 504 1878 571 impossibile
1914 505 2044 559 velle
2070 521 2191 566 eum

639 609 742 646 non
776 593 1003 654 mentiri,
1032 602 1089 646 ut
1119 593 1247 646 vitet
1276 602 1530 647 :eternam
1566 603 1810 655 mortem,
1843 604 1895 647 et
1935 594 2050 650 sine
2087 596 2191 648 line

637 683 812 750 vivat?
843 680 1300 751 Quapropterjam
1330 682 1571 736 dubitare
1604 697 1705 736 non
1736 682 1894 736 debes
1935 682 2070 736 lianc
2101 684 2190 715 ³⁵³¹

637 770 998 838 impetentiam
1039 772 1284 825 servztndi
1336 765 1728 837 reetitudinem,
1771 789 1930 842 quam
1977 775 2192 836 dicisin

637 871 814 918 nostra
841 858 1109 914 voluntate
1132 859 1225 890 ³⁸³⁸
1247 874 1368 914 cum
1400 860 1782 916 tentationibus
1807 863 2191 924 consentimus,

637 963 743 1003 non
773 962 889 1002 esse
914 963 979 1003 ex
1012 948 1456 1017 impossibilitate,
1486 949 1577 1004 sed
1607 965 1671 1003 ex
1704 949 2030 1004 dillicultate.
2063 949 2190 1001 Fre-

634 1038 814 1105 quenti
849 1050 1075 1104 namque
1101 1052 1198 1091 usu
1227 1037 1580 1098 dicimusnos
1619 1054 1721 1090 non
1769 1054 1924 1108 posse
1961 1029 2185 1105 aliquid;

599 1183 602 1186 ,
635 1127 886 1195 nonquia
912 1127 1067 1180 nobis
1083 1135 1166 1180 est
1191 1127 1535 1194 impossibile,
1561 1131 1650 1181 sed
1675 1130 1796 1197 quia
1824 1127 1949 1180 illud
1972 1125 2192 1180 sinem'

633 1217 944 1272 tlillicul.ate
969 1211 1073 1272 non
1102 1231 1405 1286 possumus.
1431 1217 1552 1271 llzee
1580 1228 1754 1271 autem
1783 1215 2059 1269 diﬂicultas
2085 1232 2191 1269 non

632 1309 851 1379 perimit
885 1308 1184 1362 libertatem
1220 1306 1506 1362 voluntatis
1535 1325 1547 1359 ε
1582 1309 1890 1375 impugnare
1921 1304 2012 1335 ³⁸³⁸
2043 1319 2189 1360 nam-

634 1413 739 1468 que
781 1407 955 1468 potest
999 1381 1222 1451 invitam
1263 1397 1616 1458 voluntatem,
1660 1410 1966 1464 expugnare
2008 1395 2191 1462 nequit

635 1489 879 1542 invitam.
909 1487 1016 1541 lloc
1048 1488 1223 1556 itaque
1249 1486 1423 1550 modo,
1454 1495 1582 1553 puto
1607 1494 1655 1538 te
1677 1498 1831 1553 posse
1856 1483 2036 1538 videre
2061 1498 2192 1550 quo-
2247 1495 2254 1500 ·

635 1578 796 1649 modo
841 1579 1156 1633 conveniant
1201 1579 1434 1646 potentia
1478 1576 1794 1641 voluntatis,
1847 1591 2007 1643 quam
2055 1577 2191 1629 ratio

637 1667 881 1721 veritatis
928 1667 1151 1729 asserit;
1199 1675 1252 1721 et
1307 1657 1635 1736 impotentia,
1682 1681 1840 1735 quam
1890 1665 2192 1720 humanitas

634 1768 814 1812 nostra
846 1758 1026 1810 sentit.
1076 1758 1223 1810 Sicut
1252 1732 1396 1810 enim
1423 1732 1713 1811 dillieultas'
1732 1769 2062 1823 nequaquam
2094 1769 2188 1807 vo-
2221 1732 2266 1791 Β

634 1846 856 1900 lunlatis
905 1847 1164 1899 interimit
1213 1846 1545 1910 libertatem;
1599 1838 1669 1900 ita
1725 1845 1811 1899 illa
1861 1844 2191 1914 impotentia,

633 1950 791 2004 quam
820 1949 923 1987 non
955 1933 1023 1986 ob
1052 1934 1193 1987 aliud
1239 1935 1290 1988 in
1334 1936 1602 1990 voluntate
1644 1936 1870 1990 dicimus
1911 1951 2052 2000 esse,
2091 1936 2192 1992 nisi

626 2023 759 2096 quia
791 2039 893 2076 non
925 2031 1096 2092 potest
1128 2032 1310 2077 tenere
1339 2039 1489 2078 suam
1521 2025 1891 2078 rectitudinem
1919 2025 2035 2078 sine
2061 2025 2194 2078 dilli-

632 2111 852 2174 t'ttltale,
884 2125 986 2164 non
1023 2110 1196 2164 attfert
1239 2111 1409 2166 eidem
1441 2111 1696 2167 voluntati
1738 2111 2109 2181 perseverandi
2140 2111 2191 2165 in

594 2215 597 2218 '
635 2201 953 2258 rectitudine
980 2210 1317 2269 potestatem.
1606 2191 1613 2202 ”

1232 2307 1454 2363 CAPUT
1493 2307 1602 2362 Vll.
1627 2364 1636 2368 -

636 2397 903 2464 Quomodo
944 2396 1180 2451 voluntas
1229 2397 1414 2464 fortior
1456 2398 1520 2450 sit
1558 2413 1713 2466 quam
1754 2396 1998 2461 Mutatio;
2039 2396 2192 2451 etiam

1123 2481 1238 2518 cum
1265 2467 1329 2519 ab
1359 2465 1450 2519 illa
1477 2465 1716 2519 uincitur.
1987 2475 1989 2478 ‘

709 2557 850 2611 nise.
879 2556 1029 2610 Sicut
1052 2569 1388 2623 nequaquam
1409 2555 1560 2608 valeo
1584 2555 1722 2622 quod
1752 2554 1944 2623 probas
1967 2569 2190 2624 negate;

639 2649 712 2703 ita
749 2647 1051 2701 nullatenus
1088 2659 1227 2714 queo
1253 2644 1576 2700 voluntatem
1608 2645 1882 2699 fortiorem
1924 2658 2043 2700 esse
2082 2653 2196 2698 ten-

638 2735 858 2796 tatione.
887 2749 1005 2787 cum
1033 2734 1098 2785 ab
1126 2748 1186 2786 ea
1219 2730 1522 2801 superatur,
1550 2732 1831 2810 affirmare.
1863 2731 1995 2786 Nan
2025 2734 2069 2787 si
2100 2747 2193 2786 vo-
2238 2725 2242 2730 ’

565 2881 570 2888 ,
637 2826 813 2882 luutas
835 2824 1078 2878 servandi
1111 2823 1478 2876 rectitudinem
1508 2825 1697 2877 fortior
1721 2832 1866 2877 esset
1890 2839 2047 2891 qualn
2081 2833 2197 2876 ten-

638 2911 855 2966 taliouis
903 2912 1160 2978 impetus;
1214 2910 1408 2976 fortius;
1449 2910 1533 2961 illa
1578 2909 1802 2963 volendo
1842 2910 1982 2977 quod
2031 2917 2191 2972 tenet,

637 3003 912 3057 resisteret
956 3016 1114 3069 quam
1161 3001 1246 3053 illa
1299 3001 1587 3052 insisteret.
1638 2997 1751 3052 Non
1797 3000 1938 3052 enim
1983 2997 2196 3052 aliunde

639 3092 752 3147 seio
778 3105 866 3144 me
888 3092 1056 3158 magis
1086 3089 1167 3144 vel
1191 3089 1367 3142 minus
1397 3089 1588 3141 fortem
1613 3087 1706 3120 ³⁵³⁵
1737 3086 1933 3140 habere
1957 3087 2199 3140 volunta-

643 3193 772 3247 tem,
805 3179 907 3237 nisi
943 3180 1068 3249 quia
1110 3181 1284 3247 magis
1311 3177 1393 3231 vel
1433 3178 1609 3230 minus
1652 3175 1860 3228 fortiter
1891 3176 2028 3229 volo.
2061 3175 2202 3241 Qua-

641 3270 1010 3342 propter/eum
1045 3271 1221 3325 minus
1267 3269 1474 3325 fortiter
1509 3270 1626 3344 volo
1651 3270 1791 3340 quod
1827 3269 2012 3330 debeo,
2041 3285 2198 3339 quam

646 3363 868 3419 tentatio
909 3361 1038 3416 milii
1085 3359 1320 3429 suggerit
1360 3359 1500 3428 quod
1547 3375 1649 3412 non
1693 3359 1890 3424 debeo;
1935 3358 2201 3428 quomodo

645 3455 866 3510 tentatio
905 3452 1095 3506 fortior
1123 3466 1227 3505 non
1275 3450 1344 3504 sit
1387 3450 1657 3504 voluntate
1703 3463 1843 3513 mea,
1881 3464 1986 3501 non
2026 3447 2197 3501 video.

645 3544 782 3598 MAG.
812 3541 880 3596 Ut
908 3543 1081 3601 video.
1105 3539 1456 3608 zequivoeatio
1483 3538 1770 3606 voluntatis
1801 3546 1852 3590 te
1881 3536 2028 3589 fallit.
2057 3535 2198 3590 Dtse.

647 3633 815 3701 Ipsam
873 3631 1061 3684 virilem
1124 3617 1612 3697 arquivocationem
1655 3642 1996 3697 cognoscere.
2061 3626 2198 3682 ΜΑσ.

648 3722 798 3776 Sicut
838 3723 984 3775 visus
1018 3722 1286 3789 arquivoce
1326 3721 1553 3784 dit-itur;
1607 3722 1674 3773 ita
1717 3729 1770 3774 et
1799 3720 2062 3776 voluntas.
2098 3722 2202 3774 νο-

645 3809 825 3870 cannis
851 3814 993 3865 enim
1025 3813 1219 3875 visum,
1246 3813 1416 3876 ipsum
1449 3812 1860 3866 instrumentum
1885 3811 2118 3875 videndi,
2149 3811 2200 3863 id

646 3918 728 3961 est
756 3907 958 3960 radium
1004 3903 1375 3973 procedentem
1420 3919 1513 3972 per
1555 3902 1762 3965 oculos,
1795 3917 1901 3970 quo
1945 3902 2203 3956 sentimus

647 3998 818 4056 lucem
846 3981 899 4048 et
946 4009 1061 4062 qua:
1087 4001 1210 4046 sunt
1244 3992 1295 4044 in
1327 3991 1443 4044 luce
1471 4008 1484 4043 :
1515 4001 1567 4044 et
1592 3991 1818 4044 dicimus
1847 3990 2040 4054 visum,
2072 4004 2204 4057 Opus

649 4083 987 4139 instrumenti
1025 4082 1208 4150 ipsius,
1237 4083 1447 4148 quando
1471 4079 1561 4132 illo
1594 4082 1812 4142 utimur,
1848 4079 1900 4132 id
1925 4089 2005 4132 est
2040 4080 2201 4134 visio-

651 4191 795 4232 netu.
833 4173 1027 4226 Eodem
1073 4170 1227 4225 modo
1255 4171 1448 4224 dicitur
1481 4170 1741 4234 voluntas,
1789 4169 1959 4237 ipsum
2003 4171 2202 4223 instru-

650 4273 884 4320 mentum
922 4260 1149 4325 volendi,
1193 4261 1334 4329 quod
1373 4267 1456 4313 est
1494 4260 1546 4313 in
1587 4259 1781 4321 anima,
1813 4268 1865 4312 et
1901 4261 2040 4326 quod
2080 4275 2204 4313 con-

649 4354 908 4407 vertimus
935 4353 1000 4404 ad
1032 4351 1307 4402 volt-udum
1337 4351 1435 4403 hoc
1467 4347 1547 4403 vel
1579 4348 1733 4412 illud;
1766 4350 1896 4402 sicut
1935 4350 2102 4401 visum
2136 4350 2201 4401 ad

652 4442 936 4506 videndum
964 4442 1171 4492 diversa
1207 4439 1565 4492 convertimus
1591 4455 1604 4490 :
1636 4447 1689 4492 ct
1720 4438 1911 4491 dicitur
1939 4439 2204 4501 voluntas,

655 4545 782 4584 usus
811 4528 924 4594 ejus
960 4528 1264 4590 voluntatis,
1297 4542 1412 4593 qua:
1435 4535 1515 4578 est
1539 4527 1948 4579 instrumentum
1977 4527 2201 4591 volendi,

653 4621 792 4676 sient
822 4619 1016 4672 dicitur
1053 4616 1218 4680 νὶκιις,
1251 4633 1376 4669 usus
1415 4615 1528 4683 ejus
1569 4615 1734 4679 visus,
1775 4616 1862 4684 qui
1894 4625 1972 4670 cst
2010 4617 2206 4670 instru-

2293 517 2527 563 mentum
2557 507 2788 571 videndi,
2821 507 3075 586 liabctnus
3100 505 3260 561 etiam
3293 519 3412 560 eum
3441 495 3542 557 non
3573 504 3838 568 videmus;

2289 603 2435 656 visus
2469 609 2663 662 autem,
2705 600 2793 668 qui
2842 610 2921 653 est
2947 614 3080 668 opus
3125 596 3257 665 ejus,
3303 611 3406 651 non
3455 603 3536 648 est
3575 595 3672 649 nisi
3719 607 3840 649 cum

2295 692 2532 747 videmus
2569 707 2581 744 :
2626 690 2698 744 ita
2745 689 3012 751 voluntas,
3059 690 3463 762 instrumentum
3507 685 3710 740 scilicet
3748 700 3841 734 vo-

2292 783 2453 844 lendi,
2481 793 2690 848 semper
2723 787 2805 832 est
2836 777 2887 831 in
2913 778 3087 830 anima
3116 777 3231 840 ³⁸³⁸,
3257 775 3418 830 etiam
3445 790 3564 829 cum
3600 789 3701 828 non
3732 772 3842 824 vult

2290 871 2514 940 aliquid,
2545 869 2687 924 velut
2717 883 2838 922 cum
2870 867 3093 932 dormit;
3136 865 3464 920 voluntatem
3507 878 3654 927 vero,
3684 877 3843 930 quam

2290 959 2410 1013 dico
2437 974 2586 1012 usum
2616 957 2731 1011 sive
2759 953 2892 1023 opus
2919 955 3157 1026 ejusdem
3195 951 3561 1018 instrumenti,
3607 967 3713 1005 non
3751 951 3845 1004 lia-

2291 1047 2477 1100 bemus
2505 1045 2604 1100 nisi
2644 1046 2866 1115 quando
2891 1045 3136 1100 volumus
3177 1043 3396 1113 aliquid.
3439 1043 3527 1097 Illa
3561 1042 3720 1112 igitur
3750 1040 3842 1072 ³⁸³⁷

2291 1138 2559 1199 voluntas,
2589 1152 2748 1206 quam
2777 1149 2909 1190 voco
2957 1135 3367 1189 instrumentum
3395 1133 3625 1198 volendi,
3658 1148 3761 1190 una
3790 1138 3845 1186 et

2291 1229 2475 1282 eadem
2506 1243 2716 1297 semper
2741 1237 2845 1290 est,
2877 1226 3131 1295 quidquid
3161 1225 3403 1280 velimus.
3441 1222 3530 1279 illa
3559 1238 3703 1288 vero,
3726 1238 3848 1293 quae

2291 1333 2424 1388 Opus
2449 1316 2563 1383 ejus
2583 1317 2665 1371 est
2688 1318 2800 1381 ³⁵³⁸,
2835 1326 2939 1382 tam
2969 1315 3242 1384 multiplex
3269 1325 3368 1378 est,
3399 1329 3556 1384 quam
3604 1312 3765 1368 multa
3788 1322 3846 1367 et
3903 1348 3908 1354 ‹

2291 1423 2450 1477 quam
2494 1421 2632 1475 smpe
2673 1406 2949 1469 volumus;
2993 1405 3436 1472 quemadmodum
3479 1405 3642 1468 visus,
3685 1417 3846 1474 quem

2292 1497 2450 1552 etiam
2482 1495 2532 1548 in
2562 1494 2794 1550 tenebris
2817 1494 2896 1547 vel
2921 1493 3119 1548 clausis
3141 1493 3310 1547 oculis
3333 1493 3608 1557 habemus,
3635 1506 3849 1561 semper

2292 1587 2428 1640 idem
2469 1594 2571 1650 est,
2616 1585 2874 1654 quidquid
2919 1586 3210 1638 videamus.
3255 1584 3412 1639 Visus
3445 1589 3648 1648 autem,
3675 1582 3727 1637 id
3759 1589 3870 1653 est!

2291 1691 2424 1744 opus
2453 1675 2583 1741 ejus,
2629 1675 2717 1743 qui
2747 1683 2802 1728 et
2837 1674 2970 1728 visio
3010 1673 3335 1738 nominatur,
3380 1682 3850 1730 tamnumerosus

2293 1775 2374 1821 est
2409 1781 2569 1834 quam
2613 1779 2918 1828 numerosa,
2963 1772 3019 1819 et
3059 1777 3222 1832 quam
3265 1774 3546 1816 numerose
3583 1759 3846 1815 videmus.

2293 1855 2434 1909 Dtsc.
2465 1852 2834 1916 Plauevideo,
2879 1862 2930 1905 et
2981 1866 3102 1907 alno
3133 1852 3274 1905 lianc
3314 1849 3599 1903 voluntatis
3642 1847 3846 1903 discre-

2292 1945 2488 1999 tionem
2513 1943 2601 1975 "”
2627 1960 2639 1996 :
2665 1954 2716 1998 et
2732 1941 2841 2010 jam
2870 1942 2996 1996 mihi
3027 1941 3206 1996 videor
3232 1940 3432 2004 videre,
3453 1953 3611 2008 quam
3639 1954 3703 1992 ex
3729 1937 3851 2007 ejus

2294 2035 2587 2105 ignorantia
2642 2033 2911 2103 patiebar,
2961 2032 3360 2100 deceptionem;
3418 2019 3510 2085 sed
3561 2039 3734 2084 tamen
3767 2036 3844 2081 «tu

2293 2138 2618 2194 prosequere
2645 2123 2784 2190 quod
2835 2121 3115 2194 iuempisti.
3156 2119 3292 2175 MAG.
3325 2119 3457 2174 Cum
3497 2132 3624 2188 ergo
3665 2117 3852 2170 videas

2295 2192 2426 2268 duas
2453 2213 2754 2266 voluntates
2778 2194 2916 2271 esse,
2944 2192 3354 2263 instrumentum
3385 2208 3589 2263 scilicet
3615 2204 3850 2271 valendi,

2293 2310 2348 2356 et
2384 2316 2517 2370 Opus
2546 2300 2680 2369 ejus,
2713 2299 2765 2352 in
2809 2313 2910 2368 qua
2943 2300 3132 2352 barum
3163 2299 3390 2351 duarum
3423 2293 3850 2367 intelligis‘forti‘

2295 2390 2529 2444 tudinem
2561 2398 2808 2442 constare
2841 2385 3084 2441 volendi?
3111 2387 3254 2440 Diae.
3286 2386 3340 2440 ln
3369 2377 3455 2441 illa
3493 2401 3611 2455 qua:
3650 2395 3730 2450 est
3762 2375 3854 2438 in-

2294 2483 2644 2531 strumentum
2671 2473 2898 2528 valendi.
2944 2472 3080 2526 Mm.
3119 2471 3175 2527 Si
3217 2487 3346 2542 ergo
3387 2474 3530 2528 scias
3559 2473 3746 2528 virum
3775 2473 3854 2527 ita

2295 2566 2519 2631 fortem,
2565 2572 2624 2617 ut
2666 2579 2731 2619 eo
2775 2572 2991 2618 tenente
3025 2572 3234 2617 taurum
3282 2563 3620 2624 indomitum,
3671 2551 3854 2618 munis

2295 2670 2401 2711 non
2431 2655 2600 2726 possit
2625 2667 2683 2708 se
2709 2669 2921 2709 movere
2952 2668 2966 2706 :
3003 2661 3056 2706 et
3082 2653 3263 2706 videas
3286 2645 3531 2706 eumdem
3574 2653 3746 2706 virum
3777 2652 3856 2707 ita

2296 2755 2560 2816 tenentem
2606 2731 2730 2777 ““f’
2731 2745 2977 2807 arietem,
3025 2753 3080 2796 ut
3111 2745 3223 2812 ipse
3249 2743 3390 2800 aries
3428 2758 3546 2797 sese
3582 2744 3647 2796 de
3684 2745 3857 2796 mani-

2295 2837 2394 2890 bus
2420 2835 2533 2903 ejus
2565 2835 2826 2896 excutiat,
2853 2835 3062 2900 putabis
3090 2849 3156 2885 ne
3183 2832 3328 2887 illum
3371 2831 3546 2885 minus
3570 2831 3760 2885 fortem
3795 2831 3853 2885 its

2297 2925 2525 2978 tenendo
2559 2923 2781 2976 arietem
2824 2937 2983 2988 quam
3031 2920 3080 2973 in
3138 2919 3366 2974 tenendo
3413 2921 3661 2974 taurum?
3711 2919 3853 2972 Dtsc.

2295 3011 2446 3065 Illum
2477 2996 2685 3076 quidem
2723 3024 2826 3062 non
2851 3007 3184 3061 dissimiliter
3209 3005 3399 3060 fortem
3431 3006 3483 3060 in
3511 3015 3735 3074 utroque
3760 3005 3856 3059 illo

2298 3113 2458 3168 Opere
2501 3096 2895 3164 "tl-,judiealm,
2943 3095 3034 3150 sed
3082 3111 3202 3150 eum
3249 3111 3343 3150 sua
3395 3095 3705 3150 fortitudine
3750 3110 3860 3152 non

2300 3186 2575 3255 aequaliter
2627 3186 2699 3238 uti
2759 3185 2964 3238 fatebor
3010 3200 3024 3235 :
3083 3184 3272 3238 fortius
3319 3184 3460 3238 enim
3505 3195 3758 3254 operatur
3800 3185 3857 3240 in
3907 3223 3910 3225 λ

2304 3283 2476 3337 tauro,
2517 3287 2675 3338 quam
2712 3271 2764 3324 iu
2798 3273 2983 3326 ariete.
3029 3271 3129 3324 Sed
3175 3272 3260 3325 ille
3303 3271 3456 3326 fortis
3480 3283 3582 3340 est,
3611 3274 3734 3343 quia
3761 3274 3876 3330 3'“-

2303 3359 2666 3414 fortitudiuem
2713 3360 2900 3420 liabet;
2953 3361 3092 3411 actio
3138 3375 3262 3412 vero
3306 3358 3419 3427 ejus
3463 3359 3618 3414 fortis
3663 3361 3862 3415 dicitur

2302 3452 2424 3520 quia
2472 3449 2682 3503 fortiter
2711 3450 2802 3480 ³⁵⁸³
2833 3449 2907 3500 fit.
2949 3449 3083 3500 Mss.
3127 3449 3220 3502 Sie-
3252 3449 3483 3518 intelligo
3513 3449 3859 3513 voluntatem,

2303 3555 2460 3609 quam
2486 3555 2612 3592 voco
2641 3539 3048 3591 instrumentum
3081 3538 3306 3601 volt-mli,
3337 3539 3742 3607 inseparabilem
3765 3539 3863 3572 ”“

2303 3635 2357 3680 et
2400 3625 2539 3679 nulla
2579 3626 2680 3678 alia
2721 3625 2768 3676 vi
2811 3625 3160 3691 superabilem
3209 3625 3571 3680 fortitudinem
3607 3628 3804 3680 habere
3842 3645 3861 3682 :

2303 3730 2405 3784 qua
2440 3715 2724 3782 aliquando
2755 3714 2845 3745 ""
2878 3715 3064 3783 inagis,
3097 3715 3380 3783 aliquando
3408 3717 3582 3770 minus
3611 3719 3775 3770 utitur
3805 3718 3862 3773 in

2302 3796 2547 3858 volendo.
2593 3805 2740 3858 Unde
2765 3805 2913 3873 quod
2957 3805 3145 3859 fortius
3173 3806 3284 3860 vult
3316 3807 3612 3862 nullatenus
3638 3811 3862 3876 deserit,

2302 3895 2480 3950 oblato
2504 3909 2570 3948 eo
2589 3895 2681 3927 ‘5“
2702 3895 2842 3962 quod
2867 3896 3041 3948 minus
3071 3894 3279 3949 fortiter
3306 3897 3414 3950 vult
3437 3915 3450 3950 :
3475 3907 3525 3951 et
3556 3912 3674 3953 cum
3703 3898 3868 3950 olfer-

2305 3995 2390 4040 tur
2421 3981 2561 4054 quod
2589 3985 2818 4040 vults‘m
2849 3987 3060 4049 fortius,
3090 3987 3279 4062 statim
3313 3987 3534 4041 dimittit
3569 3988 3706 4056 quod
3751 4003 3863 4042 non

2305 4077 2506 4146 pariter
2533 4074 2642 4126 vult
2671 4089 2687 4126 :
2715 4084 2768 4127 et
2798 4084 2922 4129 tunc
2950 4075 3218 4140 voluntas,
3254 4090 3414 4144 quam
3450 4076 3626 4130 dicere
3668 4090 3863 4144 possu-

2307 4182 2423 4218 mus
2442 4165 2703 4226 actionem
2736 4163 3069 4216 instrumenti
3101 4163 3289 4231 hujus;
3321 4165 3570 4233 quoniam
3595 4163 3703 4234 agit
3725 4177 3866 4232 opus

2307 4269 2458 4307 suum
2487 4254 2600 4317 “‘3,
2630 4268 2747 4307 eum
2780 4250 2977 4320 aliquid
3004 4252 3144 4316 vult;
3173 4261 3317 4316 tunc,
3348 4253 3588 4322 inquam,
3618 4251 3869 4307 voluntas

2309 4344 2447 4397 actio
2480 4344 2646 4413 magis
2677 4343 2754 4396 vel
2787 4343 2962 4395 minus
2992 4340 3150 4395 fortis
3171 4342 3384 4408 dicitur,
3413 4345 3661 4411 quoniam
3693 4344 3868 4414 magis

2311 4435 2394 4488 vel
2441 4435 2616 4487 minus
2647 4433 2858 4486 fortiter
2890 4432 2967 4485 fit.
3003 4433 3146 4486 Dtsc.
3184 4431 3376 4500 Aperta
3411 4431 3522 4498 jam
3565 4433 3690 4486 milii
3718 4447 3868 4496 esse,

2312 4541 2429 4594 qua:
2459 4525 2708 4595 explicas,
2739 4539 2954 4579 necesse
2984 4533 3065 4577 est
3093 4533 3147 4577 ut
3191 4524 3374 4578 fatear.
3410 4523 3546 4576 MAG.
3579 4522 3733 4575 Vides
3768 4523 3869 4590 igi—

2314 4626 2398 4671 tur
2427 4616 2570 4685 quia,
2600 4632 2716 4670 cum
2747 4619 2904 4670 liomo
2937 4615 3170 4667 habitam
3195 4614 3562 4668 rectitudinem
3582 4611 3870 4666 voluntatis

1908 4728 2134 4783 unm:
2174 4726 2580 4794 LEGIIONES.

725 4867 812 4897 3""
849 4865 913 4918 Ut
939 4876 1105 4917 senet
1141 4881 1261 4913 mss.
1291 4870 1340 4910 «τι
1367 4871 1532 4911 serve!
1617 4861 1703 4890 "-1"
1742 4861 1988 4912 Dubitare
2035 4863 2186 4914 hanc.
2223 4899 2236 4912 .
2269 4876 2370 4913 non
2401 4859 2565 4911 debes
2593 4873 2717 4908 mss.
2760 4856 3004 4907 dubitare
3036 4870 3138 4906 non
3175 4852 3336 4906 debes
3359 4853 3514 4904 lianc.
3544 4890 3558 4904 .
3633 4849 3724 4880 ⁸⁵³⁸
3760 4847 3872 4900 γο-

659 4935 862 4987 luntate
904 4948 1020 4984 esse
1054 4951 1064 4982 :
1097 4948 1214 4984 cum
1256 4947 1379 4982 mss.
1427 4931 1572 4979 ontit.
1603 4945 1722 4981 esse
1796 4931 1885 4960 ³³³³
1919 4931 2020 4982 Sed
2052 4932 2175 4996 quia
2205 4931 2320 4982 sine
2361 4944 2484 4978 mss.
2507 4927 2608 4996 sed
2645 4924 2766 4992 qnia
2797 4924 2922 4996 illud
2957 4925 3071 4976 sine
3104 4923 3195 4952 ³⁵³⁸
3225 4920 3618 4996 Non_pe_rmittit
3645 4918 3872 4996 liberta-

659 5014 764 5055 tein
793 5003 1076 5053 voluntatis
1101 5001 1261 5052 vinci.
1304 4998 1618 5066 lmpuguare
1658 5014 1780 5048 mss.
1816 5015 1918 5050 non
1951 4989 2160 5065 perimit
2190 4997 2476 5066 voluntatis
2505 4989 2804 5046 libertatem
2836 5007 2849 5043 :
2884 4994 3198 5066 impugnare
3220 4989 3565 5066 ___’_“f‘uhlinu_s
3595 4991 3874 5048 fortiorem

661 5087 781 5123 mss.
811 5071 984 5124 minus
1013 5069 1200 5120 fortem
1277 5059 1616 5132 ""chper
1638 5076 1718 5116 est
1745 5070 1918 5118 anima
1947 5059 2067 5118 mss.
2098 5078 2142 5119 et
2171 5067 2310 5118 fidit.
2338 5065 2491 5116 (ζωὴ.
2525 5071 2844 5132 semperest
2883 5063 2935 5112 in
2965 5059 3188 5132 anima“
3218 5059 3306 5092 ³⁸η
3341 5059 3426 5112 Illa
3455 5061 3636 5132 utique
3664 5071 3873 5132 mssuct

662 5140 802 5193 fidit.
836 5139 987 5190 Cotti.
1033 5139 1118 5188 illa
1152 5138 1312 5202 igitur
1352 5128 1595 5188 voluntas
1670 5135 1761 5165 ³⁸³⁸
1797 5138 1922 5200 Qum
1957 5151 2088 5200 opus
2113 5146 2194 5189 est
2241 5151 2362 5187 mss.
2393 5148 2525 5202 quae
2547 5128 2681 5202 opus
2705 5129 2844 5202 ejus
2869 5140 2952 5182 est
3013 5130 3116 5202 3””
3155 5128 3872 5202 Voluntatisdistinctionem

659 5226 780 5262 mss.
815 5208 1102 5259 voluntatis
1137 5198 1507 5257 diaeretionem
1584 5205 1676 5233 ""0
1713 5198 1891 5255 Virum
1928 5198 2194 5256 tenentem
2221 5220 2344 5254 mss.
2377 5198 2423 5253 et
2449 5198 2767 5252 ΕάίιζϐοιΙι.
2800 5199 2973 5251 virum
3010 5200 3080 5252 ita
3108 5210 3371 5250 tenentem
3446 5198 3536 5230 3‘”
3561 5199 3614 5248 lu
3642 5205 3876 5264 utroque

659 5294 816 5345 opere
842 5293 963 5328 mss.
1001 5274 1119 5327 fier.
1169 5273 1298 5345 Viri.
1328 5273 1471 5345 (.'_cm.
1509 5272 1596 5325 54.
1639 5273 1891 5345 'f'lm._l)l_‘l.
1930 5283 1998 5345 et_
2021 5273 2201 5324 (ἥδιον.
2236 5272 2310 5345 _in
2339 5280 2567 5345 utroque
2596 5268 2703 5345 illo.
2731 5281 2891 5345 opere
2967 5268 3264 5345 3’"fﬂl’ortis
3301 5277 3400 5345 est,
3432 5267 3519 5345 qui
3557 5282 3679 5318 mss.
3713 5264 3879 5342 fortis

659 5333 766 5410 est;
797 5348 918 5413 quia
994 5345 1084 5374 ’W
1121 5344 1218 5407 Qui
1259 5343 1481 5413 fortiter
1513 5359 1634 5392 mss.
1685 5352 1729 5413 et
1756 5342 1924 5413 [ε’(ϋεἶ
1959 5340 2136 5413 (ἔριίιε-
2162 5341 2283 5405 quia
2335 5333 2545 5413 fortiter
2621 5335 2714 5413 “3‘
2761 5336 3590 5413 Ioseparabilemfirmitudinem
3625 5333 3878 5413 mumin-

662 5401 1012 5483 separabilem
1041 5423 1092 5463 rt
1127 5401 1262 5463 milia
1298 5410 1397 5483 alia
1441 5411 1484 5459 vi
1520 5410 1873 5483 superabilem
1904 5401 2264 5461 fortitudinem
2295 5424 2421 5483 mss.
2448 5405 2617 5483 ‘l'jrl;
2653 5404 2733 5483 9...
2757 5415 2800 5455 et
2832 5401 2916 5457 1'5.
2950 5401 3665 5483 inscitaraliilen‘iuet.nullattt
3709 5401 3878 5454 aliaat

667 5470 1070 5550 inseparabilem
1103 5479 1469 5550 fortitudinem
1540 5470 1630 5507 ’5“
1655 5479 1786 5542 Quia
1815 5478 2328 5550 :‘tliquamlomtss.tet
2377 5473 2797 5550 Editioﬁotltica
2833 5490 2949 5550 qua
2968 5474 3260 5550 aliquando
3326 5470 3632 5550 _”“Ablato
3658 5483 3722 5520 eo
3744 5485 3876 5522 mss.
3923 5518 3937 5534 ,

665 5542 838 5602 οιὶιιτιὶυ
867 5568 929 5604 co
959 5552 1044 5579 3’"
1085 5551 1314 5602 Olfertur
1352 5547 1538 5597 fortior
1576 5550 1712 5612 quod
1755 5547 1859 5598 vult
1909 5542 2031 5598 rntss.
2065 5545 2230 5599 offertt

2312 5545 2449 5612 quod
2486 5544 2594 5594 vult
2625 5542 2814 5594 fortius
2892 5543 2984 5573 35“
3041 5543 3356 5610 llujus,,agit
3392 5557 3522 5608 (ιιιιιδ
3563 5553 3714 5590 suum
3746 5553 3876 5590 mss.

671 5621 840 5688 “‘3'”.
872 5625 1119 5686 ‘l'IUniain
1159 5620 1260 5685 agit
1295 5634 1446 5670 suum
1475 5631 1608 5682 opus
