4240 6224
659 402 759 453 503
837 386 839 389 1
1150 394 1206 448 S.
1265 388 1555 446 ANSEHII
1602 382 1944 438 (ἶᾹΝΤιῖΛιὶ.
1981 375 2296 434 Alltjllllil".
2339 347 2487 429 ὒΡΡ.
2519 373 2696 426 PARS
2724 371 2763 424 Ι.
2793 403 2858 411 --
2895 370 3300 425 DOGilATICA.
3775 372 3868 424 5M

658 426 737 454 υυ.

659 524 746 588 qm
781 518 905 572 facit
930 521 1204 583 poculum
1236 526 1247 568 ζ
1283 495 2216 571 om"impossihmmmrecuperandi
2252 494 2290 549 Λ
2327 498 2381 541 ιιι
2408 503 2618 555 semper
2646 487 2804 538 habet
2834 486 2972 538 illam
2999 488 3326 549 libertatem;
3355 489 3422 540 ita
3456 502 3663 554 semper
3688 490 3877 546 habere

659 577 1345 666 desertamrectitudinem,
1381 600 1477 650 nisi
1509 597 1681 655 abeo,
1721 609 1748 646 a
1784 607 1888 660 quo
1926 591 2072 658 prius
2098 588 2217 639 data
2325 579 2531 629 videtur
2558 577 2697 628 illam
2724 577 3054 628 servitutem.
3083 577 3213 630 ΜΑο.
3260 577 3356 629 Ista
3391 580 3620 631 servitus
3652 596 3755 631 non
3802 594 3879 636 est

660 665 749 738 sim
781 714 892 756 mm
921 668 1201 756 “quam”
1241 703 1294 745 οι
1325 703 1374 743 ,η
1414 691 1552 742 ium“
1587 701 1795 752 semper
1834 690 2044 734 teneant
2074 677 2217 729 indc-
2323 666 2421 717 nisi
2479 665 2786 730 impotentia
2832 681 2934 716 non
2985 667 3257 732 peccanli.
3303 667 3425 718 Sive
3459 668 3705 720 cn‘im’m
3737 670 3878 722 dica-

658 799 911 853 sinenter,
946 786 1389 844 considet-anulum
1419 793 1493 833 est
1531 779 1776 831 onmibus
1814 775 2007 842 quibus
2040 771 2215 822 tlzttut‘.

2325 772 2440 807 mus
2486 771 2601 808 eam
2646 755 3010 820 impotentiam
3053 771 3170 807 esse
3211 757 3460 811 redeundi
3513 760 3576 811 ad
3608 761 3879 814 rectitudi-

1261 874 1483 928 CAPUT
1526 871 1610 922 XL
2326 845 2572 894 uemsive
2614 844 2981 910 impotentiam
3035 845 3402 909 recuperandi,
3435 856 3525 899 aut
3558 847 3747 900 iterum
3792 851 3879 900 ha-

2322 933 2476 985 bendi
2512 932 2886 984 reetittnliuem
2920 951 2930 983 :
2975 949 3075 984 non
3107 933 3173 983 ob
3203 933 3343 983 aliud
3372 943 3452 987 est
3508 936 3666 989 hOmo
3698 953 3880 988 servus

2322 1023 2540 1091 peceati.
2576 1023 2672 1076 nisi
2705 1024 2956 1092 quoniam
2995 1038 3085 1089 per
3111 1024 3206 1074 hoc
3232 1002 3454 1090 quiai’m
3483 1026 3661 1093 nequit
3712 1029 3880 1080 redire

2320 1113 2383 1164 ad
2414 1116 2808 1176 rectitudiuem,
2843 1122 2937 1167 aut
2972 1129 3312 1180 recuperare,
3345 1124 3435 1166 aut
3484 1115 3686 1168 habere
3740 1116 3878 1169 illam

2320 1207 2433 1268 3‘",
2461 1222 2563 1258 non
2603 1214 2776 1272 potest
2807 1220 2909 1257 non
2958 1204 3310 1272 110603ΓΟ³⁸⁸³.
3346 1203 3476 1256 Cum
3520 1212 3696 1256 autem
3731 1205 3884 1259 habet

2319 1297 2561 1349 eatudem
2608 1297 3003 1352 rcctitudiuem.
3047 1311 3148 1346 non
3182 1295 3338 1348 habet
3370 1293 3735 1360 impotentiam
3783 1311 3884 1347 non

2319 1388 2596 1456 peccandi.
2630 1387 2808 1450 Quare
2844 1386 3058 1453 quando
3099 1386 3258 1438 habet
3307 1385 3680 1438 rectitudinem
3719 1383 3884 1450 illam,

2320 1493 2421 1531 non
2449 1487 2531 1532 est
2553 1492 2738 1531 servus
2773 1477 3001 1543 peccati.
3049 1476 3372 1528 Potestatem
3408 1485 3587 1528 autem
3637 1478 3885 1530 servandi

2320 1569 2692 1622 rectitudian
2719 1583 2931 1634 semper
2959 1567 3136 1626 habet,
3158 1577 3209 1618 et
3237 1582 3354 1619 cum
3392 1560 3764 1620 rectitudiucm
3797 1571 3887 1621 ba-

2317 1661 2424 1719 het.
2451 1659 2605 1726 122
2634 1668 2686 1710 ct
2713 1673 2834 1710 cum
2869 1671 2969 1709 non
3003 1658 3161 1710 habet
3190 1658 3313 1720 m";
3343 1665 3394 1709 et
3423 1657 3541 1707 ideo
3579 1672 3790 1723 semper
3809 1666 3889 1708 est

2321 1750 2471 1799 liber.
2523 1746 2673 1811 Quod
2722 1755 2898 1797 autem
2937 1760 3132 1812 qumrts
3164 1759 3262 1796 cur
3315 1745 3530 1812 quando
3567 1761 3668 1796 tton
3729 1746 3889 1796 habet

2325 1837 2718 1898 rectitudincm,
2777 1835 2945 1900 magis
2976 1835 3172 1888 dicitur
3204 1835 3337 1888 liber
3386 1835 3587 1888 idcirco
3636 1835 3887 1903 quoniam

2324 1927 2390 1980 ab
2437 1925 2645 1978 alio’m
2683 1940 2785 1977 non
2835 1926 2881 1978 ei
2927 1933 3099 1991 potest
3141 1923 3364 1986 auferri,
3412 1925 3628 1992 quando
3680 1925 3885 1978 habet:

2322 2030 2482 2082 quam
2509 2023 2624 2067 tun:
2663 2028 2866 2075 servus,
2896 2028 3014 2067 cum
3046 2012 3312 2067 habct'm
3344 2013 3737 2076 rectitudinem,
3773 2014 3892 2068 idco

2322 2105 2444 2172 quia
2474 2120 2576 2156 non
2607 2112 2785 2171 potest
2815 2119 2933 2156 eam
2966 2118 3285 2171 recuperare
3311 2119 3407 2172 per
3429 2119 3508 2166 se,
3540 2105 3754 2171 quando
3789 2120 3889 2157 non

2325 2195 2529 2247 habet:
2563 2193 2666 2247 tale
2698 2201 2797 2254 est,
2851 2207 2913 2245 ac
2959 2194 3002 2245 si
3050 2197 3390 2259 qumras'cur
3444 2193 3602 2245 homo
3652 2209 3775 2245 cum
3815 2193 3899 2265 sol

2323 2285 2581 2337 abest“"
2613 2284 2782 2350 magis
2828 2283 3024 2335 dicitur
3077 2283 3274 2337 habere
3322 2291 3637 2349 potestatem
3677 2282 3890 2336 videndi

2321 2373 2510 2437 solum,
2540 2384 2759 2443 propter
2813 2374 2914 2428 hoc
2952 2374 3073 2442 quia
3110 2371 3492 2427 intueri'illum
3542 2381 3738 2440 potest,
3773 2387 3892 2427 cum

2320 2468 2493 2528 adest,
2525 2481 2685 2532 quam
2715 2465 2911 2517 dicitur
2941 2465 3160 2519 cum-sol
3185 2464 3361 2526 adest,
3397 2462 3595 2516 habere
3631 2463 3895 2531 impoten-

2323 2557 2448 2609 tiam
2477 2557 2687 2608 videndi
2715 2556 2810 2586 ³⁸³⁸
2841 2555 3028 2618 solem,
3063 2555 3318 2622 quoniam
3355 2554 3568 2622 quando
3603 2554 3765 2606 abest
3793 2569 3894 2606 non

2322 2654 2498 2715 potest
2527 2661 2647 2699 cum
2675 2645 2850 2698 facere
2881 2645 2978 2697 sibi
3003 2653 3335 2713 praesentem.
3380 2644 3523 2696 Sicut
3551 2645 3691 2697 enim
3721 2644 3890 2699 etiam

2320 2735 2531 2804 quando
2558 2734 2634 2788 sol
2664 2735 2834 2797 abest,
2864 2734 3118 2787 habemus
3149 2734 3201 2785 in
3233 2734 3384 2788 nobis
3413 2734 3584 2786 visum
3615 2749 3720 2800 quo
3747 2732 3894 2786 illum

2321 2825 2582 2885 videmus,
2601 2839 2719 2876 cum
2748 2824 2927 2886 adest;
2960 2823 3038 2877 sic
3065 2823 3227 2877 etiam
3251 2816 3463 2890 quando
3490 2823 3788 2877 voluntatis
3815 2837 3898 2878 reo

2319 2913 2521 2967 ctitndo
2574 2912 2726 2964 nobis
2776 2913 2946 2973 deest,
2993 2912 3250 2966 habemus
3299 2924 3473 2966 tamen
3522 2914 3571 2965 in
3605 2913 3696 2944 ³⁵⁸⁹
3739 2914 3896 2966 nobis

2305 3002 2670 3070 aptitudiucm
2731 3001 3058 3070 intelligendi
3089 3011 3142 3054 et
3195 3002 3424 3066 valendi,
3460 3018 3563 3070 qua
3601 3016 3719 3055 eam
3773 3016 3896 3070 pos.

2318 3105 2501 3142 sumus
2548 3104 2766 3143 servare
2815 3099 3032 3157 propter
3067 3105 3146 3154 se,
3171 3105 3290 3143 cum
3331 3107 3448 3144 eam
3495 3091 3778 3145 habemus.
3810 3090 3892 3148 Et.

1247 3231 1471 3285 CAPUT
1513 3231 1632 3284 “L.
2249 3188 2284 3194 ⁷
2322 3191 2459 3241 sicut
2491 3189 2703 3256 quando
2736 3189 2889 3241 nobis
2932 3188 3061 3241 nihil
3087 3188 3237 3242 deest
3281 3189 3345 3240 ad
3385 3189 3668 3242 videndum
3701 3189 3894 3252 solem,

657 3322 781 3378 Cur.
808 3337 924 3373 cum
947 3319 1097 3373 homo
1121 3337 1221 3373 non
1247 3323 1392 3372 habet
1436 3319 1814 3385 rectitudinem,
1840 3322 2005 3389 magis
2029 3322 2221 3375 dicitur

727 3364 2217 3457 ιἰὶφὲἶέῖμὶ’1ᾌζ’ἕιὶἧὶ’ὶιᾶἑῖὲ1ἶἠόῆ”ῥ’ὁὶἓὲὶ’’ἑὲῗνὲἶέὲῗιὲῖ-’ξιίὶὶίπὶὶζ
2325 3365 2466 3457 “lam
2507 3373 2847 3457 Ροιοείθιεῗηπν
2877 3379 3040 3457 qm!“
3078 3365 3228 3418 "nbis
3257 3365 3382 3417 πιοῖι
3418 3364 3532 3429 eius
3561 3365 3892 3432 ιπαεεευιῖπῖ

726 3476 840 3510 rum
868 3454 978 3509 eam
1003 3460 1177 3518 habet,
1202 3475 1408 3516 seri-us;
1441 3454 1583 3523 quia,
1630 3475 1744 3512 cum
1783 3475 1883 3511 non
1915 3454 2084 3524 habet,
2116 3476 2218 3514 non
2322 3454 2399 3508 sic
2433 3454 2801 3508 tantummodo
2835 3455 3049 3521 quando
3094 3455 3246 3508 nobis
3281 3456 3364 3508 illa
3413 3456 3676 3508 rectitude
3719 3456 3896 3518 deest,

656 3570 662 3576 .
727 3537 885 3593 potest
916 3542 1007 3593 per
1029 3543 1081 3579 se
1107 3543 1218 3578 eam
1251 3543 1552 3593 recuperare
1568 3527 1680 3580 ""9.

2325 3553 2450 3596 tunc
2479 3545 2736 3598 habemus
2777 3543 2918 3596 illam
2951 3543 3339 3612 impotentiam,
3372 3560 3530 3612 quant
3580 3544 3704 3598 fecit
3739 3546 3896 3600 nobis

692 3702 698 3704 _
725 3639 828 3693 Sed
859 3640 1081 3692 multum
1112 3652 1267 3691 nosse
1299 3639 1544 3691 desidero
1571 3655 1665 3690 cur
1693 3632 1906 3706 quando
1934 3655 2036 3692 non
2059 3638 2220 3693 habet
2322 3634 2434 3700 eius
2465 3634 2722 3686 absentia.
2759 3634 2981 3700 Semper
3022 3633 3181 3701 igitur
3207 3635 3368 3686 homo
3398 3634 3556 3688 habet
3586 3635 3795 3688 arbitrii
3829 3636 3893 3686 li-

656 3726 1050 3782 rcctitudinetn.
1088 3725 1258 3792 magis
1303 3725 1496 3778 dicitur
1528 3725 1688 3788 liber;
1718 3727 1842 3793 quia
1895 3743 1997 3778 nou
2045 3735 2218 3794 potest
2323 3726 2606 3786 bertatem,
2639 3723 2728 3777 sed
2776 3738 2877 3774 non
2908 3738 3119 3789 semper
3149 3739 3335 3777 servus
3383 3735 3465 3778 est
3515 3726 3716 3793 peccati
3751 3743 3766 3787 ;
3799 3727 3893 3779 sed

656 3814 702 3866 ei
742 3814 807 3866 ab
834 3813 936 3865 alio
964 3811 1180 3873 auferri,
1212 3828 1330 3865 cum
1371 3814 1546 3876 habet,
1581 3829 1736 3881 quam
1773 3831 1890 3868 cum
1941 3816 2244 3869 moliundi...
2323 3812 2534 3880 quando
2585 3826 2687 3863 non
2724 3811 2885 3864 habet
2928 3822 3124 3865 rectam
3159 3812 3504 3867 voluntatem.
3543 3815 3684 3868 DISC.
3713 3814 3773 3869 Si
3815 3817 3894 3869 in-

655 3918 775 3958 nem
811 3903 987 3965 habet,
1021 3915 1232 3965 servus;
1263 3904 1514 3970 quoniam
1554 3918 1670 3956 eam
1718 3920 1817 3956 non
1848 3914 2018 3971 potest
2068 3920 2220 3958 recu-
2325 3909 2466 3955 lente
2521 3901 2838 3969 cogitassem
2894 3915 3011 3968 qua:
3063 3917 3220 3970 Supra
3267 3903 3406 3957 dicta
3465 3912 3588 3958 sunt
3614 3904 3758 3973 (cap.
3804 3907 3893 3976 3),

659 4007 844 4062 perare
884 4008 976 4059 per
1007 4007 1081 4052 se,
1126 4007 1248 4046 cum
1302 4009 1403 4045 non
1451 3993 1624 4046 habet.
1659 3992 1757 4047 Per
1789 3995 1886 4046 huc
1919 3995 2060 4048 enim
2091 3996 2215 4063 quia
2321 3990 2533 4057 quando
2565 3990 2775 4044 videndi
2804 3998 3116 4058 potestatem
3141 3991 3192 4044 in
3215 4000 3447 4060 quatuor
3463 4003 3759 4061 potestates
3786 3996 3896 4051 dis-

659 4086 833 4138 redire
877 4100 978 4135 non
1029 4092 1204 4149 potest
1241 4099 1268 4136 a
1310 4094 1545 4151 peccato,
1597 4085 1794 4137 servus'
1830 4095 1906 4137 est
1936 4093 1960 4135 :'
1982 4101 2078 4152 per
2122 4087 2219 4139 hoc
2325 4079 2579 4144 tribuisti,
2617 4095 2720 4132 non
2767 4080 2852 4132 hic
2879 4081 3199 4133 dubitassem
3225 4081 3318 4113 "9°
3347 4097 3362 4134 :
3389 4098 3554 4150 quare
3583 4084 3754 4139 fateor
3781 4087 3894 4140 cul-

657 4173 796 4239 quud
835 4171 1069 4224 abstrahi
1125 4186 1227 4225 non
1259 4179 1432 4237 potest
1479 4186 1507 4224 a
1553 4172 1887 4231 rectitudine,
1936 4172 2069 4229 liber
2098 4183 2175 4227 est
2205 4215 2216 4225 .
2322 4184 2443 4234 pam
2473 4167 2629 4236 hujus
2656 4169 2998 4222 dubitationis
3023 4186 3169 4223 mem.
3197 4172 3331 4225 MAG.
3360 4172 3578 4237 Parcam
3603 4176 3692 4228 tibi
3725 4192 3890 4242 nunc,

659 4271 730 4322 et,
760 4260 894 4313 sicut
928 4277 1194 4326 nunquam
1224 4260 1458 4313 abstrahi
1485 4269 1678 4328 potest,
1703 4261 1744 4312 si
1780 4261 1964 4323 habet,
1995 4261 2063 4312 ita
2089 4277 2222 4314 nun-
2321 4256 2362 4308 si
2397 4255 2485 4286 ³⁸⁹¹
2524 4249 2793 4323 deinceps
2825 4272 2884 4309 ea
2916 4272 3037 4324 qum
3084 4258 3307 4313 dicimus
3352 4261 3428 4314 sic
3469 4263 3746 4328 prmseutia
3773 4265 3890 4328 ’m,

659 4367 814 4419 quam
849 4361 1020 4419 potest
1064 4352 1256 4414 tcdire,
1288 4350 1329 4404 si
1371 4365 1472 4402 non
1519 4349 1698 4404 habet.
1729 4351 2085 4418 Quapropter,
2119 4352 2222 4404 sic.
2323 4363 2441 4400 cum
2470 4362 2603 4416 Opus
2629 4349 2748 4411 erit,
2779 4348 3063 4412 habueris;
3090 4357 3228 4403 utea
3266 4349 3417 4404 nobis
3442 4366 3658 4406 necesse
3688 4368 3792 4407 non
3823 4355 3889 4409 sit

691 976 842 1039 Quod
869 976 966 1026 ista
1003 973 1216 1023 serrilus
1260 984 1357 1017 non
1402 964 1602 1038 aufero!
1635 959 1918 1010 libertatem
1959 955 2180 1007 arbitrii.

726 1066 829 1116 Sed
861 1066 961 1116 hac
1007 1059 1264 1112 sententia
1312 1053 1529 1104 multum
1569 1048 1866 1117 repressisti
1905 1047 2217 1099 exsultatio-

654 1173 776 1211 nem
831 1169 1028 1210 meam,
1063 1149 1184 1217 quia
1236 1147 1346 1211 jam
1400 1143 1650 1208 putabam
1679 1142 1770 1174 3""
1809 1155 1927 1191 esse
1971 1151 2216 1189 securum

655 1249 922 1301 hominem
983 1253 1193 1305 semper
1243 1238 1442 1290 habere
1479 1235 1571 1266 ³⁸⁷³
1621 1233 1923 1285 libertatem
1988 1228 2215 1282 arbitrii.

655 1340 830 1403 Quare
858 1336 1022 1397 ipsam
1047 1331 1356 1385 servitutem
1380 1328 1570 1388 evponi
1592 1326 1714 1378 mihi
1743 1322 1971 1388 postulo.
1995 1336 2061 1374 ne
2081 1321 2218 1373 forte

659 1425 884 1478 libertati
915 1423 1006 1453 ³⁵⁷⁵
1050 1422 1285 1489 prml‘atre
1333 1431 1625 1486 repugnare
1665 1415 1928 1467 videatur.
1979 1409 2217 1476 Utraque

655 1515 817 1574 enim,
849 1515 1055 1567 scilicet
1089 1513 1200 1564 hmc
1239 1511 1456 1562 libertas
1482 1514 1534 1558 ct
1566 1505 1813 1561 servitus,
1845 1511 1926 1554 est
1955 1502 2006 1553 in
2032 1498 2217 1551 volun-

656 1615 782 1667 tate,
812 1604 1098 1657 secundum
1124 1615 1282 1668 quam
1315 1599 1449 1649 liber
1474 1607 1562 1650 aut
1587 1598 1678 1628 ³⁵⁷⁸
1710 1609 1898 1648 servus
1931 1600 2011 1646 est
2035 1592 2209 1645 homo.

657 1697 713 1748 Si
735 1709 862 1761 ergo
904 1708 1122 1745 servus.
1159 1691 1423 1758 quomodo
1469 1687 1653 1739 liber?
1681 1687 1778 1737 Aut
1811 1685 1854 1737 si
1887 1684 2048 1741 liber,
2083 1697 2213 1748 quo-

655 1785 810 1837 modo
835 1798 1022 1836 servus
1051 1783 1073 1834 ?
1100 1781 1233 1833 Mae.
1268 1780 1321 1833 Si
1351 1778 1488 1831 bene
1519 1778 1826 1836 discernas;
1862 1773 2076 1841 quando
2107 1787 2211 1823 non

655 1875 812 1927 habet
839 1871 1127 1939 prmfat‘am
1177 1866 1572 1929 rectitudincm,
1621 1865 1734 1917 sine
1779 1860 2127 1930 repugnantia
2166 1869 2219 1910 et

653 1974 842 2014 servus
867 1968 967 2019 est.
999 1967 1052 2012 et
1083 1958 1235 2012 liber.
1265 1955 1546 2022 Nunquam
1580 1953 1723 2007 enim
1749 1960 1829 2004 est
1850 1951 1963 2017 ejus
1988 1959 2221 2018 potesta-

654 2050 723 2103 tis
753 2048 1123 2103 rcctitudinem
1147 2060 1364 2113 capere,
1393 2059 1512 2099 cum
1541 2057 1646 2096 non
1670 2041 1860 2104 habet;
1890 2043 1982 2093 sed
2009 2054 2222 2105 semper

652 2149 732 2194 est
753 2138 868 2205 ejus
889 2140 1168 2208 potestatis
1192 2150 1430 2199 servare,
1460 2150 1580 2189 cum
1610 2132 1791 2186 habet.
1825 2123 2068 2194 Perihoc,
2096 2132 2216 2198 quia

655 2229 828 2282 redire
873 2244 977 2282 non
1019 2235 1197 2295 potest
1227 2241 1254 2278 a
1292 2230 1534 2294 p‘eccato,
1560 2237 1745 2276 servus
1775 2230 1884 2283 est;
1912 2229 1961 2273 et
1998 2234 2091 2289 per
2121 2219 2221 2271 line

653 2320 768 2383 ³⁵⁷⁸,
824 2319 948 2389 quia
997 2317 1233 2373 abstrahi
1269 2329 1370 2370 non
1414 2322 1592 2383 potest
1640 2327 1666 2368 a
1706 2311 2043 2368 rectitudine,
2087 2309 2220 2361 liber

652 2420 756 2465 est.
789 2410 892 2464 Sed
935 2425 963 2462 a
1001 2419 1221 2477 peccato
1263 2419 1317 2461 et
1361 2406 1474 2472 ejus
1523 2404 1813 2464 servitute,
1858 2401 2067 2454 nonnisi
2124 2415 2247 2469 per,

650 2502 811 2554 alium
860 2509 1033 2569 potest
1089 2499 1323 2558 reverti;
1367 2514 1393 2548 a
1446 2494 1765 2550 rectitudine
1815 2507 1962 2555 vero,
2005 2492 2215 2547 nonnisi

649 2605 746 2658 per
775 2605 831 2643 se
865 2597 1034 2656 potest
1083 2587 1273 2646 averti.
1301 2595 1354 2640 et
1395 2602 1421 2638 a
1458 2586 1702 2638 libertate
1742 2598 1834 2634 sua
1865 2597 1964 2634 nec
2008 2597 2102 2647 per
2140 2596 2214 2643 se,

653 2693 754 2731 nec
782 2691 877 2743 per
907 2677 1067 2729 alium
1113 2684 1288 2742 potest
1311 2673 1533 2741 privari.
1563 2673 1790 2739 Semper
1824 2670 1968 2724 enim
1998 2679 2215 2723 natura-

653 2769 777 2823 liter
806 2768 941 2821 liber
976 2776 1055 2820 est
1096 2768 1161 2819 ad
1212 2766 1526 2835 servandam
1567 2761 1961 2818 rectintdincm,
2001 2760 2215 2817 sileam

657 2861 815 2912 habet
844 2877 856 2912 :
891 2859 1052 2911 etiam
1084 2856 1317 2925 quando,
1349 2870 1506 2923 quam
1538 2863 1741 2916 servet,
1775 2851 1882 2905 non
1914 2852 2074 2907 habet
2099 2854 2213 2905 ³⁸⁷⁷.

655 2947 795 3000 Inse.
834 2945 1036 3000 Sullicit
1074 2945 1200 2998 mihi
1235 2945 1346 2998 hrcc
1375 2944 1466 2976 ³⁸⁷⁸
1499 2944 1654 3009 hujus
1681 2945 1940 2997 libertatis
1965 2954 2018 2999 et
2043 2946 2214 2998 servi-

657 3037 802 3092 tutis.
827 3044 881 3086 ut
911 3034 962 3087 iu
990 3034 1176 3088 eodem
1221 3031 1434 3086 homine
1461 3033 1664 3100 possint
1695 3045 1841 3096 esse,
1865 3033 2033 3096 simul
2068 3033 2210 3087 facta

650 3123 952 3177 concordia.
1612 3139 1624 3152 ο
2239 3135 2284 3194 C

1874 4487 1876 4489 i
1921 4498 2151 4553 VARIAZ
2195 4499 2592 4555 LECTIONES.

730 4614 815 4643 ³⁵⁷⁸
879 4613 1005 4664 Data
1058 4627 1117 4663 ea
1178 4629 1298 4661 mss.
1358 4610 1477 4660 data
1533 4619 1646 4661 erat
1720 4612 1810 4640 ‘5”
1863 4610 1996 4674 Quia
2043 4609 2155 4677 jam
2208 4613 2458 4679 putabam
2509 4628 2630 4663 uisa.
2684 4611 2807 4678 quia
2843 4627 2924 4663 me
2964 4610 3075 4675 jam
3131 4613 3379 4679 putabam
3410 4630 3505 4665 ma.
3549 4614 3670 4667 Bac.
3707 4615 3887 4674 Lqua

658 4699 741 4735 me,
766 4683 873 4750 jam
908 4682 1156 4750 putabam
1235 4680 1325 4709 ³⁵⁷³
1353 4680 1574 4742 Semper
1601 4681 1878 4750 habentem
1915 4696 2034 4730 mss.
2077 4695 2290 4747 semper
2322 4680 2517 4731 habere
2594 4681 2684 4710 “‘7‘
2722 4680 2878 4750 [forte
2907 4681 3111 4750 liberati
3141 4699 3262 4750 mss.
3297 4681 3432 4734 forte
3469 4684 3701 4736 libertati
3791 4687 3888 4717 ³⁵⁷⁸

657 4748 956 4816 Quamlibet
991 4759 1080 4801 aut
1113 4749 1244 4802 liber
1272 4764 1392 4798 mas.
1424 4763 1576 4810 «piam
1616 4748 1747 4799 liber
1820 4749 1913 4777 ³³⁷⁸³
1943 4750 2136 4800 Servus
2165 4759 2267 4806 est.
2297 4766 2390 4810 per
2422 4750 2520 4802 hoc
2553 4767 2673 4802 mss.
2723 4748 2853 4801 Tim.
2882 4750 2968 4802 90.
3012 4749 3143 4802 Vict.
3175 4749 3322 4803 Gem.
3355 4751 3436 4802 54.
3472 4752 3668 4805 Servus
3700 4764 3802 4814 est,
3833 4767 3888 4809 et

659 4836 751 4885 per
778 4822 875 4871 hoc
949 4819 1036 4848 ³⁸⁷⁷
1068 4818 1234 4880 Quam
1270 4817 1476 4870 servat.
1520 4832 1618 4885 non
1654 4818 1810 4868 habet
1841 4835 1962 4868 mss.
2003 4829 2046 4868 cl
2080 4817 2222 4868 Edit.
2260 4818 2411 4869 (.‘otli.
2440 4833 2598 4884 quam
2633 4828 2828 4881 servet,
2863 4834 2965 4869 non
2997 4820 3175 4871 habet.
3255 4819 3351 4851 ³⁵⁷⁸
3388 4819 3591 4871 Sullicit
3621 4822 3745 4873 mihi
3783 4823 3886 4875 hoc

660 4883 778 4938 mss.
812 4885 1021 4958 Suilii-it
1050 4887 1175 4937 mihi
1209 4888 1317 4936 11;ιτ(’
1352 4954 1360 4958 Δ
1394 4885 1484 4958 πῖ
1520 4883 1642 4958 :llss.
1679 4885 1737 4936 S.
1777 4885 1933 4936 .llicli.
1962 4886 2068 4938 Cur
2099 4902 2221 4958 cum
2257 4889 2415 4939 homo
2449 4883 2550 4938 non
2583 4887 2740 4958 habet
2767 4887 3135 4958 rectitudiucm
3169 4889 3335 4956 magis
3365 4889 3560 4941 dicitur
3582 4888 3724 4949 libet,
3759 4892 3886 4958 quia

661 4973 778 5007 cum
811 4957 967 5007 habet
999 4971 1096 5006 non
1126 4966 1293 5021 pulttst
1319 4954 1361 5004 ei
1389 4953 1585 5023 auferri
1613 4971 1625 5011 ;
1662 4969 1818 5018 quam
1848 4971 1966 5007 cum
1998 4969 2113 5007 eam
2143 4956 2301 5007 habet
2329 4970 2540 5017 servus,
2585 4957 2707 5022 quia
2736 4969 2853 5007 cum
2884 4971 2985 5007 non
3030 4956 3187 5009 habet
3216 4953 3317 5009 non
3350 4965 3521 5023 potest
3550 4971 3666 5010 eam
3697 4953 3792 5019 per
3817 4975 3875 5016 se

665 5039 995 5090 recuperare.
1030 5041 1119 5074 ms.
1157 5022 1342 5075 Cister.
1374 5021 1479 5073 Cur
1503 5037 1620 5073 eum
1656 5024 1830 5075 homo.
1865 5061 1875 5072 .
1902 5023 2021 5089 quia
2053 5037 2170 5076 eum
2204 5025 2383 5082 habet,
2415 5039 2516 5078 non
2547 5021 2721 5090 potest
2747 5025 2792 5076 ei
2819 5025 3037 5088 auferri,
3070 5041 3226 5090 quam
3259 5021 3402 5088 cum,
3433 5036 3540 5079 etc.
3569 5025 3700 5078 utin
3724 5025 3875 5080 Edit.

662 5108 783 5143 mss.
814 5093 956 5144 Gem.
993 5092 1074 5142 Si.
1100 5103 1142 5144 ct
1181 5093 1266 5144 40.
1302 5107 1419 5144 cur.
1453 5130 1464 5141 .
1493 5091 1613 5156 quia
1646 5107 1766 5141 cum
1797 5093 1973 5147 habet.
1999 5107 2091 5156 per
2119 5108 2174 5144 se
2202 5108 2300 5144 non
2343 5102 2515 5159 potest
2544 5109 2659 5144 eam
2692 5107 3008 5159 recuperare
3081 5095 3174 5125 ³⁵⁸⁰
3207 5094 3537 5160 lmpotcutia.
3586 5095 3708 5148 Sive
3733 5097 3879 5149 enim

663 5177 784 5211 mss.
828 5160 1131 5232 impotentia
1165 5175 1264 5232 non
1296 5160 1568 5232 peccandi.
1601 5160 1725 5232 Sive
1746 5161 1886 5211 enim
1963 5162 2050 5232 Ψ)
2084 5160 2191 5212 Nisi
2219 5177 2313 5232 per
2341 5163 2439 5214 hoc
2470 5161 2591 5232 quia
2618 5179 2740 5214 mss.
2788 5163 2887 5214 nisi
2918 5163 3165 5227 quoniam
3209 5179 3301 5230 per
3328 5165 3425 5216 hoc
3460 5164 3580 5232 quia
3655 5162 3745 5195 ⁸⁵³⁸
3773 5165 3883 5218 Aut

664 5224 979 5293 recuperare
1004 5238 1086 5279 aut
1115 5224 1309 5300 habere
1347 5227 1490 5300 illam
1519 5245 1638 5280 mss.
1667 5227 1850 5300 Cistcr.
1879 5230 2180 5300 omittit_aut
2221 5224 2416 5300 habere
2489 5224 2581 5260 ""3
2612 5247 2712 5298 qua
2745 5241 2918 5298 potest
2938 5224 3098 5284 homo
3126 5224 3224 5282 non
3257 5224 3626 5296 peccare'mss.
3655 5247 3757 5286 non
3785 5249 3882 5300 pe-

665 5307 766 5365 tcst
797 5313 898 5347 non
937 5311 1153 5365 peccare
1229 5297 1319 5326 ³⁵⁸³
1347 5298 1406 5365 ιζι
1434 5312 1550 5365 cum
1578 5313 1677 5348 non
1714 5298 1870 5348 habet
1901 5314 2021 5348 mss.
2056 5298 2188 5348 Tim.
2217 5298 2302 5350 9t).
2333 5307 2385 5351 et
2413 5316 2532 5353 cum
2562 5297 2721 5353 etiam
2749 5297 2856 5352 non
2888 5303 3045 5354 habet.
3120 5301 3211 5332 ³⁵⁸⁵
3237 5302 3495 5365 Quoniam
3524 5304 3590 5356 ab
3618 5302 3720 5353 alio
3749 5297 3875 5354 mss.

664 5364 794 5435 Tlm.
826 5364 1074 5429 quoniam
1103 5364 1166 5415 ab
1197 5364 1283 5414 illo
1355 5364 1446 5435 ³⁵κῆ
1475 5364 1733 5427 Quoniam
1763 5381 1949 5417 servus
1980 5376 2101 5419 tunc
2138 5381 2239 5418 non
2275 5366 2427 5420 habet
2457 5386 2578 5420 mss.
2605 5384 2762 5435 quam
2795 5381 2919 5420 tunc,
2947 5386 3131 5422 St'l‘V'lS
3158 5364 3275 5422 eum
3302 5370 3458 5423 habet
3486 5389 3578 5423 ms.
3621 5369 3875 5424 Victoria.

662 5434 711 5502 ἓξ.
742 5448 899 5502 quam
927 5443 1049 5502 tunc.
1077 5447 1193 5482 cum
1223 5447 1406 5483 servus
1436 5433 1590 5499 habet
1617 5451 1711 5484 ms.
1745 5435 1928 5487 Cister.
1971 5437 2090 5502 quia
2118 5449 2303 5488 servus
2330 5446 2450 5489 tunc
2478 5452 2596 5488 cum
2626 5433 2783 5490 habet
2857 5441 2945 5471 ³³⁸⁷
2987 5439 3093 5490 (Iur
3117 5439 3272 5491 homo
3311 5456 3429 5492 eum
3461 5441 3538 5492 sol
3570 5441 3717 5493 adest
3745 5455 3873 5494 nisa.

665 5498 814 5574 (iam.
846 5498 976 5551 Vict.
1001 5500 1208 5574 ρξδιίνι·λ
1235 5516 1326 5551 cur
1356 5498 1526 5574 imum
1556 5517 1672 5553 cum
1702 5504 1969 5574 solahcst
1989 5498 2000 5502 ⁷
2042 5503 2133 5534 ³⁵⁵³⁸
2158 5504 2418 5574 Quoniam
2449 5507 2666 5566 dicitur,
2695 5522 2812 5557 cum
2844 5509 2918 5558 sol
2952 5508 3098 5558 abest
3127 5548 3138 5559 .
3189 5508 3379 5562 habere
3409 5508 3772 5574 impotentiam
3799 5507 3877 5560 vi-

665 5569 816 5625 dendi
843 5586 962 5621 mss.
1001 5567 1126 5619 Vict.
1169 5567 1312 5619 Gem.
1345 5569 1460 5619 Ηυξ.
1500 5568 1542 5618 l.
1575 5585 1728 5635 quam
1756 5572 1964 5635 dicitur,
1994 5589 2110 5624 cum
2142 5573 2220 5624 sol
2253 5573 2418 5634 adest,
2451 5575 2646 5626 habere
2680 5575 3042 5638 impotentiam
3071 5577 3273 5628 videndi
3351 5577 3442 5607 3'”
3470 5567 3730 5630 l'lahemus
3757 5585 3875 5628 tau—

667 5650 770 5691 tutu
809 5643 857 5692 iu
891 5637 1303 5709 rissahabetnus
1336 5647 1506 5709 tamen
1536 5638 1583 5709 in
1660 5639 1749 5666 359°
1784 5640 1890 5690 Non
1920 5642 2030 5692 hzec
2058 5642 2380 5692 dubitassem
2415 5659 2533 5692 mss.
2568 5660 2668 5693 non
2715 5637 2796 5694 hic
2823 5644 3144 5695 dubitassem
3223 5646 3307 5677 359‘
3341 5646 3491 5709 Tibi,
3525 5657 3695 5700 tamen
3727 5659 3871 5697 nunc

671 5711 749 5759 -ιιιΙ
792 5726 906 5761 mss.
942 5707 1030 5763 tibi
1064 5722 1220 5769 nunc,
1256 5708 1296 5759 si
1376 5708 1462 5736 3"“
1494 5707 1576 5761 Sir
1613 5709 1708 5759 sint
1747 5710 2044 5776 presentia.
2080 5747 2089 5758 .
2123 5710 2420 5775 liujusutudi
2458 5727 2573 5762 mss.
2611 5712 2683 5764 sic
2726 5713 3021 5778 pnescntia.
3060 5753 3067 5763 .
3108 5715 3377 5767 habueris.
