4240 6216
427 291 528 345 509

1232 286 1315 342 DE
1347 287 1682 343 CONCORD.
1715 288 1982 343 PliJiSC.
2012 290 2120 344 DEI
2161 288 2299 346 CUM
2340 289 2464 371 LlB.
2504 286 2771 344 ARBITR.

3504 286 3606 340 5l0

427 398 717 457 necessitas
737 386 879 453 enim
907 399 1113 454 videtur
1145 402 1964 470 sonarceoactionetnvelprolti-
1994 406 2038 460 Α
2062 405 2163 457 erit
2189 404 2255 456 ali
2279 403 2409 470 laid,
2436 418 2538 456 non
2565 417 2627 455 ex
2658 399 3001 461 necessitate,
3032 404 3081 452 et
3114 396 3238 465 quia
3285 408 3503 449 necesse
3529 405 3611 449 est

424 487 701 544 hitionem.
731 488 905 553 Quare
924 487 968 540 si
1025 501 1241 541 necesse
1285 496 1363 539 est
1392 502 1476 539 me
1504 502 1727 555 peccare
1783 504 1844 541 ex
1874 502 1966 540 vo-

424 578 889 647 luntate,iutelligo
921 593 1004 651 me
1028 580 1141 648 cogi
1168 578 1341 646 aliqua
1372 579 1579 633 occulta
1609 581 1660 633 vi
1689 581 1754 634 ad
1781 580 1967 632 volun-

424 673 587 721 tatem
635 665 928 737 peccandi;
996 673 1050 718 et
1088 664 1135 717 si
1202 679 1306 717 non
1355 681 1517 735 pecco
1545 706 1562 731 ,
1620 682 1649 719 a
1712 666 1964 735 peccandi

420 752 691 823 voluntate
716 751 1364 823 prohiberi.Quapropter
1416 755 1735 808 necessitate
1786 754 1968 806 videor

420 840 551 896 mihi
572 856 796 910 peccaro
830 841 943 908 ³⁸⁸⁸,
964 840 1008 895 si
1040 855 1227 910 pecco;
1256 841 1339 897 vel
1363 858 1466 897 non
1496 856 1740 912 peccare.
1773 842 1816 895 si
1859 858 1963 894 non

422 944 583 1002 pecco
619 930 734 984 "".

418 1062 545 1118 Car.
569 1060 628 1119 ll.
664 1091 732 1107 -ο
755 1063 1023 1129 Quomodo
1060 1079 1260 1118 necesse
1305 1064 1373 1116 sit
1412 1078 1518 1115 rem
1562 1078 1673 1115 esse
1716 1062 1955 1127 futuram

488 1132 695 1202 quando
732 1131 868 1187 Deus
882 1133 1092 1199 prmscit
1120 1149 1237 1186 eam
1262 1147 1371 1185 esse
1398 1131 1631 1202 [alterum
1656 1140 1760 1202 εει-
1790 1140 1961 1181 tanien

484 1198 798 1280 uoluntatem
849 1198 1065 1255 liberam
1118 1216 1327 1255 manere
1355 1217 1369 1252 :
1400 1198 1448 1253 ct
1475 1202 1538 1251 de
1567 1198 1761 1264 duplici
1795 1213 1965 1250 neces-

484 1279 657 1323 citate.

486 1380 626 1451 Ergo
650 1382 921 1438 scieudum
950 1382 1043 1414 ³⁸η
1068 1391 1149 1451 εει
1177 1382 1301 1450 quia
1331 1356 1469 1450 saepe
1498 1379 1724 1433 dicimus
1746 1392 1966 1433 necesse

416 1482 538 1526 esse
562 1472 702 1539 quod
724 1470 865 1525 nulla
893 1468 944 1525 vi
982 1484 1099 1527 esse
1128 1472 1354 1541 cogitur,
1386 1479 1439 1525 et
1460 1485 1675 1524 necesse
1706 1484 1807 1522 non
1846 1480 1965 1522 esse

415 1556 555 1627 quod
584 1555 723 1611 nulla
754 1556 1112 1628 prohibitione
1162 1567 1486 1612 removetur.
1526 1557 1657 1611 Nam
1715 1558 1960 1623 dicimus,

370 1710 375 1717 ι
414 1658 635 1700 necesse
666 1654 748 1701 est
774 1645 936 1701 Deum
967 1646 1319 1709 immortalem
1361 1661 1501 1711 esse,
1530 1655 1586 1700 et
1618 1662 1835 1701 necesse
1877 1657 1963 1702 est

2065 491 2225 545 fuisse
2258 506 2412 543 omne
2444 490 2581 556 quod
2606 488 2725 551 luit,
2754 496 2807 541 et
2829 502 2948 541 esse
2972 485 3110 553 quod
3142 496 3225 539 est
3282 492 3336 537 ει
3371 482 3605 538 futurum

2066 596 2183 643 esse
2210 582 2351 651 quod
2388 580 2507 633 erit.
2544 578 2749 647 Quippe
2776 592 2880 629 non
2908 586 2988 630 est
3010 576 3149 629 idem
3178 590 3290 629 rem
3320 588 3442 628 esse
3475 586 3613 643 prte-

2066 672 2295 735 tcritam,
2349 680 2405 725 et
2445 686 2555 725 rem
2592 668 2915 739 przeteritam
2946 682 3064 721 esse
3121 666 3482 735 praeteritam;
3520 672 3613 720 aut

2066 775 2173 812 rem
2197 775 2312 812 esse
2337 768 2673 827 praesentem,
2700 764 2754 810 et
2779 770 2889 809 rem
2912 762 3225 822 praesentem
3247 767 3363 808 esse
3382 766 3613 822 praesen-

2068 859 2203 906 tem;
2238 858 2326 899 aut
2363 863 2471 900 rem
2497 862 2613 901 esse
2640 844 2892 905 futuram.
2921 853 2975 898 ει
3002 858 3112 897 rem
3128 841 3359 896 futuram
3387 857 3504 898 esse
3530 840 3619 895 fu-

2067 946 2263 996 turam,
2292 936 2428 986 sicut
2451 951 2551 987 non
2575 945 2656 989 est
2686 936 2822 988 idem
2858 949 2967 988 rem
2994 946 3111 986 esse
3141 932 3339 996 albam,
3383 939 3438 986 et
3495 944 3608 985 rem

2065 1024 2240 1077 albam
2267 1037 2384 1075 esse
2414 1022 2609 1074 albam.
2647 1022 2868 1090 Lignunt
2898 1023 3038 1075 enim
3062 1030 3262 1075 nonest
3279 1033 3491 1087 semper
3516 1033 3614 1074 ne-

2063 1112 2314 1167 cessitate
2336 1109 2674 1175 album,quia
2698 1108 2980 1177 aliquando
3006 1109 3315 1177 priusquam
3349 1106 3486 1161 ﬁerit
3529 1104 3613 1157 al-

2064 1201 2211 1262 bum,
2239 1198 2527 1269 potuitnon
2553 1192 2667 1249 licri
2698 1195 2911 1257 album;
2938 1205 2993 1247 et
3026 1204 3302 1263 postquam
3332 1192 3613 1249 estalbum

2063 1299 2235 1359 potest
2264 1288 2376 1342 ﬁeri
2409 1304 2511 1341 non
2540 1286 2718 1340 album
2750 1303 2763 1337 :
2792 1285 2988 1353 lignum
3019 1299 3146 1337 vero
3183 1286 3382 1351 album,
3404 1298 3615 1352 semper

2063 1394 2281 1433 necesse
2308 1386 2527 1447 estesse
2548 1376 2726 1429 album
2751 1392 2764 1438 ;
2798 1375 2922 1443 quia
2957 1388 3055 1427 nec
3086 1382 3371 1442 antequam
3396 1374 3487 1436 sit,
3506 1388 3604 1428 nec

2062 1436 2343 1539 postquam
2372 1479 2456 1523 est
2486 1436 2689 1533 album,
2720 1467 2833 1520 ﬁeri
2856 1474 3031 1534 potest
3056 1474 3111 1517 ut
3141 1464 3331 1518 album
3352 1463 3506 1517 simul
3546 1464 3616 1517 sit

2064 1578 2167 1615 non
2194 1561 2390 1615 album.
2427 1558 2685 1611 Similiter
2715 1572 2799 1611 res
2828 1571 2931 1608 non
2989 1552 3309 1607 necessitate
3357 1559 3441 1605 est
3488 1565 3621 1619 pne-

2066 1668 2219 1717 sens;
2248 1634 2502 1720 quoniam
2534 1659 2820 1717 antequam
2848 1653 2989 1700 esset
3023 1657 3277 1713 praesens,
3310 1640 3615 1713 potnitlieri

415 1737 581 1790 Deum
611 1751 715 1790 non
746 1750 865 1791 esse
893 1736 1180 1805 iniustum;
1215 1752 1319 1791 non
1350 1737 1491 1805 quod
1512 1737 1591 1791 vis
1621 1736 1967 1806 aliquacogat
1996 1714 2039 1771 Β
2071 1750 2130 1817 ut
2177 1714 2412 1809 praesens
2459 1753 2563 1791 non
2597 1714 2777 1800 esset;
2803 1744 2859 1791 et
2897 1743 3180 1803 postquam
3226 1740 3308 1786 est
3359 1743 3616 1798 pmsens,

412 1836 534 1877 eum
571 1835 688 1878 esse
715 1823 1091 1885 immortalem,
1123 1833 1216 1878 aut
1246 1825 1524 1894 prohibeat
1551 1839 1670 1880 esse
1702 1824 1955 1891 injustum

412 1911 523 1977 "",
556 1914 647 1967 sed
676 1914 927 1983 quaniam
952 1914 1092 1967 nulla
1121 1929 1207 1968 res
1240 1923 1410 1983 potest
1437 1913 1614 1969 facere
1661 1922 1719 1967 ut
1748 1929 1851 1969 non
1887 1916 1959 1970 sit

413 2000 752 2064 immortalis,
787 2010 877 2053 aut
910 2011 968 2053 ut
1000 2002 1072 2054 sit
1103 2000 1350 2068 injustus.
1378 2001 1467 2055 Sic
1494 2002 1670 2071 itaque
1714 2001 1760 2058 si
1811 2002 1965 2068 dico,

410 2102 636 2144 necesse
672 2098 754 2144 est
771 2101 889 2142 esse
917 2097 969 2143 te
999 2098 1363 2158 peccaturum,
1388 2090 1469 2145 vel
1495 2105 1599 2146 non
1620 2102 1965 2162 peccaturum

414 2179 526 2235 sola
556 2179 846 2244 voluntate,
875 2180 1013 2235 sicut
1045 2179 1185 2234 Deus
1239 2180 1471 2249 praescit,
1523 2196 1625 2236 non
1658 2190 1739 2235 est
1773 2181 1967 2237 intelli-

412 2273 642 2341 gendum
672 2270 811 2339 quod
841 2264 1331 2339 aliquidpt‘ohibcat
1369 2271 1695 2325 voluntatem
1711 2287 1828 2340 qua:
1854 2286 1958 2325 non

414 2358 538 2420 erit,
556 2366 650 2411 aut
668 2367 823 2427 cogat
854 2357 994 2412 illam
1028 2373 1144 2412 esse
1171 2373 1286 2427 quae
1318 2359 1455 2413 erit:
1482 2360 1583 2413 hoc
1611 2359 1783 2437 ipsum
1814 2376 1935 2414 nam

410 2460 516 2517 que
542 2448 754 2515 pmscit
778 2448 938 2508 Dens,
965 2450 1051 2516 qui
1089 2448 1340 2517 pratvidet
1390 2449 1589 2517 aliquid
1634 2452 1869 2511 [riturum
1897 2466 1961 2505 cx

414 2534 527 2591 sola
557 2534 851 2598 voluntate,
880 2537 1020 2603 quod
1052 2536 1292 2591 voluntas
1329 2551 1433 2590 non
1475 2536 1567 2567 ³⁶²⁰
1594 2537 1821 2607 cogitur,
1874 2545 1965 2590 aut

390 2626 396 2630 ’
423 2623 736 2696 prohibetur
758 2624 860 2677 ulla
888 2624 990 2678 alia
1020 2639 1111 2688 re;
1141 2633 1195 2678 et
1225 2626 1304 2678 sic
1331 2641 1397 2677 ex
1426 2625 1673 2679 libertate
1723 2626 1813 2657 ³⁶²¹
1874 2628 1962 2693 lit,

413 2714 555 2782 quod
584 2714 642 2768 lit
664 2729 729 2769 ex
759 2701 1042 2768 voluntate.
1076 2712 1133 2767 Si
1161 2712 1323 2782 igitur
1351 2714 1463 2767 haec
1488 2715 1768 2783 diligenter
1799 2715 1956 2769 intel-

412 2799 687 2873 liguntur:
706 2812 833 2872 pulo
851 2804 972 2871 quia
1006 2814 1060 2858 et
1083 2803 1472 2871 prmseientiam
1508 2805 1599 2857 Dei
1642 2814 1695 2858 et
1746 2805 1963 2859 liberta-

412 2900 521 2947 tem
548 2892 754 2947 arbitrii
786 2891 942 2946 simul
962 2905 1079 2945 esse
1106 2890 1245 2944 nulla
1293 2892 1537 2960 prohibet
1586 2892 1963 2947 inconvenien-

417 2982 511 3036 tia.
538 2982 772 3051 Denique
798 2982 842 3035 si
868 2981 985 3049 quis
1014 2979 1339 3035 intellectum
1360 2970 1507 3035 verbi
1532 2983 1746 3050 proprie
1776 2982 1961 3035 cousi-

411 3073 589 3137 derat,
615 3073 716 3127 hoc
737 3073 850 3142 ipso
888 3071 1029 3141 quod
1075 3071 1309 3139 pra-sciri
1340 3070 1536 3139 aliquid
1568 3071 1782 3136 dicitur,
1817 3071 1960 3125 lutu-

414 3182 533 3221 rum
555 3182 675 3220 esse
696 3165 1109 3235 pronuntiatur:
1142 3178 1244 3217 non
1266 3164 1407 3217 enim
1440 3163 1540 3216 nisi
1571 3164 1708 3230 quod
1726 3162 1961 3217 futurum

410 3265 498 3309 est
544 3255 842 3321 prmseilur,
898 3253 1020 3321 quia
1071 3252 1291 3308 scientia
1318 3266 1420 3304 non
1450 3259 1532 3304 est
1562 3251 1661 3305 nisi
1702 3251 1962 3304 veritatis.

414 3344 590 3410 Quare
622 3358 743 3397 eum
772 3343 892 3397 dico
915 3343 1038 3411 quia
1070 3342 1111 3397 si
1149 3342 1360 3410 praescit
1409 3343 1546 3396 Deus
1592 3342 1790 3409 aliquid
1838 3344 1963 3407 ³⁶¹²,

416 3431 573 3502 124
594 3446 813 3486 necesse
834 3440 916 3485 est
940 3430 1065 3485 illud
1092 3446 1209 3484 esse
1239 3428 1508 3494 futurum;
1536 3431 1673 3485 idem
1697 3440 1799 3495 est,
1834 3446 1894 3485 ac
1920 3432 1963 3485 si

411 3522 583 3576 dicam
615 3522 743 3574 m‘:
772 3523 826 3575 Si
857 3522 979 3585 erit,
1019 3537 1080 3577 ex
1116 3523 1429 3583 necessitate
1451 3522 1585 3584 erit;
1621 3522 1711 3575 sed
1742 3523 1967 3576 haecne-

412 3611 635 3668 ccssitas
665 3627 767 3664 non
820 3607 1003 3680 cogit,‘
1038 3598 1133 3664 nec
1180 3612 1424 3679 prohibet
1449 3610 1649 3677 aliquid
1694 3626 1832 3673 esse,
1874 3621 1964 3664 aut

410 3712 518 3752 non
546 3713 686 3753 esse.
718 3698 837 3753 Ideo
865 3700 1005 3753 enim
1034 3700 1157 3767 quia
1189 3699 1404 3767 ponitur
1437 3714 1520 3751 res
1577 3713 1719 3761 esse,
1766 3697 1964 3751 dicitur

320 3788 325 3791 ’
408 3799 476 3841 ex
498 3788 590 3819 ""
610 3789 926 3843 necessitate
948 3803 1097 3863 esse;
1131 3798 1221 3841 aut
1245 3788 1370 3857 quia
1418 3788 1632 3858 ponitur
1672 3804 1774 3841 non
1802 3803 1921 3842 esse
1945 3829 1961 3852 ,

411 3878 704 3936 amrmatur
734 3875 826 3913 ⁸⁸⁸⁸
884 3896 987 3935 non
1034 3895 1152 3934 esse
1194 3896 1257 3933 ex
1302 3880 1647 3943 necessitate;
1702 3895 1807 3934 non
1840 3880 1964 3949 quia

418 3970 709 4026 necessitas
758 3979 913 4042 cogat
953 3962 1059 4026 'aut
1105 3969 1386 4041 prohibeat
1435 3983 1547 4023 rem
1573 3983 1713 4033 esse,
1734 3977 1828 4023 aut
1859 3985 1962 4022 non

415 4072 557 4113 esse.
588 4056 723 4113 Nam
746 4075 865 4115 cum
908 4060 1069 4116 dico:
1098 4059 1153 4114 Si
1177 4060 1299 4122 erit,
1324 4058 1648 4114 necessitate
1688 4058 1823 4123 erit;
1878 4058 1965 4113 hic

414 4149 655 4217 sequitur
684 4152 974 4205 necessitas
996 4151 1070 4204 rei
1108 4150 1427 4218 positionem
1477 4148 1592 4214 ³⁶¹⁶,
1630 4164 1734 4203 non
1766 4164 1966 4217 przece-

410 4236 505 4288 dit.
536 4234 678 4290 Idem
716 4236 876 4301 Valet,
900 4238 942 4290 si
974 4238 1051 4291 sie
1080 4238 1452 4307 pronuntietur
1503 4254 1518 4290 :
1549 4237 1700 4302 Quod
1750 4239 1872 4301 erit,
1898 4253 1963 4291 cx

410 4328 725 4398 necessitate
746 4329 874 4381 erit.
902 4327 1013 4393 Non
1048 4328 1191 4381 enim
1216 4325 1357 4379 aliud
1384 4326 1650 4399 signiﬁcat
1698 4327 1813 4381 hate
1863 4344 1956 4381 ne-

408 4418 629 4473 cessitas
658 4419 771 4483 ⁸⁸³⁷,
793 4418 890 4471 nisi
908 4419 1029 4487 quia
1054 4420 1193 4487 quod
1221 4418 1324 4471 erit
1338 4434 1441 4472 non
1455 4418 1649 4487 poterit
1671 4418 1827 4472 simul
1846 4435 1950 4471 non

408 4518 541 4560 esse.
574 4507 779 4563 Pariter
798 4518 975 4561 autem
1001 4522 1180 4561 verum
1206 4516 1287 4561 est
1315 4508 1438 4561 auia
1470 4508 1591 4572 fuit,
1647 4516 1700 4562 et
1743 4518 1848 4571 est,
1891 4518 1948 4561 et

2067 1840 2243 1900 putest
2288 1829 2400 1882 fieri
2455 1844 2556 1881 non
2615 1842 2869 1897 praesens.
2906 1827 3034 1879 [lem
3087 1837 3262 1878 autem
3291 1831 3606 1893 praesentem

2068 1936 2285 1977 necesse
2308 1929 2391 1977 est
2417 1934 2535 1973 esse
2557 1928 2869 1988 praesentem
2897 1918 3135 1984 semper';
3180 1916 3301 1984 quia
3334 1929 3433 1968 nec
3460 1914 3611 1982 prius

2067 2026 2225 2081 quam
2253 2009 2343 2073 sit,
2365 2023 2464 2063 nec
2490 2015 2770 2076 postquam
2792 2015 2873 2081 est
2894 2019 3148 2076 przesens,
3178 2011 3351 2073 potest
3376 2016 3617 2071 przesens

2066 2078 2224 2155 simul
2249 2110 2367 2151 esse
2389 2111 2490 2149 non
2517 2108 2752 2164 praesens
2779 2078 2894 2147 ³⁸ίῆ
2932 2093 3129 2148 Eodem
3159 2092 3315 2147 modo
3366 2105 3453 2145 res
3512 2090 3615 2142 ali-

2065 2203 2189 2259 qua,
2223 2198 2279 2241 ut
2304 2186 2546 2255 quaedam
2575 2184 2737 2248 actio,
2772 2198 2876 2237 non
2913 2182 3231 2237 necessitate
3272 2181 3452 2235 futura
3498 2190 3614 2243 est;

2068 2277 2221 2346 quia,
2250 2276 2558 2344 priusquam
2584 2273 2674 2334 sit,
2715 2272 2830 2327 ﬁeri
2858 2280 3032 2340 potest
3054 2280 3112 2323 ut
3137 2285 3240 2324 non
3269 2271 3338 2323 sit
3384 2268 3557 2321 futura
3600 2280 3616 2320 :

2067 2380 2176 2420 rem
2202 2379 2330 2419 vero
2368 2362 2600 2416 futuram
2638 2375 2856 2415 necesse
2909 2368 2991 2413 est
3032 2374 3151 2413 esse
3190 2357 3453 2419 futuram;
3486 2370 3621 2423 quo-

2066 2455 2209 2509 niam
2249 2453 2483 2507 futurum
2516 2450 2701 2519 nequit
2744 2463 2863 2503 esse
2904 2448 3061 2501 simul
3087 2463 3187 2499 non
3232 2445 3467 2499 luiturum
3506 2444 3618 2497 “”.

2060 2549 2141 2603 De
2169 2549 2441 2618 prseterito
2469 2552 2645 2599 autem
2668 2544 2918 2597 similiter
2946 2554 3130 2596 verum
3153 2549 3232 2593 est
3262 2540 3387 2606 quia
3412 2552 3497 2590 res
3527 2537 3624 2588 ali-

2068 2656 2172 2711 qua
2204 2654 2313 2691 non
2336 2646 2419 2691 est
2443 2636 2534 2667 ³⁸⁸⁸
2561 2634 2879 2705 necessitate
2907 2632 3209 2701 praeterita;
3231 2632 3504 2697 quoniam,
3531 2642 3624 2680 au-

2068 2739 2277 2799 tequam
2306 2736 2466 2790 esset,
2491 2724 2663 2795 potuit
2688 2724 2799 2776 ﬁeri
2832 2731 3013 2775 utnon
3046 2729 3185 2773 esset
3212 2736 3225 2771 :
3265 2729 3319 2771 et
3348 2717 3624 2786 quiaprwb

2065 2820 2281 2873 teritum
2316 2831 2527 2883 semper
2556 2827 2774 2866 necesse
2810 2819 2889 2864 est
2916 2824 3034 2863 esse
3069 2808 3432 2875 prmtcritum;
3478 2819 3617 2876 quo-

2065 2910 2205 2962 niam
2236 2923 2337 2960 non
2366 2914 2540 2973 potest
2564 2902 2719 2956 simul
2746 2917 2847 2953 non
2871 2910 2989 2953 esse
3021 2898 3371 2967 praeteritum.
3402 2895 3507 2948 Sed
3528 2896 3619 2926 “"

2066 2998 2116 3050 in
2146 3011 2203 3049 re
2227 2994 2495 3064 prmterita
2520 3001 2601 3045 εει
2621 2990 2895 3059 quiddam,
2927 2987 3184 3054 quodnon
3211 2994 3296 3039 est
3332 2985 3382 3037 in
3402 2998 3459 3037 re
3480 2999 3624 3053 pra:-

2065 3083 2200 3137 senti
2230 3084 2310 3135 vel
2344 3081 2539 3132 l'ntura.
2566 3076 2843 3145 Nunquam
2876 3076 3018 3127 enim
3051 3072 3166 3126 ﬁeri
3193 3080 3363 3141 potest
3391 3079 3448 3123 ut
3502 3084 3613 3134 res,
3660 3100 3661 3109 ι

2064 3190 2181 3244 qum
2208 3171 2472 3241 praeterita
2503 3178 2604 3231 est,
2634 3168 2722 3221 ﬁat
2758 3166 3141 3234 nonpncterita
3168 3180 3180 3214 :
3210 3164 3351 3217 sicut
3376 3176 3459 3214 res
3477 3174 3621 3247 qiua-

2065 3264 2207 3323 dam,
2235 3276 2351 3329 quae
2370 3273 2604 3327 praesens
2630 3266 2732 3318 est,
2763 3263 2936 3324 potest
2963 3254 3073 3307 ﬁeri
3106 3268 3208 3306 non
3254 3266 3517 3319 prmsens;
3570 3258 3623 3302 et

2070 3353 2249 3421 aliqua
2300 3364 2404 3412 res,
2456 3364 2573 3416 qum
2599 3362 2703 3409 non
2731 3346 3047 3397 necessitate
3072 3342 3248 3393 futura
3287 3350 3389 3402 est,
3437 3348 3617 3405 potest

2068 3441 2182 3495 ﬁeri
2224 3450 2280 3491 ut
2315 3455 2416 3490 non
2454 3438 2519 3489 sit
2547 3435 2749 3486 futura.
2777 3432 2981 3498 Itaque,
3012 3446 3132 3483 Clllll
3167 3429 3360 3481 dicitur
3389 3427 3623 3480 futurum

2067 3532 2132 3585 de
2175 3530 2375 3589 futuro,
2414 3541 2629 3579 necesse
2648 3534 2730 3577 est
2766 3538 2886 3577 esse
2939 3520 3079 3589 quod
3111 3518 3347 3581 dicitur;
3384 3516 3505 3584 quia
3540 3516 3625 3568 l'u-

2068 3629 2243 3671 tnrnm
2274 3631 2544 3681 numquam
2569 3624 2651 3665 est
2677 3628 2778 3663 non
2795 3611 3030 3663 futurum
3060 3623 3075 3660 :
3106 3607 3469 3676 sicutqnoties
3484 3607 3624 3658 idem

2062 3708 2291 3759 dit-imus
2339 3706 2404 3757 de
2448 3704 2657 3756 eodem.
2689 3701 2819 3754 Cum
2851 3701 2995 3751 enim
3026 3698 3255 3750 dicimus
3275 3697 3399 3764 quia
3447 3696 3624 3748 omnis

2064 3798 2223 3851 homo
2244 3804 2325 3850 est
2349 3795 2527 3856 homo,
2554 3800 2645 3844 aut
2670 3790 2712 3844 si
2744 3801 2824 3841 est
2848 3788 3180 3840 homohomo
3207 3796 3316 3848 est;
3347 3794 3439 3836 aut
3462 3800 3620 3838 cuine

2066 3887 2241 3939 album
2293 3894 2375 3938 est
2413 3883 2614 3944 album,
2639 3888 2695 3933 et
2721 3878 2766 3932 si
2802 3886 2885 3932 est
2942 3877 3121 3929 album
3155 3876 3328 3928 albmn
3358 3884 3439 3928 est
3476 3892 3489 3925 :
3522 3890 3611 3927 ue-

2065 3988 2216 4028 cesse
2240 3983 2323 4027 cst
2353 3986 2463 4026 esse
2490 3968 2629 4039 quod
2661 3966 2874 4027 dicitur,
2920 3966 3045 4034 quia
3068 3980 3171 4017 non
3198 3972 3371 4032 potest
3419 3964 3618 4032 aliquid

2042 4058 2222 4120 simul
2258 4077 2376 4116 esse
2404 4069 2457 4115 et
2481 4074 2585 4113 non
2613 4072 2753 4112 esse.
2776 4056 2985 4123 Quippe
3015 4054 3059 4107 si
3117 4068 3220 4107 non
3274 4061 3358 4106 est
3406 4068 3622 4107 necesse

2063 4168 2223 4206 omne
2256 4151 2492 4205 futurum
2514 4163 2635 4203 esse
2659 4147 2896 4201 futurum
2926 4162 2939 4206 ;
2967 4146 3234 4214 quoddam
3263 4145 3356 4175 ³⁶³¹
3389 4143 3622 4197 futurum

2065 4252 2277 4297 nonest
2301 4240 2574 4294 htturum':
2606 4238 2856 4307 quodest
2896 4235 3244 4302 impossibile.
3293 4233 3623 4288 Necessitate

2065 4346 2193 4399 ergo
2232 4346 2388 4384 omne
2408 4328 2667 4391 futurum,
2698 4326 2932 4380 futurum
2959 4316 3221 4387 εειςέιεὶ
3255 4334 3335 4377 εει
3359 4324 3616 4384 futurum,

2063 4421 2299 4473 futurum
2328 4428 2430 4479 est,
2456 4432 2577 4471 cum
2607 4414 2846 4468 futurum
2877 4414 3075 4467 dicitur
3131 4412 3197 4465 de
3249 4413 3429 4465 futuro
3459 4425 3473 4461 :
3522 4412 3616 4465 sed

2065 4511 2161 4540 ³6³³
2192 4509 2513 4563 necessitate
2540 4506 2824 4573 sequente;
2844 4518 2961 4571 qua:
2984 4502 3119 4557 nihil
3146 4516 3265 4557 esse
3285 4502 3446 4569 cogit.

172 6078 359 6109 t“_
370 6102 381 6107 -
420 6086 429 6093 ⁶

1657 4686 1889 4740 VARle
1931 4685 2322 4740 LECTIONES.

499 4839 587 4872 ""
659 4839 850 4892 Videor
908 4838 1030 4893 inde
1100 4854 1320 4907 peccare
1388 4857 1483 4893 ms.
1538 4837 1683 4895 Gem.
1760 4844 1887 4896 mihi
1958 4845 2142 4897 videor
2211 4844 2332 4894 inde
2404 4855 2628 4908 [10.00.3113
2699 4857 2821 4893 mss.
2870 4840 3021 4907 Δι’ἰιτι.
3089 4841 3272 4891 Cistrr.
3339 4839 3465 4891 mihi
3537 4840 3617 4891 vi-

411 4909 969 4981 dent-peccareﬂ'ﬁ"
1000 4908 1056 4963 Si
1118 4923 1445 4981 nonpeero.
1499 4926 1622 4961 mss.
1674 4911 1876 4981 siinon
1942 4930 2104 4981 pecco
2157 4922 2210 4963 et
2268 4925 2366 4975 ego
2441 4909 2532 4940 ""'
2591 4909 2729 4977 Ergo
2782 4910 3058 4981 sciendum
3112 4910 3620 4981 llis§._01ltlll._t'rgo

412 4978 501 5010 “"
550 4977 655 5032 Aut
712 4978 991 5049 prohibth
1059 4992 1178 5030 esse
1232 4976 1483 5049 iniustum
1539 4997 1662 5030 mss.
1719 4980 1902 5033 Cisler.
1943 4976 2045 5032 'aut
2096 4980 2373 5049 prohibeat
2414 4993 2549 5049 eum
2609 4976 2732 5049 εεεε
2781 4977 3205 5049 iniustitiam?"
3236 4976 3347 5049 Sed
3372 4976 3647 5049 voluntas-

412 5061 511 5099 non
542 5062 641 5097 mu
692 5048 831 5114 quod
860 5050 1103 5098 voluntas
1131 5061 1233 5097 non
1308 5045 1398 5081 ³⁶²¹
1428 5046 1564 5110 Quia
1590 5050 1667 5101 sic
1715 5064 1777 5101 ex
1812 5049 2059 5102 libertate
2096 5045 2233 5101 'mss.
2274 5058 2326 5098 et
2381 5047 2424 5098 si
2495 5062 2559 5098 ex
2613 5046 2862 5098 libertate
2936 5047 3024 5076 ³⁰¹¹
3057 5046 3112 5100 Si
3165 5046 3375 5114 prtescit
3423 5046 3621 5111 aliquid

411 5132 529 5182 mss.
568 5114 611 5166 si
645 5118 857 5182 praesrit
888 5117 1024 5168 Deus
1054 5115 1272 5179 aliquid,
1349 5114 1440 5144 ³⁸³³
1471 5115 1523 5167 Id
1552 5126 1631 5168 est
1662 5132 1725 5169 ac
1757 5118 1799 5169 si
1852 5119 2023 5170 diCam
2088 5135 2213 5170 mss.
2274 5116 2413 5167 idem
2464 5126 2546 5167 est
2578 5131 2639 5167 ac
2695 5117 2737 5167 si
2765 5116 2941 5168 dicam
2996 5133 3091 5168 ms.
3164 5114 3289 5167 Vict.
3338 5115 3375 5166 Ε
3428 5114 3487 5164 Ε.
3533 5116 3616 5167 15.

413 5181 546 5252 idem
576 5181 657 5237 est
688 5198 748 5235 ac
774 5184 817 5235 si
845 5186 1053 5237 dicatur
1123 5183 1213 5213 ³⁵³⁸
1243 5183 1527 5252 Ponuntur
1556 5200 1643 5237 res
1677 5201 1825 5247 esse,
1848 5188 2099 5240 dicuntur
2132 5203 2195 5239 ex
2220 5202 2342 5237 mss.
2385 5182 2514 5235 Vict.
2549 5183 2733 5235 (Iisler.
2779 5185 2994 5252 ponitur
3020 5200 3130 5237 rem
3164 5199 3303 5243 esse,
3335 5183 3530 5252 dicitur
3551 5198 3615 5234 ex

412 5249 502 5322 'f"
554 5252 654 5303 Aut
701 5253 822 5322 quia
870 5262 1139 5318 ponuntur
1183 5266 1281 5303 non
1313 5266 1450 5313 esse,
1476 5251 1807 5322 allirmantur
1831 5271 1953 5308 nisa.
1992 5256 2123 5309 Vict.
2149 5264 2239 5307 aut
2259 5256 2377 5322 quia
2408 5254 2621 5320 ponitur
2642 5267 2746 5322 non
2769 5248 2906 5311 esse.
2936 5254 3243 5322 allirmatur
3303 5251 3394 5322 ’ff‘
3421 5248 3592 5322 Nuces

412 5319 537 5372 sitas
562 5334 677 5388 qum
700 5320 781 5390 rei
800 5322 1118 5390 positionem
1150 5336 1269 5371 mss.
1307 5321 1596 5372 necessitas
1652 5322 1723 5374 rei
1776 5326 2091 5389 positionem
2170 5318 2288 5357 “’7'
2313 5318 2589 5390 Signiﬁcat
2613 5321 2701 5373 hic
2727 5323 3026 5375 neceSsilas
3052 5340 3177 5373 mss.
3204 5318 3465 5387 significat
3503 5320 3615 5371 haec

415 5390 696 5441 necessitas
767 5388 857 5417 "“
881 5389 1049 5440 Simul
1075 5404 1193 5443 che
1208 5399 1259 5440 et
1290 5404 1394 5441 non
1425 5404 1659 5455 pnesens
1687 5388 1809 5443 mss.
1844 5394 1998 5447 simul
2026 5410 2143 5448 esse
2168 5410 2270 5446 non
2299 5388 2533 5456 praesens
2606 5390 2699 5419 ³⁶¹⁹
2724 5390 2894 5443 Simul
2923 5400 2977 5442 et
2999 5408 3101 5444 non
3127 5391 3359 5441 futurum
3393 5402 3516 5437 tuas.
3544 5389 3613 5437 si-

418 5457 522 5529 mul
550 5472 651 5529 non
675 5458 906 5529 futurum
984 5458 1074 5529 ξ⁶³⁰
1093 5460 1279 5525 Aliqua
1305 5473 1443 5510 nunc
1462 5468 1542 5529 est
1565 5475 1689 5529 mss.
1720 5460 1895 5529 aliqua
1920 5479 2022 5516 non
2054 5474 2135 5517 est
2208 5462 2296 5492 ³⁶³¹
2319 5460 2485 5513 Simul
2509 5473 2627 5529 esse
2650 5460 3002 5526 przeteritum,
3030 5469 3080 5512 et
3125 5474 3225 5510 non
3246 5472 3363 5509 esse
3389 5465 3613 5529 praeter-

416 5523 561 5577 iltnn.
587 5524 687 5577 Sed
714 5542 832 5597 mss.
851 5526 1003 5578 simul
1031 5523 1270 5597 nonesse
1292 5527 1637 5597 prmteriitunt.
1664 5528 1765 5580 Sed
1812 5523 1919 5561 ’³⁸³⁸
1937 5531 2102 5586 Omne
2119 5532 2353 5583 futurum
2385 5528 2525 5593 quod
2551 5523 2815 5581 futurum:
2840 5530 3102 5597 quoddam
3122 5544 3246 5597 mss.
3279 5540 3435 5578 omne
3465 5524 3608 5575 l'utu-

418 5607 531 5646 rum
554 5609 666 5649 esse
717 5592 947 5648 l‘uturmn
981 5613 990 5645 :
1019 5592 1303 5657 quoddam.
1383 5596 1473 5627 ³⁸³³
1497 5596 1560 5651 Et
1584 5612 1701 5651 cum
1753 5598 1988 5656 futurum
2019 5600 2311 5656 diciturde
2365 5592 2561 5661 futuro,
2598 5598 2642 5652 si
2670 5609 2753 5653 est
2795 5592 3055 5661 futurum,
3108 5596 3341 5651 futurum
3390 5604 3489 5657 est,
3524 5595 3616 5646 sed
