4240 6194
1301 281 1356 335 S.
1399 281 1688 335 ANSELMI
1723 282 2072 338 CANTUAR.
2113 285 2430 341 AllClllEl‘.
2477 289 2626 344 OPP.
2661 291 2836 346 PARS
2865 293 2903 346 1.
2929 323 2994 332 ———
3035 291 3448 355 DQCMATICA.

3877 21 3932 44 ."o
3947 20 4082 44 σ’τικ*
4119 41 4124 46 .

765 276 862 331 5H
1301 281 1356 335 S.
1399 281 1688 335 ANSELMI
1723 282 2072 338 CANTUAR.
2113 285 2384 341 AllClllEl

2377 289 2430 341 Ρ.
2477 289 2626 344 OPP.
2661 291 2836 346 PARS
2865 293 2903 346 l.
2929 323 2994 332 -——
3035 291 3448 354 DOCMATICA.
3856 303 3954 354 .‘il'Z

759 389 883 442 Car.
930 387 1008 440 ΙΙΙ.
1047 419 1113 427 --
1153 390 1301 472 Quod
1337 392 1714 472 (incert-futura.
1745 410 1866 472 ¹ιιοιι
1890 396 1988 448 sint
2025 399 2308 448 accersam:
2343 406 2384 456 Α
2415 411 2621 467 sptutte,
2656 417 2756 454 non
2787 412 3118 470 operaretur,
3145 405 3386 471 quamvis
3411 404 3714 472 qttoslfat-it,
3741 423 3956 462 necesse

993 460 1287 510 necessitate
1307 465 1647 525 pmcrcdcnle,‘
1667 464 1754 514 sed
1779 475 2012 530 sequente
2026 502 2038 514 .

829 543 961 596 Eunt
1010 557 1186 597 autent
1213 547 1449 598 futurum
1476 550 1671 602 dicitur
1704 552 1768 600 tle
1805 567 1884 612 re,
1938 567 2043 604 non
2101 565 2311 618 semper

759 647 847 686 res
873 633 1186 687 necessitate
1207 645 1307 698 est,
1333 639 1575 704 quamvis
1597 639 1667 692 sit
1695 639 1895 691 futura.
1924 639 2056 692 Nam
2090 641 2132 692 si
2158 641 2306 694 dico:

762 719 888 772 Cm:
918 721 1102 773 seditio
1132 723 1316 789 futura
1350 736 1423 778 est
1455 727 1740 794 inpopulo,
1776 744 1878 780 non
1905 737 2084 782 tamen
2120 745 2310 784 ncces-

759 813 921 865 sitate
945 814 1049 865 erit
1079 813 1291 867 seditio.
1320 815 1499 869 Potest
1518 819 1660 870 enim
1680 818 1817 880 fieri,
1835 818 2230 887 antequantsit,
2256 830 2311 874 ut

761 915 864 952 non
925 901 1042 967 fiat,
1085 904 1297 957 etiamsi
1338 914 1420 958 es;
1467 904 1644 958 futura
1677 906 1790 956 ³⁸³³.
1838 906 2140 975 Aliquando
2185 925 2311 962 vero

756 998 861 1051 cst,
911 997 966 1042 ut
995 1005 1080 1044 res
1106 992 1176 1044 sit
1195 1007 1260 1044 ex
1288 994 1611 1048 necessitate
1641 1011 1760 1064 qua:
1782 996 1990 1051 dicitur.
2009 998 2211 1061 futura,
2246 1009 2302 1052 ιιι

759 1078 803 1130 si
843 1078 962 1131 dico
1007 1093 1122 1131 crus
1149 1095 1257 1132 esse
1285 1079 1523 1146 futurum
1551 1093 1722 1134 ortum
1746 1084 1965 1136 solis.Si
2017 1099 2143 1151 ergo
2180 1101 2300 1137 cum

764 1159 1088 1222 necessitate
1141 1170 1381 1223 futurum
1439 1169 1728 1239 pronuntio
1774 1175 1838 1226 de
1874 1188 1930 1224 re
1985 1171 2157 1223 futura
2210 1177 2308 1226 hoc

760 1257 936 1322 modo,
964 1259 1158 1312 seditio
1220 1275 1340 1314 cras
1387 1260 1588 1325 futura,
1643 1261 1960 1314 necessitate
1988 1259 2161 1311 futura
2188 1262 2304 1324 est‘;

759 1355 870 1410 aut,
933 1359 1086 1404 ortus
1123 1350 1252 1404 solis
1283 1365 1406 1404 cras
1435 1349 1668 1414 iuturus,
1718 1349 2038 1404 necessitate
2091 1349 2306 1406 futurus

755 1443 835 1486 est
868 1451 881 1487 :
910 1437 1104 1490 seditio
1128 1439 1361 1504 quidem,
1405 1452 1522 1504 quae
1570 1451 1673 1490 non
1702 1439 1806 1491 erit
1849 1454 1911 1490 es
1965 1441 2303 1510 necessitate,

752 1524 869 1588 sola
902 1527 1142 1592 sequenti
1170 1526 1485 1579 necessitate
1516 1526 1696 1580 futura
1727 1529 2019 1590 asset-itur;
2069 1533 2191 1599 qttia
2228 1532 2306 1585 fu-

757 1623 872 1665 tura
904 1615 967 1666 tle
994 1617 1169 1668 futura
1188 1615 1388 1670 dicitur
1419 1633 1432 1667 :
1465 1618 1514 1682 ,si
1533 1619 1673 1671 enim
1707 1633 1828 1678 cras
1854 1619 2031 1674 futura
2071 1634 2178 1686 est,
2212 1639 2306 1676 ne-

754 1704 1007 1757 cessitate
1048 1703 1222 1756 futura
1253 1715 1332 1757 est
1357 1723 1386 1758 .:
1428 1717 1578 1760 ortus
1616 1723 1741 1762 vero
1788 1710 1917 1764 solis
1956 1713 2162 1765 duabus
2214 1729 2307 1766 ne-

757 1793 1100 1846 cessitatibus
1149 1795 1360 1852 futurus
1408 1797 1741 1866 iltlclligthr,
1773 1801 1972 1855 scilicet
2023 1813 2073 1853 et
2106 1819 2306 1871 praece-

753 1879 896 1936 denti
923 1898 1041 1951 qua:
1067 1883 1192 1938 facit
1245 1901 1355 1938 rem
1422 1900 1580 1948 esse;
1612 1887 1730 1942 ideo
1759 1891 1908 1942 enim
1923 1893 2022 1942 erit
2053 1893 2174 1960 quia
2217 1907 2306 1946 ne-

752 1984 901 2034 cesse
942 1981 1024 2048 est
1070 1983 1126 2025 ιιι
1177 1974 1272 2037 sit;
1304 1983 1359 2028 et
1385 1977 1657 2042 sequenti,
1700 1993 1817 2045 qua:
1846 1979 1972 2031 nihil
1996 1984 2136 2047 cogit
2167 1996 2304 2044 esse,

752 2056 1004 2121 thoniaut
1034 2055 1236 2109 idcirco
1269 2059 1589 2112 necessitate
1627 2063 1835 2114 futurus
1865 2073 1962 2125 est.
2011 2067 2133 2131 quia
2168 2065 2308 2117 futu-

753 2161 845 2198 rus
878 2156 980 2200 est.
1009 2147 1370 2218 Quapropter,
1404 2167 1524 2204 cunt
1553 2153 1776 2206 dicimus
1834 2156 1955 2222 qttia
2001 2158 2138 2223 quod
2170 2157 2308 2212 Dens

754 2238 967 2301 prmscit
992 2237 1251 2304 futurum,
1287 2257 1503 2296 necesse
1538 2253 1617 2297 est
1641 2259 1757 2298 esse
1781 2244 2042 2308 futurum,
2085 2244 2186 2300 non
2219 2263 2306 2300 as-

750 2323 979 2403 seritntts
1009 2327 1102 2358 3""
1130 2344 1343 2397 semper
1373 2346 1480 2383 rem
1508 2349 1624 2385 esse
1650 2337 1971 2390 necessitate
2030 2337 2304 2404 futurant;

750 2413 844 2467 sed
889 2430 998 2470 rent
1035 2414 1292 2480 futuram,
1339 2425 1663 2477 net-chitatc
1709 2441 1828 2480 esse
1881 2429 2138 2482 futuram.
2195 2429 2306 2482 Non

752 2503 892 2555 enim
913 2515 1087 2574 potest
1111 2505 1523 2563 ftttttrutnsitttttl
1554 2529 1657 2565 non
1686 2529 1806 2567 esse
1830 2516 2092 2568 futurum.
2156 2517 2303 2570 Idem

749 2607 945 2646 sensus
969 2604 1072 2660 est,
1102 2599 1144 2649 si
1180 2599 1257 2650 sic
1283 2599 1478 2651 dicitur
1512 2619 1523 2652 :
1559 2601 1616 2654 Si
1651 2601 1787 2655 Deus
1843 2607 2046 2673 prtescil
2089 2605 2308 2672 aliquid,

752 2696 857 2735 non
877 2683 1119 2738 addendo
1135 2688 1371 2754 [utut-nm
1386 2705 1398 2751 ;
1416 2691 1667 2757 quoniam
1683 2695 1986 2760 inpra’scire
2002 2696 2313 2764 intelligitur

753 2770 1006 2835 futurum.
1031 2771 1160 2827 Nam
1181 2787 1383 2830 nonest
1410 2779 1550 2830 aliud
1578 2783 1826 2846 prtescire
1839 2784 2150 2850 qttatnscire
2169 2784 2309 2836 futu-

755 2873 896 2920 rtttn;
919 2869 975 2912 et
1001 2860 1117 2916 ideo
1141 2863 1183 2916 si
1201 2865 1411 2930 prtesci’t
1440 2866 1576 2920 Deus
1606 2868 1832 2937 aliquid,
1852 2862 2166 2924 tteeesseest
2185 2871 2310 2924 illbd

753 2949 1139 3004 csse‘l'uturnnt.
1164 2952 1278 3007 Non
1291 2971 1419 3025 ergo
1441 2973 1650 3026 semper
1671 2961 1912 3028 sequitur
1928 2963 2309 3029 put-scientiam

753 3037 869 3101 Dei,
903 3055 1014 3094 rem
1037 3045 1356 3098 neceSsitate
1383 3045 1613 3100 futuram
1637 3064 1790 3112 esse;
1821 3052 2308 3119 quouiam,quant-
2339 3058 2384 3117 C

755 3127 836 3180 vis
863 3130 1039 3183 omnia
1058 3130 1236 3187 futura
1266 3137 1532 3202 prmsciat,
1559 3154 1660 3191 tton
1689 3148 1862 3191 tanten
1880 3143 2094 3209 ‘pra-scit
2117 3153 2307 3195 cuncta

753 3216 935 3268 futura
988 3221 1329 3287 necessitate,
1385 3225 1475 3277 sed
1518 3227 1759 3293 quaedam
1791 3227 2006 3294 prtescit
2050 3244 2112 3280 ex
2147 3229 2311 3282 libera

757 3307 1031 3377 rationalis
1076 3321 1339 3366 creatura:
1390 3314 1664 3370 voluntate
1731 3316 1935 3371 futura.
2007 3316 2308 3371 Notandum

756 3398 954 3466 quippe
990 3408 1073 3453 est
1099 3402 1251 3469 quia,
1297 3403 1434 3455 sicut
1479 3420 1694 3459 necesse
1731 3421 1834 3458 non
1869 3415 1951 3460 est
1989 3406 2152 3459 Deum
2182 3407 2310 3459 velle

755 3489 898 3553 quod
937 3488 1074 3554 vult;
1109 3491 1180 3542 ita
1206 3507 1422 3546 necesse
1444 3504 1523 3546 est
1567 3494 1615 3545 in
1646 3495 1827 3550 multis
1868 3495 2002 3548 velle
2038 3497 2308 3548 hominem

756 3578 896 3645 quod
930 3579 1082 3639 vult;
1122 3589 1195 3640 et,
1229 3582 1370 3634 sicut
1423 3598 1639 3636 necesse
1678 3593 1761 3636 est
1818 3585 1910 3628 ³⁵³⁸
1966 3600 2103 3645 esse,
2158 3586 2308 3651 quid-

756 3668 884 3734 quid
916 3669 1056 3721 Dt'lls
1087 3672 1221 3729 vult;
1261 3671 1331 3722 ita
1354 3686 1569 3724 necesse
1595 3681 1831 3735 estesse,
1851 3673 1989 3738 quod
2023 3673 2306 3725 vulthotno

755 3757 808 3808 in
835 3755 938 3817 bis,
968 3772 1086 3824 quae
1130 3757 1267 3812 Dens
1292 3758 1360 3810 ita
1412 3759 1594 3812 subdit‘
1621 3761 1865 3814 humana:
1917 3761 2204 3823 voluntati,
2251 3772 2306 3815 ιιι

755 3846 848 3879 ⁸⁸³⁷
875 3848 920 3901 si
962 3847 1071 3900 vult
1097 3848 1244 3913 flant,
1262 3851 1420 3902 sinon
1447 3850 1552 3902 vult
1580 3865 1682 3902 non
1713 3851 1859 3902 liant.
1885 3852 2144 3916 Quoniam
2163 3853 2304 3904 enini

756 3939 896 4004 quod
927 3939 1061 3991 Deus
1090 3938 1220 4002 τιιιι,
1255 3953 1357 3993 non
1392 3946 1566 4006 potest
1597 3955 1698 3991 non
1729 3955 1872 4003 esse;
1903 3955 2022 3991 eum
2067 3939 2175 3992 vult
2217 3941 2310 3993 ho-

761 4026 922 4079 minis
945 4027 1268 4079 voluntatem
1294 4026 1430 4079 nulla
1454 4026 1570 4095 cogi
1602 4028 1681 4081 vel
1707 4028 1975 4096 prohiberi
1993 4030 2309 4083 necessitate

758 4115 826 4167 ad
858 4114 1167 4179 volendum;
1222 4115 1302 4169 vel
1337 4116 1401 4168 ad
1448 4133 1550 4167 nott
1610 4116 1918 4180 volendum,
1957 4125 2012 4170 et
2045 4115 2155 4169 vult
2184 4116 2308 4170 effc-

759 4214 906 4258 ctutn
937 4206 1468 4279 seqttivoluntatetn;
1503 4216 1628 4261 tunc
1674 4217 1890 4261 necesse
1927 4218 2010 4262 est
2064 4208 2307 4262 volunta-

759 4301 866 4346 tem
899 4308 1015 4347 esse
1035 4290 1276 4362 libera'm,
1315 4304 1368 4351 et
1397 4312 1514 4350 esse
1543 4297 1684 4364 quod
1739 4298 1869 4350 vult.
1901 4297 1954 4350 lu
2000 4297 2299 4365 lmjusntodi

2411 492 2480 544 sit
2509 492 2646 553 fieri,
2674 502 2724 543 ttt
2750 509 2907 561 supra
2936 493 3064 545 dixi.
3091 491 3241 555 Nam,
3273 495 3521 562 quoniam
3551 511 3653 547 non
3683 506 3762 548 est
3816 498 3981 553 aliud.

2414 583 2481 635 ibi
2511 598 2749 660 peccare,
2780 599 2938 650 quam
2968 585 3100 638 velle
3125 587 3261 653 quod
3292 602 3392 639 non
3422 585 3604 649 debet;
3633 586 3706 640 ita
3736 602 3841 639 non
3878 596 3965 642 est

2413 682 2681 739 peccatum
2731 673 3022 726 voluntatis
3057 677 3437 738 necessarium,
3483 677 3619 731 sicut
3667 676 3800 731 velle
3853 693 3959 732 non

2411 772 2490 816 cst
2513 762 2867 815 necessarium
2901 778 2915 816 :
2947 772 3122 817 tamen
3149 782 3328 819 verum
3360 776 3441 820 cst
3461 747 3580 835 quia
3610 767 3655 821 si
3678 767 3960 823 vultltomo

2412 863 2653 918 peccare,
2684 863 2900 902 necesse
2929 849 3009 902 est
3033 867 3152 903 eum
3185 869 3433 918 peccare;
3459 857 3549 910 sed
3570 871 3632 910 ea
3673 856 3962 911 necessita-

2414 954 2461 997 te
2490 958 2646 1010 quam
2675 959 2834 1012 supra
2880 946 2984 998 dixi
3016 946 3165 1014 (Cap.
3197 947 3250 1014 2)
3281 949 3409 1000 nihil
3434 968 3621 1018 cogere
3655 963 3748 1006 aut
3781 955 3964 1022 prohi-

2412 1031 2553 1083 bere.
2584 1031 2762 1098 Itaque
2788 1033 2926 1098 quod
2948 1033 3054 1084 vult
3086 1033 3249 1086 libera
3297 1036 3559 1100 voluntas,
3610 1049 3661 1093 et
3707 1050 3880 1108 potest
3909 1051 3964 1096 et

2410 1136 2512 1173 non
2539 1128 2714 1186 potest
2765 1137 2869 1176 non
2911 1122 3063 1186 velle,
3085 1133 3142 1176 et
3184 1137 3402 1178 necesse
3425 1135 3505 1179 est
3539 1142 3654 1181 eam
3683 1131 3818 1184 velle
3847 1132 3962 1184 ³⁸³³.

2411 1210 2589 1266 Potest
2612 1226 2840 1279 namque
2871 1228 2973 1266 non
3001 1213 3130 1267 velle
3156 1223 3440 1284 antequam
3472 1215 3761 1287 velit,-qttia
3791 1219 3958 1275 libera

2408 1308 2517 1362 est;
2545 1308 2738 1352 etcum
2760 1300 2870 1368 jam
2895 1293 3002 1360 vult
3036 1301 3154 1365 ³⁸⁸⁸³,
3188 1319 3290 1355 ιιοιι
3315 1313 3491 1370 potest
3532 1322 3634 1358 non
3687 1308 3846 1374 velle,
3871 1311 3963 1363 sed

2408 1393 2524 1440 eam
2554 1387 2687 1440 velle
2715 1403 2934 1443 necesse
2970 1399 3078 1453 est;
3111 1392 3360 1458 quoniam
3389 1393 3716 1461 impossibile
3751 1395 3839 1448 ille
3882 1405 3964 1450 est

2409 1480 2632 1548 idipsum
2661 1481 2816 1535 simul
2837 1489 2890 1534 et
2920 1481 3051 1536 velle
3076 1492 3130 1535 et
3160 1499 3262 1537 non
3284 1485 3430 1537 velle.
3463 1484 3605 1549 Opus
3634 1500 3761 1538 vero
3776 1486 3966 1540 volun-

2410 1569 2549 1628 tatis.
2573 1570 2656 1623 cui
2675 1570 2851 1623 datum
2883 1581 2966 1624 est
2987 1580 3043 1623 ιιι
3066 1572 3203 1640 quod
3236 1572 3345 1644 vult
3373 1574 3459 1635 sit,
3495 1583 3548 1626 et
3573 1575 3713 1642 quod
3734 1589 3840 1627 non
3859 1575 3967 1630 vult

2411 1671 2514 1710 non
2575 1659 2663 1724 sit,
2715 1660 3071 1713 voluntarium
3117 1663 3230 1716 sive
3271 1675 3620 1730 spontaneum
3667 1673 3792 1732 est;
3833 1681 3968 1732 quo~

2341 1729 2383 1788 Β
2413 1748 2553 1800 niam
2582 1758 2869 1815 spontanea
2895 1749 3163 1804 voluntate
3192 1751 3248 1804 fit
3278 1769 3292 1804 :
3321 1763 3372 1805 et
3405 1754 3646 1807 hifariam
3674 1770 3758 1808 est
3785 1748 3970 1809 neces-

2408 1838 2630 1900 sariutn,
2664 1841 2787 1908 quia
2810 1845 2863 1895 et
2895 1842 3162 1896 voluntate
3181 1845 3759 1914 cogiturfierhetquod
3779 1849 3837 1899 lit
3865 1863 3966 1900 non

2410 1941 2587 1999 potest
2613 1932 2771 1985 simul
2829 1948 2933 1984 non
2986 1932 3121 1986 fieri.
3157 1933 3260 1985 Sed
3301 1935 3396 1987 has
3442 1936 3791 1989 necessitates
3845 1936 3970 1989 facit

2410 2021 2696 2076 voluntatis
2725 2021 2958 2086 libertas,
2989 2037 3125 2091 qum,
3152 2023 3460 2091 priusquam
3491 2025 3618 2085 sint,
3647 2039 3739 2078 eas
3781 2039 3969 2079 cavere

2412 2120 2605 2180 potest.
2638 2111 2760 2166 Ilaec
2783 2111 2958 2165 omnia
2985 2112 3140 2173 Dens,
3164 2114 3250 2180 qui
3279 2113 3379 2166 scit
3434 2129 3645 2167 omnem
3686 2113 3967 2166 veritatem

2413 2210 2465 2254 et
2499 2202 2705 2255 nonnisi
2735 2203 3031 2264 veritatem,
3061 2202 3195 2255 sicut
3221 2218 3339 2256 sunt
3369 2213 3659 2270 spontanea
3687 2203 3968 2256 velueces—

2409 2292 2566 2351 saria.
2585 2293 2742 2355 videt,
2757 2293 2956 2346 cts‘icut
2973 2293 3135 2357 videt,
3157 2293 3226 2346 ita
3240 2303 3382 2346 sunt.
3404 2293 3509 2347 llac
3521 2308 3648 2363 ergo
3663 2287 3968 2348 considera-

2413 2381 2553 2434 tione
2585 2381 2757 2450 palam
2773 2389 2852 2434 est
2879 2381 3002 2450 quia
3032 2382 3145 2436 sine
3172 2383 3314 2435 omni
3344 2383 3710 2452 repugnantia,
3735 2393 3794 2434 et
3837 2383 3978 2436 Deus

2413 2472 2623 2538 przcscit
2667 2473 2866 2535 omnia,
2906 2483 2961 2525 et
2992 2473 3155 2526 multa
3186 2472 3319 2526 fiunt
3348 2488 3412 2526 ex
3459 2472 3620 2527 libera
3669 2472 3962 2536 voluntate,

2412 2575 2566 2628 quae,
2640 2570 2921 2628 antequam
2969 2562 3118 2624 sint,
3180 2560 3290 2614 fieri
3340 2570 3512 2627 potest
3565 2568 3622 2614 ut
3697 2575 3964 2628 nunquam

2413 2653 2547 2714 sint;
2607 2660 2659 2704 et
2710 2661 2887 2704 tamen
2955 2651 3344 2718 quodammodo
3396 2661 3520 2703 sunt
3588 2652 3958 2705 necessitate:

2413 2754 2530 2806 qua:
2573 2739 2864 2793 necessitas
2891 2779 2904 2804 ,
2949 2747 3005 2791 ut
3032 2737 3162 2800 disi,
3209 2738 3480 2790 descendit
3503 2738 3566 2791 de
3590 2737 3760 2793 libera
3793 2739 3964 2792 volun-

2415 2838 2464 2882 ta
2473 2839 2540 2881 te.

2413 2959 2538 3011 (lar.
2555 2957 2616 3010 IV
2628 2958 2778 3012 .—Si
2788 2957 3109 3028 prtcscieutia
3124 2957 3216 3028 Dei
3239 2960 3586 3011 necessitatem
3613 2958 3802 3028 ingerit
3827 2958 3968 3012 rebus

2483 3044 2610 3095 quas
2640 3029 2842 3094 pra-scit
2862 3043 2887 3107 ';
2927 3027 3032 3094 ipse
3061 3027 3192 3093 nihil
3224 3027 3347 3096 facit
3375 3027 3720 3091 ex'tibertate,
3745 3030 3840 3081 sed
3864 3043 3967 3081 ont-

2487 3112 2570 3148 ma
2595 3111 2657 3146 ea:
2681 3105 2999 3168 necessitate.

2409 3217 2412 3219 Α
2483 3218 2739 3284 Cognosci
2794 3227 2968 3286 potest
3010 3218 3171 3272 etiam
3217 3234 3320 3270 non
3385 3218 3562 3271 omnia
3595 3233 3714 3284 quae
3757 3219 3971 3286 pnescit

2414 3308 2552 3361 Dens
2571 3322 2688 3361 esse
2716 3322 2779 3361 ex
2807 3308 3125 3362 necessitate
3146 3350 3160 3372 ,
3187 3308 3278 3360 setl
3309 3309 3549 3375 qtaetlam
3581 3307 3693 3360 fieri
3711 3321 3779 3361 ex
3811 3307 3968 3360 liber-

2415 3394 2522 3448 tate
2550 3397 2870 3461 voluntatis;
2924 3398 3069 3464 quia,
3116 3413 3234 3449 cunt
3269 3397 3358 3430 "“
3410 3399 3522 3449 vult
3560 3406 3652 3449 aut
3677 3396 3807 3451 facit
3838 3397 3970 3450 Deus

2413 3480 2761 3547 ηιὶιιιιίι1,5ἱνθ
2781 3481 3068 3534 secnndtnu
3103 3481 3635 3534 mternitalisdieatnr
3659 3480 3970 3536 immutabi-

2410 3577 2510 3627 lem
2538 3574 2873 3637 pr:esentiatn
2899 3573 3012 3633 ’5“,
3052 3574 3103 3625 in
3135 3578 3239 3640 qtia
3267 3572 3392 3624 ttiltil
3417 3583 3497 3626 est
3526 3573 3851 3641 praeteritum
3883 3582 3970 3625 aut

2415 3663 2569 3731 125
2590 3664 2852 3724 futurum,
2882 3662 2976 3716 sed
3001 3663 3177 3715 omnia
3193 3663 3345 3714 simul
3371 3663 3620 3716 suntsine
3635 3663 3966 3725 omnitnotu;

2416 3761 2490 3811 ιιι,
2519 3753 2562 3804 si
2596 3751 2824 3804 dicimus
2846 3751 2967 3816 quia
2989 3766 3090 3804 non
3118 3751 3384 3804 voluitaut
3410 3751 3568 3816 volet,
3602 3765 3698 3805 nec
3719 3751 3848 3805 fecit
3882 3759 3970 3804 aut

2411 3845 2569 3898 faciet
2615 3845 2851 3911 aliquid,
2915 3845 3006 3898 sed
3063 3853 3265 3896 tantum
3325 3845 3551 3897 νυ1ι³⁶⁴³
3578 3854 3632 3898 et
3673 3845 3832 3909 facit;
3860 3845 3968 3900 sive

2410 3932 2700 3986 Secundum
2719 3943 2924 4001 tempus
2937 3931 3078 3984 velut
3103 3947 3222 3986 cum
3244 3932 3562 4000 proferimus
3575 3933 3698 4000 quia
3727 3934 3868 3987 volet
3881 3940 3968 3984 aut

2410 4023 2570 4076 faciet
2592 4025 2730 4090 quod
2753 4024 2985 4076 nondum
3000 4021 3196 4098 factum
3218 4036 3335 4076 esse
3347 4023 3752 4092 cegnoscitnus:
3788 4021 3966 4091 negari

2409 4118 2589 4186 nequit
2616 4117 2754 4170 scire
2780 4131 2896 4184 quas
2927 4116 3036 4169 vult
3061 4124 3113 4169 et
3144 4115 3298 4181 facit,
3335 4126 3388 4170 et
3418 4115 3666 4185 prmscire
3687 4130 3806 4184 quae
3831 4114 3966 4168 volet
3993 4175 3998 4179 _
4030 4153 4035 4161 .

2407 4217 2566 4275 atque
2593 4205 2770 4259 faetet.
2799 4204 2976 4275 Quare
3001 4207 3043 4259 si
3072 4205 3208 4258 seire
3222 4214 3380 4274 atque
3403 4204 3650 4272 pnescire
3663 4203 3754 4260 Dei
3781 4217 3964 4259 neces-

2408 4298 2622 4351 sitatem
2653 4297 2841 4364 ingerit
2871 4296 3138 4357 omnibus,
3163 4311 3282 4364 quae
3311 4295 3410 4348 scit
3437 4304 3528 4348 aut
3549 4296 3762 4364 praescit
3787 4313 3802 4360 ;
3839 4293 3963 4348 nihil

757 4402 887 4456 ergo
911 4399 1095 4440 verunt
1146 4397 1225 4441 est
1253 4389 1376 4457 quia
1429 4388 1750 4442 necessitate
1804 4389 1873 4441 sit
1908 4405 2038 4457 opus
2078 4389 2300 4456 peccati,
2337 4377 2381 4433 ι)
2408 4386 2694 4440 secundum
2726 4386 3076 4439 :eternitatem
3107 4393 3198 4436 aut
3227 4383 3516 4438 secundum
3539 4383 3704 4436 ullum
3737 4394 3958 4452 tempus,

759 4478 898 4544 quod
932 4477 1041 4528 vult
1095 4478 1250 4530 homo
1303 4477 1506 4539 facere;
1559 4476 1802 4543 quamvis
1830 4493 1934 4530 non
1985 4478 2305 4530 necessitate

760 4568 904 4624 velit.
933 4568 1082 4634 Quod
1103 4568 1148 4621 si
1173 4567 1429 4636 quaeritur
1456 4568 1518 4621 de
1551 4578 1769 4635 peccato
1793 4568 1956 4634 ipsius
1993 4567 2307 4630 voluntatis,

758 4672 877 4711 cum
908 4667 1095 4726 peccat
1119 4657 1361 4721 volendo,
1406 4666 1579 4708 utrum
1617 4657 1686 4708 sit
1712 4657 2051 4717 necessitate,
2093 4671 2313 4722 respon-

759 4749 990 4802 dendum
1019 4759 1098 4802 est
1124 4748 1246 4817 quia
1279 4748 1413 4801 sicut
1447 4763 1548 4800 non
1578 4747 1690 4799 vult
1717 4733 2054 4809 necessitate,
2099 4746 2168 4797 ita
2203 4760 2306 4797 non

763 4845 845 4893 est
872 4849 1142 4905 peccatum
1176 4838 1459 4892 voluntatis
1486 4839 1822 4891 necessitate.
1845 4836 1948 4891 Nec
1967 4837 2310 4891 necessitate.

762 4937 1013 4994 operatur
1069 4929 1256 4982 eadem
1307 4927 1398 4958 ³⁸³⁸
1447 4927 1718 4993 voluntas;
1760 4929 1882 4996 quia
1918 4928 1963 4981 si
1993 4944 2098 4982 non
2149 4926 2308 4980 vellet

2413 4475 2522 4526 vult
2557 4484 2646 4526 attt
2673 4472 2833 4526 faciet
2863 4473 2974 4540 ipse
2998 4487 3059 4524 ex
3090 4473 3332 4526 libertate
3353 4510 3369 4535 ,
3397 4471 3489 4525 sed
3509 4471 3686 4524 omnia
3713 4484 3966 4525 exueceso

2411 4566 2612 4618 sitate:
2659 4564 2797 4632 quod
2856 4564 2900 4616 si
2953 4562 3241 4616 absurdum
3293 4570 3372 4615 est
3417 4561 3500 4614 vel
3559 4561 3796 4628 opinari,
3863 4576 3961 4614 non

2411 4655 2731 4708 necessitate
2770 4663 2847 4707 est
2874 4662 2965 4704 aut
2997 4661 3233 4716 nonest,
3283 4666 3442 4704 omne
3489 4653 3627 4720 quod
3682 4652 3786 4706 scit
3830 4649 3964 4702 Dens

2413 4751 2501 4794 aut
2529 4740 2740 4810 prmseit
2783 4756 2901 4793 esse
2937 4739 3016 4794 vel
3046 4754 3146 4792 non
3175 4754 3312 4794 esse.
3366 4739 3504 4809 Ergo
3541 4738 3670 4793 nihil
3720 4737 3960 4807 prohibet

2413 4832 2608 4900 aliquid
2639 4831 2762 4885 sciri
2793 4830 2871 4883 vel
2898 4829 3130 4899 pt'tesciri
3155 4829 3221 4882 ab
3257 4829 3344 4881 illo
3398 4828 3448 4880 in
3505 4827 3698 4881 nostris
3727 4827 3965 4882 volunta-

2420 4923 2560 4977 tibus
2594 4932 2646 4976 et
2669 4922 2964 4976 actionibus
2988 4920 3098 4974 ﬁeri
3121 4960 3136 4984 ,
3170 4930 3260 4973 aut
3283 4919 3515 4972 futurum
3543 4931 3659 4971 esse
3700 4932 3795 4986 per
3837 4917 3963 4970 libe-

2019 5077 2249 5132 VARIAE
2287 5071 2691 5130 LECTIONES.

762 5231 888 5274 mss.
917 5224 971 5272 et
1015 5216 1056 5269 si
1082 5223 1166 5269 est
1190 5213 1441 5272 futurum.
1474 5211 1704 5266 futurum
1731 5222 1832 5276 est,
1871 5230 1992 5267 cum
2051 5212 2287 5264 futurum
2317 5209 2516 5261 dicitur
2548 5208 2611 5261 de
2642 5206 2982 5279 interesset!
3059 5201 3352 5279 f“f__Etiam
3385 5215 3501 5268 qua:
3523 5199 3698 5254 futura
3728 5210 3808 5266 est
3835 5213 3956 5279 tuas.

759 5284 970 5342 etiamsi
1002 5294 1082 5340 est
1119 5285 1294 5338 ftttttra
1371 5281 1462 5312 ³⁶³³
1492 5281 1602 5333 Νοιι
1655 5273 1946 5337 asseritnns
1997 5298 2119 5334 mss.
2161 5281 2294 5331 Vict.
2337 5295 2442 5330 non
2487 5278 2746 5329 asseritttr
2821 5276 2911 5305 ³⁸³⁸
2942 5275 3006 5326 Et
3031 5273 3288 5342 similiter
3328 5285 3543 5323 necesse
3587 5286 3712 5342 mss.
3746 5279 3800 5323 et
3825 5273 3959 5321 sicut

764 5339 982 5412 necesse
1012 5339 1023 5340 ί
1054 5356 1146 5394 ³⁵³⁷
1184 5353 1436 5406 Humana:
1463 5360 1662 5402 naturm
1686 5362 1737 5403 et
1778 5352 2059 5412 voluntati,
2113 5361 2167 5402 ιιι
2217 5365 2338 5401 mss.
2393 5348 2634 5399 hutnatue
2684 5345 2966 5404 voluntati,
3001 5353 3055 5394 ut
3131 5341 3225 5412 “3?
3256 5339 3580 5407 Operaretur
3609 5339 3792 5412 eadem
3836 5349 3956 5412 mss:

933 5432 1269 5495 roperaretur
1291 5421 1474 5495 eadem

1552 5420 1640 5449 ³⁸³⁸
1673 5421 1763 5473 Est
1797 5436 1916 5474 eum
1948 5420 2080 5473 velle
2111 5437 2231 5472 mss.
2266 5426 2348 5470 est
2369 5431 2486 5469 eam
2521 5415 2653 5468 velle

2728 5415 2819 5444 ³⁶⁵⁰
2857 5414 2920 5466 Et
2956 5401 3094 5464 cum
3128 5411 3235 5460 vult
3284 5401 3406 5460 mss.
3437 5419 3488 5460 et
3540 5423 3660 5460 cum
3699 5408 3806 5475 jam
3855 5401 3960 5454 vult

769 5475 1171 5550 "desinitis
1194 5492 1334 5559 quod
1385 5505 1650 5559 cummss.
1687 5491 1808 5556 quia
1851 5505 1970 5542 cum
2024 5507 2146 5542 mss.
2198 5486 2384 5540 δέδιεν.
2444 5500 2560 5559 per_
2591 5485 2687 5559 hoc
2739 5484 2880 5559 quia_
2926 5497 3043 5534 cum
3097 5478 3209 5559 ff“
3243 5477 3545 5559 secundum
3591 5475 3955 5559 aeternitatem.

771 5539 2224 5625 tlicat-initniiha'bi'lent—prae-scientiam-intss.secundum
2277 5539 2592 5625 tcteru'italis
2616 5539 3252 5625 dicat-ut"immutabilem
3277 5539 3284 5549 ’
3305 5564 3393 5614 pra
3414 5547 3637 5625 sentiam
3669 5560 3789 5598 mss.
3832 5539 3950 5598 Vict,

770 5630 854 5681 l5.
881 5632 1060 5685 Cistt’r.
1097 5631 1385 5684 secundum
1420 5627 1748 5680 zt'tcrnitatis.
1794 5668 1796 5670 τ
1828 5629 2214 5691 prtrscientiaut

2297 5625 2384 5654 “3‘3
2419 5623 2521 5677 Sed
2559 5632 2731 5675 tamen
2771 5621 2877 5672 vult
2905 5636 3026 5672 mss.
3072 5617 3161 5672 sed
3219 5627 3422 5669 tantum
3471 5617 3575 5665 vult
