4240 6208
335 161 365 211 Si
378 160 390 210 l
403 159 434 208 3
1138 154 1222 208 DF.
1263 149 1600 206 (ZONCORD.
1644 148 1725 201 [ιιι
1740 141 1909 197 ESC.

1984 139 2053 192 .tct
2097 137 2231 191 amt
2272 137 2393 215 Lm.
2436 136 2704 189 Atnirtn.
3429 133 3530 188 rat

335 288 451 326 mm
480 269 754 323 arlmrim“
785 282 798 322 ε
833 279 911 326 m.
948 265 1191 335 quamvis
1215 278 1432 315 necesse
1477 261 1543 313 είι
1587 273 1708 313 esse
1754 255 1891 314 quod
1926 265 1965 318 Α
1995 249 2148 301 nibus
2189 265 2249 302 ex
2304 249 2542 302 libertate
2591 243 2794 299 arbitrii
2835 245 3118 320 aliquando
3148 253 3230 298 est
3266 245 3534 302 mutabile.

334 361 434 414 scil
456 370 539 413 aut
568 361 774 427 przesrit
801 400 813 421 ,
849 367 1022 409 tamen
1050 353 1208 406 multa
1232 352 1362 403 [iant
1389 351 1525 417 nulla
1553 348 1887 405 noeessitato,

335 452 428 505 sed
475 443 638 502 libera
688 448 994 508 voluntate,
1041 443 1487 511 quemadmodum
1537 455 1690 507 supra
1742 453 1891 488 tuon-

334 539 495 592 stravi
529 539 665 607 (rap.
705 539 771 601 ί).
807 534 1004 601 Nempe
1027 531 1151 598 quid
1180 531 1368 582 tuirtun
1388 570 1401 590 ,
1426 530 1467 582 si
1495 529 1593 581 hoc
1623 527 1779 580 modo
1799 525 1893 605 avli-

334 630 458 698 quid
501 637 577 680 est
628 643 690 678 ex
740 626 982 676 libertate
1014 631 1066 676 et
1095 637 1160 675 ex
1189 622 1538 684 necessitate,
1574 634 1693 672 eum
1731 617 1891 669 multa

335 723 440 775 sint
482 720 572 750 π’*
613 733 730 784 qme
779 716 1040 782 rccipiunt
1084 715 1324 782 opposita
1377 711 1587 764 diversa
1638 709 1895 761 ratione?

333 810 462 875 Qua:
492 822 718 873 namque
747 805 914 870 magis
939 804 1176 872 opposita
1221 814 1378 865 sunt,
1442 817 1598 868 quam
1652 799 1797 850 adire
1843 807 1896 848 et

336 890 526 951 abire?
559 883 806 950 Videmus
836 888 1013 946 tamen
1035 933 1049 958 ,
1105 907 1225 946 cum
1255 891 1444 952 transit
1471 888 1661 956 aliquis
1687 888 1751 937 de
1782 884 1895 937 loco

334 987 400 1038 ad
424 984 629 1046 locum,
658 984 778 1052 quia
809 983 944 1035 idem
981 983 1058 1036 ire
1083 1019 1098 1044 ,
1125 990 1206 1034 est
1227 981 1377 1033 adire
1392 979 1482 1009 ""‘
1509 988 1562 1030 et
1585 978 1748 1029 abire.
1775 974 1893 1028 Abit

333 1075 473 1128 enim
498 1073 563 1128 de
593 1074 705 1126 loro
731 1061 834 1136 ,‘ct
869 1072 978 1124 adit
1004 1071 1068 1124 ad
1090 1071 1285 1145 locum.
1318 1071 1446 1122 Item‘
1493 1063 1603 1120 τ’δί
1647 1066 1893 1118 conside—

339 1180 513 1218 remus
547 1165 709 1224 solem
742 1165 838 1215 sub
862 1164 1037 1230 aliqua
1087 1170 1237 1230 parte
1295 1159 1412 1212 ναειί
1445 1197 1460 1221 ,
1517 1174 1635 1210 cum
1687 1170 1897 1221 semper

334 1253 526 1304 emtum
545 1253 814 1305 lustrando
838 1251 1156 1304 adeamdem
1179 1257 1383 1318 partem
1406 1247 1638 1305 festinet,
1657 1245 1895 1299 videmus

334 1344 459 1410 quia
497 1342 634 1396 idem
664 1343 807 1396 loeus
831 1353 912 1394 est
941 1357 968 1394 a
1001 1355 1106 1410 quo
1136 1341 1336 1394 recedit
1356 1349 1408 1401 ct
1453 1339 1516 1392 ad
1556 1354 1711 1406 quem
1734 1351 1891 1390 acce-

337 1428 440 1491 dit,
471 1437 524 1482 et
551 1429 911 1483 indcsinenter
935 1429 989 1482 ei
1011 1429 1194 1483 eodem
1219 1439 1456 1496 tempore
1478 1429 1890 1496 appropinquat,

339 1531 370 1568 a
408 1531 513 1581 quo
543 1516 839 1584 elongamr.
875 1516 1028 1569 Patet
1051 1517 1210 1570 etiam
1242 1530 1456 1568 cursum
1483 1516 1595 1584 ejus
1618 1531 1719 1567 non
1744 1517 1894 1582 igno-

1992 339 2139 391 Sieut
2165 339 2306 390 enim
2332 339 2571 403 quamvis
2599 337 2649 388 in
2671 337 2968 402 :etcrpitate
2997 351 3098 388 non
3148 334 3244 388 fuit
3299 346 3391 387 aut
3437 338 3540 389 erit

1992 429 2187 497 aliquid
2214 469 2226 489 ,
2258 428 2350 479 sed
2375 436 2575 478 tantum
2603 434 2717 489 est,
2747 437 2798 478 et
2823 436 2998 477 taunm
3025 427 3074 477 iu
3107 437 3339 494 tempore
3371 426 3465 478 fuit
3487 437 3542 480 et

1991 521 2092 572 erit
2117 516 2312 586 aliquid
2348 517 2462 569 sine
2496 518 2832 585 repugnantia
2861 535 2874 579 ;
2905 518 2972 568 ita
3004 519 3210 584 quodin
3241 518 3538 572 aeternitate

1995 611 2184 663 tnutari
2221 609 2430 676 nequit,
2487 609 2536 658 in
2589 617 2820 674 tempore
2854 607 3131 673 aliquando
3179 625 3271 674 per
3316 609 3535 660 libi-ratu

1994 699 2319 749 voluntatem
2352 705 2634 762 antequam
2679 696 2776 757 sit,
2827 711 2942 748 esse
2992 698 3238 749 mutabile
3284 699 3538 763 promitur

2000 790 2198 856 absque
2231 786 2652 840 inconvenientia
2682 804 2694 837 :
2726 787 2966 852 quamvis
2995 796 3166 839 autem
3197 788 3263 840 ibi
3308 789 3434 842 ttibil
3471 791 3540 841 sit

1995 877 2089 929 nisi
2117 891 2379 948 prwsens,
2413 890 2514 927 non
2547 884 2628 928 est
2658 883 2832 926 tamen
2885 874 3008 927 illud
3058 891 3289 943 pnescus
3338 888 3538 944 tempo-

1995 965 2100 1016 rale
2128 1004 2140 1029 ,
2173 965 2309 1016 sicut
2334 973 2571 1016 nostrum
2596 979 2608 1024 ;
2635 963 2725 1016 sed
2750 971 3004 1016 aeternum
3029 1001 3042 1024 ,
3087 964 3136 1016 in
3170 980 3277 1031 quo
3299 975 3536 1028 tempora

1993 1045 2182 1106 cuneta
2211 1053 2567 1107 continentur.
2597 1051 2868 1120 Siquidem
2889 1091 2902 1112 ,
2939 1053 3378 1118 quemadmodum
3408 1069 3555 1119 υνίυει·

1995 1159 2115 1196 scus
2144 1155 2346 1211 tempus
2368 1144 2599 1197 continet
2628 1158 2839 1196 omnem
2873 1143 3044 1195 laeum
3073 1154 3124 1196 el
3165 1159 3283 1210 qua:
3313 1149 3363 1194 in
3409 1159 3543 1210 quo-

1998 1230 2115 1282 libet
2142 1231 2252 1283 loco
2280 1240 2430 1293 sunt;
2468 1232 2535 1282 ita
2575 1240 2772 1284 aeterno
2803 1232 3050 1298 pnesenti
3092 1231 3248 1284 simul
3279 1230 3546 1285 clauditur

1994 1336 2150 1373 omne
2176 1330 2379 1387 tempus
2411 1330 2463 1374 et
2491 1335 2607 1388 qua:
2652 1330 2772 1371 sunt
2821 1322 2871 1390 in
2903 1321 3137 1387 quolibet
3169 1332 3400 1387 tempore
3425 1321 3540 1375 im.

1997 1407 2126 1460 Cum
2150 1421 2274 1475 ergo
2303 1408 2377 1459 ait
2421 1407 2698 1473 Apostolus
2726 1408 2846 1474 quia
2898 1391 3033 1460 Deus
3073 1410 3282 1473 tumescit
3331 1417 3545 1463 sanrtos
3609 1443 3613 1447 -

1997 1512 2150 1559 suos,
2184 1497 2605 1564 przedcstinavit,
2651 1497 2852 1548 vocavit
2879 1535 2893 1558 ,
2938 1498 3246 1563 justilitavit
3273 1541 3286 1562 ,
3341 1501 3547 1565 magni-

339 1604 614 1668 rantibus,
671 1583 793 1674 quia
850 1606 892 1659 si
937 1605 1129 1658 coelum
1184 1583 1583 1660 consideremus
1609 1644 1624 1668 ,
1687 1617 1895 1672 semper
1931 1598 1968 1655 ll
2002 1583 2174 1637 ίίείινίι
2198 1623 2210 1646 ν
2244 1583 2373 1636 “illi!
2402 1584 2768 1674 h0"""'i’"l"5
2807 1593 2896 1634 in”
2919 1585 3181 1651 P02}utrius
3210 1588 3347 1652 ill"Id
3379 1585 3546 1639 Dem"

337 1696 531 1749 transit
559 1698 626 1749 ab
654 1697 968 1750 occidentali
1006 1708 1155 1766 parte
1193 1699 1257 1750 ad
1288 1697 1618 1756 orientalem.
1666 1696 1720 1748 Si
1773 1711 1897 1748 vero

340 1785 910 1846 terramattendimus.
959 1801 1226 1852 nunquam
1275 1786 1374 1838 nisi
1431 1785 1498 1837 ab
1546 1785 1790 1838 orientali
1834 1785 1898 1836 ad

337 1873 761 1937 occidentalem,
798 1883 851 1928 et
888 1875 965 1927 sic
1018 1887 1228 1943 semper
1276 1881 1461 1928 contra
1509 1873 1898 1946 ﬁrmamentum

339 1962 501 2025 vadit,
535 1972 590 2015 et
617 1963 736 2016 licet
759 1963 982 2025 tardius,
1014 1977 1132 2015 cum
1166 1963 1501 2015 ﬁrmamento
1528 1979 1540 2013 :
1573 1962 1710 2030 quod
1730 1963 1897 2030 ipsmn

340 2049 659 2104 inmunibus
689 2050 913 2119 planetis
943 2051 1196 2104 cernitur.
1248 2051 1322 2104 Ita
1372 2050 1687 2118 ergO'nulla
1728 2051 1899 2104 oritur

341 2137 688 2206 repugnantia
712 2177 727 2202 ,
761 2138 804 2192 si
833 2139 1119 2192 secundum
1152 2138 1430 2206 praedictas
1481 2137 1714 2191 rationes
1755 2151 1901 2191 assc-

342 2225 504 2278 rimus
535 2227 670 2278 idem
696 2227 896 2294 aliquil
943 2241 1059 2280 esse
1097 2226 1410 2280 necessitate
1458 2226 1693 2280 futurum
1716 2265 1730 2288 ,
1777 2230 1901 2294 quia

341 2324 422 2368 est
453 2315 719 2378 futurum;
748 2325 797 2367 cl
824 2316 961 2367 nulla
993 2317 1108 2382 cogi
1144 2315 1463 2369 necessitate
1486 2330 1605 2369 esse
1634 2315 1866 2368 futurum
1885 2355 1899 2379 ,

341 2405 441 2458 nisi
487 2418 547 2458 ea
583 2405 938 2468 neces-.itate,
977 2420 1138 2474 quam
1187 2420 1345 2474 supra
1387 2404 1495 2459 dixi
1529 2407 1668 2475 (cap.
1697 2404 1751 2474 5)
1790 2404 1900 2458 fieri

342 2508 372 2548 ι
411 2493 574 2548 libera
614 2495 906 2549 voluntate.

337 2601 463 2658 CAP.
502 2605 562 2675 ν,
593 2635 660 2644 ——
691 2605 841 2668 Quod
872 2605 1034 2675 multa
1062 2607 1116 2659 in
1144 2605 1428 2675 Scriptun's
1452 2609 1700 2661 dicuntur
1727 2625 1903 2662 neces-

409 2674 551 2726 saria
575 2685 617 2724 ρι
657 2674 997 2725 immutat-ilia
1023 2714 1037 2736 ,
1078 2691 1168 2740 per
1200 2674 1630 2741 comparationem
1661 2677 1728 2727 ad
1751 2688 1900 2730 a'tcr-

416 2748 622 2793 mtuh’m
653 2759 670 2802 ;
726 2758 840 2808 qua:
885 2743 936 2793 in
985 2752 1206 2810 tempore
1247 2754 1364 2795 sunt
1397 2744 1557 2796 libera
1580 2783 1592 2806 ,
1621 2755 1666 2797 et
1695 2756 1897 2812 possent

412 2827 513 2861 ηοη
537 2827 666 2862 ι’όδϐ.

1997 1685 2077 1727 est
2103 1691 2118 1739 ;
2150 1676 2240 1728 sed
2259 1673 2434 1726 omnia
2462 1673 2615 1727 simul
2645 1684 2843 1728 mterno
2885 1677 3130 1743 pra-senti
3183 1687 3306 1728 sunt
3363 1674 3548 1730 intelli-

2001 1766 2189 1833 genda.
2219 1763 2386 1818 Habet
2419 1766 2556 1816 enim
2597 1763 2867 1817 aeternitas
2914 1779 3064 1817 suum
3112 1765 3307 1828 simul,
3352 1767 3402 1818 in
3441 1782 3545 1835 quo

2000 1864 2122 1909 sunt
2144 1856 2316 1907 omnia
2338 1871 2452 1921 qum
2473 1855 2628 1907 simul
2657 1866 2776 1908 sunt
2805 1843 2921 1907 loco
2953 1856 3028 1906 vel
3055 1864 3292 1923 tempore
3314 1897 3326 1918 ,
3353 1867 3406 1908 et
3429 1875 3547 1925 qua:

1980 1959 2121 2022 sunt
2166 1946 2387 2001 diversis
2441 1945 2492 1999 in
2541 1945 2672 1999 locis
2728 1945 2810 1997 vel
2857 1945 3202 2011 temporibus.
3254 1945 3320 1998 lJt
3371 1957 3545 2000 autem

1997 2034 2296 2087 ostenderet
2335 2035 2468 2087 idem
2520 2031 2802 2100 Apostolus
2834 2047 2934 2084 non
3003 2032 3086 2084 illa
3143 2034 3302 2086 verba
3345 2050 3402 2094 se
3453 2051 3548 2102 pro

2000 2122 2272 2188 temporali
2316 2121 2713 2195 signiﬁcatione
2743 2118 3012 2186 posuisse;
3059 2119 3145 2173 illa
3191 2123 3380 2184 etiam,
3433 2140 3550 2191 qua:

2003 2211 2179 2263 futura
2205 2219 2365 2271 sunt,
2391 2211 2643 2276 praeteriti
2683 2213 2934 2280 temporis
2968 2210 3128 2264 verbo
3165 2213 3548 2279 pronuntiavit.
3601 2215 3604 2219 ’

2005 2297 2244 2350 Nondum
2267 2299 2404 2349 enim
2433 2313 2566 2366 quos
2592 2299 2859 2366 pnescivit
2886 2299 3056 2353 adhuc
3086 2300 3405 2361 nasciturus,
3434 2302 3544 2367 jam

2006 2386 2362 2452 tctnporaliter
2385 2389 2590 2440 voeavit
2606 2426 2620 2450 ,
2645 2386 2974 2454 justilicavil,
2993 2389 3371 2456 magnilicavit.
3403 2389 3550 2444 Unde

2003 2478 2244 2544 cognosei
2291 2485 2466 2546 potest
2517 2491 2673 2541 cuin,
2752 2486 2967 2546 propter
3013 2475 3358 2542 indigentiam
3404 2478 3548 2531 verbi

2003 2567 2355 2634 signiﬁcantis
2371 2575 2620 2619 aeternam
2645 2567 3008 2635 prmscnliam,
3043 2580 3196 2618 usum
3227 2582 3344 2620 esse
3373 2569 3549 2621 verbis

2000 2653 2756 2721 praeterita:significationis;
2821 2655 3065 2722 quoniam
3129 2670 3248 2720 qua:
3309 2665 3549 2724 tempore

2004 2741 2265 2808 praui-rita
2291 2751 2449 2804 sunt,
2498 2744 2564 2795 ad
2601 2741 2998 2795 similitudinem
3042 2746 3224 2795 arteini
3272 2738 3378 2811 prie
3411 2747 3551 2799 eatis

2000 2830 2215 2881 omnino
2241 2829 2586 2883 inunotabilia
2634 2839 2774 2883 sunt.
2824 2830 2878 2882 In
2927 2830 3048 2884 hoc.
3079 2831 3345 2898 siquidem
3384 2833 3548 2899 magis

411 2920 465 2972 Si
499 2936 623 2974 vero
655 2937 747 2988 per
779 2921 876 2974 lioc
901 2960 915 2982 ,
967 2920 1105 2988 quod
1137 2922 1202 2976 de
1225 2921 1442 2975 homine
1468 2921 1595 2976 dicit
1621 2920 1719 2977 Job
1747 2924 1853 2978 Deo
1879 2945 1890 2978 ;
1925 2919 1967 2980 C
2003 2919 2193 2972 similia
2218 2931 2341 2972 sunt
2366 2928 2564 2973 mteru’o
2593 2921 2861 2987 praesenti,
2890 2922 3248 2988 temporaliter
3278 2926 3544 2992 phtrltzt'iia
3599 2927 3601 2930 ’

340 3004 661 3060 Constituisti
685 3009 927 3059 terminos
962 3007 1101 3072 ejus,
1153 3007 1239 3075 qui
1261 3009 1514 3074 prwteriri
1543 3024 1643 3060 non
1663 3019 1896 3075 poterunt

343 3094 483 3164 (Job.
520 3111 634 3158 xiv,
674 3096 768 3163 5),
817 3096 926 3148 vult
969 3097 1162 3164 aliquis
1219 3099 1500 3152 ostendere
1547 3089 1672 3166 quia
1726 3099 1900 3152 nullus

343 3185 515 3254 potuit
536 3185 837 3238 accelerare
859 3185 940 3239 vel
983 3185 1196 3240 diﬂ‘errc
1233 3186 1374 3240 diem
1424 3188 1476 3240 in
1505 3204 1606 3256 qua
1639 3189 1861 3242 moritur
1883 3229 1896 3251 ,

343 3273 588 3340 quamvis
616 3273 903 3340 aliquando
940 3274 1092 3328 nobis
1121 3276 1360 3329 videatur
1394 3276 1590 3344 aliquis
1633 3275 1808 3331 facere
1835 3292 1897 3330 ex

343 3359 510 3413 libera
541 3361 809 3421 voluntate
861 3363 998 3415 unde
1041 3364 1298 3428 moritur,
1343 3381 1458 3418 non
1504 3375 1585 3419 est
1634 3367 1771 3433 quod
1811 3367 1900 3398 3‘“

343 3450 797 3519 objiciturcontra
827 3452 925 3504 hoc
947 3453 1087 3520 quod
1109 3467 1268 3521 supra
1291 3455 1542 3507 diximus.
1576 3454 1730 3519 Nam,
1764 3471 1898 3522 quo-

345 3541 492 3594 uiam
544 3540 678 3594 Dens
730 3557 831 3596 neu
883 3542 1113 3606 fallitur,
1172 3558 1269 3598 nec
1299 3545 1436 3596 videt
1485 3544 1585 3597 nisi
1618 3545 1897 3598 veritatem

345 3627 460 3682 sive
484 3621 547 3680 ex
574 3627 817 3682 libertate
846 3631 955 3683 sive
979 3645 1041 3683 ex
1069 3631 1382 3684 necessitate
1407 3633 1614 3684 eveniat
1638 3672 1651 3693 ,
1703 3632 1899 3685 dicitur

345 3717 683 3772 constituisse
731 3719 825 3785 ""7
856 3720 993 3786 apml
1040 3734 1097 3772 se
1145 3720 1546 3788 itnnmtabilitrr
1586 3723 1722 3790 quod
1760 3724 1896 3790 apud

345 3806 611 3860 licuiinem
662 3810 968 3875 priusquam
1025 3810 1112 3860 fiat
1159 3811 1348 3863 mutari
1406 3823 1576 3879 potest
1629 3812 1719 3844 ’6”
1772 3813 1896 3866 Tale

345 3897 506 3947 etiam
538 3905 616 3948 est
642 3898 780 3962 quod
815 3897 1005 3951 Paulus
1034 3897 1126 3929 Μ’
1153 3900 1420 3967 apostolus
1454 3902 1517 3954 de
1559 3903 1640 3956 bis
1661 3942 1674 3965 ,
1705 3891 1792 3972 qui
1818 3919 1896 3956 sr-

346 3982 570 4032 cnndam
609 3984 925 4049 propositum
964 3985 1126 4037 vocati
1166 3996 1280 4037 sunt
1313 3990 1478 4039 sancti
1500 4027 1514 4048 ,
1556 3989 1718 4042 dicit:
1756 3989 1894 4054 Quos

342 4069 543 4124 privarit
569 4080 612 4121 et
644 4071 1020 4137 prtvdestinavit
1045 4075 1328 4140 conformo:
1367 4076 1480 4142 ﬁeri
1506 4079 1743 4146 imaginis
1773 4078 1897 4131 Filii

344 4157 456 4222 sui,
484 4166 536 4209 ut
571 4160 637 4211 sit
663 4161 769 4224 ipse
789 4161 1158 4229 primogenita:
1184 4164 1234 4215 in
1263 4159 1432 4216 multis
1461 4165 1727 4232 fratribus.
1757 4166 1896 4230 Quos

2001 3007 2156 3074 quam
2191 3008 2466 3074 pr:rseutia
2493 3023 2505 3070 ;
2537 3009 2785 3073 quoniam
2810 3024 2926 3076 qme
2970 3009 3037 3060 ibi
3067 3021 3217 3069 sunt,
3274 3025 3455 3078 uuuqu
3477 3030 3545 3062 un

2003 3103 2222 3162 possunt
2251 3110 2352 3146 non
2382 3108 2499 3146 esse
2525 3094 2801 3162 pta-sentin
2819 3134 2833 3157 ,
2864 3096 2997 3147 sicut
3025 3102 3258 3161 tempore
3283 3098 3557 3162 praeterita"

2005 3199 2107 3236 non
2139 3183 2310 3236 valent
2348 3199 2576 3252 unquam
2603 3184 2870 3252 praeterita
2923 3199 3026 3236 non
3071 3199 3226 3255 esse:
3267 3197 3550 3252 praesentia

2002 3288 2129 3326 vero
2159 3282 2392 3340 tenqiore
2419 3273 2594 3326 outnia
2627 3273 2715 3303 ³⁸⁵⁸
2757 3288 2875 3340 qua:
2929 3284 3231 3338 transeunt,
3271 3274 3399 3327 ﬁunt
3445 3291 3549 3330 non

2005 3363 2306 3428 pnesentia.
2345 3361 2450 3416 lloc
2495 3377 2622 3429 ergo
2668 3363 2822 3414 modo
2867 3361 3120 3430 quidquid
3168 3365 3232 3415 de
3280 3364 3390 3428 his,
3433 3382 3551 3433 qua:

1954 3484 1955 3487 η
2002 3447 2168 3500 libero
2201 3451 2329 3499 tiunt
2354 3448 2604 3511 arbitrio,
2642 3448 2774 3502 velut
2808 3451 3167 3502 ut-erssarium
3205 3463 3354 3505 sacra
3405 3452 3550 3508 Scri.

2002 3551 2152 3608 plina
2178 3541 2515 3607 pronuntiat;
2568 3541 2854 3592 secundum
2887 3541 3234 3593 :eteruitatem
3273 3542 3505 3611 loquitur
3527 3586 3540 3609 ,

2004 3634 2052 3683 in
2084 3648 2182 3697 qua
2213 3645 2444 3697 pra-scus
2471 3639 2551 3682 est
2584 3644 2741 3682 omne
2773 3637 2950 3682 verum
2983 3639 3034 3682 et
3061 3631 3270 3684 nonnisi
3320 3648 3540 3700 verum,

2002 3720 2107 3771 imo
2133 3717 2400 3769 utabililer
2430 3717 2519 3747 ³⁶⁶¹
2545 3755 2559 3779 ,
2597 3733 2698 3768 non
2728 3717 3033 3790 sei-nudum
3054 3726 3260 3787 tempus
3285 3762 3299 3784 ,
3350 3721 3400 3775 in
3441 3739 3546 3790 quo

1997 3824 2099 3859 non
2127 3823 2335 3873 semper
2361 3815 2482 3858 sunt
2512 3805 2805 3859 voluntates
2835 3815 2889 3859 ct
2928 3806 3166 3861 actiones
3197 3819 3390 3864 nostr:e
3416 3829 3428 3864 :
3467 3825 3544 3873 rt,

1994 3897 2126 3952 sicut
2160 3897 2282 3948 dum
2305 3911 2406 3947 nou
2444 3903 2602 3954 sunt,
2639 3910 2742 3948 non
2767 3905 2848 3947 est
2891 3909 3112 3949 neces<e
3152 3913 3244 3952 cas
3283 3916 3436 3964 esse;
3473 3902 3543 3955 ita

1995 4002 2134 4054 saepe
2166 4003 2265 4038 non
2305 3995 2382 4038 est
2415 3999 2631 4038 necesse
2655 3995 2710 4038 ut
2734 3985 3018 4054 aliquando
3061 3987 3185 4041 sint.
3238 3988 3410 4055 Nam,
3439 4008 3542 4046 non

1995 4089 2206 4142 semper
2230 4073 2403 4125 scribo
2439 4081 2528 4124 aut
2556 4071 2671 4127 volo
2716 4059 2944 4128 scribite
2993 4093 3004 4127 :
3061 4083 3136 4138 cl,
3194 4076 3360 4138 sicut,
3415 4079 3542 4133 dum

1999 4180 2099 4217 non
2123 4164 2298 4217 scribo
2319 4173 2408 4216 attt
2432 4178 2534 4215 non
2554 4163 2669 4213 volo
2695 4163 2927 4217 scribere
2950 4165 3066 4228 ³⁵⁸³,
3095 4181 3195 4218 non
3219 4176 3301 4220 est
3325 4183 3544 4224 necesse

346 4261 516 4300 ament
548 4249 932 4315 pra-destinarit
955 4289 968 4310 ,
1000 4252 1091 4303 hos
1118 4262 1164 4316 et
1191 4255 1383 4305 vocarit
1409 4271 1427 4318 ;
1455 4266 1498 4306 et
1535 4272 1659 4323 quos
1684 4259 1896 4319 rocarit,
1933 4261 1972 4312 D
2001 4272 2082 4311 me
2119 4258 2350 4311 scribere
2377 4267 2469 4308 aut
2496 4256 2625 4309 velle
2651 4257 2913 4322 scribere;
2950 4259 3020 4311 ita
3063 4274 3281 4315 necesse
3330 4277 3431 4316 non
3463 4273 3544 4317 est

346 4335 438 4387 hos
466 4345 508 4387 et
530 4336 838 4403 justi/icattit
863 4355 881 4400 ;
939 4356 1068 4406 quos
1118 4350 1287 4391 autent
1335 4339 1634 4408 jnsti/icarit
1663 4381 1675 4404 ,
1703 4342 1816 4393 illos
1847 4353 1890 4394 et

348 4411 686 4492 magniﬁcam
715 4426 882 4495 (Rom.
917 4445 1035 4490 vni,
1070 4429 1276 4495 28-50).
1329 4429 1435 4482 lloc
1468 4432 1662 4498 quippe
1700 4444 1890 4497 prepo-

349 4515 538 4579 situm,
567 4518 856 4571 secundum
885 4520 1022 4586 quod
1053 4521 1221 4572 vocati
1256 4529 1378 4572 sunt
1415 4520 1610 4581 sancti,
1656 4521 1704 4570 in
1733 4529 1890 4572 aeter-

353 4608 516 4657 nitate
541 4645 554 4667 ,
584 4607 633 4659 in
657 4622 757 4675 qua
782 4624 884 4660 non
911 4618 991 4663 est
1014 4610 1448 4678 praeteritnnm'cl
1490 4609 1720 4663 futurum
1747 4649 1760 4673 ,
1781 4610 1889 4663 .sed
1939 4634 1945 4638 -

356 4701 554 4746 tantum
584 4710 847 4764 praesens,
876 4700 1204 4754 immutabile
1233 4710 1343 4766 est;
1373 4701 1463 4755 sed
1491 4701 1539 4753 in
1567 4700 1693 4769 ipsis
1720 4699 1887 4752 benti-

2000 4357 2056 4402 ut
2076 4346 2360 4416 aliquando
2375 4346 2628 4408 scribam,
2652 4345 2731 4420 vel
2756 4345 2908 4400 Velim
2933 4348 3185 4403 scr.bere.
3211 4349 3340 4404 Cum
3366 4362 3542 4406 autem

1997 4451 2081 4489 res
2131 4445 2234 4486 tam
2288 4433 2443 4485 aliter
2490 4449 2605 4486 esse
2658 4433 2759 4466 ³⁸⁵⁵-
2795 4446 3149 4502 cognoscatur
3200 4437 3253 4490 in
3306 4449 3544 4506 tempore

1993 4538 2150 4591 quam
2170 4524 2219 4574 in
2237 4523 2563 4574 :etcrnitafe:
2599 4521 2959 4588 utaliquando
2995 4519 3172 4576 verum
3196 4527 3265 4578 sit
3291 4528 3538 4594 queuiam

1993 4613 2186 4678 aliquid
2212 4626 2313 4663 non
2339 4622 2420 4662 est
2454 4611 2504 4661 in
2531 4619 2792 4678 tempore,
2823 4613 2960 4678 quod
2989 4623 3070 4666 est
3109 4613 3159 4666 in
3198 4618 3535 4683 aeternitate;

1994 4711 2046 4754 et
2073 4700 2207 4768 quod
2234 4699 2330 4750 l'uit
2359 4699 2408 4751 in
2431 4697 2520 4726 “"5
2547 4708 2800 4767 tempore,
2829 4699 2966 4766 quod
2991 4701 3058 4754 ibi
3087 4702 3332 4766 nonfuit;
3357 4713 3410 4758 et
3440 4706 3541 4761 erit

1636 4896 1717 4950 VA
1729 4894 1860 4950 lile
1894 4891 2281 4948 LECTIONES.

420 5096 505 5124 ³⁵⁸³
529 5093 595 5146 Et
617 5110 718 5146 non
741 5110 804 5146 ex
830 5098 1166 5159 net-ossitate,
1189 5112 1307 5148 eum
1333 5095 1492 5148 multa
1523 5102 1779 5146 suntmss.
1797 5093 1862 5147 Et
1880 5108 1942 5146 ex
1963 5093 2292 5154 necessitate,
2311 5105 2431 5145 cum
2449 5090 2609 5142 multa
2629 5091 2733 5144 sint

2809 5093 2896 5123 ⁵⁸³⁵
2915 5082 3005 5146 Est
3019 5095 3065 5147 ei
3083 5095 3228 5151 adire
3246 5113 3368 5150 mss.
3401 5097 3530 5149 Virt.

356 5173 437 5215 est
457 5163 604 5216 adire
675 5163 763 5232 39"“
793 5163 893 5228 Sqd
928 5178 1027 5215 non
1059 5174 1139 5217 est
1169 5166 1304 5232 quod
1333 5181 1455 5214 mss.
1497 5162 1622 5213 l'ict.
1654 5178 1753 5215 non
1794 5173 1875 5215 rst
1900 5165 2036 5230 quod
2109 5159 2444 5232 “iVVeniat;
2479 5161 2689 5232 dicitur.
2717 5164 2962 5215 constitui
2989 5180 3108 5216 nias.
3145 5167 3373 5227 eveniat,
3405 5169 3532 5219 diri-

361 5240 440 5299 tur
467 5231 806 5284 constituisse
880 5232 968 5262 πη
990 5234 1142 5299 Apud
1179 5231 1436 5286 homines.
1476 5270 1488 5282 .

1540 5241 1744 5284 tnttlat'e
1792 5229 1962 5298 potest
2011 5247 2128 5283 mss.
2191 5230 2324 5296 apud
2381 5229 2711 5282 ltumitn.‘ttt..

2747 5233 2936 5284 mutari
2989 5242 3155 5300 potest
3227 5233 3317 5264 ³⁵⁸⁸*
3361 5235 3528 5287 lilium

359 5297 546 5352 Paulus
569 5315 688 5350 mss.
717 5301 876 5352 etiam
903 5311 982 5353 est
1004 5297 1141 5366 quod
1186 5302 1379 5353 Paulus
1453 5301 1545 5332 "5°
1589 5300 1638 5350 In
1672 5297 1946 5366 quodlibet
1994 5309 2199 5365 tempus
2255 5314 2388 5367 nt.ss._
2429 5301 2477 5349 in
2534 5300 2768 5365 quolibet
2818 5297 3052 5367 tempore
3125 5301 3212 5330 ³⁶⁸¹
3243 5302 3529 5354 Praesentia

361 5381 480 5419 vero
525 5369 774 5434 temporis
799 5371 973 5421 omnia
1027 5386 1148 5421 mss.
1209 5371 1485 5434 |)l".L‘SCllll:t
1534 5385 1656 5423 vero
1707 5382 1946 5434 tempore
1988 5372 2164 5421 emtua

1678 5437 1897 5492 3‘1'5‘l’ies
1924 5439 2074 5492 aliter
2096 5453 2210 5489 esse
2245 5453 2365 5488 mss.
2405 5451 2486 5489 tes
2538 5444 2641 5488 tam
2680 5437 2831 5489 aliter
2861 5452 2977 5490 esw
3049 5437 3137 5469 ³⁸³⁵
3170 5439 3232 5491 Et
3257 5439 3395 5500 quod
3435 5443 3530 5491 fuit

362 5437 586 5489 scribere
615 5437 730 5489 volo
759 5453 876 5488 mss.
917 5436 1040 5489 i'irt.
1093 5453 1193 5489 non
1224 5438 1340 5488 volo
1369 5439 1602 5490 scribere

2241 5368 2330 5396 πω
2359 5365 2526 5420 Omne
2597 5383 2776 5420 verum
2807 5365 3221 5421 --intniutabililer
3294 5371 3385 5402 ³⁸³⁵³
3419 5372 3529 5422 Non
