4240 6194
3316 218 3336 245 Ι

635 283 738 339 Siti
1105 285 1162 339 S.
1195 282 1485 337 ANSELMI
1542 282 1879 339 CANTUAll.
1923 281 2229 338 ARCIIIEP.
2273 283 2419 338 OPP.
2460 268 2713 338 I‘MlS‘l.
2753 316 2815 324 --
2852 284 3261 340 DDGMATICA.
3714 289 3826 342 :‘ilti

634 394 995 465 temporaliter
1019 434 1032 459 ,
1071 394 1208 461 quod
1257 393 1339 461 ibi,
1363 407 1463 445 non
1497 393 1636 447 erit:
1667 394 1805 447 nulla
1841 394 2043 446 ratione
2090 407 2182 444 ne-
2211 402 2257 453 Α
2288 409 2308 459 l‘

2211 402 2257 453 Α
2288 394 2754 459 pervenitmtatem
2780 434 2795 461 ,
2824 390 2937 449 sine
2970 409 3062 447 sua
3086 394 3289 463 jnstitia
3319 411 3331 447 :
3375 393 3443 447 ibi
3483 405 3565 449 est
3613 382 3885 452 investi-“

632 488 747 555 gari
778 486 982 538 videtur
1014 483 1257 536 similiter
1304 499 1455 552 posse
1482 484 1573 514 ³⁸³⁸
1600 484 1794 552 aliquid
1842 484 1890 536 in
1940 492 2175 551 tempore
2286 480 2513 549 gaudum
2538 482 2635 533 hoc
2665 484 2978 544 arbitrium,
3005 492 3055 535 et
3086 483 3196 535 [nec
3220 480 3438 534 libertas
3468 481 3607 537 unde
3628 486 3824 553 agitur.

633 590 750 629 esse
794 571 1169 634 mutabile"l',
1212 573 1351 640 quod
1388 572 1457 625 ibi
1493 582 1573 625 est
1604 572 1945 625 immutabile.
1976 564 2179 639 Quippe
2286 572 2371 623 ubi
2398 571 2545 623 sedes
2574 570 2881 637 etjustititc.
2909 568 3145 623 Primum
3174 570 3351 637 itaque
3384 569 3714 624 ostendenda
3744 585 3827 627 est

635 678 737 716 non
784 661 950 730 magis
1001 662 1237 729 Opposita
1290 665 1456 723 sunt‘,
1513 662 1761 715 mutabile
1797 662 1849 714 in
1898 672 2133 730 tempore
2158 704 2174 727 ,
2279 659 2482 726 justitia
2513 675 2529 721 ;
2560 659 2750 711 deinde
2777 658 2875 712 ista
2900 659 3114 712 libertas
3134 669 3187 712 et
3216 658 3354 712 istud
3377 657 3680 712 arbitrium.
3731 659 3829 713 Est

632 763 686 807 et
722 752 1072 806 immutabile
1127 752 1181 803 in
1239 751 1573 810 :eternitate;
1623 765 1780 817 quam
1821 766 1923 804 non
1964 766 2082 804 esse
2127 752 2176 803 in
2285 750 2491 817 quidem
2516 748 3006 816 justitiaqutelibct,
3041 762 3225 817 magna
3250 746 3330 800 vel
3348 762 3531 817 parva.
3566 751 3831 803 rertitudo

634 841 811 908 aliquo
855 852 1131 906 tempore,
1188 845 1245 890 et
1294 850 1412 889 esse
1459 852 1668 906 semper
1737 838 1788 889 in
1840 840 2180 891 aeternitate:
2288 840 2569 890 votu;.tatis
2597 847 2812 905 propter
2840 850 2897 890 se
2933 847 3156 890 Servata.
3217 836 3457 890 Libertas
3507 846 3686 891 autem
3730 838 3828 889 ista

636 939 687 981 et
733 929 933 991 fuisse,
988 927 1067 980 vel
1123 927 1355 979 futurum
1414 941 1534 979 esse
1596 929 1885 980 secundum
1944 938 2178 995 tempus,
2288 925 3269 995 esttmtcstasservandirectitudinem
3301 925 3586 979 voluntatis
3613 935 3832 992 propter

630 1020 789 1085 atque
839 1032 940 1069 non
983 1016 1175 1076 fuisse,
1232 1016 1309 1067 vel
1354 1029 1457 1067 non
1503 1016 1761 1080 {futurum
1800 1030 1920 1069 esse
1952 1020 2002 1069 in
2030 1025 2182 1068 :eter-
2286 1014 2452 1083 ipsam
2516 1014 2904 1093 rectitpdiueui.
2961 1014 3102 1093 Quas
3156 1012 3489 1077 deﬁnitiones
3558 1021 3683 1080 puto
3745 1030 3829 1067 me

629 1107 812 1159 nitate.
872 1105 1143 1173 Siquidem
1193 1121 1295 1158 nou
1339 1107 1457 1158 dico
1502 1106 1696 1172 aliquid
1751 1122 2017 1173 nunquam
2066 1119 2184 1159 esse
2282 1104 2483 1175 apertis
2510 1082 2798 1156 rationibus
2840 1082 3200 1156 monstrasse:
3249 1103 3478 1169 priorem
3518 1103 3732 1170 quidem
3775 1108 3827 1156 in

626 1194 680 1248 in
737 1204 1000 1264 tempore,
1042 1195 1181 1263 quod
1236 1209 1445 1261 semper
1484 1202 1565 1246 est
1618 1194 1666 1245 in
1716 1194 2044 1254 teternitate;
2090 1193 2181 1246 sed
2284 1203 2509 1248 tractatu
2533 1194 2673 1261 (Cap.
2710 1192 2829 1261 η),
2881 1206 3037 1258 quem
3068 1190 3166 1245 feci
3195 1191 3261 1243 de
3300 1202 3556 1254 veritate;
3602 1190 3737 1245 alter
3776 1207 3827 1245 ni

630 1294 833 1337 tantum
890 1285 942 1337 in
996 1285 1169 1350 aliquo
1245 1295 1479 1350 tempore
1525 1298 1626 1333 non
1668 1296 1801 1334 esse.
1865 1282 1976 1333 Non
2038 1281 2178 1334 enim
2282 1298 2408 1338 vero
2430 1285 2480 1337 in
2505 1296 2774 1351 eo,qnem
2800 1283 2937 1335 edidi
2962 1280 3191 1349 (eap.5,
3223 1280 3306 1347 15)
3331 1281 3395 1334 de
3416 1280 3644 1348 bacipsa
3668 1280 3830 1333 Iiber-

629 1375 748 1427 dico
778 1374 1037 1425 actionem
1086 1388 1254 1423 inuam
1282 1372 1569 1425 crastinam
1609 1369 1751 1420 nullo
1777 1379 2009 1435 tempore
2029 1382 2177 1430 esse;
2284 1382 2427 1435 tate;
2459 1375 2511 1425 iu
2535 1389 2638 1439 quo
2663 1373 2821 1425 etiam
2859 1381 3129 1424 ostensum
3172 1379 3253 1441 est
3303 1369 3442 1438 (cap.
3472 1369 3525 1438 5)
3565 1371 3830 1447 quomvo

625 1465 718 1513 sed
746 1463 899 1514 hodie
928 1470 1128 1512 tantum
1156 1476 1286 1527 nego
1316 1474 1432 1511 eam
1464 1472 1750 1525 esse,qu;e
1779 1467 1952 1510 tamen
1969 1471 2181 1523 semper
2282 1464 2595 1515 natur-aliter
2644 1471 2697 1513 et
2754 1461 3177 1528 inseparabiliter
3220 1461 3292 1513 sit
3343 1460 3395 1513 in
3453 1459 3669 1513 homine
3712 1460 3831 1514 [nec

624 1557 706 1601 est
742 1534 791 1601 in
827 1548 1141 1602 :eternitate.
1170 1546 1233 1599 Et
1260 1548 1472 1613 quando
1502 1544 1593 1575 ³⁸⁸⁸
1620 1560 1874 1614 negamus
1908 1543 2070 1597 fuisse
2100 1541 2178 1595 vel
2279 1548 2524 1613 libertas,
2551 1548 2791 1617 quamvis
2815 1564 2919 1601 non
2946 1563 3008 1601 ea
3027 1562 3236 1616 semper
3260 1558 3467 1609 utatur;
3506 1556 3561 1603 et
3586 1548 3727 1617 (cap.
3752 1551 3785 1600 6
3811 1588 3828 1612 ,

627 1639 859 1693 futurum
894 1639 963 1691 ibi
990 1654 1109 1691 esse
1131 1637 1328 1704 aliquid
1347 1679 1360 1700 ,
1413 1636 1552 1704 quod
1602 1637 1658 1689 in
1696 1646 1931 1703 tempore
1964 1635 2061 1691 fuit
2088 1646 2179 1691 aut
2277 1642 2308 1693 7
2326 1680 2340 1703 ,
2368 1641 2421 1710 8)
2445 1640 2581 1708 quod
2609 1640 2682 1692 sit
2712 1640 2783 1692 ita
2807 1638 2990 1700 fortis,
3018 1637 3231 1707 ut_nulla
3260 1654 3343 1691 res
3369 1637 3568 1692 homini
3611 1636 3832 1693 rectitu-

629 1728 735 1779 erit
758 1766 774 1790 ,
812 1742 915 1779 non
945 1727 1232 1779 asserimus
1258 1726 1307 1777 id
1328 1727 1465 1792 quod
1491 1724 1587 1776 fuit
1614 1735 1703 1777 aut
1732 1726 1832 1777 erit
1855 1724 1996 1778 nullo
2025 1727 2180 1779 modo
2213 1714 2253 1771 Β
2281 1727 2455 1779 dinem
2480 1726 2807 1794 pranlictam,
2841 1724 2890 1777 id
2917 1733 2999 1777 est
3021 1723 3279 1791 justitiam
3306 1722 3433 1787 ³⁵⁸⁸,
3463 1737 3621 1793 quam
3646 1724 3829 1788 habet,

627 1816 696 1869 ibi
728 1831 883 1879 esse;
914 1817 1004 1868 sed
1031 1825 1233 1867 tantmn
1258 1815 1528 1876 prietcrito
1558 1814 1635 1866 vel
1670 1814 1844 1867 futuro
1872 1814 2027 1867 modo
2052 1814 2181 1869 dici-
2280 1814 2481 1877 valeat,
2509 1814 2739 1880 quandin
2767 1812 2864 1865 liae
2888 1811 3132 1866 libertate
3159 1811 3381 1865 voluerit
3417 1813 3491 1865 uti
3517 1850 3535 1875 ,
3590 1811 3823 1867 auferre.

628 1921 743 1958 mus
764 1920 869 1957 non
903 1904 968 1955 ibi
994 1918 1142 1963 esse.
1192 1903 1333 1969 quod
1392 1902 1461 1954 ibi
1519 1902 1877 1953 indesinenter
1921 1909 2035 1966 est,
2086 1915 2181 1955 suo
2280 1900 2430 1955 Justa'
2457 1917 2579 1956 vero
2606 1918 2706 1954 non
2735 1910 2818 1955 est
2842 1901 3136 1967 naturalis,
3186 1901 3283 1963 sed
3303 1897 3400 1955 iuit
3426 1899 3739 1968 separabilis
3772 1903 3829 1955 in

625 1993 873 2063 praesenti
904 1990 1058 2044 modo
1085 2009 1097 2043 :
1131 1991 1183 2043 in
1217 1991 1299 2044 bis
1330 2006 1455 2043 vero
1483 1990 1619 2041 nulla
1667 1991 1874 2042 videtur
1911 1990 2178 2044 adverSari
2280 1990 2536 2061 principio
2557 1990 2827 2061 etaugelis
2850 1990 2939 2021 ³⁶⁶¹
2970 1991 3020 2042 in
3044 1989 3178 2044 cwlo
3200 2030 3213 2053 ,
3235 1997 3291 2043 et
3310 1988 3614 2044 hominibus
3643 1990 3699 2045 in
3730 2003 3830 2059 pa-

624 2082 996 2135 contrarietas.
1030 2079 1120 2132 Sic
1158 2080 1337 2147 utique
1364 2080 1477 2131 sine
1508 2079 1610 2129 ulla
1653 2078 1997 2147 repugnantia
2040 2079 2175 2132 dici-
2282 2082 2487 2144 radisu,
2516 2089 2570 2132 et
2591 2088 2670 2132 est
2689 2080 2862 2131 adhuc
2892 2080 2942 2131 in
2970 2079 3066 2130 hac
3087 2078 3191 2131 vita
3219 2095 3234 2142 ;
3291 2093 3392 2131 non
3424 2087 3599 2130 tamen
3644 2092 3831 2131 neces-

626 2178 715 2223 tur
742 2168 937 2239 aliquid
961 2180 1082 2221 eSse
1120 2167 1372 2219 mutabile
1409 2167 1457 2219 in
1491 2178 1728 2233 tempore
1761 2177 2043 2233 antequam
2075 2167 2175 2229 sit,
2279 2166 2435 2219 sitate
2459 2205 2473 2229 ,
2525 2167 2617 2219 sed
2670 2167 2973 2219 habentium
3010 2166 3099 2197 ""
3130 2165 3268 2218 illam
3298 2166 3509 2233 propria
3538 2167 3827 2221 voluntate.

627 2258 767 2325 quod
801 2258 851 2308 in
872 2255 1168 2308 aeternitate
1198 2264 1373 2307 manet
1401 2244 1831 2319 immutabiliter,
1893 2271 1997 2308 non
2026 2266 2177 2309 ante-
2280 2253 2382 2309 Sed
2407 2254 2930 2322 quoniamjustitiam
2955 2292 2971 2317 ,
3004 2268 3107 2321 qua
3130 2254 3305 2323 justus
3329 2266 3411 2308 est
3437 2254 3633 2323 aliquis
3654 2294 3669 2317 ,
3693 2270 3833 2309 con-
3904 2298 3921 2305 -

625 2360 785 2414 quam
829 2346 927 2410 sit,
988 2342 1068 2395 vel
1139 2351 1415 2411 postquam
1461 2354 1570 2407 est;
1652 2343 1742 2397 sed
1790 2343 2175 2406 indesinenter,
2279 2350 2386 2393 stat
2412 2355 2530 2394 esse
2568 2340 2931 2392 rectitudinetn
2960 2340 3285 2403 voluntatis,
3325 2356 3484 2409 quam
3521 2340 3668 2394 dixi:
3710 2355 3834 2411 qua:

627 2437 754 2505 quia
800 2434 930 2487 nihil
964 2442 1047 2488 est
1105 2434 1177 2488 ibi
1234 2436 1520 2487 secundum
1592 2444 1813 2501 tempus.
1882 2432 2011 2484 Nam
2081 2435 2179 2486 hoc
2283 2428 2542 2481 rectitude
2571 2436 2693 2479 tunc
2718 2436 2917 2505 tantum
2942 2435 3025 2480 est
3055 2416 3333 2501 ittaliqtto,
3385 2443 3504 2481 cum
3557 2428 3670 2497 ipse
3716 2430 3835 2483 vult

628 2525 799 2592 ipsum
852 2524 921 2576 ibi
965 2534 1048 2577 est
1094 2522 1446 2583 :eternaliter,
1490 2522 1613 2588 quia
1675 2521 2033 2589 temporaliter
2086 2523 2179 2575 ali-
2281 2518 2418 2583 quod
2448 2516 2584 2569 Deus
2620 2516 2728 2569 vult
2757 2516 3031 2570 eumvelle
3057 2533 3068 2568 :
3098 2526 3241 2585 patet
3268 2518 3390 2585 quia
3423 2519 3558 2571 Deus
3580 2518 3827 2573 eamdem

626 2611 753 2680 quid
780 2619 835 2663 et
858 2620 969 2673 est,
998 2619 1085 2672 et,
1131 2619 1414 2677 antequam
1449 2607 1538 2639 ³⁸η
1563 2608 1663 2669 sit,
1691 2618 1862 2676 potest
1894 2623 1995 2660 non
2022 2622 2176 2673 esse,
2284 2604 2651 2657 rectitudinem
2703 2618 2804 2656 non
2836 2613 3011 2679 potest
3060 2604 3224 2656 invito
3277 2604 3519 2667 auferre;
3573 2605 3829 2673 quoniam

628 2695 891 2762 sicntjam
915 2696 1043 2749 dixi.
1070 2694 1403 2750 Sullicienter
1428 2709 1492 2748 ex
1526 2694 1638 2759 bis,
1686 2710 1802 2762 qum
1838 2696 1977 2748 dicta
2010 2707 2131 2748 sunt
2162 2736 2178 2760 ,
2282 2708 2386 2744 non
2422 2699 2595 2758 potest
2624 2693 2721 2744 hoc
2747 2692 2896 2745 velte.
2932 2692 3033 2745 Sed
3070 2706 3243 2760 neque
3270 2693 3404 2746 velle
3442 2702 3615 2761 potest
3640 2694 3735 2725 "“
3769 2704 3839 2747 ιιι

631 2795 756 2853 puto
798 2796 981 2852 patere
1029 2784 1151 2851 quia
1198 2784 1526 2853 praescientia
1574 2784 1665 2838 Dei
1694 2794 1749 2838 et
1784 2785 2007 2837 liberum
2038 2786 2179 2838 arbi-
2279 2796 2395 2833 eam
2432 2781 2658 2842 habens,
2695 2781 2877 2835 nolens
2906 2781 3008 2833 ulla
3057 2782 3371 2835 necessitate
3414 2799 3533 2836 eam
3572 2784 3780 2838 deserat
3810 2824 3831 2849 ,

631 2874 789 2925 trium
842 2888 1175 2941 nequaquam
1233 2872 1461 2926 invicem
1511 2883 1839 2942 repugnant:
1877 2875 2017 2943 quod
2054 2874 2180 2929 facit
2279 2870 2471 2940 quippe
2500 2871 2654 2925 vellet
2677 2870 2819 2923 illum
2844 2886 2946 2923 non
2983 2871 3147 2935 velle,
3174 2872 3314 2940 quod
3342 2872 3451 2925 vult
3491 2887 3613 2927 eum
3648 2873 3781 2927 velle
3811 2892 3829 2943 ς

631 2962 709 3014 vis
737 2962 1056 3015 mternitatis
1084 3001 1099 3025 ,
1139 2976 1255 3029 qute
1305 2961 1504 3015 claudit
1536 2977 1695 3016 omne
1736 2972 1951 3033 tempus.
1979 2972 2032 3017 et
2060 2979 2178 3033 qua:
2208 3015 2250 3033 Α
2280 2960 2419 3027 quod
2467 2974 2584 3012 csse
2633 2958 2835 3027 nequit.
2895 2957 3149 3027 Sequitur
3180 2973 3307 3027 ergo
3342 2960 3505 3014 Deum
3553 2950 3686 3015 velle
3728 2962 3834 3015 hoc

628 3060 755 3104 sunt
790 3051 839 3104 in
872 3051 1106 3120 quolibet
1137 3060 1393 3119 tempore.
1846 3015 1860 3033 ι
2069 3015 2093 3033 1
2205 3015 2250 3075 Ο
2282 3051 2435 3103 mo.!o
2467 3058 2661 3102 rectam
2691 3050 3011 3103 voluntatem
3052 3049 3115 3100 ad
3159 3048 3432 3102 volendum
3483 3059 3627 3107 recte
3672 3063 3725 3104 et
3757 3054 3829 3105 ad

2281 3140 2598 3192 servandum
2623 3138 2861 3190 eamdem
2891 3139 3258 3190 rectitudincm
3280 3154 3398 3191 esse
3427 3139 3679 3204 liberant;
3703 3156 3826 3211 qua:

2281 3224 2493 3291 quando
2524 3232 2692 3299 potest
2740 3226 2877 3291 quod
2925 3226 3061 3289 vult,
3118 3224 3281 3277 libere
3332 3225 3454 3277 facit
3485 3228 3627 3293 quod
3676 3226 3828 3281 facit.

2284 3310 2437 3364 Unde
2475 3326 2683 3379 quoque
2711 3311 3043 3378 apertissime
3078 3312 3167 3342 "“
3211 3314 3454 3380 cognosci
3506 3323 3678 3381 potest
3724 3316 3821 3368 ali-

703 3397 808 3451 Sed
834 3398 1082 3465 quoniam
1133 3412 1234 3449 non
1283 3395 1335 3449 in
1372 3396 1616 3461 omnibus
1661 3395 1882 3449 liberum
1931 3396 2185 3451 habemus
2282 3415 2442 3471 quam
2474 3415 2593 3453 esse
2633 3399 3206 3452 liberain'voluntatem
3254 3416 3373 3454 cum
3430 3403 3637 3457 actione
3686 3396 3827 3469 sua,

633 3490 771 3542 arb't
802 3487 909 3540 ium
933 3528 947 3550 ,
985 3486 1262 3538 videndum
1287 3495 1368 3539 est
1396 3485 1483 3538 ubi
1503 3522 1521 3551 ,
1556 3494 1607 3538 et
1642 3502 1757 3553 qua:
1775 3489 1841 3540 sit
1862 3489 1946 3540 illa
1967 3489 2184 3545 libertas
2286 3506 2387 3543 non
2413 3498 2735 3557 repugnante
2758 3490 2848 3541 Dei
2873 3506 2957 3556 μ’..
2981 3491 3374 3552 srirntia,sieut
3395 3508 3551 3559 supra
3570 3501 3835 3546 tuenstra-

634 3578 841 3631 arbitrii
868 3591 1025 3644 quam
1058 3590 1270 3642 semper
1294 3575 1488 3627 habere
1518 3575 1751 3628 creditur
1774 3577 1950 3651 homo,
1979 3581 2182 3647 etquid
2286 3591 2393 3631 tum
2420 3591 2519 3631 est.
2549 3580 2809 3631 l’onamus
2841 3596 2978 3631 nunc
3012 3580 3309 3648 exemplum
3349 3574 3594 3648 aliquod,
3640 3584 3690 3635 in
3718 3598 3831 3651 quo
3918 3645 3925 3649 θ

631 3652 699 3717 sit
724 3662 847 3714 illud
877 3661 1176 3713 arbitrium.
1208 3659 1320 3712 Non
1348 3661 1487 3713 enim
1527 3661 1663 3714 idem
1694 3672 1776 3715 cst
1813 3640 2089 3717 arbitrium
2130 3675 2182 3719 et
2282 3673 2527 3739 appareat
2569 3674 2622 3717 ct
2652 3674 2823 3719 rei-ta.
2849 3665 2895 3716 id
2922 3675 3003 3717 est
3029 3640 3286 3732 Ῑυδιςί³⁶⁶⁸
3315 3640 3554 3721 voluntas
3584 3678 3640 3737 et.
3664 3640 3833 3721 libi:r-
3878 3720 3879 3723 η

632 3752 848 3806 libertas
870 3766 971 3819 qua
996 3750 1188 3803 dicitur
1231 3749 1479 3802 liberum.
1514 3749 1567 3801 In
1596 3750 1773 3804 multis
1800 3752 1994 3805 dicitur
2025 3750 2182 3805 liber-
2285 3766 2364 3809 tus
2393 3755 2630 3813 arbitrii.
2658 3764 2710 3806 et
2734 3756 2901 3820 ipsum
2924 3756 3231 3819 arbitrium;
3278 3766 3333 3808 et
3374 3757 3639 3825 quomodo
3685 3765 3835 3813 recta

634 3852 715 3894 tas
735 3840 1119 3901 etarbitrium;
1154 3848 1209 3890 ut
1236 3854 1355 3891 eum
1379 3838 1607 3905 aliquem
1640 3840 2180 3895 dicimuslibertatem
2287 3848 2527 3898 voluntas
2556 3846 2915 3912 impugnetur,
2965 3856 3020 3894 ut
3058 3844 3269 3897 deserat
3326 3847 3691 3900 rectitudinem
3716 3887 3730 3908 ,
3770 3855 3830 3902 et

636 3931 833 3985 habere
869 3928 1143 3995 loquemli,
1184 3938 1274 3978 aut
1318 3929 1560 3991 tacendi,
1606 3939 1660 3981 et
1707 3930 1758 3981 in
1808 3928 1920 3993 ejus
1965 3926 2184 3984 arbitrio
2283 3934 2511 4003 qualiter
2541 3946 2656 3986 eam
2690 3932 2853 3985 libero
2886 3942 3061 3985 servet
3099 3931 3338 3984 arbitrio.
3372 3933 3541 3986 Habet
3568 3934 3757 4003 aliquis
3779 3950 3835 3989 tl

634 4036 754 4072 esse
774 4019 899 4086 quid
928 4018 1114 4069 hormn
1140 4016 1281 4068 velit.
1314 4016 1631 4085 Inpluribus
1659 4033 1870 4086 quoque
1896 4021 2014 4074 aliis
2037 4023 2185 4073 simi-
2285 4022 2442 4073 corde
2465 4028 2521 4071 ut
2567 4019 2842 4072 veritatem
2883 4028 3089 4080 teneat,
3144 4021 3265 4086 quia
3325 4019 3571 4089 intelligit
3627 4033 3834 4076 rectum

636 4110 759 4162 liter
793 4108 985 4160 dicitur
1007 4106 1223 4159 libertas
1245 4116 1295 4157 et
1322 4107 1607 4159 arbitrium
1636 4147 1651 4169 ,
1682 4122 1798 4177 qu:e
1832 4126 1934 4162 non
1974 4126 2184 4179 semper
2285 4128 2403 4164 esse
2424 4125 2603 4163 amare
2624 4109 2919 4163 veritatem.
2962 4108 3055 4159 "lt:
3082 4110 3261 4175 utique
3289 4120 3486 4162 rectam
3534 4110 3643 4176 jam
3673 4109 3839 4165 habet

634 4199 874 4258 adsunt,
923 4207 1013 4248 aut
1070 4196 1135 4247 ad
1187 4196 1409 4249 salutem
1457 4199 1647 4249 auium:
1695 4190 1847 4251 nobis
1883 4190 2181 4253 necessaria
2289 4200 2607 4265 volunratem
2637 4207 2691 4252 et
2714 4198 3078 4251 rectitudinem
3104 4198 3408 4250 voluntatis.
3448 4200 3601 4252 Aliud
3647 4211 3833 4254 autem

635 4295 779 4339 sunt.
832 4284 935 4338 l‘ro
983 4286 1071 4337 illo
1120 4294 1296 4336 autent
1342 4285 1563 4336 arbitrio
1601 4295 1838 4349 tantum,
1880 4296 1931 4338 et
1968 4302 2061 4353 pro
2100 4288 2183 4339 illa
2223 4328 2263 4381 Β
2288 4298 2369 4340 est
2398 4287 2670 4349 voluntas;
2697 4296 2748 4339 et
2774 4286 2914 4338 aliud
2944 4285 3220 4347 recmudo,
3252 4301 3354 4354 qua
3381 4297 3521 4339 recta
3548 4288 3838 4343 est.Acce—

638 4375 885 4427 libertate
914 4374 1009 4425 ista
1039 4371 1323 4423 ventilatur
1349 4373 1601 4438 quaestio;
1654 4372 1767 4425 sine
1808 4374 1998 4440 quibus
2025 4374 2182 4427 homo
2223 4371 2257 4381 “’
2290 4379 2363 4430 dit
2389 4378 2548 4435 alius;
2579 4389 2662 4441 et,
2691 4376 2789 4431 nisi
2822 4376 3133 4440 nrrutiatnr,
3181 4377 3414 4430 minatur
3460 4378 3529 4430 illi
3577 4390 3829 4433 mortem.

638 4464 830 4518 salvari
864 4463 1042 4530 nequit
1068 4503 1080 4522 ,
1110 4472 1406 4528 postquam
1434 4472 1603 4529 potest
1634 4461 1734 4514 illis
1772 4464 1867 4515 uti.
1910 4463 2041 4516 Nam
2067 4464 2183 4517 ideo
2296 4468 2539 4521 Vidi-mus
2570 4482 2706 4520 nunc
2737 4467 2788 4519 in
2809 4465 2921 4533 ejus
2948 4482 3065 4519 esse
3091 4466 3314 4520 arbitrio
3338 4482 3404 4519 an
3433 4467 3645 4521 deserat
3670 4470 3834 4521 vitam

636 4562 1036 4621 cunqueruntur
1062 4552 1208 4603 multi
1238 4552 1357 4618 quia
1384 4561 1567 4618 putant
1590 4554 1654 4603 ad
1679 4552 1900 4607 salutem
1933 4554 2010 4605 vel
2031 4556 2180 4607 dant—
2290 4570 2384 4621 pro
2440 4554 2751 4606 rectitudine
2806 4544 3115 4615 voluntatis;
3178 4568 3243 4605 an
3294 4552 3665 4606 rectitudiucm
3687 4595 3702 4618 ,
3732 4570 3833 4621 pro

641 4626 907 4695 nationem
941 4640 1067 4693 nihil
1110 4639 1283 4690 valere
1316 4638 1535 4691 libermn
1563 4639 1871 4702 arbitrium;
1900 4641 1990 4693 sed
2016 4641 2180 4695 solam
2287 4642 2412 4695 vita.
2450 4636 2557 4694 lloe
2585 4642 2859 4694 arbitrium
2888 4683 2899 4703 ,
2945 4643 3081 4708 quod
3110 4650 3163 4693 et
3185 4642 3440 4709 judicium
3485 4642 3585 4695 diei
3609 4653 3781 4712 potest
3813 4683 3831 4705 ,

642 4731 1010 4781 necessitatem
1056 4738 1272 4796 propter
1325 4726 1413 4779 Dei
1470 4727 1871 4794 priescientiam.
1923 4728 2181 4795 Qudniatn
2288 4732 2511 4783 liberum
2539 4742 2654 4795 est;
2688 4735 2933 4799 quoniam
2964 4731 3127 4792 ratio,
3190 4744 3293 4798 qua
3341 4732 3646 4800 intelligitur
3672 4735 3835 4785 recti-

642 4835 767 4885 ergo
791 4835 891 4869 non
922 4819 1149 4871 salvetur
1176 4819 1359 4880 homo,
1386 4826 1664 4887 postquam
1710 4819 1775 4870 ad
1806 4820 2183 4885 iutelligibilem
2292 4824 2446 4883 tudo,
2478 4822 2631 4873 docet
2652 4820 3017 4873 rectitudinem
3044 4820 3185 4872 illam
3216 4818 3454 4885 ejusdem
3495 4821 3838 4883 rectitudinis

1306 4976 1309 4977 ,
1911 4925 2139 4980 VARle
2180 4927 2573 4982 LECTIONES.

651 5018 700 5067 in
733 5032 852 5065 mss.
897 5016 957 5066 Et
984 5016 1101 5081 quia
1136 5016 1229 5066 luit
1256 5016 1304 5067 in
1382 5015 1474 5070 ⁸⁸³9
1509 5016 1724 5066 Videtur
1770 5028 1921 5079 posse
1957 5017 2211 5069 similiter
2258 5035 2377 5069 uiss.
2419 5019 2621 5072 Virt.9.
2654 5019 2859 5072 videtur
2899 5020 3138 5072 similiter
3166 5032 3317 5085 posse
3367 5036 3487 5071 mss.
3546 5018 3674 5073 Vict.
3705 5020 3758 5075 ὅ.
3783 5032 3833 5075 σι

766 5087 967 5157 videtur
989 5086 1403 5157 possesimilitcr
1473 5086 1564 5157 ff”
1591 5087 1643 5157 lu
1662 5094 1905 5157 tempore
1928 5096 2008 5137 est
2030 5086 2281 5137 mutabile
2310 5104 2429 5139 mss.
2465 5091 2514 5139 in
2546 5099 2779 5157 tempore
2802 5104 2917 5141 esse
2941 5088 3187 5139 mutabile
3260 5088 3351 5141 ’“f‘
3396 5089 3458 5140 Et
3500 5092 3709 5154 quando
3728 5106 3830 5143 υη,

648 5154 954 5227 Cisler.__lit
980 5155 1250 5227 quoniam
1279 5155 1416 5227 __""
1458 5153 1669 5227 Aliquid
1712 5164 1794 5227 est
1858 5164 1912 5227 et
1960 5165 2241 5227 antequam
2293 5172 2413 5206 mss.
2465 5157 2593 5208 Vict.
2654 5153 2702 5208 et
2767 5158 2948 5209 (Iister.
2990 5158 3182 5227 aliquid
3223 5166 3275 5227 et
3316 5165 3414 5227 est,
3454 5153 3830 5227 ebantequatu

720 5222 811 5249 ³⁶λ⁴³⁰
844 5220 1048 5294 lliuuini
1076 5222 1625 5294 tortituilincm,alias
1647 5222 2017 5294 cerrtitudiuem
2044 5220 2371 5294 prualictatn,
2397 5227 2443 5275 id
2471 5236 2571 5286 est,
2606 5226 2863 5290 justitiam
2889 5243 3011 5276 mss.
3037 5220 3231 5276 homini
3287 5225 3651 5294 rectitudinem
3684 5220 3828 5294 pra:-

652 5293 869 5362 dirlatu‘;
898 5292 945 5339 id
977 5300 1058 5362 est
1097 5290 1357 5353 justitiam
1433 5292 1519 5362 mf
1573 5292 1649 5342 Ab
1695 5290 2078 5362 Angelismss.
2144 5290 2274 5362 Victi.
2305 5293 2354 5343 5.
2391 5296 2443 5347 9.
2488 5306 2532 5345 et
2566 5294 2748 5345 (Σίδην.
2795 5306 2845 5345 et
2897 5295 3109 5361 Angelis
3133 5309 3254 5345 mss.
3292 5293 3421 5345 Vict.
3452 5295 3587 5347 15in
3612 5290 3832 5362 Angelis

652 5360 745 5389 ³⁶⁶¹
798 5358 1121 5409 Νυνυδδὶιηιυ
1171 5369 1261 5407 aut
1308 5360 1640 5411 necessitatis
1693 5362 1738 5410 vi
1782 5360 2096 5425 impelli-nte,
2130 5363 2221 5411 sed
2252 5361 2556 5414 habentium
2596 5381 2716 5414 mss.
2754 5358 3087 5420 neressitatc;
3117 5364 3204 5414 sed
3230 5364 3532 5414 habentium
3604 5358 3828 5414 ""Ne-

656 5442 757 5491 que
781 5429 882 5476 ulla
917 5428 1095 5479 vilicri
1126 5436 1446 5498 putt-stum.
1476 5442 1534 5498 et
1568 5430 1705 5479 I'Idit.
1735 5428 1886 5477 (iam.
1928 5432 2096 5495 deque
2142 5429 2273 5479 velle
2323 5442 2496 5496 potest
2571 5433 2661 5461 ““
2687 5433 2834 5494 Quod
2887 5433 3029 5492 facit,
3054 5432 3180 5481 vult.
3218 5430 3362 5482 llude
3418 5446 3627 5498 quoque
3667 5446 3830 5496 aper-

657 5498 857 5568 tissime
916 5512 1034 5547 msr.
1088 5499 1228 5562 quod
1283 5496 1428 5547 facit.
1500 5496 1644 5550 Unde
1693 5511 1905 5564 qlttNItlt.‘
1959 5498 2291 5565 apertissime
2368 5501 2454 5529 3‘”
2516 5501 2574 5553 lit
2641 5510 2781 5553 recta
2833 5512 2886 5552 et
2924 5501 3061 5565 ju~ta
3118 5516 3235 5551 mss.
3290 5511 3337 5551 et
3403 5496 3563 5560 recta,
3625 5499 3673 5550 id
3721 5509 3830 5562 cst,

658 5573 789 5619 Nata

632 3201 792 3271 126
824 3200 952 3253 (ἶλιδ.
973 3199 1089 3271 _\’|_._
1109 3229 1178 3238 —-
1212 3200 1281 3251 De
1298 3199 1543 3271 ΔΙὶιιεειπιηιε
1568 3198 1633 3249 ad
1668 3216 1726 3250 eo
1747 3215 1861 3271 quae
1889 3210 2005 3252 sunt
2043 3199 2183 3252 salu-

944 3269 1008 3321 tis
1038 3268 1117 3320 hic
1144 3268 1395 3335 quat-ritur
1420 3269 1539 3329 ubi,
1571 3277 1615 3318 et
1638 3283 1753 3334 qua:
1781 3268 1867 3320 sil.
