  <div class='ocr_page' id='page_1' title='image "/cluster/home/n/w/nwhite01/storage/ocr_20150623/158/uva.x000829800/262.png"; bbox 0 0 4240 6228; ppageno 0'>
   <div class='ocr_carea' id='block_1_1' title="bbox 358 233 449 286">
    <p class='ocr_par' dir='ltr' id='par_1_1' title="bbox 358 233 449 286">
     <span class='ocr_line' id='line_1_1' title="bbox 358 233 449 286; baseline -0.022 0"><span class='ocrx_word' id='word_1_1' title='bbox 358 233 449 286; x_wconf 71' lang='lat' dir='ltr'><strong>f‘ll&#39;i</strong></span> 
     </span>
    </p>
   </div>
   <div class='ocr_carea' id='block_1_2' title="bbox 1160 235 3544 311">
    <p class='ocr_par' dir='ltr' id='par_1_2' title="bbox 1160 235 3544 311">
     <span class='ocr_line' id='line_1_2' title="bbox 1160 235 3544 311; baseline 0.003 -22"><span class='ocrx_word' id='word_1_2' title='bbox 1160 237 1243 290; x_wconf 80' lang='lat' dir='ltr'><strong>DF.</strong></span> <span class='ocrx_word' id='word_1_3' title='bbox 1281 236 1614 292; x_wconf 66' lang='lat' dir='ltr'><strong>(ZONCORD.</strong></span> <span class='ocrx_word' id='word_1_4' title='bbox 1654 235 1922 294; x_wconf 58' lang='lat' dir='ltr'><strong>l‘liACSC.</strong></span> <span class='ocrx_word' id='word_1_5' title='bbox 1954 239 2054 293; x_wconf 76' lang='lat' dir='ltr'><strong>DEI</strong></span> <span class='ocrx_word' id='word_1_6' title='bbox 2094 238 2231 293; x_wconf 63' lang='lat' dir='ltr'><strong>CB.“</strong></span> <span class='ocrx_word' id='word_1_7' title='bbox 2266 238 2389 291; x_wconf 77' lang='lat' dir='ltr'><strong>LIB.</strong></span> <span class='ocrx_word' id='word_1_8' title='bbox 2431 238 2696 294; x_wconf 70' lang='lat' dir='ltr'><strong>Alllll&#39;l‘ll.</strong></span> <span class='ocrx_word' id='word_1_9' title='bbox 2784 266 2786 269; x_wconf 85' lang='lat'><strong><em>-</em></strong></span> <span class='ocrx_word' id='word_1_10' title='bbox 3057 239 3071 267; x_wconf 90' lang='lat'><em>’</em></span> <span class='ocrx_word' id='word_1_11' title='bbox 3206 304 3209 311; x_wconf 19' lang='grc' dir='ltr'>λ</span> <span class='ocrx_word' id='word_1_12' title='bbox 3278 292 3281 293; x_wconf 64' lang='lat'>,</span> <span class='ocrx_word' id='word_1_13' title='bbox 3444 245 3544 304; x_wconf 75' lang='lat' dir='ltr'><strong>:‘ilS</strong></span> 
     </span>
    </p>
   </div>
   <div class='ocr_carea' id='block_1_3' title="bbox 359 352 3549 443">
    <p class='ocr_par' dir='ltr' id='par_1_3' title="bbox 359 352 3549 443">
     <span class='ocr_line' id='line_1_3' title="bbox 359 352 3549 443; baseline 0 -40"><span class='ocrx_word' id='word_1_14' title='bbox 359 367 538 405; x_wconf 85' lang='lat' dir='ltr'><strong>amore</strong></span> <span class='ocrx_word' id='word_1_15' title='bbox 569 364 778 420; x_wconf 82' lang='lat' dir='ltr'><strong>semper</strong></span> <span class='ocrx_word' id='word_1_16' title='bbox 804 366 921 406; x_wconf 87' lang='lat' dir='ltr'><strong>esse</strong></span> <span class='ocrx_word' id='word_1_17' title='bbox 948 352 1290 443; x_wconf 70' lang='lat' dir='ltr'><strong>servandam;</strong></span> <span class='ocrx_word' id='word_1_18' title='bbox 1328 362 1379 404; x_wconf 90' lang='lat' dir='ltr'><strong>et</strong></span> <span class='ocrx_word' id='word_1_19' title='bbox 1423 352 1674 418; x_wconf 78' lang='lat' dir='ltr'><strong>quidquid</strong></span> <span class='ocrx_word' id='word_1_20' title='bbox 1721 354 1905 406; x_wconf 90' lang='lat' dir='ltr'><strong>ohteu-</strong></span> <span class='ocrx_word' id='word_1_21' title='bbox 1933 356 1978 413; x_wconf 83' lang='grc' dir='ltr'><strong>Λ</strong></span> <span class='ocrx_word' id='word_1_22' title='bbox 2007 353 2058 406; x_wconf 91' lang='lat' dir='ltr'><strong>in</strong></span> <span class='ocrx_word' id='word_1_23' title='bbox 2088 352 2237 404; x_wconf 84' lang='lat' dir='ltr'><strong>malis</strong></span> <span class='ocrx_word' id='word_1_24' title='bbox 2263 366 2387 407; x_wconf 83' lang='lat' dir='ltr'><strong>vero</strong></span> <span class='ocrx_word' id='word_1_25' title='bbox 2412 354 2537 404; x_wconf 70' lang='grc' dir='ltr'>[ιρι</span> <span class='ocrx_word' id='word_1_26' title='bbox 2579 353 2713 419; x_wconf 87' lang='lat' dir='ltr'><strong>qnol</strong></span> <span class='ocrx_word' id='word_1_27' title='bbox 2738 364 2853 406; x_wconf 84' lang='lat' dir='ltr'><strong>sunt</strong></span> <span class='ocrx_word' id='word_1_28' title='bbox 2877 395 2890 416; x_wconf 88' lang='lat'><strong>,</strong></span> <span class='ocrx_word' id='word_1_29' title='bbox 2951 362 3042 407; x_wconf 88' lang='lat' dir='ltr'><strong>sed</strong></span> <span class='ocrx_word' id='word_1_30' title='bbox 3106 366 3206 405; x_wconf 89' lang='lat' dir='ltr'><strong>non</strong></span> <span class='ocrx_word' id='word_1_31' title='bbox 3249 354 3386 419; x_wconf 77' lang='lat' dir='ltr'><strong>quod</strong></span> <span class='ocrx_word' id='word_1_32' title='bbox 3416 356 3549 408; x_wconf 80' lang='lat' dir='ltr'><strong>mala</strong></span> 
     </span>
    </p>
   </div>
   <div class='ocr_carea' id='block_1_4' title="bbox 348 440 1908 506">
    <p class='ocr_par' dir='ltr' id='par_1_4' title="bbox 348 440 1908 506">
     <span class='ocr_line' id='line_1_4' title="bbox 348 440 1908 506; baseline 0 -13"><span class='ocrx_word' id='word_1_33' title='bbox 348 440 502 495; x_wconf 75' lang='lat' dir='ltr'><strong>,ditur</strong></span> <span class='ocrx_word' id='word_1_34' title='bbox 530 452 587 495; x_wconf 91' lang='grc' dir='ltr'><strong>ιιι</strong></span> <span class='ocrx_word' id='word_1_35' title='bbox 614 444 889 495; x_wconf 72' lang='lat' dir='ltr'><strong>deseratur</strong></span> <span class='ocrx_word' id='word_1_36' title='bbox 922 453 1040 501; x_wconf 76' lang='lat' dir='ltr'><strong>esse</strong></span> <span class='ocrx_word' id='word_1_37' title='bbox 1093 440 1561 502; x_wconf 77' lang='lat' dir='ltr'><strong>eotttctttttettdttttt;</strong></span> <span class='ocrx_word' id='word_1_38' title='bbox 1611 449 1769 506; x_wconf 89' lang='lat' dir='ltr'><strong>atque</strong></span> <span class='ocrx_word' id='word_1_39' title='bbox 1819 454 1908 493; x_wconf 78' lang='lat' dir='ltr'><strong>v0-</strong></span> 
     </span>
    </p>
   </div>
   <div class='ocr_carea' id='block_1_5' title="bbox 363 520 1907 593">
    <p class='ocr_par' dir='ltr' id='par_1_5' title="bbox 363 520 1907 593">
     <span class='ocr_line' id='line_1_5' title="bbox 363 520 1907 593; baseline -0.002 -13"><span class='ocrx_word' id='word_1_40' title='bbox 363 520 578 582; x_wconf 79' lang='lat' dir='ltr'><strong>luntatis</strong></span> <span class='ocrx_word' id='word_1_41' title='bbox 597 537 679 581; x_wconf 87' lang='lat' dir='ltr'><strong>est</strong></span> <span class='ocrx_word' id='word_1_42' title='bbox 704 535 761 579; x_wconf 90' lang='lat' dir='ltr'><strong>ut</strong></span> <span class='ocrx_word' id='word_1_43' title='bbox 787 526 893 593; x_wconf 89' lang='lat' dir='ltr'><strong>ipsa</strong></span> <span class='ocrx_word' id='word_1_44' title='bbox 924 539 1134 593; x_wconf 88' lang='lat' dir='ltr'><strong>quoque</strong></span> <span class='ocrx_word' id='word_1_45' title='bbox 1157 525 1404 591; x_wconf 78' lang='lat' dir='ltr'><strong>rcprobct</strong></span> <span class='ocrx_word' id='word_1_46' title='bbox 1437 541 1499 577; x_wconf 92' lang='lat' dir='ltr'><strong>ac</strong></span> <span class='ocrx_word' id='word_1_47' title='bbox 1527 527 1907 592; x_wconf 63' lang='lat' dir='ltr'><strong>eligat,quem-</strong></span> 
     </span>
    </p>
   </div>
   <div class='ocr_carea' id='block_1_6' title="bbox 360 610 1907 682">
    <p class='ocr_par' dir='ltr' id='par_1_6' title="bbox 360 610 1907 682">
     <span class='ocr_line' id='line_1_6' title="bbox 360 610 1907 682; baseline -0.003 -13"><span class='ocrx_word' id='word_1_48' title='bbox 360 616 643 669; x_wconf 82' lang='lat' dir='ltr'><strong>admodum</strong></span> <span class='ocrx_word' id='word_1_49' title='bbox 698 612 920 665; x_wconf 73' lang='lat' dir='ltr'><strong>rationis</strong></span> <span class='ocrx_word' id='word_1_50' title='bbox 974 611 1272 664; x_wconf 85' lang='lat' dir='ltr'><strong>intellectus</strong></span> <span class='ocrx_word' id='word_1_51' title='bbox 1339 621 1642 664; x_wconf 78' lang='lat' dir='ltr'><strong>monstrat:</strong></span> <span class='ocrx_word' id='word_1_52' title='bbox 1698 610 1907 682; x_wconf 86' lang='lat' dir='ltr'><strong>adhoc</strong></span> 
     </span>
    </p>
   </div>
   <div class='ocr_carea' id='block_1_7' title="bbox 360 701 1909 757">
    <p class='ocr_par' dir='ltr' id='par_1_7' title="bbox 360 701 1909 757">
     <span class='ocr_line' id='line_1_7' title="bbox 360 701 1909 757; baseline -0.001 -1"><span class='ocrx_word' id='word_1_53' title='bbox 360 704 502 757; x_wconf 90' lang='lat' dir='ltr'><strong>enim</strong></span> <span class='ocrx_word' id='word_1_54' title='bbox 526 704 752 755; x_wconf 78' lang='lat' dir='ltr'><strong>maxime</strong></span> <span class='ocrx_word' id='word_1_55' title='bbox 782 703 915 754; x_wconf 73' lang='lat' dir='ltr'><strong>datm</strong></span> <span class='ocrx_word' id='word_1_56' title='bbox 942 712 1066 753; x_wconf 89' lang='lat' dir='ltr'><strong>sunt</strong></span> <span class='ocrx_word' id='word_1_57' title='bbox 1090 701 1331 753; x_wconf 87' lang='lat' dir='ltr'><strong>rationali</strong></span> <span class='ocrx_word' id='word_1_58' title='bbox 1374 712 1629 753; x_wconf 75' lang='lat' dir='ltr'><strong>creatura:</strong></span> <span class='ocrx_word' id='word_1_59' title='bbox 1669 702 1909 754; x_wconf 87' lang='lat' dir='ltr'><strong>voluntas</strong></span> 
     </span>
    </p>
   </div>
   <div class='ocr_carea' id='block_1_8' title="bbox 359 780 1974 856">
    <p class='ocr_par' dir='ltr' id='par_1_8' title="bbox 359 780 1974 856">
     <span class='ocr_line' id='line_1_8' title="bbox 359 780 1974 856; baseline -0.002 -13"><span class='ocrx_word' id='word_1_60' title='bbox 359 799 415 843; x_wconf 90' lang='lat' dir='ltr'><strong>et</strong></span> <span class='ocrx_word' id='word_1_61' title='bbox 444 791 598 843; x_wconf 88' lang='lat' dir='ltr'><strong>ratio.</strong></span> <span class='ocrx_word' id='word_1_62' title='bbox 634 789 965 856; x_wconf 80' lang='lat' dir='ltr'><strong>Quapropter</strong></span> <span class='ocrx_word' id='word_1_63' title='bbox 994 788 1130 841; x_wconf 87' lang='lat' dir='ltr'><strong>idem</strong></span> <span class='ocrx_word' id='word_1_64' title='bbox 1172 788 1455 840; x_wconf 83' lang='lat' dir='ltr'><strong>voluntatis</strong></span> <span class='ocrx_word' id='word_1_65' title='bbox 1503 789 1781 840; x_wconf 79' lang='lat' dir='ltr'><strong>arbitrium</strong></span> <span class='ocrx_word' id='word_1_66' title='bbox 1806 830 1819 853; x_wconf 89' lang='lat'><strong>,</strong></span> <span class='ocrx_word' id='word_1_67' title='bbox 1854 798 1911 840; x_wconf 94' lang='lat' dir='ltr'><strong>ut</strong></span> <span class='ocrx_word' id='word_1_68' title='bbox 1959 780 1974 845; x_wconf 64' lang='grc' dir='ltr'>ζ</span> 
     </span>
    </p>
   </div>
   <div class='ocr_carea' id='block_1_9' title="bbox 362 876 1913 945">
    <p class='ocr_par' dir='ltr' id='par_1_9' title="bbox 362 876 1913 945">
     <span class='ocr_line' id='line_1_9' title="bbox 362 876 1913 945; baseline -0.001 -15"><span class='ocrx_word' id='word_1_69' title='bbox 362 877 601 930; x_wconf 79' lang='lat' dir='ltr'><strong>canalem</strong></span> <span class='ocrx_word' id='word_1_70' title='bbox 624 877 991 929; x_wconf 85' lang='lat' dir='ltr'><strong>rectitudincm</strong></span> <span class='ocrx_word' id='word_1_71' title='bbox 1027 877 1267 943; x_wconf 78' lang='lat' dir='ltr'><strong>deserat,</strong></span> <span class='ocrx_word' id='word_1_72' title='bbox 1315 876 1455 928; x_wconf 78' lang='lat' dir='ltr'><strong>nulla</strong></span> <span class='ocrx_word' id='word_1_73' title='bbox 1489 877 1693 945; x_wconf 78' lang='lat' dir='ltr'><strong>cogitur</strong></span> <span class='ocrx_word' id='word_1_74' title='bbox 1732 886 1913 931; x_wconf 81' lang='lat' dir='ltr'><strong>ncces-</strong></span> 
     </span>
    </p>
   </div>
   <div class='ocr_carea' id='block_1_10' title="bbox 365 964 1953 1032">
    <p class='ocr_par' dir='ltr' id='par_1_10' title="bbox 365 964 1953 1032">
     <span class='ocr_line' id='line_1_10' title="bbox 365 964 1953 1032; baseline 0 -16"><span class='ocrx_word' id='word_1_75' title='bbox 365 967 534 1028; x_wconf 90' lang='lat' dir='ltr'><strong>titate,</strong></span> <span class='ocrx_word' id='word_1_76' title='bbox 561 964 807 1031; x_wconf 86' lang='lat' dir='ltr'><strong>quamvis</strong></span> <span class='ocrx_word' id='word_1_77' title='bbox 837 964 1022 1018; x_wconf 89' lang='lat' dir='ltr'><strong>mortis</strong></span> <span class='ocrx_word' id='word_1_78' title='bbox 1049 965 1387 1032; x_wconf 81' lang='lat' dir='ltr'><strong>impugnetur</strong></span> <span class='ocrx_word' id='word_1_79' title='bbox 1408 964 1733 1016; x_wconf 83' lang='lat' dir='ltr'><strong>dillieultate.</strong></span> <span class='ocrx_word' id='word_1_80' title='bbox 1765 964 1911 1018; x_wconf 79' lang='lat' dir='ltr'><strong>Licet</strong></span> <span class='ocrx_word' id='word_1_81' title='bbox 1949 987 1953 990; x_wconf 63' lang='lat'><strong>~</strong></span> 
     </span>
    </p>
   </div>
   <div class='ocr_carea' id='block_1_11' title="bbox 362 1054 1914 1129">
    <p class='ocr_par' dir='ltr' id='par_1_11' title="bbox 362 1054 1914 1129">
     <span class='ocr_line' id='line_1_11' title="bbox 362 1054 1914 1129; baseline -0.001 -21"><span class='ocrx_word' id='word_1_82' title='bbox 362 1056 501 1108; x_wconf 84' lang='lat' dir='ltr'><strong>enim</strong></span> <span class='ocrx_word' id='word_1_83' title='bbox 528 1067 743 1129; x_wconf 78' lang='lat' dir='ltr'><strong>necesse</strong></span> <span class='ocrx_word' id='word_1_84' title='bbox 771 1054 837 1108; x_wconf 91' lang='lat' dir='ltr'><strong>sit</strong></span> <span class='ocrx_word' id='word_1_85' title='bbox 864 1064 956 1107; x_wconf 90' lang='lat' dir='ltr'><strong>aut</strong></span> <span class='ocrx_word' id='word_1_86' title='bbox 990 1054 1153 1107; x_wconf 87' lang='lat' dir='ltr'><strong>vitam</strong></span> <span class='ocrx_word' id='word_1_87' title='bbox 1198 1064 1289 1106; x_wconf 86' lang='lat' dir='ltr'><strong>aut</strong></span> <span class='ocrx_word' id='word_1_88' title='bbox 1335 1055 1705 1106; x_wconf 89' lang='lat' dir='ltr'><strong>rectitudinem</strong></span> <span class='ocrx_word' id='word_1_89' title='bbox 1750 1054 1914 1106; x_wconf 84' lang='lat' dir='ltr'><strong>relin-</strong></span> 
     </span>
    </p>
   </div>
   <div class='ocr_carea' id='block_1_12' title="bbox 364 1141 1914 1225">
    <p class='ocr_par' dir='ltr' id='par_1_12' title="bbox 364 1141 1914 1225">
     <span class='ocr_line' id='line_1_12' title="bbox 364 1141 1914 1225; baseline 0.001 -32"><span class='ocrx_word' id='word_1_90' title='bbox 364 1158 527 1225; x_wconf 64' lang='grc' dir='ltr'>ιιιιεφ</span> <span class='ocrx_word' id='word_1_91' title='bbox 550 1184 564 1207; x_wconf 84' lang='grc'>,</span> <span class='ocrx_word' id='word_1_92' title='bbox 592 1141 730 1195; x_wconf 88' lang='lat' dir='ltr'><strong>nttlla</strong></span> <span class='ocrx_word' id='word_1_93' title='bbox 756 1154 929 1196; x_wconf 89' lang='lat' dir='ltr'><strong>tamen</strong></span> <span class='ocrx_word' id='word_1_94' title='bbox 961 1143 1253 1197; x_wconf 80' lang='lat' dir='ltr'><strong>necessitas</strong></span> <span class='ocrx_word' id='word_1_95' title='bbox 1277 1142 1595 1195; x_wconf 77' lang='lat' dir='ltr'><strong>determinat</strong></span> <span class='ocrx_word' id='word_1_96' title='bbox 1618 1158 1776 1209; x_wconf 88' lang='lat' dir='ltr'><strong>quam</strong></span> <span class='ocrx_word' id='word_1_97' title='bbox 1804 1157 1914 1194; x_wconf 87' lang='lat' dir='ltr'><strong>scr-</strong></span> 
     </span>
    </p>
   </div>
   <div class='ocr_carea' id='block_1_13' title="bbox 365 1231 1911 1301">
    <p class='ocr_par' dir='ltr' id='par_1_13' title="bbox 365 1231 1911 1301">
     <span class='ocr_line' id='line_1_13' title="bbox 365 1231 1911 1301; baseline 0.001 -18"><span class='ocrx_word' id='word_1_98' title='bbox 365 1240 451 1285; x_wconf 90' lang='lat' dir='ltr'><strong>vet</strong></span> <span class='ocrx_word' id='word_1_99' title='bbox 472 1240 560 1284; x_wconf 85' lang='lat' dir='ltr'><strong>aut</strong></span> <span class='ocrx_word' id='word_1_100' title='bbox 590 1232 817 1285; x_wconf 86' lang='lat' dir='ltr'><strong>deserat.</strong></span> <span class='ocrx_word' id='word_1_101' title='bbox 848 1231 1048 1300; x_wconf 82' lang='lat' dir='ltr'><strong>Nempe</strong></span> <span class='ocrx_word' id='word_1_102' title='bbox 1070 1231 1179 1284; x_wconf 89' lang='lat' dir='ltr'><strong>sola</strong></span> <span class='ocrx_word' id='word_1_103' title='bbox 1212 1232 1454 1284; x_wconf 80' lang='lat' dir='ltr'><strong>voluntas</strong></span> <span class='ocrx_word' id='word_1_104' title='bbox 1484 1232 1809 1301; x_wconf 80' lang='lat' dir='ltr'><strong>determinat</strong></span> <span class='ocrx_word' id='word_1_105' title='bbox 1844 1231 1911 1285; x_wconf 93' lang='lat' dir='ltr'><strong>ibi</strong></span> 
     </span>
    </p>
   </div>
   <div class='ocr_carea' id='block_1_14' title="bbox 362 1320 1912 1389">
    <p class='ocr_par' dir='ltr' id='par_1_14' title="bbox 362 1320 1912 1389">
     <span class='ocr_line' id='line_1_14' title="bbox 362 1320 1912 1389; baseline 0.002 -19"><span class='ocrx_word' id='word_1_106' title='bbox 362 1321 488 1389; x_wconf 91' lang='lat' dir='ltr'><strong>quid</strong></span> <span class='ocrx_word' id='word_1_107' title='bbox 529 1331 738 1384; x_wconf 88' lang='lat' dir='ltr'><strong>teneat,</strong></span> <span class='ocrx_word' id='word_1_108' title='bbox 790 1336 885 1375; x_wconf 83' lang='lat' dir='ltr'><strong>nec</strong></span> <span class='ocrx_word' id='word_1_109' title='bbox 924 1320 1121 1389; x_wconf 90' lang='lat' dir='ltr'><strong>aliquid</strong></span> <span class='ocrx_word' id='word_1_110' title='bbox 1166 1321 1290 1373; x_wconf 80' lang='lat' dir='ltr'><strong>facit</strong></span> <span class='ocrx_word' id='word_1_111' title='bbox 1326 1322 1402 1373; x_wconf 90' lang='lat' dir='ltr'><strong>vis</strong></span> <span class='ocrx_word' id='word_1_112' title='bbox 1435 1320 1794 1384; x_wconf 71' lang='lat' dir='ltr'><strong>necessitatis,</strong></span> <span class='ocrx_word' id='word_1_113' title='bbox 1829 1322 1912 1373; x_wconf 89' lang='lat' dir='ltr'><strong>ubi</strong></span> 
     </span>
    </p>
   </div>
   <div class='ocr_carea' id='block_1_15' title="bbox 362 1411 1914 1488">
    <p class='ocr_par' dir='ltr' id='par_1_15' title="bbox 362 1411 1914 1488">
     <span class='ocr_line' id='line_1_15' title="bbox 362 1411 1914 1488; baseline -0.001 -25"><span class='ocrx_word' id='word_1_114' title='bbox 362 1420 616 1488; x_wconf 71' lang='lat' dir='ltr'><strong>operatur</strong></span> <span class='ocrx_word' id='word_1_115' title='bbox 644 1411 833 1465; x_wconf 80' lang='lat' dir='ltr'><strong>electio</strong></span> <span class='ocrx_word' id='word_1_116' title='bbox 860 1412 967 1464; x_wconf 89' lang='lat' dir='ltr'><strong>sola</strong></span> <span class='ocrx_word' id='word_1_117' title='bbox 994 1411 1299 1464; x_wconf 81' lang='lat' dir='ltr'><strong>voluntatis.</strong></span> <span class='ocrx_word' id='word_1_118' title='bbox 1335 1413 1401 1463; x_wconf 84' lang='lat' dir='ltr'><strong>At</strong></span> <span class='ocrx_word' id='word_1_119' title='bbox 1424 1412 1509 1464; x_wconf 89' lang='lat' dir='ltr'><strong>cui</strong></span> <span class='ocrx_word' id='word_1_120' title='bbox 1540 1428 1642 1464; x_wconf 91' lang='lat' dir='ltr'><strong>nou</strong></span> <span class='ocrx_word' id='word_1_121' title='bbox 1665 1422 1741 1464; x_wconf 90' lang='lat' dir='ltr'><strong>est</strong></span> <span class='ocrx_word' id='word_1_122' title='bbox 1766 1412 1914 1463; x_wconf 78' lang='lat' dir='ltr'><strong>tlesc-</strong></span> 
     </span>
    </p>
   </div>
   <div class='ocr_carea' id='block_1_16' title="bbox 367 1485 1916 1567">
    <p class='ocr_par' dir='ltr' id='par_1_16' title="bbox 367 1485 1916 1567">
     <span class='ocr_line' id='line_1_16' title="bbox 367 1485 1916 1567; baseline -0.002 -13"><span class='ocrx_word' id='word_1_123' title='bbox 367 1502 513 1554; x_wconf 59' lang='lat' dir='ltr'><strong>randi</strong></span> <span class='ocrx_word' id='word_1_124' title='bbox 550 1485 918 1553; x_wconf 68' lang='lat' dir='ltr'><strong>rectitudinem</strong></span> <span class='ocrx_word' id='word_1_125' title='bbox 949 1500 1262 1561; x_wconf 88' lang='lat' dir='ltr'><strong>voluntatis,</strong></span> <span class='ocrx_word' id='word_1_126' title='bbox 1298 1514 1457 1567; x_wconf 90' lang='lat' dir='ltr'><strong>quam</strong></span> <span class='ocrx_word' id='word_1_127' title='bbox 1497 1500 1691 1565; x_wconf 87' lang='lat' dir='ltr'><strong>habet,</strong></span> <span class='ocrx_word' id='word_1_128' title='bbox 1734 1514 1916 1552; x_wconf 89' lang='lat' dir='ltr'><strong>ncces-</strong></span> 
     </span>
    </p>
   </div>
   <div class='ocr_carea' id='block_1_17' title="bbox 365 1578 1914 1657">
    <p class='ocr_par' dir='ltr' id='par_1_17' title="bbox 365 1578 1914 1657">
     <span class='ocr_line' id='line_1_17' title="bbox 365 1578 1914 1657; baseline -0.001 -15"><span class='ocrx_word' id='word_1_129' title='bbox 365 1589 532 1653; x_wconf 80' lang='lat' dir='ltr'><strong>sitas;</strong></span> <span class='ocrx_word' id='word_1_130' title='bbox 567 1588 737 1657; x_wconf 80' lang='lat' dir='ltr'><strong>palam</strong></span> <span class='ocrx_word' id='word_1_131' title='bbox 766 1598 849 1642; x_wconf 85' lang='lat' dir='ltr'><strong>est</strong></span> <span class='ocrx_word' id='word_1_132' title='bbox 877 1590 998 1656; x_wconf 92' lang='lat' dir='ltr'><strong>quia</strong></span> <span class='ocrx_word' id='word_1_133' title='bbox 1040 1578 1144 1642; x_wconf 83' lang='lat' dir='ltr'><strong>non</strong></span> <span class='ocrx_word' id='word_1_134' title='bbox 1190 1590 1341 1642; x_wconf 84' lang='lat' dir='ltr'><strong>deest</strong></span> <span class='ocrx_word' id='word_1_135' title='bbox 1391 1590 1637 1643; x_wconf 89' lang='lat' dir='ltr'><strong>servandi</strong></span> <span class='ocrx_word' id='word_1_136' title='bbox 1680 1598 1914 1657; x_wconf 76' lang='lat' dir='ltr'><strong>potestas</strong></span> 
     </span>
    </p>
   </div>
   <div class='ocr_carea' id='block_1_18' title="bbox 2009 434 3555 507">
    <p class='ocr_par' dir='ltr' id='par_1_18' title="bbox 2009 434 3555 507">
     <span class='ocr_line' id='line_1_18' title="bbox 2009 434 3555 507; baseline 0.001 -12"><span class='ocrx_word' id='word_1_137' title='bbox 2009 450 2155 495; x_wconf 74' lang='lat' dir='ltr'><strong>sunt.</strong></span> <span class='ocrx_word' id='word_1_138' title='bbox 2177 434 2307 494; x_wconf 86' lang='lat' dir='ltr'><strong>Nam</strong></span> <span class='ocrx_word' id='word_1_139' title='bbox 2346 443 2488 495; x_wconf 89' lang='lat' dir='ltr'><strong>omni</strong></span> <span class='ocrx_word' id='word_1_140' title='bbox 2517 444 2589 493; x_wconf 83' lang='lat' dir='ltr'><strong>rei</strong></span> <span class='ocrx_word' id='word_1_141' title='bbox 2618 456 2944 507; x_wconf 60' lang='lat' dir='ltr'><strong>CSSI‘jtlslattt</strong></span> <span class='ocrx_word' id='word_1_142' title='bbox 2976 452 3054 495; x_wconf 77' lang='lat' dir='ltr'><strong>vel</strong></span> <span class='ocrx_word' id='word_1_143' title='bbox 3092 453 3283 495; x_wconf 85' lang='lat' dir='ltr'><strong>buttaut</strong></span> <span class='ocrx_word' id='word_1_144' title='bbox 3304 482 3318 502; x_wconf 89' lang='lat'><strong>,</strong></span> <span class='ocrx_word' id='word_1_145' title='bbox 3351 456 3433 493; x_wconf 63' lang='lat' dir='ltr'><strong>est</strong></span> <span class='ocrx_word' id='word_1_146' title='bbox 3457 445 3555 496; x_wconf 78' lang='lat' dir='ltr'><strong>ali-</strong></span> 
     </span>
    </p>
   </div>
   <div class='ocr_carea' id='block_1_19' title="bbox 2007 532 3557 603">
    <p class='ocr_par' dir='ltr' id='par_1_19' title="bbox 2007 532 3557 603">
     <span class='ocr_line' id='line_1_19' title="bbox 2007 532 3557 603; baseline 0.004 -21"><span class='ocrx_word' id='word_1_147' title='bbox 2007 533 2131 600; x_wconf 87' lang='lat' dir='ltr'><strong>quid</strong></span> <span class='ocrx_word' id='word_1_148' title='bbox 2155 547 2272 585; x_wconf 83' lang='lat' dir='ltr'><strong>esse</strong></span> <span class='ocrx_word' id='word_1_149' title='bbox 2305 532 2427 596; x_wconf 53' lang='lat'><strong>3‘5&#39;”;</strong></span> <span class='ocrx_word' id='word_1_150' title='bbox 2462 532 2588 583; x_wconf 91' lang='lat' dir='ltr'><strong>nulli</strong></span> <span class='ocrx_word' id='word_1_151' title='bbox 2617 547 2744 583; x_wconf 57' lang='grc' dir='ltr'>ναι-(ι</span> <span class='ocrx_word' id='word_1_152' title='bbox 2776 534 2845 586; x_wconf 83' lang='lat' dir='ltr'><strong>tci</strong></span> <span class='ocrx_word' id='word_1_153' title='bbox 2880 544 2960 587; x_wconf 83' lang='lat' dir='ltr'><strong>est</strong></span> <span class='ocrx_word' id='word_1_154' title='bbox 2980 550 3098 589; x_wconf 83' lang='lat' dir='ltr'><strong>esse</strong></span> <span class='ocrx_word' id='word_1_155' title='bbox 3130 535 3364 603; x_wconf 85' lang='lat' dir='ltr'><strong>aliquid,</strong></span> <span class='ocrx_word' id='word_1_156' title='bbox 3393 534 3557 599; x_wconf 74' lang='lat' dir='ltr'><strong>injus-</strong></span> 
     </span>
    </p>
   </div>
   <div class='ocr_carea' id='block_1_20' title="bbox 2010 620 3551 689">
    <p class='ocr_par' dir='ltr' id='par_1_20' title="bbox 2010 620 3551 689">
     <span class='ocr_line' id='line_1_20' title="bbox 2010 620 3551 689; baseline 0.003 -18"><span class='ocrx_word' id='word_1_157' title='bbox 2010 629 2113 672; x_wconf 86' lang='lat' dir='ltr'><strong>tam</strong></span> <span class='ocrx_word' id='word_1_158' title='bbox 2132 620 2222 672; x_wconf 63' lang='lat' dir='ltr'><strong>vel</strong></span> <span class='ocrx_word' id='word_1_159' title='bbox 2239 621 2425 673; x_wconf 88' lang='lat' dir='ltr'><strong>malam</strong></span> <span class='ocrx_word' id='word_1_160' title='bbox 2452 637 2571 674; x_wconf 73' lang='lat' dir='ltr'><strong>esse</strong></span> <span class='ocrx_word' id='word_1_161' title='bbox 2591 622 2700 672; x_wconf 61' lang='lat'><strong>“7‘.</strong></span> <span class='ocrx_word' id='word_1_162' title='bbox 2736 624 3004 689; x_wconf 76' lang='lat' dir='ltr'><strong>Siquidem</strong></span> <span class='ocrx_word' id='word_1_163' title='bbox 3024 626 3214 676; x_wconf 89' lang='lat' dir='ltr'><strong>bonum</strong></span> <span class='ocrx_word' id='word_1_164' title='bbox 3241 626 3320 676; x_wconf 72' lang='lat' dir='ltr'><strong>vel</strong></span> <span class='ocrx_word' id='word_1_165' title='bbox 3347 625 3551 689; x_wconf 55' lang='lat' dir='ltr'><strong>justum</strong></span> 
     </span>
    </p>
   </div>
   <div class='ocr_carea' id='block_1_21' title="bbox 2008 708 3552 779">
    <p class='ocr_par' dir='ltr' id='par_1_21' title="bbox 2008 708 3552 779">
     <span class='ocr_line' id='line_1_21' title="bbox 2008 708 3552 779; baseline 0.002 -19"><span class='ocrx_word' id='word_1_166' title='bbox 2008 721 2157 768; x_wconf 88' lang='lat' dir='ltr'><strong>esse,</strong></span> <span class='ocrx_word' id='word_1_167' title='bbox 2182 716 2259 759; x_wconf 91' lang='lat' dir='ltr'><strong>cst</strong></span> <span class='ocrx_word' id='word_1_168' title='bbox 2279 708 2537 774; x_wconf 80' lang='lat' dir='ltr'><strong>justitiam</strong></span> <span class='ocrx_word' id='word_1_169' title='bbox 2568 708 2763 771; x_wconf 78' lang='lat' dir='ltr'><strong>habere</strong></span> <span class='ocrx_word' id='word_1_170' title='bbox 2790 727 2800 760; x_wconf 94' lang='lat'>:</span> <span class='ocrx_word' id='word_1_171' title='bbox 2836 711 2972 775; x_wconf 86' lang='lat' dir='ltr'><strong>quod</strong></span> <span class='ocrx_word' id='word_1_172' title='bbox 3008 720 3087 763; x_wconf 86' lang='lat' dir='ltr'><strong>cst</strong></span> <span class='ocrx_word' id='word_1_173' title='bbox 3111 711 3323 777; x_wconf 89' lang='lat' dir='ltr'><strong>aliquid.</strong></span> <span class='ocrx_word' id='word_1_174' title='bbox 3358 712 3552 779; x_wconf 69' lang='lat' dir='ltr'><strong>Malum</strong></span> 
     </span>
    </p>
   </div>
   <div class='ocr_carea' id='block_1_22' title="bbox 2009 796 3571 868">
    <p class='ocr_par' dir='ltr' id='par_1_22' title="bbox 2009 796 3571 868">
     <span class='ocr_line' id='line_1_22' title="bbox 2009 796 3571 868; baseline 0.007 -24"><span class='ocrx_word' id='word_1_175' title='bbox 2009 810 2133 846; x_wconf 77' lang='lat' dir='ltr'><strong>vero</strong></span> <span class='ocrx_word' id='word_1_176' title='bbox 2162 809 2278 847; x_wconf 86' lang='lat' dir='ltr'><strong>esse</strong></span> <span class='ocrx_word' id='word_1_177' title='bbox 2311 796 2388 847; x_wconf 86' lang='lat' dir='ltr'><strong>vel</strong></span> <span class='ocrx_word' id='word_1_178' title='bbox 2428 796 2711 861; x_wconf 88' lang='lat' dir='ltr'><strong>injnstnm,</strong></span> <span class='ocrx_word' id='word_1_179' title='bbox 2766 808 2841 848; x_wconf 73' lang='lat' dir='ltr'><strong>est</strong></span> <span class='ocrx_word' id='word_1_180' title='bbox 2887 815 2988 850; x_wconf 89' lang='lat' dir='ltr'><strong>non</strong></span> <span class='ocrx_word' id='word_1_181' title='bbox 3053 800 3248 851; x_wconf 87' lang='lat' dir='ltr'><strong>habere</strong></span> <span class='ocrx_word' id='word_1_182' title='bbox 3287 802 3571 868; x_wconf 23' lang='lat' dir='ltr'><strong>justitiam.</strong></span> 
     </span>
    </p>
   </div>
   <div class='ocr_carea' id='block_1_23' title="bbox 2008 881 3555 953">
    <p class='ocr_par' dir='ltr' id='par_1_23' title="bbox 2008 881 3555 953">
     <span class='ocr_line' id='line_1_23' title="bbox 2008 881 3555 953; baseline 0.003 -20"><span class='ocrx_word' id='word_1_183' title='bbox 2008 896 2167 948; x_wconf 88' lang='lat' dir='ltr'><strong>quam</strong></span> <span class='ocrx_word' id='word_1_184' title='bbox 2197 883 2350 934; x_wconf 79' lang='lat' dir='ltr'><strong>debet</strong></span> <span class='ocrx_word' id='word_1_185' title='bbox 2368 884 2562 936; x_wconf 86' lang='lat' dir='ltr'><strong>habere</strong></span> <span class='ocrx_word' id='word_1_186' title='bbox 2586 898 2601 935; x_wconf 89' lang='lat'><strong>:</strong></span> <span class='ocrx_word' id='word_1_187' title='bbox 2626 886 2762 951; x_wconf 84' lang='lat' dir='ltr'><strong>quod</strong></span> <span class='ocrx_word' id='word_1_188' title='bbox 2807 901 2909 937; x_wconf 90' lang='lat' dir='ltr'><strong>non</strong></span> <span class='ocrx_word' id='word_1_189' title='bbox 2949 881 3045 939; x_wconf 82' lang='lat' dir='ltr'><strong>est&#39;</strong></span> <span class='ocrx_word' id='word_1_190' title='bbox 3081 886 3295 953; x_wconf 86' lang='lat' dir='ltr'><strong>aliquid.</strong></span> <span class='ocrx_word' id='word_1_191' title='bbox 3326 887 3555 939; x_wconf 40' lang='lat' dir='ltr'><strong>iustitia</strong></span> 
     </span>
    </p>
   </div>
   <div class='ocr_carea' id='block_1_24' title="bbox 1988 970 3557 1039">
    <p class='ocr_par' dir='ltr' id='par_1_24' title="bbox 1988 970 3557 1039">
     <span class='ocr_line' id='line_1_24' title="bbox 1988 970 3557 1039; baseline 0.003 -19"><span class='ocrx_word' id='word_1_192' title='bbox 1988 984 2242 1037; x_wconf 79' lang='lat' dir='ltr'><strong>namque</strong></span> <span class='ocrx_word' id='word_1_193' title='bbox 2265 970 2457 1037; x_wconf 90' lang='lat' dir='ltr'><strong>aliquid</strong></span> <span class='ocrx_word' id='word_1_194' title='bbox 2489 980 2607 1034; x_wconf 83' lang='lat' dir='ltr'><strong>est;</strong></span> <span class='ocrx_word' id='word_1_195' title='bbox 2638 972 2894 1039; x_wconf 85' lang='lat' dir='ltr'><strong>injustitia</strong></span> <span class='ocrx_word' id='word_1_196' title='bbox 2932 988 3055 1025; x_wconf 88' lang='lat' dir='ltr'><strong>vero</strong></span> <span class='ocrx_word' id='word_1_197' title='bbox 3088 974 3248 1035; x_wconf 81' lang='lat' dir='ltr'><strong>nihil,</strong></span> <span class='ocrx_word' id='word_1_198' title='bbox 3278 976 3337 1025; x_wconf 77' lang='grc' dir='ltr'>εἰι</span> <span class='ocrx_word' id='word_1_199' title='bbox 3358 976 3557 1025; x_wconf 64' lang='lat' dir='ltr'><strong>utdzsi.</strong></span> 
     </span>
    </p>
   </div>
   <div class='ocr_carea' id='block_1_25' title="bbox 2012 1054 3559 1125">
    <p class='ocr_par' dir='ltr' id='par_1_25' title="bbox 2012 1054 3559 1125">
     <span class='ocr_line' id='line_1_25' title="bbox 2012 1054 3559 1125; baseline 0.002 -19"><span class='ocrx_word' id='word_1_200' title='bbox 2012 1054 2104 1107; x_wconf 79' lang='lat' dir='ltr'><strong>Est</strong></span> <span class='ocrx_word' id='word_1_201' title='bbox 2132 1064 2305 1109; x_wconf 82' lang='lat' dir='ltr'><strong>autem</strong></span> <span class='ocrx_word' id='word_1_202' title='bbox 2353 1057 2490 1109; x_wconf 87' lang='lat' dir='ltr'><strong>aliud</strong></span> <span class='ocrx_word' id='word_1_203' title='bbox 2531 1059 2621 1088; x_wconf 69' lang='grc'><strong>³⁸⁷⁵</strong></span> <span class='ocrx_word' id='word_1_204' title='bbox 2649 1061 2879 1124; x_wconf 81' lang='lat' dir='ltr'><strong>bonum,</strong></span> <span class='ocrx_word' id='word_1_205' title='bbox 2917 1063 3052 1125; x_wconf 90' lang='lat' dir='ltr'><strong>quo.l</strong></span> <span class='ocrx_word' id='word_1_206' title='bbox 3096 1061 3288 1111; x_wconf 72' lang='lat' dir='ltr'><strong>dicitur</strong></span> <span class='ocrx_word' id='word_1_207' title='bbox 3324 1077 3366 1110; x_wconf 77' lang='lat' dir='ltr'><strong>ta</strong></span> <span class='ocrx_word' id='word_1_208' title='bbox 3390 1076 3559 1111; x_wconf 76' lang='lat' dir='ltr'><strong>utnu-</strong></span> 
     </span>
    </p>
   </div>
   <div class='ocr_carea' id='block_1_26' title="bbox 2012 1140 3563 1211">
    <p class='ocr_par' dir='ltr' id='par_1_26' title="bbox 2012 1140 3563 1211">
     <span class='ocr_line' id='line_1_26' title="bbox 2012 1140 3563 1211; baseline 0.002 -20"><span class='ocrx_word' id='word_1_209' title='bbox 2012 1141 2167 1205; x_wconf 87' lang='lat' dir='ltr'><strong>dum,</strong></span> <span class='ocrx_word' id='word_1_210' title='bbox 2198 1140 2347 1206; x_wconf 73' lang='lat' dir='ltr'><strong>cujus</strong></span> <span class='ocrx_word' id='word_1_211' title='bbox 2380 1145 2701 1196; x_wconf 81' lang='lat' dir='ltr'><strong>centraritun</strong></span> <span class='ocrx_word' id='word_1_212' title='bbox 2728 1156 2809 1197; x_wconf 81' lang='lat' dir='ltr'><strong>est</strong></span> <span class='ocrx_word' id='word_1_213' title='bbox 2833 1144 3027 1196; x_wconf 89' lang='lat' dir='ltr'><strong>ntalum</strong></span> <span class='ocrx_word' id='word_1_214' title='bbox 3054 1186 3067 1209; x_wconf 87' lang='lat'><strong>,</strong></span> <span class='ocrx_word' id='word_1_215' title='bbox 3100 1148 3237 1211; x_wconf 84' lang='lat' dir='ltr'><strong>quod</strong></span> <span class='ocrx_word' id='word_1_216' title='bbox 3261 1156 3337 1197; x_wconf 90' lang='lat' dir='ltr'><strong>est</strong></span> <span class='ocrx_word' id='word_1_217' title='bbox 3364 1145 3563 1197; x_wconf 77' lang='lat' dir='ltr'><strong>illtOllI-</strong></span> 
     </span>
    </p>
   </div>
   <div class='ocr_carea' id='block_1_27' title="bbox 2015 1224 3554 1301">
    <p class='ocr_par' dir='ltr' id='par_1_27' title="bbox 2015 1224 3554 1301">
     <span class='ocr_line' id='line_1_27' title="bbox 2015 1224 3554 1301; baseline -0.001 -17"><span class='ocrx_word' id='word_1_218' title='bbox 2015 1232 2247 1284; x_wconf 90' lang='lat' dir='ltr'><strong>modum.</strong></span> <span class='ocrx_word' id='word_1_219' title='bbox 2284 1230 2390 1283; x_wconf 84' lang='lat' dir='ltr'><strong>lloc</strong></span> <span class='ocrx_word' id='word_1_220' title='bbox 2426 1234 2620 1286; x_wconf 89' lang='lat' dir='ltr'><strong>tnalum</strong></span> <span class='ocrx_word' id='word_1_221' title='bbox 2650 1224 3089 1301; x_wconf 17' lang='lat' dir='ltr'><strong>aliquamlo&#39;uihil</strong></span> <span class='ocrx_word' id='word_1_222' title='bbox 3111 1244 3219 1299; x_wconf 82' lang='lat' dir='ltr'><strong>est,</strong></span> <span class='ocrx_word' id='word_1_223' title='bbox 3248 1236 3554 1295; x_wconf 60' lang='lat' dir='ltr'><strong>utra-citas;</strong></span> 
     </span>
    </p>
   </div>
   <div class='ocr_carea' id='block_1_28' title="bbox 2016 1322 3562 1391">
    <p class='ocr_par' dir='ltr' id='par_1_28' title="bbox 2016 1322 3562 1391">
     <span class='ocr_line' id='line_1_28' title="bbox 2016 1322 3562 1391; baseline 0.003 -19"><span class='ocrx_word' id='word_1_224' title='bbox 2016 1322 2295 1389; x_wconf 83' lang='lat' dir='ltr'><strong>aliquando</strong></span> <span class='ocrx_word' id='word_1_225' title='bbox 2318 1323 2604 1391; x_wconf 80' lang='lat' dir='ltr'><strong>estaliquid</strong></span> <span class='ocrx_word' id='word_1_226' title='bbox 2628 1364 2641 1385; x_wconf 93' lang='lat'><strong>,</strong></span> <span class='ocrx_word' id='word_1_227' title='bbox 2669 1334 2726 1376; x_wconf 88' lang='lat' dir='ltr'><strong>ut</strong></span> <span class='ocrx_word' id='word_1_228' title='bbox 2746 1325 2912 1376; x_wconf 85' lang='lat' dir='ltr'><strong>dolor.</strong></span> <span class='ocrx_word' id='word_1_229' title='bbox 2947 1324 3049 1378; x_wconf 86' lang='lat' dir='ltr'><strong>Sed</strong></span> <span class='ocrx_word' id='word_1_230' title='bbox 3075 1328 3171 1377; x_wconf 89' lang='lat' dir='ltr'><strong>hoc</strong></span> <span class='ocrx_word' id='word_1_231' title='bbox 3190 1326 3383 1377; x_wconf 86' lang='lat' dir='ltr'><strong>malum</strong></span> <span class='ocrx_word' id='word_1_232' title='bbox 3400 1366 3412 1387; x_wconf 81' lang='lat'><strong>,</strong></span> <span class='ocrx_word' id='word_1_233' title='bbox 3443 1340 3562 1377; x_wconf 83' lang='lat' dir='ltr'><strong>cum</strong></span> 
     </span>
    </p>
   </div>
   <div class='ocr_carea' id='block_1_29' title="bbox 2015 1411 3563 1483">
    <p class='ocr_par' dir='ltr' id='par_1_29' title="bbox 2015 1411 3563 1483">
     <span class='ocr_line' id='line_1_29' title="bbox 2015 1411 3563 1483; baseline 0.002 -20"><span class='ocrx_word' id='word_1_234' title='bbox 2015 1411 2208 1480; x_wconf 84' lang='lat' dir='ltr'><strong>aliquid</strong></span> <span class='ocrx_word' id='word_1_235' title='bbox 2238 1422 2347 1475; x_wconf 84' lang='lat' dir='ltr'><strong>est,</strong></span> <span class='ocrx_word' id='word_1_236' title='bbox 2385 1412 2548 1465; x_wconf 88' lang='lat' dir='ltr'><strong>Deum</strong></span> <span class='ocrx_word' id='word_1_237' title='bbox 2594 1414 2767 1467; x_wconf 72' lang='lat' dir='ltr'><strong>faec-rc</strong></span> <span class='ocrx_word' id='word_1_238' title='bbox 2819 1430 2921 1468; x_wconf 86' lang='lat' dir='ltr'><strong>non</strong></span> <span class='ocrx_word' id='word_1_239' title='bbox 2956 1431 3241 1483; x_wconf 77' lang='lat' dir='ltr'><strong>negamus;</strong></span> <span class='ocrx_word' id='word_1_240' title='bbox 3278 1415 3400 1483; x_wconf 87' lang='lat' dir='ltr'><strong>quia</strong></span> <span class='ocrx_word' id='word_1_241' title='bbox 3450 1416 3563 1482; x_wconf 79' lang='lat' dir='ltr'><strong>ipse</strong></span> 
     </span>
    </p>
   </div>
   <div class='ocr_carea' id='block_1_30' title="bbox 2014 1498 3563 1577">
    <p class='ocr_par' dir='ltr' id='par_1_30' title="bbox 2014 1498 3563 1577">
     <span class='ocr_line' id='line_1_30' title="bbox 2014 1498 3563 1577; baseline 0.001 -25"><span class='ocrx_word' id='word_1_242' title='bbox 2014 1509 2122 1560; x_wconf 87' lang='lat' dir='ltr'><strong>est,</strong></span> <span class='ocrx_word' id='word_1_243' title='bbox 2172 1501 2304 1553; x_wconf 86' lang='lat' dir='ltr'><strong>sicut</strong></span> <span class='ocrx_word' id='word_1_244' title='bbox 2332 1501 2520 1569; x_wconf 58' lang='lat' dir='ltr'><strong>[agitur</strong></span> <span class='ocrx_word' id='word_1_245' title='bbox 2543 1541 2557 1562; x_wconf 91' lang='lat'><strong>,</strong></span> <span class='ocrx_word' id='word_1_246' title='bbox 2586 1498 2589 1499; x_wconf 44' lang='grc'><strong><em>⁷</em></strong></span> <span class='ocrx_word' id='word_1_247' title='bbox 2614 1503 2807 1567; x_wconf 72' lang='lat' dir='ltr'><strong>fucinus</strong></span> <span class='ocrx_word' id='word_1_248' title='bbox 2846 1521 3021 1577; x_wconf 59' lang='lat' dir='ltr'><strong>paceni</strong></span> <span class='ocrx_word' id='word_1_249' title='bbox 3071 1516 3114 1555; x_wconf 81' lang='lat' dir='ltr'><strong>et</strong></span> <span class='ocrx_word' id='word_1_250' title='bbox 3163 1522 3339 1556; x_wconf 76' lang='lat' dir='ltr'><strong>(reum</strong></span> <span class='ocrx_word' id='word_1_251' title='bbox 3372 1506 3563 1555; x_wconf 82' lang='lat' dir='ltr'><strong>malum</strong></span> 
     </span>
    </p>
   </div>
   <div class='ocr_carea' id='block_1_31' title="bbox 2017 1586 3569 1656">
    <p class='ocr_par' dir='ltr' id='par_1_31' title="bbox 2017 1586 3569 1656">
     <span class='ocr_line' id='line_1_31' title="bbox 2017 1586 3569 1656; baseline 0.001 -19"><span class='ocrx_word' id='word_1_252' title='bbox 2017 1586 2151 1655; x_wconf 78' lang='lat' dir='ltr'><strong>(lau.</strong></span> <span class='ocrx_word' id='word_1_253' title='bbox 2204 1604 2330 1650; x_wconf 76' lang='lat' dir='ltr'><strong>XLV,</strong></span> <span class='ocrx_word' id='word_1_254' title='bbox 2358 1588 2429 1655; x_wconf 85' lang='lat'><strong>7).</strong></span> <span class='ocrx_word' id='word_1_255' title='bbox 2463 1588 2576 1654; x_wconf 77' lang='lat' dir='ltr'><strong>Ipse</strong></span> <span class='ocrx_word' id='word_1_256' title='bbox 2598 1602 2979 1655; x_wconf 79' lang='lat' dir='ltr'><strong>namquecreat</strong></span> <span class='ocrx_word' id='word_1_257' title='bbox 3008 1592 3355 1650; x_wconf 82' lang='lat' dir='ltr'><strong>incommoda,</strong></span> <span class='ocrx_word' id='word_1_258' title='bbox 3376 1591 3569 1656; x_wconf 61' lang='lat' dir='ltr'><strong>quibm</strong></span> 
     </span>
    </p>
   </div>
   <div class='ocr_carea' id='block_1_32' title="bbox 365 1673 3569 1747">
    <p class='ocr_par' dir='ltr' id='par_1_32' title="bbox 365 1673 3569 1747">
     <span class='ocr_line' id='line_1_32' title="bbox 365 1673 3569 1747; baseline -0.001 -16"><span class='ocrx_word' id='word_1_259' title='bbox 365 1680 477 1732; x_wconf 85' lang='lat' dir='ltr'><strong>sive</strong></span> <span class='ocrx_word' id='word_1_260' title='bbox 509 1679 740 1731; x_wconf 89' lang='lat' dir='ltr'><strong>libertas.</strong></span> <span class='ocrx_word' id='word_1_261' title='bbox 780 1678 1003 1745; x_wconf 80' lang='lat' dir='ltr'><strong>Semper</strong></span> <span class='ocrx_word' id='word_1_262' title='bbox 1029 1680 1169 1731; x_wconf 88' lang='lat' dir='ltr'><strong>enim</strong></span> <span class='ocrx_word' id='word_1_263' title='bbox 1195 1681 1307 1731; x_wconf 80' lang='lat' dir='ltr'><strong>haec</strong></span> <span class='ocrx_word' id='word_1_264' title='bbox 1355 1690 1590 1747; x_wconf 86' lang='lat' dir='ltr'><strong>potestas</strong></span> <span class='ocrx_word' id='word_1_265' title='bbox 1630 1680 1722 1711; x_wconf 77' lang='lat'><strong>&quot;&quot;°</strong></span> <span class='ocrx_word' id='word_1_266' title='bbox 1753 1680 1915 1733; x_wconf 88' lang='lat' dir='ltr'><strong>libera</strong></span> <span class='ocrx_word' id='word_1_267' title='bbox 1951 1680 1990 1736; x_wconf 80' lang='grc' dir='ltr'>Β</span> <span class='ocrx_word' id='word_1_268' title='bbox 2018 1683 2231 1730; x_wconf 69' lang='lat' dir='ltr'><strong>exercet</strong></span> <span class='ocrx_word' id='word_1_269' title='bbox 2267 1685 2317 1726; x_wconf 91' lang='lat' dir='ltr'><strong>et</strong></span> <span class='ocrx_word' id='word_1_270' title='bbox 2376 1683 2560 1743; x_wconf 82' lang='lat' dir='ltr'><strong>purgat</strong></span> <span class='ocrx_word' id='word_1_271' title='bbox 2599 1673 2793 1741; x_wconf 88' lang='lat' dir='ltr'><strong>justos,</strong></span> <span class='ocrx_word' id='word_1_272' title='bbox 2831 1686 2883 1729; x_wconf 88' lang='lat' dir='ltr'><strong>et</strong></span> <span class='ocrx_word' id='word_1_273' title='bbox 2921 1679 3069 1745; x_wconf 81' lang='lat' dir='ltr'><strong>punit</strong></span> <span class='ocrx_word' id='word_1_274' title='bbox 3118 1676 3357 1745; x_wconf 76' lang='lat' dir='ltr'><strong>injustas.</strong></span> <span class='ocrx_word' id='word_1_275' title='bbox 3392 1679 3569 1745; x_wconf 88' lang='lat' dir='ltr'><strong>Itaque</strong></span> 
     </span>
    </p>
   </div>
   <div class='ocr_carea' id='block_1_33' title="bbox 364 1765 1916 1834">
    <p class='ocr_par' dir='ltr' id='par_1_33' title="bbox 364 1765 1916 1834">
     <span class='ocr_line' id='line_1_33' title="bbox 364 1765 1916 1834; baseline 0.001 -15"><span class='ocrx_word' id='word_1_276' title='bbox 364 1776 470 1819; x_wconf 86' lang='lat' dir='ltr'><strong>est.</strong></span> <span class='ocrx_word' id='word_1_277' title='bbox 504 1765 625 1820; x_wconf 65' lang='lat' dir='ltr'><strong>lltcc</strong></span> <span class='ocrx_word' id='word_1_278' title='bbox 654 1775 735 1820; x_wconf 87' lang='lat' dir='ltr'><strong>est</strong></span> <span class='ocrx_word' id='word_1_279' title='bbox 758 1766 900 1819; x_wconf 89' lang='lat' dir='ltr'><strong>enim</strong></span> <span class='ocrx_word' id='word_1_280' title='bbox 928 1765 1172 1829; x_wconf 78' lang='lat' dir='ltr'><strong>libertas,</strong></span> <span class='ocrx_word' id='word_1_281' title='bbox 1204 1780 1360 1834; x_wconf 89' lang='lat' dir='ltr'><strong>quam</strong></span> <span class='ocrx_word' id='word_1_282' title='bbox 1383 1780 1500 1820; x_wconf 86' lang='lat' dir='ltr'><strong>esse</strong></span> <span class='ocrx_word' id='word_1_283' title='bbox 1527 1768 1634 1820; x_wconf 74' lang='lat' dir='ltr'><strong>dixi</strong></span> <span class='ocrx_word' id='word_1_284' title='bbox 1660 1766 1824 1834; x_wconf 83' lang='lat' dir='ltr'><strong>(Dial.</strong></span> <span class='ocrx_word' id='word_1_285' title='bbox 1855 1768 1916 1820; x_wconf 83' lang='lat' dir='ltr'><strong>de</strong></span> 
     </span>
    </p>
   </div>
   <div class='ocr_carea' id='block_1_34' title="bbox 368 1855 1950 1923">
    <p class='ocr_par' dir='ltr' id='par_1_34' title="bbox 368 1855 1950 1923">
     <span class='ocr_line' id='line_1_34' title="bbox 368 1855 1950 1923; baseline 0.002 -17"><span class='ocrx_word' id='word_1_286' title='bbox 368 1855 456 1907; x_wconf 82' lang='lat' dir='ltr'><strong>lib.</strong></span> <span class='ocrx_word' id='word_1_287' title='bbox 498 1855 608 1923; x_wconf 70' lang='lat' dir='ltr'><strong>urb.</strong></span> <span class='ocrx_word' id='word_1_288' title='bbox 638 1871 688 1909; x_wconf 83' lang='grc' dir='ltr'>ε.</span> <span class='ocrx_word' id='word_1_289' title='bbox 710 1856 778 1919; x_wconf 72' lang='lat'><strong>5,</strong></span> <span class='ocrx_word' id='word_1_290' title='bbox 808 1855 893 1923; x_wconf 77' lang='grc'><strong>15)</strong></span> <span class='ocrx_word' id='word_1_291' title='bbox 925 1864 1237 1923; x_wconf 86' lang='lat' dir='ltr'><strong>potestatem</strong></span> <span class='ocrx_word' id='word_1_292' title='bbox 1262 1855 1506 1909; x_wconf 87' lang='lat' dir='ltr'><strong>servandi</strong></span> <span class='ocrx_word' id='word_1_293' title='bbox 1550 1857 1916 1909; x_wconf 87' lang='lat' dir='ltr'><strong>rcctitudinem</strong></span> <span class='ocrx_word' id='word_1_294' title='bbox 1946 1868 1950 1873; x_wconf 85' lang='lat'>‘</span> 
     </span>
    </p>
   </div>
   <div class='ocr_carea' id='block_1_35' title="bbox 369 1944 1917 2017">
    <p class='ocr_par' dir='ltr' id='par_1_35' title="bbox 369 1944 1917 2017">
     <span class='ocr_line' id='line_1_35' title="bbox 369 1944 1917 2017; baseline 0 -20"><span class='ocrx_word' id='word_1_295' title='bbox 369 1944 684 2009; x_wconf 84' lang='lat' dir='ltr'><strong>voluntatis,</strong></span> <span class='ocrx_word' id='word_1_296' title='bbox 740 1954 955 2013; x_wconf 82' lang='lat' dir='ltr'><strong>praptcr</strong></span> <span class='ocrx_word' id='word_1_297' title='bbox 1001 1944 1168 2013; x_wconf 65' lang='lat' dir='ltr'><strong>ipsam</strong></span> <span class='ocrx_word' id='word_1_298' title='bbox 1212 1944 1605 2017; x_wconf 82' lang='lat' dir='ltr'><strong>rectitudinem.</strong></span> <span class='ocrx_word' id='word_1_299' title='bbox 1655 1944 1763 1999; x_wconf 88' lang='lat' dir='ltr'><strong>llac</strong></span> <span class='ocrx_word' id='word_1_300' title='bbox 1807 1945 1917 2012; x_wconf 85' lang='lat' dir='ltr'><strong>ipsa</strong></span> 
     </span>
    </p>
   </div>
   <div class='ocr_carea' id='block_1_36' title="bbox 371 2022 1918 2101">
    <p class='ocr_par' dir='ltr' id='par_1_36' title="bbox 371 2022 1918 2101">
     <span class='ocr_line' id='line_1_36' title="bbox 371 2022 1918 2101; baseline 0.002 -16"><span class='ocrx_word' id='word_1_301' title='bbox 371 2033 608 2088; x_wconf 84' lang='lat' dir='ltr'><strong>libertate</strong></span> <span class='ocrx_word' id='word_1_302' title='bbox 639 2035 916 2088; x_wconf 72' lang='lat' dir='ltr'><strong>rationalis</strong></span> <span class='ocrx_word' id='word_1_303' title='bbox 948 2026 1181 2101; x_wconf 67' lang='lat' dir='ltr'><strong>natium,</strong></span> <span class='ocrx_word' id='word_1_304' title='bbox 1227 2044 1281 2089; x_wconf 92' lang='lat' dir='ltr'><strong>ct</strong></span> <span class='ocrx_word' id='word_1_305' title='bbox 1303 2022 1582 2089; x_wconf 85' lang='lat' dir='ltr'><strong>arbitrium</strong></span> <span class='ocrx_word' id='word_1_306' title='bbox 1613 2034 1835 2089; x_wconf 86' lang='lat' dir='ltr'><strong>liberum</strong></span> <span class='ocrx_word' id='word_1_307' title='bbox 1862 2042 1918 2088; x_wconf 89' lang='lat' dir='ltr'><strong>et</strong></span> 
     </span>
    </p>
   </div>
   <div class='ocr_carea' id='block_1_37' title="bbox 371 2122 1046 2179">
    <p class='ocr_par' dir='ltr' id='par_1_37' title="bbox 371 2122 1046 2179">
     <span class='ocr_line' id='line_1_37' title="bbox 371 2122 1046 2179; baseline 0.004 -5"><span class='ocrx_word' id='word_1_308' title='bbox 371 2123 612 2177; x_wconf 79' lang='lat' dir='ltr'><strong>voluntas</strong></span> <span class='ocrx_word' id='word_1_309' title='bbox 640 2125 806 2178; x_wconf 85' lang='lat' dir='ltr'><strong>libera</strong></span> <span class='ocrx_word' id='word_1_310' title='bbox 832 2122 1046 2179; x_wconf 85' lang='lat' dir='ltr'><strong>dicitur.</strong></span> 
     </span>
    </p>
   </div>
   <div class='ocr_carea' id='block_1_38' title="bbox 372 2231 1919 2302">
    <p class='ocr_par' dir='ltr' id='par_1_38' title="bbox 372 2231 1919 2302">
     <span class='ocr_line' id='line_1_38' title="bbox 372 2231 1919 2302; baseline 0.001 -17"><span class='ocrx_word' id='word_1_311' title='bbox 372 2231 494 2286; x_wconf 73' lang='lat' dir='ltr'><strong>CAP.</strong></span> <span class='ocrx_word' id='word_1_312' title='bbox 527 2232 634 2287; x_wconf 79' lang='lat' dir='ltr'><strong>VII.</strong></span> <span class='ocrx_word' id='word_1_313' title='bbox 673 2265 743 2275; x_wconf 92' lang='lat'>—</span> <span class='ocrx_word' id='word_1_314' title='bbox 779 2237 855 2288; x_wconf 78' lang='grc' dir='ltr'>Αιι</span> <span class='ocrx_word' id='word_1_315' title='bbox 889 2235 979 2289; x_wconf 83' lang='lat' dir='ltr'><strong>Dei</strong></span> <span class='ocrx_word' id='word_1_316' title='bbox 1024 2235 1340 2302; x_wconf 56' lang='lat' dir='ltr'><strong>prwscientia</strong></span> <span class='ocrx_word' id='word_1_317' title='bbox 1367 2236 1433 2287; x_wconf 77' lang='lat' dir='ltr'><strong>sit</strong></span> <span class='ocrx_word' id='word_1_318' title='bbox 1487 2252 1519 2286; x_wconf 82' lang='grc' dir='ltr'><em>α</em></span> <span class='ocrx_word' id='word_1_319' title='bbox 1549 2235 1694 2287; x_wconf 81' lang='lat' dir='ltr'><strong>rebus</strong></span> <span class='ocrx_word' id='word_1_320' title='bbox 1724 2252 1741 2288; x_wconf 94' lang='lat'><em>:</em></span> <span class='ocrx_word' id='word_1_321' title='bbox 1771 2246 1815 2288; x_wconf 88' lang='lat' dir='ltr'><strong>et</strong></span> <span class='ocrx_word' id='word_1_322' title='bbox 1851 2253 1919 2287; x_wconf 83' lang='lat' dir='ltr'><strong>an</strong></span> 
     </span>
    </p>
   </div>
   <div class='ocr_carea' id='block_1_39' title="bbox 441 2303 1917 2371">
    <p class='ocr_par' dir='ltr' id='par_1_39' title="bbox 441 2303 1917 2371">
     <span class='ocr_line' id='line_1_39' title="bbox 441 2303 1917 2371; baseline 0.002 -18"><span class='ocrx_word' id='word_1_323' title='bbox 441 2317 532 2371; x_wconf 16' lang='lat' dir='ltr'><strong>res;</strong></span> <span class='ocrx_word' id='word_1_324' title='bbox 551 2303 652 2354; x_wconf 76' lang='lat' dir='ltr'><strong>sint</strong></span> <span class='ocrx_word' id='word_1_325' title='bbox 705 2303 770 2354; x_wconf 82' lang='lat' dir='ltr'><strong>ab</strong></span> <span class='ocrx_word' id='word_1_326' title='bbox 825 2305 935 2370; x_wconf 80' lang='lat' dir='ltr'><strong>ejus</strong></span> <span class='ocrx_word' id='word_1_327' title='bbox 985 2303 1221 2356; x_wconf 74' lang='lat' dir='ltr'><strong>scientia.</strong></span> <span class='ocrx_word' id='word_1_328' title='bbox 1271 2304 1336 2355; x_wconf 77' lang='lat' dir='ltr'><strong>Et</strong></span> <span class='ocrx_word' id='word_1_329' title='bbox 1374 2304 1627 2371; x_wconf 65' lang='lat' dir='ltr'><strong>quomodo</strong></span> <span class='ocrx_word' id='word_1_330' title='bbox 1654 2304 1917 2356; x_wconf 55' lang='lat' dir='ltr'><strong>maiaaint</strong></span> 
     </span>
    </p>
   </div>
   <div class='ocr_carea' id='block_1_40' title="bbox 440 2369 627 2423">
    <p class='ocr_par' dir='ltr' id='par_1_40' title="bbox 440 2369 627 2423">
     <span class='ocr_line' id='line_1_40' title="bbox 440 2369 627 2423; baseline 0 -1"><span class='ocrx_word' id='word_1_331' title='bbox 440 2386 472 2422; x_wconf 88' lang='lat' dir='ltr'><strong>a</strong></span> <span class='ocrx_word' id='word_1_332' title='bbox 498 2369 627 2423; x_wconf 82' lang='lat' dir='ltr'><strong>Deo.</strong></span> 
     </span>
    </p>
   </div>
   <div class='ocr_carea' id='block_1_41' title="bbox 432 2482 1923 2547">
    <p class='ocr_par' dir='ltr' id='par_1_41' title="bbox 432 2482 1923 2547">
     <span class='ocr_line' id='line_1_41' title="bbox 432 2482 1923 2547; baseline 0 -11"><span class='ocrx_word' id='word_1_333' title='bbox 432 2482 627 2537; x_wconf 73' lang='lat' dir='ltr'><strong>Restat</strong></span> <span class='ocrx_word' id='word_1_334' title='bbox 652 2497 791 2537; x_wconf 87' lang='lat' dir='ltr'><strong>nunc</strong></span> <span class='ocrx_word' id='word_1_335' title='bbox 821 2491 880 2536; x_wconf 94' lang='lat' dir='ltr'><strong>ut</strong></span> <span class='ocrx_word' id='word_1_336' title='bbox 919 2484 1347 2547; x_wconf 84' lang='lat' dir='ltr'><strong>consideremus,</strong></span> <span class='ocrx_word' id='word_1_337' title='bbox 1398 2498 1517 2538; x_wconf 88' lang='lat' dir='ltr'><strong>cum</strong></span> <span class='ocrx_word' id='word_1_338' title='bbox 1557 2482 1697 2537; x_wconf 91' lang='lat' dir='ltr'><strong>Deus</strong></span> <span class='ocrx_word' id='word_1_339' title='bbox 1746 2482 1923 2537; x_wconf 88' lang='lat' dir='ltr'><strong>omnia</strong></span> 
     </span>
    </p>
   </div>
   <div class='ocr_carea' id='block_1_42' title="bbox 376 2572 1925 2643">
    <p class='ocr_par' dir='ltr' id='par_1_42' title="bbox 376 2572 1925 2643">
     <span class='ocr_line' id='line_1_42' title="bbox 376 2572 1925 2643; baseline -0.001 -17"><span class='ocrx_word' id='word_1_340' title='bbox 376 2573 624 2643; x_wconf 74' lang='lat' dir='ltr'><strong>prtcscire</strong></span> <span class='ocrx_word' id='word_1_341' title='bbox 669 2572 782 2627; x_wconf 88' lang='lat' dir='ltr'><strong>sive</strong></span> <span class='ocrx_word' id='word_1_342' title='bbox 808 2575 945 2626; x_wconf 90' lang='lat' dir='ltr'><strong>scire</strong></span> <span class='ocrx_word' id='word_1_343' title='bbox 985 2574 1263 2638; x_wconf 88' lang='lat' dir='ltr'><strong>credatur,</strong></span> <span class='ocrx_word' id='word_1_344' title='bbox 1317 2580 1489 2625; x_wconf 87' lang='lat' dir='ltr'><strong>utrum</strong></span> <span class='ocrx_word' id='word_1_345' title='bbox 1538 2572 1651 2641; x_wconf 89' lang='lat' dir='ltr'><strong>ejus</strong></span> <span class='ocrx_word' id='word_1_346' title='bbox 1705 2573 1925 2629; x_wconf 87' lang='lat' dir='ltr'><strong>scientia</strong></span> 
     </span>
    </p>
   </div>
   <div class='ocr_carea' id='block_1_43' title="bbox 377 2658 1922 2727">
    <p class='ocr_par' dir='ltr' id='par_1_43' title="bbox 377 2658 1922 2727">
     <span class='ocr_line' id='line_1_43' title="bbox 377 2658 1922 2727; baseline 0.001 -16"><span class='ocrx_word' id='word_1_347' title='bbox 377 2658 445 2713; x_wconf 90' lang='lat' dir='ltr'><strong>sit</strong></span> <span class='ocrx_word' id='word_1_348' title='bbox 477 2674 508 2711; x_wconf 90' lang='lat' dir='ltr'><strong>a</strong></span> <span class='ocrx_word' id='word_1_349' title='bbox 539 2658 719 2721; x_wconf 89' lang='lat' dir='ltr'><strong>rebus,</strong></span> <span class='ocrx_word' id='word_1_350' title='bbox 749 2672 813 2710; x_wconf 86' lang='lat' dir='ltr'><strong>an</strong></span> <span class='ocrx_word' id='word_1_351' title='bbox 838 2674 921 2712; x_wconf 62' lang='lat' dir='ltr'><strong>res</strong></span> <span class='ocrx_word' id='word_1_352' title='bbox 938 2659 1166 2711; x_wconf 88' lang='lat' dir='ltr'><strong>habeant</strong></span> <span class='ocrx_word' id='word_1_353' title='bbox 1193 2658 1281 2723; x_wconf 66' lang='grc'><strong><em>⁸⁵⁸7</em></strong></span> <span class='ocrx_word' id='word_1_354' title='bbox 1308 2673 1429 2713; x_wconf 83' lang='grc' dir='ltr'>εεεε</span> <span class='ocrx_word' id='word_1_355' title='bbox 1449 2660 1515 2712; x_wconf 88' lang='lat' dir='ltr'><strong>ab</strong></span> <span class='ocrx_word' id='word_1_356' title='bbox 1541 2659 1655 2727; x_wconf 86' lang='lat' dir='ltr'><strong>ejus</strong></span> <span class='ocrx_word' id='word_1_357' title='bbox 1680 2660 1922 2713; x_wconf 88' lang='lat' dir='ltr'><strong>scientia.</strong></span> 
     </span>
    </p>
   </div>
   <div class='ocr_carea' id='block_1_44' title="bbox 377 2748 1924 2816">
    <p class='ocr_par' dir='ltr' id='par_1_44' title="bbox 377 2748 1924 2816">
     <span class='ocr_line' id='line_1_44' title="bbox 377 2748 1924 2816; baseline -0.001 -14"><span class='ocrx_word' id='word_1_358' title='bbox 377 2748 507 2802; x_wconf 82' lang='lat' dir='ltr'><strong>Nam</strong></span> <span class='ocrx_word' id='word_1_359' title='bbox 527 2787 543 2813; x_wconf 94' lang='lat'><strong>,</strong></span> <span class='ocrx_word' id='word_1_360' title='bbox 572 2749 614 2802; x_wconf 91' lang='lat' dir='ltr'><strong>si</strong></span> <span class='ocrx_word' id='word_1_361' title='bbox 647 2748 785 2801; x_wconf 84' lang='lat' dir='ltr'><strong>Deus</strong></span> <span class='ocrx_word' id='word_1_362' title='bbox 805 2763 832 2801; x_wconf 89' lang='lat' dir='ltr'><strong>a</strong></span> <span class='ocrx_word' id='word_1_363' title='bbox 853 2748 1009 2801; x_wconf 88' lang='lat' dir='ltr'><strong>rebus</strong></span> <span class='ocrx_word' id='word_1_364' title='bbox 1033 2748 1189 2800; x_wconf 84' lang='lat' dir='ltr'><strong>habet</strong></span> <span class='ocrx_word' id='word_1_365' title='bbox 1210 2748 1507 2810; x_wconf 83' lang='lat' dir='ltr'><strong>scientiam,</strong></span> <span class='ocrx_word' id='word_1_366' title='bbox 1536 2749 1924 2816; x_wconf 84' lang='lat' dir='ltr'><strong>sequiturqnod</strong></span> 
     </span>
    </p>
   </div>
   <div class='ocr_carea' id='block_1_45' title="bbox 378 2835 1924 2906">
    <p class='ocr_par' dir='ltr' id='par_1_45' title="bbox 378 2835 1924 2906">
     <span class='ocr_line' id='line_1_45' title="bbox 378 2835 1924 2906; baseline -0.001 -14"><span class='ocrx_word' id='word_1_367' title='bbox 378 2838 480 2892; x_wconf 65' lang='lat' dir='ltr'><strong>illa:</strong></span> <span class='ocrx_word' id='word_1_368' title='bbox 511 2838 655 2906; x_wconf 87' lang='lat' dir='ltr'><strong>prius</strong></span> <span class='ocrx_word' id='word_1_369' title='bbox 683 2837 788 2891; x_wconf 92' lang='lat' dir='ltr'><strong>sint</strong></span> <span class='ocrx_word' id='word_1_370' title='bbox 816 2851 970 2904; x_wconf 86' lang='lat' dir='ltr'><strong>quam</strong></span> <span class='ocrx_word' id='word_1_371' title='bbox 992 2835 1105 2903; x_wconf 76' lang='lat' dir='ltr'><strong>ejus</strong></span> <span class='ocrx_word' id='word_1_372' title='bbox 1125 2837 1347 2891; x_wconf 88' lang='lat' dir='ltr'><strong>scientia</strong></span> <span class='ocrx_word' id='word_1_373' title='bbox 1367 2877 1381 2898; x_wconf 92' lang='lat'><strong>,</strong></span> <span class='ocrx_word' id='word_1_374' title='bbox 1434 2845 1487 2891; x_wconf 91' lang='lat' dir='ltr'><strong>et</strong></span> <span class='ocrx_word' id='word_1_375' title='bbox 1506 2836 1582 2890; x_wconf 90' lang='lat' dir='ltr'><strong>sic</strong></span> <span class='ocrx_word' id='word_1_376' title='bbox 1623 2854 1649 2889; x_wconf 87' lang='lat' dir='ltr'><strong>a</strong></span> <span class='ocrx_word' id='word_1_377' title='bbox 1680 2837 1784 2890; x_wconf 87' lang='lat' dir='ltr'><strong>Deo</strong></span> <span class='ocrx_word' id='word_1_378' title='bbox 1820 2852 1924 2893; x_wconf 88' lang='lat' dir='ltr'><strong>non</strong></span> 
     </span>
    </p>
   </div>
   <div class='ocr_carea' id='block_1_46' title="bbox 377 2920 1923 2994">
    <p class='ocr_par' dir='ltr' id='par_1_46' title="bbox 377 2920 1923 2994">
     <span class='ocr_line' id='line_1_46' title="bbox 377 2920 1923 2994; baseline -0.001 -13"><span class='ocrx_word' id='word_1_379' title='bbox 377 2926 514 2991; x_wconf 85' lang='lat' dir='ltr'><strong>sint,</strong></span> <span class='ocrx_word' id='word_1_380' title='bbox 545 2941 574 2978; x_wconf 90' lang='lat' dir='ltr'><strong>a</strong></span> <span class='ocrx_word' id='word_1_381' title='bbox 615 2941 721 2994; x_wconf 90' lang='lat' dir='ltr'><strong>quo</strong></span> <span class='ocrx_word' id='word_1_382' title='bbox 749 2933 1014 2993; x_wconf 88' lang='lat' dir='ltr'><strong>nequeunt</strong></span> <span class='ocrx_word' id='word_1_383' title='bbox 1035 2939 1154 2979; x_wconf 87' lang='lat' dir='ltr'><strong>esse</strong></span> <span class='ocrx_word' id='word_1_384' title='bbox 1181 2924 1280 2979; x_wconf 91' lang='lat' dir='ltr'><strong>nisi</strong></span> <span class='ocrx_word' id='word_1_385' title='bbox 1331 2940 1424 2993; x_wconf 86' lang='lat' dir='ltr'><strong>per</strong></span> <span class='ocrx_word' id='word_1_386' title='bbox 1472 2920 1587 2991; x_wconf 89' lang='lat' dir='ltr'><strong>ejus</strong></span> <span class='ocrx_word' id='word_1_387' title='bbox 1628 2926 1923 2980; x_wconf 87' lang='lat' dir='ltr'><strong>scientiam.</strong></span> 
     </span>
    </p>
   </div>
   <div class='ocr_carea' id='block_1_47' title="bbox 2019 1747 3571 1835">
    <p class='ocr_par' dir='ltr' id='par_1_47' title="bbox 2019 1747 3571 1835">
     <span class='ocr_line' id='line_1_47' title="bbox 2019 1747 3571 1835; baseline 0.001 -18"><span class='ocrx_word' id='word_1_388' title='bbox 2019 1764 2193 1818; x_wconf 88' lang='lat' dir='ltr'><strong>deillo</strong></span> <span class='ocrx_word' id='word_1_389' title='bbox 2219 1773 2421 1816; x_wconf 90' lang='lat' dir='ltr'><strong>tantum</strong></span> <span class='ocrx_word' id='word_1_390' title='bbox 2453 1763 2591 1818; x_wconf 87' lang='lat' dir='ltr'><strong>malo</strong></span> <span class='ocrx_word' id='word_1_391' title='bbox 2622 1747 2744 1829; x_wconf 53' lang='grc'><strong>³⁶’⁷⁶,</strong></span> <span class='ocrx_word' id='word_1_392' title='bbox 2798 1767 2939 1834; x_wconf 87' lang='lat' dir='ltr'><strong>quod</strong></span> <span class='ocrx_word' id='word_1_393' title='bbox 2994 1780 3076 1820; x_wconf 88' lang='lat' dir='ltr'><strong>est</strong></span> <span class='ocrx_word' id='word_1_394' title='bbox 3130 1767 3415 1835; x_wconf 86' lang='lat' dir='ltr'><strong>injustitia,</strong></span> <span class='ocrx_word' id='word_1_395' title='bbox 3475 1782 3571 1834; x_wconf 88' lang='lat' dir='ltr'><strong>per</strong></span> 
     </span>
    </p>
   </div>
   <div class='ocr_carea' id='block_1_48' title="bbox 2017 1854 3563 1923">
    <p class='ocr_par' dir='ltr' id='par_1_48' title="bbox 2017 1854 3563 1923">
     <span class='ocr_line' id='line_1_48' title="bbox 2017 1854 3563 1923; baseline 0.001 -17"><span class='ocrx_word' id='word_1_396' title='bbox 2017 1869 2178 1923; x_wconf 83' lang='lat' dir='ltr'><strong>quam</strong></span> <span class='ocrx_word' id='word_1_397' title='bbox 2209 1854 2400 1908; x_wconf 85' lang='lat' dir='ltr'><strong>dicitur</strong></span> <span class='ocrx_word' id='word_1_398' title='bbox 2425 1854 2672 1920; x_wconf 85' lang='lat' dir='ltr'><strong>injustum</strong></span> <span class='ocrx_word' id='word_1_399' title='bbox 2698 1894 2713 1916; x_wconf 89' lang='lat'><strong>,</strong></span> <span class='ocrx_word' id='word_1_400' title='bbox 2764 1865 2966 1908; x_wconf 88' lang='lat' dir='ltr'><strong>certum</strong></span> <span class='ocrx_word' id='word_1_401' title='bbox 3012 1863 3095 1908; x_wconf 88' lang='lat' dir='ltr'><strong>est</strong></span> <span class='ocrx_word' id='word_1_402' title='bbox 3124 1856 3245 1923; x_wconf 85' lang='lat' dir='ltr'><strong>quia</strong></span> <span class='ocrx_word' id='word_1_403' title='bbox 3294 1871 3563 1921; x_wconf 89' lang='lat' dir='ltr'><strong>nunquam</strong></span> 
     </span>
    </p>
   </div>
   <div class='ocr_carea' id='block_1_49' title="bbox 2017 1932 3565 2013">
    <p class='ocr_par' dir='ltr' id='par_1_49' title="bbox 2017 1932 3565 2013">
     <span class='ocr_line' id='line_1_49' title="bbox 2017 1932 3565 2013; baseline -0.003 -14"><span class='ocrx_word' id='word_1_404' title='bbox 2017 1954 2100 1999; x_wconf 87' lang='lat' dir='ltr'><strong>est</strong></span> <span class='ocrx_word' id='word_1_405' title='bbox 2127 1944 2355 2013; x_wconf 84' lang='lat' dir='ltr'><strong>aliquid;</strong></span> <span class='ocrx_word' id='word_1_406' title='bbox 2390 1958 2486 1997; x_wconf 86' lang='lat' dir='ltr'><strong>nec</strong></span> <span class='ocrx_word' id='word_1_407' title='bbox 2511 1943 2665 1997; x_wconf 85' lang='lat' dir='ltr'><strong>alicui</strong></span> <span class='ocrx_word' id='word_1_408' title='bbox 2694 1944 2767 2007; x_wconf 75' lang='lat' dir='ltr'><strong>rei</strong></span> <span class='ocrx_word' id='word_1_409' title='bbox 2796 1953 2876 1996; x_wconf 82' lang='lat' dir='ltr'><strong>est</strong></span> <span class='ocrx_word' id='word_1_410' title='bbox 2901 1958 3016 1996; x_wconf 83' lang='lat' dir='ltr'><strong>esse</strong></span> <span class='ocrx_word' id='word_1_411' title='bbox 3044 1944 3238 2011; x_wconf 85' lang='lat' dir='ltr'><strong>aliquid</strong></span> <span class='ocrx_word' id='word_1_412' title='bbox 3269 1982 3282 2007; x_wconf 90' lang='lat'><strong>,</strong></span> <span class='ocrx_word' id='word_1_413' title='bbox 3316 1932 3565 2011; x_wconf 80' lang='lat' dir='ltr'><strong>injustam</strong></span> 
     </span>
    </p>
   </div>
   <div class='ocr_carea' id='block_1_50' title="bbox 2016 2028 3567 2095">
    <p class='ocr_par' dir='ltr' id='par_1_50' title="bbox 2016 2028 3567 2095">
     <span class='ocr_line' id='line_1_50' title="bbox 2016 2028 3567 2095; baseline -0.004 -8"><span class='ocrx_word' id='word_1_414' title='bbox 2016 2046 2155 2087; x_wconf 77' lang='lat' dir='ltr'><strong>esse.</strong></span> <span class='ocrx_word' id='word_1_415' title='bbox 2202 2031 2297 2095; x_wconf 79' lang='lat' dir='ltr'><strong>Et,</strong></span> <span class='ocrx_word' id='word_1_416' title='bbox 2329 2031 2468 2085; x_wconf 88' lang='lat' dir='ltr'><strong>sicut</strong></span> <span class='ocrx_word' id='word_1_417' title='bbox 2494 2032 2628 2085; x_wconf 88' lang='lat' dir='ltr'><strong>Deus</strong></span> <span class='ocrx_word' id='word_1_418' title='bbox 2659 2045 2760 2084; x_wconf 90' lang='lat' dir='ltr'><strong>non</strong></span> <span class='ocrx_word' id='word_1_419' title='bbox 2794 2031 2917 2082; x_wconf 81' lang='lat' dir='ltr'><strong>facit</strong></span> <span class='ocrx_word' id='word_1_420' title='bbox 2962 2028 3305 2095; x_wconf 72' lang='lat' dir='ltr'><strong>iniustitiam,</strong></span> <span class='ocrx_word' id='word_1_421' title='bbox 3356 2031 3425 2081; x_wconf 88' lang='lat' dir='ltr'><strong>ita</strong></span> <span class='ocrx_word' id='word_1_422' title='bbox 3463 2046 3567 2081; x_wconf 88' lang='lat' dir='ltr'><strong>non</strong></span> 
     </span>
    </p>
   </div>
   <div class='ocr_carea' id='block_1_51' title="bbox 2018 2113 3571 2190">
    <p class='ocr_par' dir='ltr' id='par_1_51' title="bbox 2018 2113 3571 2190">
     <span class='ocr_line' id='line_1_51' title="bbox 2018 2113 3571 2190; baseline 0 -17"><span class='ocrx_word' id='word_1_423' title='bbox 2018 2119 2146 2176; x_wconf 81' lang='lat' dir='ltr'><strong>facit</strong></span> <span class='ocrx_word' id='word_1_424' title='bbox 2172 2120 2369 2190; x_wconf 86' lang='lat' dir='ltr'><strong>aliquid</strong></span> <span class='ocrx_word' id='word_1_425' title='bbox 2411 2121 2664 2189; x_wconf 86' lang='lat' dir='ltr'><strong>injustum</strong></span> <span class='ocrx_word' id='word_1_426' title='bbox 2698 2134 2818 2172; x_wconf 90' lang='lat' dir='ltr'><strong>esse</strong></span> <span class='ocrx_word' id='word_1_427' title='bbox 2848 2137 2861 2171; x_wconf 91' lang='lat'><strong>:</strong></span> <span class='ocrx_word' id='word_1_428' title='bbox 2911 2120 3000 2187; x_wconf 89' lang='lat' dir='ltr'><strong>qui</strong></span> <span class='ocrx_word' id='word_1_429' title='bbox 3031 2129 3206 2172; x_wconf 89' lang='lat' dir='ltr'><strong>tamen</strong></span> <span class='ocrx_word' id='word_1_430' title='bbox 3238 2121 3362 2172; x_wconf 80' lang='lat' dir='ltr'><strong>facit</strong></span> <span class='ocrx_word' id='word_1_431' title='bbox 3387 2113 3571 2173; x_wconf 77' lang='lat' dir='ltr'><strong>oinut-s</strong></span> 
     </span>
    </p>
   </div>
   <div class='ocr_carea' id='block_1_52' title="bbox 2019 2206 3572 2277">
    <p class='ocr_par' dir='ltr' id='par_1_52' title="bbox 2019 2206 3572 2277">
     <span class='ocr_line' id='line_1_52' title="bbox 2019 2206 3572 2277; baseline -0.001 -13"><span class='ocrx_word' id='word_1_432' title='bbox 2019 2212 2260 2265; x_wconf 85' lang='lat' dir='ltr'><strong>actiones</strong></span> <span class='ocrx_word' id='word_1_433' title='bbox 2312 2219 2367 2263; x_wconf 86' lang='lat' dir='ltr'><strong>et</strong></span> <span class='ocrx_word' id='word_1_434' title='bbox 2418 2225 2605 2263; x_wconf 86' lang='lat' dir='ltr'><strong>omnes</strong></span> <span class='ocrx_word' id='word_1_435' title='bbox 2660 2219 2873 2271; x_wconf 90' lang='lat' dir='ltr'><strong>motus,</strong></span> <span class='ocrx_word' id='word_1_436' title='bbox 2950 2210 3085 2277; x_wconf 79' lang='lat' dir='ltr'><strong>quia</strong></span> <span class='ocrx_word' id='word_1_437' title='bbox 3130 2206 3261 2277; x_wconf 83' lang='lat' dir='ltr'><strong>ipse</strong></span> <span class='ocrx_word' id='word_1_438' title='bbox 3307 2208 3434 2263; x_wconf 86' lang='lat' dir='ltr'><strong>facit</strong></span> <span class='ocrx_word' id='word_1_439' title='bbox 3488 2226 3572 2262; x_wconf 78' lang='lat' dir='ltr'><strong>res</strong></span> 
     </span>
    </p>
   </div>
   <div class='ocr_carea' id='block_1_53' title="bbox 2020 2297 3571 2367">
    <p class='ocr_par' dir='ltr' id='par_1_53' title="bbox 2020 2297 3571 2367">
     <span class='ocr_line' id='line_1_53' title="bbox 2020 2297 3571 2367; baseline -0.002 -15"><span class='ocrx_word' id='word_1_440' title='bbox 2020 2313 2050 2352; x_wconf 84' lang='lat' dir='ltr'><strong>a</strong></span> <span class='ocrx_word' id='word_1_441' title='bbox 2098 2297 2333 2364; x_wconf 85' lang='lat' dir='ltr'><strong>quibus,</strong></span> <span class='ocrx_word' id='word_1_442' title='bbox 2409 2306 2461 2350; x_wconf 89' lang='lat' dir='ltr'><strong>et</strong></span> <span class='ocrx_word' id='word_1_443' title='bbox 2520 2313 2586 2351; x_wconf 79' lang='lat' dir='ltr'><strong>ex</strong></span> <span class='ocrx_word' id='word_1_444' title='bbox 2651 2298 2883 2367; x_wconf 84' lang='lat' dir='ltr'><strong>quibus,</strong></span> <span class='ocrx_word' id='word_1_445' title='bbox 2918 2297 2994 2367; x_wconf 14' lang='grc' dir='ltr'>γίει</span> <span class='ocrx_word' id='word_1_446' title='bbox 3046 2312 3139 2365; x_wconf 80' lang='grc' dir='ltr'>ρει·</span> <span class='ocrx_word' id='word_1_447' title='bbox 3197 2312 3368 2365; x_wconf 89' lang='lat' dir='ltr'><strong>quas,</strong></span> <span class='ocrx_word' id='word_1_448' title='bbox 3430 2308 3482 2350; x_wconf 89' lang='lat' dir='ltr'><strong>et</strong></span> <span class='ocrx_word' id='word_1_449' title='bbox 3522 2300 3571 2349; x_wconf 90' lang='lat' dir='ltr'><strong>in</strong></span> 
     </span>
    </p>
   </div>
   <div class='ocr_carea' id='block_1_54' title="bbox 2022 2366 3577 2453">
    <p class='ocr_par' dir='ltr' id='par_1_54' title="bbox 2022 2366 3577 2453">
     <span class='ocr_line' id='line_1_54' title="bbox 2022 2366 3577 2453; baseline 0.001 -18"><span class='ocrx_word' id='word_1_450' title='bbox 2022 2385 2215 2453; x_wconf 84' lang='lat' dir='ltr'><strong>quibus</strong></span> <span class='ocrx_word' id='word_1_451' title='bbox 2270 2384 2446 2445; x_wconf 81' lang='lat' dir='ltr'><strong>fiunt:</strong></span> <span class='ocrx_word' id='word_1_452' title='bbox 2520 2394 2573 2438; x_wconf 86' lang='lat' dir='ltr'><strong>et</strong></span> <span class='ocrx_word' id='word_1_453' title='bbox 2629 2386 2769 2437; x_wconf 90' lang='lat' dir='ltr'><strong>nulla</strong></span> <span class='ocrx_word' id='word_1_454' title='bbox 2827 2366 2924 2439; x_wconf 37' lang='lat' dir='ltr'><strong>res.</strong></span> <span class='ocrx_word' id='word_1_455' title='bbox 2979 2386 3141 2439; x_wconf 86' lang='lat' dir='ltr'><strong>habet</strong></span> <span class='ocrx_word' id='word_1_456' title='bbox 3214 2386 3374 2438; x_wconf 85' lang='lat' dir='ltr'><strong>ullam</strong></span> <span class='ocrx_word' id='word_1_457' title='bbox 3430 2397 3577 2452; x_wconf 81' lang='lat' dir='ltr'><strong>pote-</strong></span> 
     </span>
    </p>
   </div>
   <div class='ocr_carea' id='block_1_55' title="bbox 2024 2465 3571 2551">
    <p class='ocr_par' dir='ltr' id='par_1_55' title="bbox 2024 2465 3571 2551">
     <span class='ocr_line' id='line_1_55' title="bbox 2024 2465 3571 2551; baseline -0.001 -23"><span class='ocrx_word' id='word_1_458' title='bbox 2024 2475 2439 2530; x_wconf 78' lang='lat' dir='ltr'><strong>statemvolcudi</strong></span> <span class='ocrx_word' id='word_1_459' title='bbox 2471 2484 2562 2527; x_wconf 90' lang='lat' dir='ltr'><strong>aut</strong></span> <span class='ocrx_word' id='word_1_460' title='bbox 2588 2475 2811 2529; x_wconf 87' lang='lat' dir='ltr'><strong>faciendi</strong></span> <span class='ocrx_word' id='word_1_461' title='bbox 2842 2514 2859 2541; x_wconf 93' lang='lat'><strong>,</strong></span> <span class='ocrx_word' id='word_1_462' title='bbox 2899 2476 2998 2529; x_wconf 89' lang='lat' dir='ltr'><strong>nisi</strong></span> <span class='ocrx_word' id='word_1_463' title='bbox 3038 2476 3126 2530; x_wconf 92' lang='lat' dir='ltr'><strong>illo</strong></span> <span class='ocrx_word' id='word_1_464' title='bbox 3178 2475 3358 2530; x_wconf 88' lang='lat' dir='ltr'><strong>dante.</strong></span> <span class='ocrx_word' id='word_1_465' title='bbox 3400 2465 3571 2551; x_wconf 76' lang='lat' dir='ltr'><strong>ipsum</strong></span> 
     </span>
    </p>
   </div>
   <div class='ocr_carea' id='block_1_56' title="bbox 2025 2562 3572 2634">
    <p class='ocr_par' dir='ltr' id='par_1_56' title="bbox 2025 2562 3572 2634">
     <span class='ocr_line' id='line_1_56' title="bbox 2025 2562 3572 2634; baseline -0.003 -17"><span class='ocrx_word' id='word_1_466' title='bbox 2025 2580 2234 2634; x_wconf 87' lang='lat' dir='ltr'><strong>quoque</strong></span> <span class='ocrx_word' id='word_1_467' title='bbox 2289 2564 2452 2629; x_wconf 86' lang='lat' dir='ltr'><strong>velle,</strong></span> <span class='ocrx_word' id='word_1_468' title='bbox 2519 2564 2660 2631; x_wconf 84' lang='lat' dir='ltr'><strong>quod</strong></span> <span class='ocrx_word' id='word_1_469' title='bbox 2712 2562 2995 2630; x_wconf 88' lang='lat' dir='ltr'><strong>aliquando</strong></span> <span class='ocrx_word' id='word_1_470' title='bbox 3038 2564 3239 2630; x_wconf 81' lang='lat' dir='ltr'><strong>justum</strong></span> <span class='ocrx_word' id='word_1_471' title='bbox 3297 2574 3417 2627; x_wconf 88' lang='lat' dir='ltr'><strong>est,</strong></span> <span class='ocrx_word' id='word_1_472' title='bbox 3472 2565 3572 2614; x_wconf 85' lang='lat' dir='ltr'><strong>ali-</strong></span> 
     </span>
    </p>
   </div>
   <div class='ocr_carea' id='block_1_57' title="bbox 2024 2653 3573 2739">
    <p class='ocr_par' dir='ltr' id='par_1_57' title="bbox 2024 2653 3573 2739">
     <span class='ocr_line' id='line_1_57' title="bbox 2024 2653 3573 2739; baseline -0.003 -31"><span class='ocrx_word' id='word_1_473' title='bbox 2024 2658 2235 2725; x_wconf 88' lang='lat' dir='ltr'><strong>quando</strong></span> <span class='ocrx_word' id='word_1_474' title='bbox 2276 2655 2524 2723; x_wconf 83' lang='lat' dir='ltr'><strong>injustam</strong></span> <span class='ocrx_word' id='word_1_475' title='bbox 2547 2693 2563 2718; x_wconf 95' lang='lat'><strong>,</strong></span> <span class='ocrx_word' id='word_1_476' title='bbox 2597 2671 2692 2707; x_wconf 86' lang='lat' dir='ltr'><strong>uec</strong></span> <span class='ocrx_word' id='word_1_477' title='bbox 2717 2654 2963 2717; x_wconf 79' lang='lat' dir='ltr'><strong>estaliud</strong></span> <span class='ocrx_word' id='word_1_478' title='bbox 2994 2669 3151 2721; x_wconf 87' lang='lat' dir='ltr'><strong>quant</strong></span> <span class='ocrx_word' id='word_1_479' title='bbox 3191 2653 3263 2705; x_wconf 89' lang='lat' dir='ltr'><strong>uti</strong></span> <span class='ocrx_word' id='word_1_480' title='bbox 3308 2663 3573 2739; x_wconf 81' lang='lat' dir='ltr'><strong>potestate</strong></span> 
     </span>
    </p>
   </div>
   <div class='ocr_carea' id='block_1_58' title="bbox 2025 2743 3572 2811">
    <p class='ocr_par' dir='ltr' id='par_1_58' title="bbox 2025 2743 3572 2811">
     <span class='ocr_line' id='line_1_58' title="bbox 2025 2743 3572 2811; baseline -0.003 -13"><span class='ocrx_word' id='word_1_481' title='bbox 2025 2747 2230 2799; x_wconf 90' lang='lat' dir='ltr'><strong>volcndi</strong></span> <span class='ocrx_word' id='word_1_482' title='bbox 2260 2754 2311 2797; x_wconf 87' lang='lat' dir='ltr'><strong>et</strong></span> <span class='ocrx_word' id='word_1_483' title='bbox 2336 2745 2623 2806; x_wconf 87' lang='lat' dir='ltr'><strong>voluntate,</strong></span> <span class='ocrx_word' id='word_1_484' title='bbox 2654 2760 2786 2811; x_wconf 87' lang='lat' dir='ltr'><strong>quas</strong></span> <span class='ocrx_word' id='word_1_485' title='bbox 2810 2744 2946 2796; x_wconf 87' lang='lat' dir='ltr'><strong>Deus</strong></span> <span class='ocrx_word' id='word_1_486' title='bbox 2972 2745 3079 2805; x_wconf 89' lang='lat' dir='ltr'><strong>dat,</strong></span> <span class='ocrx_word' id='word_1_487' title='bbox 3126 2743 3437 2810; x_wconf 89' lang='lat' dir='ltr'><strong>inquantum</strong></span> <span class='ocrx_word' id='word_1_488' title='bbox 3469 2753 3572 2807; x_wconf 80' lang='lat' dir='ltr'><strong>est,</strong></span> 
     </span>
    </p>
   </div>
   <div class='ocr_carea' id='block_1_59' title="bbox 2028 2832 3572 2902">
    <p class='ocr_par' dir='ltr' id='par_1_59' title="bbox 2028 2832 3572 2902">
     <span class='ocr_line' id='line_1_59' title="bbox 2028 2832 3572 2902; baseline -0.005 -14"><span class='ocrx_word' id='word_1_489' title='bbox 2028 2836 2180 2902; x_wconf 76' lang='grc'><strong>127</strong></span> <span class='ocrx_word' id='word_1_490' title='bbox 2235 2836 2577 2895; x_wconf 74' lang='lat' dir='ltr'><strong>bonum&#39;esl,</strong></span> <span class='ocrx_word' id='word_1_491' title='bbox 2608 2843 2660 2885; x_wconf 87' lang='lat' dir='ltr'><strong>et</strong></span> <span class='ocrx_word' id='word_1_492' title='bbox 2694 2848 2721 2884; x_wconf 75' lang='grc' dir='ltr'><strong>ιι</strong></span> <span class='ocrx_word' id='word_1_493' title='bbox 2755 2832 2859 2884; x_wconf 83' lang='lat' dir='ltr'><strong>Deo</strong></span> <span class='ocrx_word' id='word_1_494' title='bbox 2887 2841 2988 2884; x_wconf 89' lang='lat' dir='ltr'><strong>est.</strong></span> <span class='ocrx_word' id='word_1_495' title='bbox 3026 2832 3175 2896; x_wconf 83' lang='lat' dir='ltr'><strong>Quod</strong></span> <span class='ocrx_word' id='word_1_496' title='bbox 3205 2841 3328 2883; x_wconf 90' lang='lat' dir='ltr'><strong>tunc</strong></span> <span class='ocrx_word' id='word_1_497' title='bbox 3360 2832 3572 2899; x_wconf 83' lang='lat' dir='ltr'><strong>quidem</strong></span> 
     </span>
    </p>
   </div>
   <div class='ocr_carea' id='block_1_60' title="bbox 2026 2912 3574 2990">
    <p class='ocr_par' dir='ltr' id='par_1_60' title="bbox 2026 2912 3574 2990">
     <span class='ocr_line' id='line_1_60' title="bbox 2026 2912 3574 2990; baseline 0.001 -16"><span class='ocrx_word' id='word_1_498' title='bbox 2026 2924 2237 2990; x_wconf 89' lang='lat' dir='ltr'><strong>quando</strong></span> <span class='ocrx_word' id='word_1_499' title='bbox 2294 2933 2436 2976; x_wconf 86' lang='lat' dir='ltr'><strong>recte</strong></span> <span class='ocrx_word' id='word_1_500' title='bbox 2483 2930 2585 2984; x_wconf 89' lang='lat' dir='ltr'><strong>est,</strong></span> <span class='ocrx_word' id='word_1_501' title='bbox 2621 2921 2815 2973; x_wconf 89' lang='lat' dir='ltr'><strong>bonum</strong></span> <span class='ocrx_word' id='word_1_502' title='bbox 2852 2912 2907 2974; x_wconf 81' lang='lat' dir='ltr'><strong>et</strong></span> <span class='ocrx_word' id='word_1_503' title='bbox 2955 2914 3158 2989; x_wconf 66' lang='lat' dir='ltr'><strong>jnstdm</strong></span> <span class='ocrx_word' id='word_1_504' title='bbox 3210 2931 3321 2987; x_wconf 86' lang='lat' dir='ltr'><strong>est;</strong></span> <span class='ocrx_word' id='word_1_505' title='bbox 3361 2926 3574 2989; x_wconf 78' lang='lat' dir='ltr'><strong>quando</strong></span> 
     </span>
    </p>
   </div>
   <div class='ocr_carea' id='block_1_61' title="bbox 380 3003 3569 3092">
    <p class='ocr_par' dir='ltr' id='par_1_61' title="bbox 380 3003 3569 3092">
     <span class='ocr_line' id='line_1_61' title="bbox 380 3003 3569 3092; baseline -0.001 -25"><span class='ocrx_word' id='word_1_506' title='bbox 380 3014 435 3067; x_wconf 88' lang='lat' dir='ltr'><strong>Si</strong></span> <span class='ocrx_word' id='word_1_507' title='bbox 461 3028 584 3066; x_wconf 86' lang='lat' dir='ltr'><strong>vero</strong></span> <span class='ocrx_word' id='word_1_508' title='bbox 611 3027 939 3092; x_wconf 69' lang='lat' dir='ltr'><strong>qumcunqtte</strong></span> <span class='ocrx_word' id='word_1_509' title='bbox 986 3021 1141 3075; x_wconf 87' lang='lat' dir='ltr'><strong>sunt,</strong></span> <span class='ocrx_word' id='word_1_510' title='bbox 1201 3026 1235 3064; x_wconf 70' lang='grc' dir='ltr'><strong>ιι</strong></span> <span class='ocrx_word' id='word_1_511' title='bbox 1298 3014 1516 3066; x_wconf 90' lang='lat' dir='ltr'><strong>scientia</strong></span> <span class='ocrx_word' id='word_1_512' title='bbox 1572 3014 1662 3067; x_wconf 86' lang='lat' dir='ltr'><strong>Dei</strong></span> <span class='ocrx_word' id='word_1_513' title='bbox 1713 3021 1931 3066; x_wconf 86' lang='lat' dir='ltr'><strong>sumunt</strong></span> <span class='ocrx_word' id='word_1_514' title='bbox 1956 3003 2000 3061; x_wconf 92' lang='lat' dir='ltr'><strong>C</strong></span> <span class='ocrx_word' id='word_1_515' title='bbox 2034 3028 2159 3064; x_wconf 88' lang='lat' dir='ltr'><strong>vero</strong></span> <span class='ocrx_word' id='word_1_516' title='bbox 2182 3028 2283 3092; x_wconf 83' lang='lat' dir='ltr'><strong>nou</strong></span> <span class='ocrx_word' id='word_1_517' title='bbox 2319 3021 2482 3073; x_wconf 87' lang='lat' dir='ltr'><strong>recte,</strong></span> <span class='ocrx_word' id='word_1_518' title='bbox 2516 3012 2614 3063; x_wconf 88' lang='lat' dir='ltr'><strong>hoc</strong></span> <span class='ocrx_word' id='word_1_519' title='bbox 2634 3010 2747 3063; x_wconf 91' lang='lat' dir='ltr'><strong>solo</strong></span> <span class='ocrx_word' id='word_1_520' title='bbox 2774 3012 2897 3077; x_wconf 88' lang='lat' dir='ltr'><strong>quia</strong></span> <span class='ocrx_word' id='word_1_521' title='bbox 2930 3024 3033 3064; x_wconf 88' lang='lat' dir='ltr'><strong>non</strong></span> <span class='ocrx_word' id='word_1_522' title='bbox 3065 3022 3206 3065; x_wconf 84' lang='lat' dir='ltr'><strong>recte</strong></span> <span class='ocrx_word' id='word_1_523' title='bbox 3234 3021 3337 3074; x_wconf 42' lang='lat' dir='ltr'><strong>est.</strong></span> <span class='ocrx_word' id='word_1_524' title='bbox 3376 3014 3569 3064; x_wconf 86' lang='lat' dir='ltr'><strong>malunt</strong></span> 
     </span>
    </p>
   </div>
   <div class='ocr_carea' id='block_1_62' title="bbox 380 3099 1930 3170">
    <p class='ocr_par' dir='ltr' id='par_1_62' title="bbox 380 3099 1930 3170">
     <span class='ocr_line' id='line_1_62' title="bbox 380 3099 1930 3170; baseline -0.001 -15"><span class='ocrx_word' id='word_1_525' title='bbox 380 3102 666 3156; x_wconf 86' lang='lat' dir='ltr'><strong>essentiam</strong></span> <span class='ocrx_word' id='word_1_526' title='bbox 699 3117 712 3153; x_wconf 89' lang='lat'><strong>:</strong></span> <span class='ocrx_word' id='word_1_527' title='bbox 742 3100 881 3155; x_wconf 87' lang='lat' dir='ltr'><strong>Deus</strong></span> <span class='ocrx_word' id='word_1_528' title='bbox 905 3099 1075 3154; x_wconf 88' lang='lat' dir='ltr'><strong>factor</strong></span> <span class='ocrx_word' id='word_1_529' title='bbox 1096 3112 1170 3154; x_wconf 90' lang='lat' dir='ltr'><strong>est</strong></span> <span class='ocrx_word' id='word_1_530' title='bbox 1202 3111 1389 3154; x_wconf 85' lang='lat' dir='ltr'><strong>auctor</strong></span> <span class='ocrx_word' id='word_1_531' title='bbox 1415 3110 1496 3155; x_wconf 90' lang='lat' dir='ltr'><strong>est</strong></span> <span class='ocrx_word' id='word_1_532' title='bbox 1527 3101 1784 3157; x_wconf 83' lang='lat' dir='ltr'><strong>malorum</strong></span> <span class='ocrx_word' id='word_1_533' title='bbox 1807 3117 1930 3170; x_wconf 87' lang='lat' dir='ltr'><strong>0pc-</strong></span> 
     </span>
    </p>
   </div>
   <div class='ocr_carea' id='block_1_63' title="bbox 382 3187 1930 3258">
    <p class='ocr_par' dir='ltr' id='par_1_63' title="bbox 382 3187 1930 3258">
     <span class='ocr_line' id='line_1_63' title="bbox 382 3187 1930 3258; baseline 0.001 -16"><span class='ocrx_word' id='word_1_534' title='bbox 382 3204 503 3242; x_wconf 86' lang='lat' dir='ltr'><strong>rtnn</strong></span> <span class='ocrx_word' id='word_1_535' title='bbox 529 3188 620 3220; x_wconf 74' lang='grc'><strong>³⁸⁸⁸</strong></span> <span class='ocrx_word' id='word_1_536' title='bbox 645 3225 660 3254; x_wconf 83' lang='grc'><strong><em>,</em></strong></span> <span class='ocrx_word' id='word_1_537' title='bbox 693 3198 747 3242; x_wconf 88' lang='grc' dir='ltr'><strong>ει</strong></span> <span class='ocrx_word' id='word_1_538' title='bbox 775 3188 893 3241; x_wconf 91' lang='lat' dir='ltr'><strong>ideo</strong></span> <span class='ocrx_word' id='word_1_539' title='bbox 920 3204 1025 3242; x_wconf 91' lang='lat' dir='ltr'><strong>non</strong></span> <span class='ocrx_word' id='word_1_540' title='bbox 1049 3187 1190 3255; x_wconf 89' lang='lat' dir='ltr'><strong>juste</strong></span> <span class='ocrx_word' id='word_1_541' title='bbox 1230 3188 1321 3229; x_wconf 76' lang='grc'><strong>⁸⁸⁸⁸</strong></span> <span class='ocrx_word' id='word_1_542' title='bbox 1362 3189 1511 3258; x_wconf 89' lang='lat' dir='ltr'><strong>punit</strong></span> <span class='ocrx_word' id='word_1_543' title='bbox 1551 3189 1714 3242; x_wconf 89' lang='lat' dir='ltr'><strong>malos</strong></span> <span class='ocrx_word' id='word_1_544' title='bbox 1745 3203 1761 3242; x_wconf 87' lang='lat'><strong>:</strong></span> <span class='ocrx_word' id='word_1_545' title='bbox 1792 3192 1930 3258; x_wconf 89' lang='lat' dir='ltr'><strong>quod</strong></span> 
     </span>
    </p>
   </div>
   <div class='ocr_carea' id='block_1_64' title="bbox 384 3279 1929 3348">
    <p class='ocr_par' dir='ltr' id='par_1_64' title="bbox 384 3279 1929 3348">
     <span class='ocr_line' id='line_1_64' title="bbox 384 3279 1929 3348; baseline 0.001 -16"><span class='ocrx_word' id='word_1_546' title='bbox 384 3293 486 3333; x_wconf 87' lang='lat' dir='ltr'><strong>non</strong></span> <span class='ocrx_word' id='word_1_547' title='bbox 527 3279 865 3346; x_wconf 65' lang='lat' dir='ltr'><strong>suscipimus.</strong></span> <span class='ocrx_word' id='word_1_548' title='bbox 924 3279 1043 3331; x_wconf 77' lang='lat' dir='ltr'><strong>llzcc</strong></span> <span class='ocrx_word' id='word_1_549' title='bbox 1092 3288 1269 3332; x_wconf 89' lang='lat' dir='ltr'><strong>autem</strong></span> <span class='ocrx_word' id='word_1_550' title='bbox 1334 3280 1557 3348; x_wconf 67' lang='lat' dir='ltr'><strong>qumstio</strong></span> <span class='ocrx_word' id='word_1_551' title='bbox 1599 3279 1755 3334; x_wconf 88' lang='lat' dir='ltr'><strong>facile</strong></span> <span class='ocrx_word' id='word_1_552' title='bbox 1798 3280 1929 3334; x_wconf 85' lang='lat' dir='ltr'><strong>solvi</strong></span> 
     </span>
    </p>
   </div>
   <div class='ocr_carea' id='block_1_65' title="bbox 381 3367 1929 3438">
    <p class='ocr_par' dir='ltr' id='par_1_65' title="bbox 381 3367 1929 3438">
     <span class='ocr_line' id='line_1_65' title="bbox 381 3367 1929 3438; baseline 0 -16"><span class='ocrx_word' id='word_1_553' title='bbox 381 3376 577 3436; x_wconf 78' lang='lat' dir='ltr'><strong>potest,</strong></span> <span class='ocrx_word' id='word_1_554' title='bbox 600 3367 642 3419; x_wconf 87' lang='lat' dir='ltr'><strong>si</strong></span> <span class='ocrx_word' id='word_1_555' title='bbox 674 3368 817 3435; x_wconf 86' lang='lat' dir='ltr'><strong>prius</strong></span> <span class='ocrx_word' id='word_1_556' title='bbox 838 3367 1175 3437; x_wconf 89' lang='lat' dir='ltr'><strong>cognoscitur</strong></span> <span class='ocrx_word' id='word_1_557' title='bbox 1200 3369 1416 3431; x_wconf 89' lang='lat' dir='ltr'><strong>bonum,</strong></span> <span class='ocrx_word' id='word_1_558' title='bbox 1444 3370 1582 3438; x_wconf 90' lang='lat' dir='ltr'><strong>quod</strong></span> <span class='ocrx_word' id='word_1_559' title='bbox 1606 3379 1688 3423; x_wconf 89' lang='lat' dir='ltr'><strong>est</strong></span> <span class='ocrx_word' id='word_1_560' title='bbox 1700 3368 1929 3436; x_wconf 86' lang='lat' dir='ltr'><strong>justitia,</strong></span> 
     </span>
    </p>
   </div>
   <div class='ocr_carea' id='block_1_66' title="bbox 384 3458 1928 3528">
    <p class='ocr_par' dir='ltr' id='par_1_66' title="bbox 384 3458 1928 3528">
     <span class='ocr_line' id='line_1_66' title="bbox 384 3458 1928 3528; baseline 0.001 -16"><span class='ocrx_word' id='word_1_561' title='bbox 384 3475 510 3515; x_wconf 85' lang='lat' dir='ltr'><strong>vere</strong></span> <span class='ocrx_word' id='word_1_562' title='bbox 535 3459 733 3528; x_wconf 89' lang='lat' dir='ltr'><strong>aliquid</strong></span> <span class='ocrx_word' id='word_1_563' title='bbox 763 3473 918 3523; x_wconf 86' lang='lat' dir='ltr'><strong>esse;</strong></span> <span class='ocrx_word' id='word_1_564' title='bbox 944 3458 1136 3512; x_wconf 89' lang='lat' dir='ltr'><strong>mahnu</strong></span> <span class='ocrx_word' id='word_1_565' title='bbox 1168 3473 1323 3521; x_wconf 89' lang='lat' dir='ltr'><strong>vero,</strong></span> <span class='ocrx_word' id='word_1_566' title='bbox 1360 3461 1499 3526; x_wconf 92' lang='lat' dir='ltr'><strong>quod</strong></span> <span class='ocrx_word' id='word_1_567' title='bbox 1525 3470 1607 3514; x_wconf 88' lang='lat' dir='ltr'><strong>est</strong></span> <span class='ocrx_word' id='word_1_568' title='bbox 1636 3461 1891 3528; x_wconf 81' lang='lat' dir='ltr'><strong>injustitia</strong></span> <span class='ocrx_word' id='word_1_569' title='bbox 1913 3502 1928 3525; x_wconf 90' lang='lat'><strong>,</strong></span> 
     </span>
    </p>
   </div>
   <div class='ocr_carea' id='block_1_67' title="bbox 380 3544 1929 3617">
    <p class='ocr_par' dir='ltr' id='par_1_67' title="bbox 380 3544 1929 3617">
     <span class='ocr_line' id='line_1_67' title="bbox 380 3544 1929 3617; baseline -0.001 -13"><span class='ocrx_word' id='word_1_570' title='bbox 380 3549 530 3604; x_wconf 87' lang='lat' dir='ltr'><strong>omni</strong></span> <span class='ocrx_word' id='word_1_571' title='bbox 554 3562 737 3602; x_wconf 82' lang='lat' dir='ltr'><strong>carere</strong></span> <span class='ocrx_word' id='word_1_572' title='bbox 755 3547 848 3578; x_wconf 76' lang='grc'><strong>³⁸⁷⁸</strong></span> <span class='ocrx_word' id='word_1_573' title='bbox 873 3547 1175 3601; x_wconf 81' lang='lat' dir='ltr'><strong>existentia.</strong></span> <span class='ocrx_word' id='word_1_574' title='bbox 1204 3544 1353 3613; x_wconf 86' lang='lat' dir='ltr'><strong>Quod</strong></span> <span class='ocrx_word' id='word_1_575' title='bbox 1379 3547 1430 3600; x_wconf 93' lang='lat' dir='ltr'><strong>in</strong></span> <span class='ocrx_word' id='word_1_576' title='bbox 1458 3555 1683 3601; x_wconf 87' lang='lat' dir='ltr'><strong>tractatu</strong></span> <span class='ocrx_word' id='word_1_577' title='bbox 1708 3548 1849 3617; x_wconf 89' lang='lat' dir='ltr'><strong>(cap.</strong></span> <span class='ocrx_word' id='word_1_578' title='bbox 1876 3548 1929 3613; x_wconf 92' lang='lat'><strong>9,</strong></span> 
     </span>
    </p>
   </div>
   <div class='ocr_carea' id='block_1_68' title="bbox 384 3634 1933 3703">
    <p class='ocr_par' dir='ltr' id='par_1_68' title="bbox 384 3634 1933 3703">
     <span class='ocr_line' id='line_1_68' title="bbox 384 3634 1933 3703; baseline -0.001 -12"><span class='ocrx_word' id='word_1_579' title='bbox 384 3637 471 3699; x_wconf 85' lang='grc'><strong>10,</strong></span> <span class='ocrx_word' id='word_1_580' title='bbox 506 3634 794 3703; x_wconf 82' lang='grc' dir='ltr'><strong>15,16)(1ε</strong></span> <span class='ocrx_word' id='word_1_581' title='bbox 820 3649 945 3688; x_wconf 90' lang='lat' dir='ltr'><strong>casu</strong></span> <span class='ocrx_word' id='word_1_582' title='bbox 978 3634 1168 3688; x_wconf 88' lang='lat' dir='ltr'><strong>diaboli</strong></span> <span class='ocrx_word' id='word_1_583' title='bbox 1200 3675 1215 3697; x_wconf 86' lang='lat'><strong>,</strong></span> <span class='ocrx_word' id='word_1_584' title='bbox 1259 3645 1311 3688; x_wconf 90' lang='lat' dir='ltr'><strong>et</strong></span> <span class='ocrx_word' id='word_1_585' title='bbox 1360 3634 1412 3687; x_wconf 90' lang='lat' dir='ltr'><strong>in</strong></span> <span class='ocrx_word' id='word_1_586' title='bbox 1466 3635 1640 3688; x_wconf 87' lang='lat' dir='ltr'><strong>libello</strong></span> <span class='ocrx_word' id='word_1_587' title='bbox 1673 3651 1829 3703; x_wconf 89' lang='lat' dir='ltr'><strong>quem</strong></span> <span class='ocrx_word' id='word_1_588' title='bbox 1869 3638 1933 3690; x_wconf 89' lang='lat' dir='ltr'><strong>de</strong></span> 
     </span>
    </p>
   </div>
   <div class='ocr_carea' id='block_1_69' title="bbox 385 3721 1931 3794">
    <p class='ocr_par' dir='ltr' id='par_1_69' title="bbox 385 3721 1931 3794">
     <span class='ocr_line' id='line_1_69' title="bbox 385 3721 1931 3794; baseline -0.002 -15"><span class='ocrx_word' id='word_1_589' title='bbox 385 3732 643 3794; x_wconf 87' lang='lat' dir='ltr'><strong>conceptu</strong></span> <span class='ocrx_word' id='word_1_590' title='bbox 674 3722 914 3793; x_wconf 80' lang='lat' dir='ltr'><strong>virginali</strong></span> <span class='ocrx_word' id='word_1_591' title='bbox 937 3731 989 3776; x_wconf 92' lang='lat' dir='ltr'><strong>et</strong></span> <span class='ocrx_word' id='word_1_592' title='bbox 1018 3733 1233 3791; x_wconf 89' lang='lat' dir='ltr'><strong>peccato</strong></span> <span class='ocrx_word' id='word_1_593' title='bbox 1259 3721 1497 3791; x_wconf 83' lang='lat' dir='ltr'><strong>originali</strong></span> <span class='ocrx_word' id='word_1_594' title='bbox 1522 3722 1722 3775; x_wconf 91' lang='lat' dir='ltr'><strong>titulavi</strong></span> <span class='ocrx_word' id='word_1_595' title='bbox 1740 3764 1754 3786; x_wconf 91' lang='lat'><strong>,</strong></span> <span class='ocrx_word' id='word_1_596' title='bbox 1775 3739 1931 3792; x_wconf 87' lang='lat' dir='ltr'><strong>aper-</strong></span> 
     </span>
    </p>
   </div>
   <div class='ocr_carea' id='block_1_70' title="bbox 388 3809 1932 3878">
    <p class='ocr_par' dir='ltr' id='par_1_70' title="bbox 388 3809 1932 3878">
     <span class='ocr_line' id='line_1_70' title="bbox 388 3809 1932 3878; baseline -0.001 -10"><span class='ocrx_word' id='word_1_597' title='bbox 388 3813 592 3868; x_wconf 89' lang='lat' dir='ltr'><strong>tissime</strong></span> <span class='ocrx_word' id='word_1_598' title='bbox 644 3813 932 3868; x_wconf 85' lang='lat' dir='ltr'><strong>monstravi</strong></span> <span class='ocrx_word' id='word_1_599' title='bbox 983 3811 1095 3865; x_wconf 83' lang='lat'><strong>“&#39;”.</strong></span> <span class='ocrx_word' id='word_1_600' title='bbox 1160 3809 1280 3864; x_wconf 81' lang='lat' dir='ltr'><strong>Non</strong></span> <span class='ocrx_word' id='word_1_601' title='bbox 1338 3819 1419 3863; x_wconf 83' lang='lat' dir='ltr'><strong>est</strong></span> <span class='ocrx_word' id='word_1_602' title='bbox 1479 3810 1621 3864; x_wconf 92' lang='lat' dir='ltr'><strong>enim</strong></span> <span class='ocrx_word' id='word_1_603' title='bbox 1667 3809 1932 3878; x_wconf 87' lang='lat' dir='ltr'><strong>.injustitia</strong></span> 
     </span>
    </p>
   </div>
   <div class='ocr_carea' id='block_1_71' title="bbox 387 3898 1931 3971">
    <p class='ocr_par' dir='ltr' id='par_1_71' title="bbox 387 3898 1931 3971">
     <span class='ocr_line' id='line_1_71' title="bbox 387 3898 1931 3971; baseline 0.001 -18"><span class='ocrx_word' id='word_1_604' title='bbox 387 3901 619 3971; x_wconf 82' lang='lat' dir='ltr'><strong>qualitas</strong></span> <span class='ocrx_word' id='word_1_605' title='bbox 637 3941 652 3964; x_wconf 89' lang='lat'><strong>,</strong></span> <span class='ocrx_word' id='word_1_606' title='bbox 678 3910 768 3953; x_wconf 85' lang='lat' dir='ltr'><strong>aut</strong></span> <span class='ocrx_word' id='word_1_607' title='bbox 804 3901 947 3953; x_wconf 88' lang='lat' dir='ltr'><strong>actio</strong></span> <span class='ocrx_word' id='word_1_608' title='bbox 967 3938 984 3962; x_wconf 94' lang='lat'><strong>,</strong></span> <span class='ocrx_word' id='word_1_609' title='bbox 1009 3908 1097 3951; x_wconf 85' lang='lat' dir='ltr'><strong>aut</strong></span> <span class='ocrx_word' id='word_1_610' title='bbox 1122 3898 1295 3965; x_wconf 88' lang='lat' dir='ltr'><strong>aliqua</strong></span> <span class='ocrx_word' id='word_1_611' title='bbox 1319 3900 1578 3963; x_wconf 80' lang='lat' dir='ltr'><strong>essentia,</strong></span> <span class='ocrx_word' id='word_1_612' title='bbox 1607 3902 1700 3954; x_wconf 89' lang='lat' dir='ltr'><strong>sed</strong></span> <span class='ocrx_word' id='word_1_613' title='bbox 1730 3911 1931 3956; x_wconf 88' lang='lat' dir='ltr'><strong>tantum</strong></span> 
     </span>
    </p>
   </div>
   <div class='ocr_carea' id='block_1_72' title="bbox 386 3988 1930 4058">
    <p class='ocr_par' dir='ltr' id='par_1_72' title="bbox 386 3988 1930 4058">
     <span class='ocr_line' id='line_1_72' title="bbox 386 3988 1930 4058; baseline -0.002 -14"><span class='ocrx_word' id='word_1_614' title='bbox 386 3989 628 4044; x_wconf 87' lang='lat' dir='ltr'><strong>absentia</strong></span> <span class='ocrx_word' id='word_1_615' title='bbox 656 3989 843 4041; x_wconf 67' lang='lat' dir='ltr'><strong>debitm</strong></span> <span class='ocrx_word' id='word_1_616' title='bbox 868 3988 1114 4058; x_wconf 70' lang='lat' dir='ltr'><strong>justitim;</strong></span> <span class='ocrx_word' id='word_1_617' title='bbox 1170 4002 1266 4040; x_wconf 91' lang='lat' dir='ltr'><strong>nec</strong></span> <span class='ocrx_word' id='word_1_618' title='bbox 1295 3997 1375 4041; x_wconf 87' lang='lat' dir='ltr'><strong>est</strong></span> <span class='ocrx_word' id='word_1_619' title='bbox 1404 3988 1500 4041; x_wconf 88' lang='lat' dir='ltr'><strong>nisi</strong></span> <span class='ocrx_word' id='word_1_620' title='bbox 1540 3989 1591 4040; x_wconf 92' lang='lat' dir='ltr'><strong>in</strong></span> <span class='ocrx_word' id='word_1_621' title='bbox 1628 3990 1930 4056; x_wconf 87' lang='lat' dir='ltr'><strong>voluntate,</strong></span> 
     </span>
    </p>
   </div>
   <div class='ocr_carea' id='block_1_73' title="bbox 389 4074 1929 4151">
    <p class='ocr_par' dir='ltr' id='par_1_73' title="bbox 389 4074 1929 4151">
     <span class='ocr_line' id='line_1_73' title="bbox 389 4074 1929 4151; baseline -0.001 -20"><span class='ocrx_word' id='word_1_622' title='bbox 389 4075 478 4131; x_wconf 81' lang='lat' dir='ltr'><strong>ubi</strong></span> <span class='ocrx_word' id='word_1_623' title='bbox 511 4076 663 4130; x_wconf 87' lang='lat' dir='ltr'><strong>debet</strong></span> <span class='ocrx_word' id='word_1_624' title='bbox 697 4074 1051 4142; x_wconf 83' lang='lat' dir='ltr'><strong>essejustitia.</strong></span> <span class='ocrx_word' id='word_1_625' title='bbox 1078 4074 1177 4130; x_wconf 82' lang='lat' dir='ltr'><strong>Per</strong></span> <span class='ocrx_word' id='word_1_626' title='bbox 1204 4089 1362 4151; x_wconf 86' lang='lat' dir='ltr'><strong>quam</strong></span> <span class='ocrx_word' id='word_1_627' title='bbox 1388 4075 1929 4142; x_wconf 84' lang='lat' dir='ltr'><strong>voluntatemjustam</strong></span> 
     </span>
    </p>
   </div>
   <div class='ocr_carea' id='block_1_74' title="bbox 388 4164 1933 4234">
    <p class='ocr_par' dir='ltr' id='par_1_74' title="bbox 388 4164 1933 4234">
     <span class='ocr_line' id='line_1_74' title="bbox 388 4164 1933 4234; baseline 0.001 -16"><span class='ocrx_word' id='word_1_628' title='bbox 388 4166 473 4218; x_wconf 85' lang='lat' dir='ltr'><strong>vel</strong></span> <span class='ocrx_word' id='word_1_629' title='bbox 503 4164 751 4234; x_wconf 83' lang='lat' dir='ltr'><strong>injustam</strong></span> <span class='ocrx_word' id='word_1_630' title='bbox 782 4164 873 4196; x_wconf 80' lang='grc'><strong>³⁸⁷⁸</strong></span> <span class='ocrx_word' id='word_1_631' title='bbox 902 4164 1096 4219; x_wconf 88' lang='lat' dir='ltr'><strong>dicitur</strong></span> <span class='ocrx_word' id='word_1_632' title='bbox 1122 4165 1296 4217; x_wconf 89' lang='lat' dir='ltr'><strong>omnis</strong></span> <span class='ocrx_word' id='word_1_633' title='bbox 1320 4165 1590 4218; x_wconf 86' lang='lat' dir='ltr'><strong>rationalis</strong></span> <span class='ocrx_word' id='word_1_634' title='bbox 1615 4173 1800 4219; x_wconf 88' lang='lat' dir='ltr'><strong>natura</strong></span> <span class='ocrx_word' id='word_1_635' title='bbox 1819 4206 1833 4229; x_wconf 89' lang='lat'><strong>,</strong></span> <span class='ocrx_word' id='word_1_636' title='bbox 1880 4174 1933 4219; x_wconf 90' lang='lat' dir='ltr'><strong>et</strong></span> 
     </span>
    </p>
   </div>
   <div class='ocr_carea' id='block_1_75' title="bbox 386 4250 1933 4322">
    <p class='ocr_par' dir='ltr' id='par_1_75' title="bbox 386 4250 1933 4322">
     <span class='ocr_line' id='line_1_75' title="bbox 386 4250 1933 4322; baseline 0.003 -19"><span class='ocrx_word' id='word_1_637' title='bbox 386 4251 637 4322; x_wconf 62' lang='lat' dir='ltr'><strong>quaslibet</strong></span> <span class='ocrx_word' id='word_1_638' title='bbox 669 4253 784 4320; x_wconf 80' lang='lat' dir='ltr'><strong>ejus</strong></span> <span class='ocrx_word' id='word_1_639' title='bbox 806 4255 945 4306; x_wconf 84' lang='lat' dir='ltr'><strong>actio</strong></span> <span class='ocrx_word' id='word_1_640' title='bbox 968 4251 1108 4319; x_wconf 85' lang='lat' dir='ltr'><strong>justa</strong></span> <span class='ocrx_word' id='word_1_641' title='bbox 1134 4251 1215 4304; x_wconf 91' lang='lat' dir='ltr'><strong>vel</strong></span> <span class='ocrx_word' id='word_1_642' title='bbox 1257 4252 1473 4319; x_wconf 80' lang='lat' dir='ltr'><strong>injusta.</strong></span> <span class='ocrx_word' id='word_1_643' title='bbox 1519 4250 1710 4306; x_wconf 88' lang='lat' dir='ltr'><strong>Omnis</strong></span> <span class='ocrx_word' id='word_1_644' title='bbox 1739 4254 1933 4322; x_wconf 82' lang='lat' dir='ltr'><strong>quippe</strong></span> 
     </span>
    </p>
   </div>
   <div class='ocr_carea' id='block_1_76' title="bbox 2031 3082 3576 3165">
    <p class='ocr_par' dir='ltr' id='par_1_76' title="bbox 2031 3082 3576 3165">
     <span class='ocr_line' id='line_1_76' title="bbox 2031 3082 3576 3165; baseline 0.001 -14"><span class='ocrx_word' id='word_1_645' title='bbox 2031 3108 2115 3152; x_wconf 90' lang='lat' dir='ltr'><strong>est</strong></span> <span class='ocrx_word' id='word_1_646' title='bbox 2144 3082 2493 3163; x_wconf 40' lang='lat' dir='ltr'><strong>et&#39;injustum.</strong></span> <span class='ocrx_word' id='word_1_647' title='bbox 2520 3098 2608 3149; x_wconf 76' lang='lat' dir='ltr'><strong>Est</strong></span> <span class='ocrx_word' id='word_1_648' title='bbox 2637 3106 2812 3149; x_wconf 82' lang='lat' dir='ltr'><strong>autent</strong></span> <span class='ocrx_word' id='word_1_649' title='bbox 2836 3097 3032 3165; x_wconf 88' lang='lat' dir='ltr'><strong>aliquid</strong></span> <span class='ocrx_word' id='word_1_650' title='bbox 3058 3109 3204 3151; x_wconf 87' lang='lat' dir='ltr'><strong>recte</strong></span> <span class='ocrx_word' id='word_1_651' title='bbox 3230 3113 3371 3161; x_wconf 81' lang='lat' dir='ltr'><strong>esse,</strong></span> <span class='ocrx_word' id='word_1_652' title='bbox 3398 3111 3448 3154; x_wconf 81' lang='lat' dir='ltr'><strong>et</strong></span> <span class='ocrx_word' id='word_1_653' title='bbox 3476 3103 3576 3153; x_wconf 89' lang='lat' dir='ltr'><strong>hoc</strong></span> 
     </span>
    </p>
   </div>
   <div class='ocr_carea' id='block_1_77' title="bbox 2030 3184 3577 3255">
    <p class='ocr_par' dir='ltr' id='par_1_77' title="bbox 2030 3184 3577 3255">
     <span class='ocr_line' id='line_1_77' title="bbox 2030 3184 3577 3255; baseline 0 -14"><span class='ocrx_word' id='word_1_654' title='bbox 2030 3196 2113 3241; x_wconf 87' lang='lat' dir='ltr'><strong>est</strong></span> <span class='ocrx_word' id='word_1_655' title='bbox 2142 3201 2171 3240; x_wconf 90' lang='lat' dir='ltr'><strong>a</strong></span> <span class='ocrx_word' id='word_1_656' title='bbox 2199 3184 2337 3250; x_wconf 86' lang='lat' dir='ltr'><strong>Deo;</strong></span> <span class='ocrx_word' id='word_1_657' title='bbox 2369 3202 2471 3239; x_wconf 91' lang='lat' dir='ltr'><strong>non</strong></span> <span class='ocrx_word' id='word_1_658' title='bbox 2494 3199 2611 3239; x_wconf 87' lang='lat' dir='ltr'><strong>esse</strong></span> <span class='ocrx_word' id='word_1_659' title='bbox 2646 3200 2771 3238; x_wconf 82' lang='lat' dir='ltr'><strong>vero</strong></span> <span class='ocrx_word' id='word_1_660' title='bbox 2802 3196 2966 3245; x_wconf 87' lang='lat' dir='ltr'><strong>recte.</strong></span> <span class='ocrx_word' id='word_1_661' title='bbox 2997 3203 3099 3238; x_wconf 88' lang='lat' dir='ltr'><strong>non</strong></span> <span class='ocrx_word' id='word_1_662' title='bbox 3130 3187 3453 3255; x_wconf 74' lang='lat' dir='ltr'><strong>estaliquid,</strong></span> <span class='ocrx_word' id='word_1_663' title='bbox 3479 3204 3577 3241; x_wconf 82' lang='lat' dir='ltr'><strong>nec</strong></span> 
     </span>
    </p>
   </div>
   <div class='ocr_carea' id='block_1_78' title="bbox 2029 3273 3580 3343">
    <p class='ocr_par' dir='ltr' id='par_1_78' title="bbox 2029 3273 3580 3343">
     <span class='ocr_line' id='line_1_78' title="bbox 2029 3273 3580 3343; baseline -0.001 -13"><span class='ocrx_word' id='word_1_664' title='bbox 2029 3286 2113 3330; x_wconf 83' lang='lat' dir='ltr'><strong>est</strong></span> <span class='ocrx_word' id='word_1_665' title='bbox 2136 3293 2166 3329; x_wconf 86' lang='lat' dir='ltr'><strong>a</strong></span> <span class='ocrx_word' id='word_1_666' title='bbox 2196 3274 2326 3329; x_wconf 85' lang='lat' dir='ltr'><strong>Deo.</strong></span> <span class='ocrx_word' id='word_1_667' title='bbox 2353 3273 2506 3337; x_wconf 82' lang='lat' dir='ltr'><strong>Nam,</strong></span> <span class='ocrx_word' id='word_1_668' title='bbox 2536 3273 2675 3327; x_wconf 83' lang='lat' dir='ltr'><strong>sicut</strong></span> <span class='ocrx_word' id='word_1_669' title='bbox 2712 3288 2846 3326; x_wconf 89' lang='lat' dir='ltr'><strong>cutu-</strong></span> <span class='ocrx_word' id='word_1_670' title='bbox 2867 3273 3060 3342; x_wconf 86' lang='lat' dir='ltr'><strong>aliquis</strong></span> <span class='ocrx_word' id='word_1_671' title='bbox 3089 3275 3253 3327; x_wconf 92' lang='lat' dir='ltr'><strong>utitur</strong></span> <span class='ocrx_word' id='word_1_672' title='bbox 3273 3274 3462 3343; x_wconf 88' lang='lat' dir='ltr'><strong>gladio.</strong></span> <span class='ocrx_word' id='word_1_673' title='bbox 3489 3284 3580 3328; x_wconf 85' lang='lat' dir='ltr'><strong>aut</strong></span> 
     </span>
    </p>
   </div>
   <div class='ocr_carea' id='block_1_79' title="bbox 2030 3364 3578 3433">
    <p class='ocr_par' dir='ltr' id='par_1_79' title="bbox 2030 3364 3578 3433">
     <span class='ocr_line' id='line_1_79' title="bbox 2030 3364 3578 3433; baseline -0.001 -17"><span class='ocrx_word' id='word_1_674' title='bbox 2030 3365 2226 3433; x_wconf 78' lang='lat' dir='ltr'><strong>lingua,</strong></span> <span class='ocrx_word' id='word_1_675' title='bbox 2254 3372 2339 3417; x_wconf 81' lang='lat' dir='ltr'><strong>aut</strong></span> <span class='ocrx_word' id='word_1_676' title='bbox 2379 3371 2640 3432; x_wconf 85' lang='lat' dir='ltr'><strong>potestate</strong></span> <span class='ocrx_word' id='word_1_677' title='bbox 2663 3364 2929 3430; x_wconf 89' lang='lat' dir='ltr'><strong>loquendi,</strong></span> <span class='ocrx_word' id='word_1_678' title='bbox 2949 3379 3053 3416; x_wconf 88' lang='lat' dir='ltr'><strong>non</strong></span> <span class='ocrx_word' id='word_1_679' title='bbox 3080 3375 3159 3418; x_wconf 84' lang='lat' dir='ltr'><strong>est</strong></span> <span class='ocrx_word' id='word_1_680' title='bbox 3186 3365 3326 3417; x_wconf 90' lang='lat' dir='ltr'><strong>aliud</strong></span> <span class='ocrx_word' id='word_1_681' title='bbox 3355 3365 3444 3395; x_wconf 81' lang='lat'><strong>&quot;&quot;</strong></span> <span class='ocrx_word' id='word_1_682' title='bbox 3470 3364 3578 3433; x_wconf 81' lang='lat' dir='ltr'><strong>gla-</strong></span> 
     </span>
    </p>
   </div>
   <div class='ocr_carea' id='block_1_80' title="bbox 2028 3451 3579 3520">
    <p class='ocr_par' dir='ltr' id='par_1_80' title="bbox 2028 3451 3579 3520">
     <span class='ocr_line' id='line_1_80' title="bbox 2028 3451 3579 3520; baseline -0.001 -12"><span class='ocrx_word' id='word_1_683' title='bbox 2028 3454 2170 3519; x_wconf 90' lang='lat' dir='ltr'><strong>dius,</strong></span> <span class='ocrx_word' id='word_1_684' title='bbox 2202 3460 2293 3506; x_wconf 90' lang='lat' dir='ltr'><strong>aut</strong></span> <span class='ocrx_word' id='word_1_685' title='bbox 2326 3453 2525 3515; x_wconf 72' lang='lat' dir='ltr'><strong>lingua,</strong></span> <span class='ocrx_word' id='word_1_686' title='bbox 2578 3451 2689 3505; x_wconf 89' lang='lat' dir='ltr'><strong>sive</strong></span> <span class='ocrx_word' id='word_1_687' title='bbox 2722 3461 2954 3520; x_wconf 84' lang='lat' dir='ltr'><strong>potestas</strong></span> <span class='ocrx_word' id='word_1_688' title='bbox 3004 3467 3126 3506; x_wconf 90' lang='lat' dir='ltr'><strong>cum</strong></span> <span class='ocrx_word' id='word_1_689' title='bbox 3174 3464 3346 3507; x_wconf 86' lang='lat' dir='ltr'><strong>rectus</strong></span> <span class='ocrx_word' id='word_1_690' title='bbox 3374 3464 3455 3507; x_wconf 82' lang='lat' dir='ltr'><strong>est</strong></span> <span class='ocrx_word' id='word_1_691' title='bbox 3486 3470 3579 3507; x_wconf 84' lang='lat' dir='ltr'><strong>eo-</strong></span> 
     </span>
    </p>
   </div>
   <div class='ocr_carea' id='block_1_81' title="bbox 2029 3542 3574 3606">
    <p class='ocr_par' dir='ltr' id='par_1_81' title="bbox 2029 3542 3574 3606">
     <span class='ocr_line' id='line_1_81' title="bbox 2029 3542 3574 3606; baseline -0.002 -9"><span class='ocrx_word' id='word_1_692' title='bbox 2029 3560 2146 3597; x_wconf 91' lang='lat' dir='ltr'><strong>rum</strong></span> <span class='ocrx_word' id='word_1_693' title='bbox 2178 3558 2326 3606; x_wconf 88' lang='lat' dir='ltr'><strong>usns,</strong></span> <span class='ocrx_word' id='word_1_694' title='bbox 2355 3543 2517 3604; x_wconf 90' lang='lat' dir='ltr'><strong>aliud,</strong></span> <span class='ocrx_word' id='word_1_695' title='bbox 2566 3557 2685 3594; x_wconf 86' lang='lat' dir='ltr'><strong>cuin</strong></span> <span class='ocrx_word' id='word_1_696' title='bbox 2728 3556 2832 3594; x_wconf 89' lang='lat' dir='ltr'><strong>non</strong></span> <span class='ocrx_word' id='word_1_697' title='bbox 2861 3552 2945 3599; x_wconf 87' lang='lat' dir='ltr'><strong>est</strong></span> <span class='ocrx_word' id='word_1_698' title='bbox 2987 3552 3196 3603; x_wconf 82' lang='lat' dir='ltr'><strong>rectus;</strong></span> <span class='ocrx_word' id='word_1_699' title='bbox 3230 3543 3300 3594; x_wconf 88' lang='lat' dir='ltr'><strong>ita</strong></span> <span class='ocrx_word' id='word_1_700' title='bbox 3331 3542 3574 3595; x_wconf 88' lang='lat' dir='ltr'><strong>voluntas</strong></span> 
     </span>
    </p>
   </div>
   <div class='ocr_carea' id='block_1_82' title="bbox 2034 3624 3577 3702">
    <p class='ocr_par' dir='ltr' id='par_1_82' title="bbox 2034 3624 3577 3702">
     <span class='ocr_line' id='line_1_82' title="bbox 2034 3624 3577 3702; baseline -0.003 -15"><span class='ocrx_word' id='word_1_701' title='bbox 2034 3649 2138 3702; x_wconf 90' lang='lat' dir='ltr'><strong>qua</strong></span> <span class='ocrx_word' id='word_1_702' title='bbox 2171 3634 2369 3686; x_wconf 88' lang='lat' dir='ltr'><strong>utimur</strong></span> <span class='ocrx_word' id='word_1_703' title='bbox 2411 3631 2475 3683; x_wconf 92' lang='lat' dir='ltr'><strong>ad</strong></span> <span class='ocrx_word' id='word_1_704' title='bbox 2527 3624 2831 3701; x_wconf 77' lang='lat' dir='ltr'><strong>volentium,</strong></span> <span class='ocrx_word' id='word_1_705' title='bbox 2877 3630 3016 3683; x_wconf 88' lang='lat' dir='ltr'><strong>sicut</strong></span> <span class='ocrx_word' id='word_1_706' title='bbox 3054 3630 3256 3684; x_wconf 87' lang='lat' dir='ltr'><strong>ratione</strong></span> <span class='ocrx_word' id='word_1_707' title='bbox 3286 3631 3485 3682; x_wconf 90' lang='lat' dir='ltr'><strong>utimur</strong></span> <span class='ocrx_word' id='word_1_708' title='bbox 3513 3632 3577 3682; x_wconf 89' lang='lat' dir='ltr'><strong>ad</strong></span> 
     </span>
    </p>
   </div>
   <div class='ocr_carea' id='block_1_83' title="bbox 2018 3719 3580 3789">
    <p class='ocr_par' dir='ltr' id='par_1_83' title="bbox 2018 3719 3580 3789">
     <span class='ocr_line' id='line_1_83' title="bbox 2018 3719 3580 3789; baseline -0.001 -13"><span class='ocrx_word' id='word_1_709' title='bbox 2018 3722 2479 3782; x_wconf 83' lang='lat' dir='ltr'><strong>ratiocinandum,</strong></span> <span class='ocrx_word' id='word_1_710' title='bbox 2512 3735 2617 3773; x_wconf 93' lang='lat' dir='ltr'><strong>non</strong></span> <span class='ocrx_word' id='word_1_711' title='bbox 2641 3730 2723 3773; x_wconf 89' lang='lat' dir='ltr'><strong>est</strong></span> <span class='ocrx_word' id='word_1_712' title='bbox 2760 3719 2900 3771; x_wconf 89' lang='lat' dir='ltr'><strong>aliud</strong></span> <span class='ocrx_word' id='word_1_713' title='bbox 2928 3720 3143 3789; x_wconf 75' lang='lat' dir='ltr'><strong>quando</strong></span> <span class='ocrx_word' id='word_1_714' title='bbox 3170 3720 3288 3788; x_wconf 84' lang='lat' dir='ltr'><strong>quis</strong></span> <span class='ocrx_word' id='word_1_715' title='bbox 3318 3720 3403 3777; x_wconf 88' lang='lat' dir='ltr'><strong>illa</strong></span> <span class='ocrx_word' id='word_1_716' title='bbox 3433 3730 3580 3775; x_wconf 83' lang='lat' dir='ltr'><strong>recte</strong></span> 
     </span>
    </p>
   </div>
   <div class='ocr_carea' id='block_1_84' title="bbox 2032 3810 3580 3885">
    <p class='ocr_par' dir='ltr' id='par_1_84' title="bbox 2032 3810 3580 3885">
     <span class='ocr_line' id='line_1_84' title="bbox 2032 3810 3580 3885; baseline -0.003 -20"><span class='ocrx_word' id='word_1_717' title='bbox 2032 3813 2220 3874; x_wconf 91' lang='lat' dir='ltr'><strong>utitur,</strong></span> <span class='ocrx_word' id='word_1_718' title='bbox 2270 3822 2324 3865; x_wconf 90' lang='lat' dir='ltr'><strong>et</strong></span> <span class='ocrx_word' id='word_1_719' title='bbox 2348 3810 2487 3864; x_wconf 88' lang='lat' dir='ltr'><strong>aliud</strong></span> <span class='ocrx_word' id='word_1_720' title='bbox 2534 3811 2746 3877; x_wconf 89' lang='lat' dir='ltr'><strong>quando</strong></span> <span class='ocrx_word' id='word_1_721' title='bbox 2777 3824 2881 3885; x_wconf 85' lang='lat' dir='ltr'><strong>non</strong></span> <span class='ocrx_word' id='word_1_722' title='bbox 2919 3818 3096 3873; x_wconf 89' lang='lat' dir='ltr'><strong>recte;</strong></span> <span class='ocrx_word' id='word_1_723' title='bbox 3142 3824 3240 3864; x_wconf 90' lang='lat' dir='ltr'><strong>nec</strong></span> <span class='ocrx_word' id='word_1_724' title='bbox 3274 3812 3442 3878; x_wconf 81' lang='lat' dir='ltr'><strong>mang</strong></span> <span class='ocrx_word' id='word_1_725' title='bbox 3483 3824 3580 3861; x_wconf 86' lang='lat' dir='ltr'><strong>nec</strong></span> 
     </span>
    </p>
   </div>
   <div class='ocr_carea' id='block_1_85' title="bbox 2037 3900 3577 3972">
    <p class='ocr_par' dir='ltr' id='par_1_85' title="bbox 2037 3900 3577 3972">
     <span class='ocr_line' id='line_1_85' title="bbox 2037 3900 3577 3972; baseline -0.005 -17"><span class='ocrx_word' id='word_1_726' title='bbox 2037 3903 2209 3955; x_wconf 91' lang='lat' dir='ltr'><strong>minus</strong></span> <span class='ocrx_word' id='word_1_727' title='bbox 2236 3910 2317 3955; x_wconf 87' lang='lat' dir='ltr'><strong>est</strong></span> <span class='ocrx_word' id='word_1_728' title='bbox 2348 3901 2448 3954; x_wconf 88' lang='lat' dir='ltr'><strong>hoc</strong></span> <span class='ocrx_word' id='word_1_729' title='bbox 2477 3902 2616 3967; x_wconf 88' lang='lat' dir='ltr'><strong>quod</strong></span> <span class='ocrx_word' id='word_1_730' title='bbox 2643 3908 2722 3953; x_wconf 89' lang='lat' dir='ltr'><strong>est</strong></span> <span class='ocrx_word' id='word_1_731' title='bbox 2747 3900 3124 3972; x_wconf 73' lang='lat' dir='ltr'><strong>essentialiter,</strong></span> <span class='ocrx_word' id='word_1_732' title='bbox 3145 3915 3264 3953; x_wconf 88' lang='lat' dir='ltr'><strong>cum</strong></span> <span class='ocrx_word' id='word_1_733' title='bbox 3293 3911 3376 3953; x_wconf 89' lang='lat' dir='ltr'><strong>est</strong></span> <span class='ocrx_word' id='word_1_734' title='bbox 3409 3900 3577 3967; x_wconf 71' lang='lat' dir='ltr'><strong>justa,</strong></span> 
     </span>
    </p>
   </div>
   <div class='ocr_carea' id='block_1_86' title="bbox 2036 3990 3581 4059">
    <p class='ocr_par' dir='ltr' id='par_1_86' title="bbox 2036 3990 3581 4059">
     <span class='ocr_line' id='line_1_86' title="bbox 2036 3990 3581 4059; baseline 0 -17"><span class='ocrx_word' id='word_1_735' title='bbox 2036 4006 2193 4059; x_wconf 89' lang='lat' dir='ltr'><strong>quam</strong></span> <span class='ocrx_word' id='word_1_736' title='bbox 2237 4005 2358 4043; x_wconf 87' lang='lat' dir='ltr'><strong>cum</strong></span> <span class='ocrx_word' id='word_1_737' title='bbox 2394 3990 2584 4057; x_wconf 87' lang='lat' dir='ltr'><strong>injusta</strong></span> <span class='ocrx_word' id='word_1_738' title='bbox 2611 3998 2692 4041; x_wconf 87' lang='lat' dir='ltr'><strong>est</strong></span> <span class='ocrx_word' id='word_1_739' title='bbox 2738 3990 3003 4050; x_wconf 83' lang='lat' dir='ltr'><strong>voluntas,</strong></span> <span class='ocrx_word' id='word_1_740' title='bbox 3060 4004 3154 4056; x_wconf 90' lang='lat' dir='ltr'><strong>per</strong></span> <span class='ocrx_word' id='word_1_741' title='bbox 3186 4005 3344 4056; x_wconf 90' lang='lat' dir='ltr'><strong>quam</strong></span> <span class='ocrx_word' id='word_1_742' title='bbox 3388 3990 3581 4042; x_wconf 87' lang='lat' dir='ltr'><strong>dicitur</strong></span> 
     </span>
    </p>
   </div>
   <div class='ocr_carea' id='block_1_87' title="bbox 2031 4074 3575 4146">
    <p class='ocr_par' dir='ltr' id='par_1_87' title="bbox 2031 4074 3575 4146">
     <span class='ocr_line' id='line_1_87' title="bbox 2031 4074 3575 4146; baseline -0.001 -13"><span class='ocrx_word' id='word_1_743' title='bbox 2031 4092 2119 4133; x_wconf 89' lang='lat' dir='ltr'><strong>aut</strong></span> <span class='ocrx_word' id='word_1_744' title='bbox 2149 4079 2443 4132; x_wconf 87' lang='lat' dir='ltr'><strong>substantia</strong></span> <span class='ocrx_word' id='word_1_745' title='bbox 2472 4088 2567 4131; x_wconf 91' lang='lat' dir='ltr'><strong>aut</strong></span> <span class='ocrx_word' id='word_1_746' title='bbox 2587 4078 2725 4129; x_wconf 74' lang='lat' dir='ltr'><strong>actio</strong></span> <span class='ocrx_word' id='word_1_747' title='bbox 2740 4074 2883 4143; x_wconf 81' lang='lat' dir='ltr'><strong>justa</strong></span> <span class='ocrx_word' id='word_1_748' title='bbox 2911 4077 2992 4130; x_wconf 87' lang='lat' dir='ltr'><strong>vel</strong></span> <span class='ocrx_word' id='word_1_749' title='bbox 3021 4078 3234 4145; x_wconf 85' lang='lat' dir='ltr'><strong>injusta.</strong></span> <span class='ocrx_word' id='word_1_750' title='bbox 3260 4077 3369 4139; x_wconf 90' lang='lat' dir='ltr'><strong>Sic,</strong></span> <span class='ocrx_word' id='word_1_751' title='bbox 3393 4077 3575 4146; x_wconf 81' lang='lat' dir='ltr'><strong>itaque</strong></span> 
     </span>
    </p>
   </div>
   <div class='ocr_carea' id='block_1_88' title="bbox 2032 4166 3580 4234">
    <p class='ocr_par' dir='ltr' id='par_1_88' title="bbox 2032 4166 3580 4234">
     <span class='ocr_line' id='line_1_88' title="bbox 2032 4166 3580 4234; baseline -0.001 -14"><span class='ocrx_word' id='word_1_752' title='bbox 2032 4168 2160 4222; x_wconf 80' lang='lat' dir='ltr'><strong>facit</strong></span> <span class='ocrx_word' id='word_1_753' title='bbox 2203 4170 2340 4221; x_wconf 92' lang='lat' dir='ltr'><strong>Deus</strong></span> <span class='ocrx_word' id='word_1_754' title='bbox 2375 4168 2426 4219; x_wconf 91' lang='lat' dir='ltr'><strong>in</strong></span> <span class='ocrx_word' id='word_1_755' title='bbox 2469 4166 2717 4220; x_wconf 88' lang='lat' dir='ltr'><strong>omnibus</strong></span> <span class='ocrx_word' id='word_1_756' title='bbox 2746 4166 3103 4218; x_wconf 74' lang='lat' dir='ltr'><strong>voluntatibus</strong></span> <span class='ocrx_word' id='word_1_757' title='bbox 3128 4176 3180 4218; x_wconf 91' lang='lat' dir='ltr'><strong>et</strong></span> <span class='ocrx_word' id='word_1_758' title='bbox 3218 4167 3467 4234; x_wconf 83' lang='lat' dir='ltr'><strong>operibus</strong></span> <span class='ocrx_word' id='word_1_759' title='bbox 3494 4168 3580 4218; x_wconf 87' lang='lat' dir='ltr'><strong>bu-</strong></span> 
     </span>
    </p>
   </div>
   <div class='ocr_carea' id='block_1_89' title="bbox 2037 4252 3609 4325">
    <p class='ocr_par' dir='ltr' id='par_1_89' title="bbox 2037 4252 3609 4325">
     <span class='ocr_line' id='line_1_89' title="bbox 2037 4252 3609 4325; baseline -0.004 -16"><span class='ocrx_word' id='word_1_760' title='bbox 2037 4257 2143 4320; x_wconf 90' lang='lat' dir='ltr'><strong>nis,</strong></span> <span class='ocrx_word' id='word_1_761' title='bbox 2173 4265 2227 4308; x_wconf 89' lang='lat' dir='ltr'><strong>et</strong></span> <span class='ocrx_word' id='word_1_762' title='bbox 2252 4255 2390 4324; x_wconf 90' lang='lat' dir='ltr'><strong>quod</strong></span> <span class='ocrx_word' id='word_1_763' title='bbox 2415 4252 2771 4307; x_wconf 88' lang='lat' dir='ltr'><strong>essentialiter</strong></span> <span class='ocrx_word' id='word_1_764' title='bbox 2815 4263 2960 4317; x_wconf 88' lang='lat' dir='ltr'><strong>sunt,</strong></span> <span class='ocrx_word' id='word_1_765' title='bbox 2990 4263 3042 4307; x_wconf 90' lang='lat' dir='ltr'><strong>et</strong></span> <span class='ocrx_word' id='word_1_766' title='bbox 3076 4254 3215 4321; x_wconf 88' lang='lat' dir='ltr'><strong>quod</strong></span> <span class='ocrx_word' id='word_1_767' title='bbox 3245 4254 3379 4307; x_wconf 88' lang='lat' dir='ltr'><strong>bona</strong></span> <span class='ocrx_word' id='word_1_768' title='bbox 3423 4264 3609 4325; x_wconf 40' lang='lat' dir='ltr'><strong>sunt;</strong></span> 
     </span>
    </p>
   </div>
   <div class='ocr_carea' id='block_1_90' title="bbox 389 4328 3579 4412">
    <p class='ocr_par' dir='ltr' id='par_1_90' title="bbox 389 4328 3579 4412">
     <span class='ocr_line' id='line_1_90' title="bbox 389 4328 3579 4412; baseline 0 -19"><span class='ocrx_word' id='word_1_769' title='bbox 389 4342 649 4412; x_wconf 85' lang='lat' dir='ltr'><strong>qualitas,</strong></span> <span class='ocrx_word' id='word_1_770' title='bbox 675 4351 727 4397; x_wconf 88' lang='lat' dir='ltr'><strong>et</strong></span> <span class='ocrx_word' id='word_1_771' title='bbox 762 4340 935 4395; x_wconf 88' lang='lat' dir='ltr'><strong>omnis</strong></span> <span class='ocrx_word' id='word_1_772' title='bbox 955 4340 1127 4403; x_wconf 89' lang='lat' dir='ltr'><strong>actio,</strong></span> <span class='ocrx_word' id='word_1_773' title='bbox 1156 4347 1211 4394; x_wconf 89' lang='lat' dir='ltr'><strong>et</strong></span> <span class='ocrx_word' id='word_1_774' title='bbox 1231 4340 1485 4408; x_wconf 89' lang='lat' dir='ltr'><strong>quidquid</strong></span> <span class='ocrx_word' id='word_1_775' title='bbox 1512 4339 1741 4409; x_wconf 88' lang='lat' dir='ltr'><strong>aliquam</strong></span> <span class='ocrx_word' id='word_1_776' title='bbox 1773 4343 1929 4396; x_wconf 88' lang='lat' dir='ltr'><strong>habet</strong></span> <span class='ocrx_word' id='word_1_777' title='bbox 1966 4328 2010 4383; x_wconf 81' lang='grc' dir='ltr'><strong>Ῑ)</strong></span> <span class='ocrx_word' id='word_1_778' title='bbox 2038 4343 2087 4398; x_wconf 91' lang='lat' dir='ltr'><strong>in</strong></span> <span class='ocrx_word' id='word_1_779' title='bbox 2124 4343 2277 4397; x_wconf 88' lang='lat' dir='ltr'><strong>malis</strong></span> <span class='ocrx_word' id='word_1_780' title='bbox 2313 4358 2439 4395; x_wconf 88' lang='lat' dir='ltr'><strong>vero</strong></span> <span class='ocrx_word' id='word_1_781' title='bbox 2462 4358 2564 4396; x_wconf 92' lang='lat' dir='ltr'><strong>non</strong></span> <span class='ocrx_word' id='word_1_782' title='bbox 2594 4342 2733 4411; x_wconf 89' lang='lat' dir='ltr'><strong>quod</strong></span> <span class='ocrx_word' id='word_1_783' title='bbox 2764 4341 2899 4396; x_wconf 90' lang='lat' dir='ltr'><strong>mala</strong></span> <span class='ocrx_word' id='word_1_784' title='bbox 2928 4351 3071 4405; x_wconf 85' lang='lat' dir='ltr'><strong>sunt,</strong></span> <span class='ocrx_word' id='word_1_785' title='bbox 3093 4342 3185 4395; x_wconf 87' lang='lat' dir='ltr'><strong>sed</strong></span> <span class='ocrx_word' id='word_1_786' title='bbox 3217 4351 3419 4395; x_wconf 89' lang='lat' dir='ltr'><strong>tantum</strong></span> <span class='ocrx_word' id='word_1_787' title='bbox 3441 4344 3579 4412; x_wconf 87' lang='lat' dir='ltr'><strong>quod</strong></span> 
     </span>
    </p>
   </div>
   <div class='ocr_carea' id='block_1_91' title="bbox 389 4430 1935 4499">
    <p class='ocr_par' dir='ltr' id='par_1_91' title="bbox 389 4430 1935 4499">
     <span class='ocr_line' id='line_1_91' title="bbox 389 4430 1935 4499; baseline 0 -12"><span class='ocrx_word' id='word_1_788' title='bbox 389 4433 678 4487; x_wconf 75' lang='lat' dir='ltr'><strong>essentiam</strong></span> <span class='ocrx_word' id='word_1_789' title='bbox 709 4470 724 4495; x_wconf 93' lang='lat'><strong>,</strong></span> <span class='ocrx_word' id='word_1_790' title='bbox 766 4447 793 4484; x_wconf 89' lang='lat' dir='ltr'><strong>a</strong></span> <span class='ocrx_word' id='word_1_791' title='bbox 824 4430 930 4484; x_wconf 92' lang='lat' dir='ltr'><strong>Deo</strong></span> <span class='ocrx_word' id='word_1_792' title='bbox 951 4437 1066 4493; x_wconf 88' lang='lat' dir='ltr'><strong>est,</strong></span> <span class='ocrx_word' id='word_1_793' title='bbox 1116 4445 1145 4482; x_wconf 91' lang='lat' dir='ltr'><strong>a</strong></span> <span class='ocrx_word' id='word_1_794' title='bbox 1168 4444 1271 4497; x_wconf 89' lang='lat' dir='ltr'><strong>quo</strong></span> <span class='ocrx_word' id='word_1_795' title='bbox 1296 4438 1379 4483; x_wconf 91' lang='lat' dir='ltr'><strong>est</strong></span> <span class='ocrx_word' id='word_1_796' title='bbox 1404 4430 1576 4483; x_wconf 85' lang='lat' dir='ltr'><strong>omnis</strong></span> <span class='ocrx_word' id='word_1_797' title='bbox 1618 4430 1826 4499; x_wconf 86' lang='lat' dir='ltr'><strong>justitia</strong></span> <span class='ocrx_word' id='word_1_798' title='bbox 1879 4441 1935 4487; x_wconf 92' lang='lat' dir='ltr'><strong>et</strong></span> 
     </span>
    </p>
   </div>
   <div class='ocr_carea' id='block_1_92' title="bbox 393 4517 1932 4588">
    <p class='ocr_par' dir='ltr' id='par_1_92' title="bbox 393 4517 1932 4588">
     <span class='ocr_line' id='line_1_92' title="bbox 393 4517 1932 4588; baseline 0 -15"><span class='ocrx_word' id='word_1_799' title='bbox 393 4520 537 4574; x_wconf 87' lang='lat' dir='ltr'><strong>nulla</strong></span> <span class='ocrx_word' id='word_1_800' title='bbox 567 4520 821 4588; x_wconf 89' lang='lat' dir='ltr'><strong>injustitia</strong></span> <span class='ocrx_word' id='word_1_801' title='bbox 850 4536 863 4571; x_wconf 88' lang='lat'><strong>:</strong></span> <span class='ocrx_word' id='word_1_802' title='bbox 893 4518 1017 4570; x_wconf 88' lang='lat' dir='ltr'><strong>facit</strong></span> <span class='ocrx_word' id='word_1_803' title='bbox 1039 4518 1199 4586; x_wconf 80' lang='lat' dir='ltr'><strong>igitur</strong></span> <span class='ocrx_word' id='word_1_804' title='bbox 1231 4517 1371 4569; x_wconf 88' lang='lat' dir='ltr'><strong>Deus</strong></span> <span class='ocrx_word' id='word_1_805' title='bbox 1408 4518 1587 4569; x_wconf 85' lang='lat' dir='ltr'><strong>omnia</strong></span> <span class='ocrx_word' id='word_1_806' title='bbox 1634 4533 1750 4586; x_wconf 71' lang='lat' dir='ltr'><strong>qua:</strong></span> <span class='ocrx_word' id='word_1_807' title='bbox 1788 4518 1932 4585; x_wconf 88' lang='lat' dir='ltr'><strong>justa</strong></span> 
     </span>
    </p>
   </div>
   <div class='ocr_carea' id='block_1_93' title="bbox 392 4604 1929 4676">
    <p class='ocr_par' dir='ltr' id='par_1_93' title="bbox 392 4604 1929 4676">
     <span class='ocr_line' id='line_1_93' title="bbox 392 4604 1929 4676; baseline 0 -17"><span class='ocrx_word' id='word_1_808' title='bbox 392 4609 477 4661; x_wconf 90' lang='lat' dir='ltr'><strong>vel</strong></span> <span class='ocrx_word' id='word_1_809' title='bbox 495 4606 684 4676; x_wconf 87' lang='lat' dir='ltr'><strong>injusta</strong></span> <span class='ocrx_word' id='word_1_810' title='bbox 703 4608 973 4659; x_wconf 85' lang='lat' dir='ltr'><strong>voluntate</strong></span> <span class='ocrx_word' id='word_1_811' title='bbox 1001 4605 1159 4668; x_wconf 83' lang='lat' dir='ltr'><strong>limit,</strong></span> <span class='ocrx_word' id='word_1_812' title='bbox 1186 4604 1234 4655; x_wconf 93' lang='lat' dir='ltr'><strong>id</strong></span> <span class='ocrx_word' id='word_1_813' title='bbox 1257 4612 1339 4656; x_wconf 89' lang='grc' dir='ltr'><strong>εει</strong></span> <span class='ocrx_word' id='word_1_814' title='bbox 1365 4604 1498 4656; x_wconf 86' lang='lat' dir='ltr'><strong>bona</strong></span> <span class='ocrx_word' id='word_1_815' title='bbox 1520 4618 1680 4672; x_wconf 89' lang='lat' dir='ltr'><strong>opera</strong></span> <span class='ocrx_word' id='word_1_816' title='bbox 1705 4617 1755 4659; x_wconf 92' lang='lat' dir='ltr'><strong>et</strong></span> <span class='ocrx_word' id='word_1_817' title='bbox 1774 4607 1929 4659; x_wconf 88' lang='lat' dir='ltr'><strong>mala.</strong></span> 
     </span>
    </p>
   </div>
   <div class='ocr_carea' id='block_1_94' title="bbox 394 4692 1932 4765">
    <p class='ocr_par' dir='ltr' id='par_1_94' title="bbox 394 4692 1932 4765">
     <span class='ocr_line' id='line_1_94' title="bbox 394 4692 1932 4765; baseline -0.003 -13"><span class='ocrx_word' id='word_1_818' title='bbox 394 4697 449 4752; x_wconf 91' lang='lat' dir='ltr'><strong>In</strong></span> <span class='ocrx_word' id='word_1_819' title='bbox 477 4697 624 4751; x_wconf 89' lang='lat' dir='ltr'><strong>bonis</strong></span> <span class='ocrx_word' id='word_1_820' title='bbox 640 4695 858 4765; x_wconf 82' lang='lat' dir='ltr'><strong>quidem</strong></span> <span class='ocrx_word' id='word_1_821' title='bbox 889 4693 1015 4747; x_wconf 87' lang='lat' dir='ltr'><strong>facit</strong></span> <span class='ocrx_word' id='word_1_822' title='bbox 1037 4692 1175 4762; x_wconf 88' lang='lat' dir='ltr'><strong>quod</strong></span> <span class='ocrx_word' id='word_1_823' title='bbox 1202 4701 1355 4759; x_wconf 87' lang='lat' dir='ltr'><strong>sunt,</strong></span> <span class='ocrx_word' id='word_1_824' title='bbox 1379 4700 1435 4747; x_wconf 90' lang='lat' dir='ltr'><strong>et</strong></span> <span class='ocrx_word' id='word_1_825' title='bbox 1456 4695 1599 4763; x_wconf 80' lang='lat' dir='ltr'><strong>quod</strong></span> <span class='ocrx_word' id='word_1_826' title='bbox 1621 4694 1758 4749; x_wconf 86' lang='lat' dir='ltr'><strong>bona</strong></span> <span class='ocrx_word' id='word_1_827' title='bbox 1792 4706 1932 4761; x_wconf 87' lang='lat' dir='ltr'><strong>sunt;</strong></span> 
     </span>
    </p>
   </div>
   <div class='ocr_carea' id='block_1_95' title="bbox 2039 4424 3643 4503">
    <p class='ocr_par' dir='ltr' id='par_1_95' title="bbox 2039 4424 3643 4503">
     <span class='ocr_line' id='line_1_95' title="bbox 2039 4424 3643 4503; baseline -0.002 -18"><span class='ocrx_word' id='word_1_828' title='bbox 2039 4449 2135 4503; x_wconf 89' lang='lat' dir='ltr'><strong>per</strong></span> <span class='ocrx_word' id='word_1_829' title='bbox 2177 4432 2465 4486; x_wconf 87' lang='lat' dir='ltr'><strong>essentiam</strong></span> <span class='ocrx_word' id='word_1_830' title='bbox 2494 4439 2635 4485; x_wconf 86' lang='lat' dir='ltr'><strong>sunt.</strong></span> <span class='ocrx_word' id='word_1_831' title='bbox 2666 4426 3118 4495; x_wconf 84' lang='lat' dir='ltr'><strong>Quemadmodum</strong></span> <span class='ocrx_word' id='word_1_832' title='bbox 3157 4431 3297 4501; x_wconf 77' lang='lat' dir='ltr'><strong>enim</strong></span> <span class='ocrx_word' id='word_1_833' title='bbox 3352 4446 3453 4483; x_wconf 90' lang='lat' dir='ltr'><strong>nou</strong></span> <span class='ocrx_word' id='word_1_834' title='bbox 3500 4442 3582 4483; x_wconf 82' lang='lat' dir='ltr'><strong>est</strong></span> <span class='ocrx_word' id='word_1_835' title='bbox 3640 4424 3643 4429; x_wconf 66' lang='grc'><em>’</em></span> 
     </span>
    </p>
   </div>
   <div class='ocr_carea' id='block_1_96' title="bbox 2045 4517 3629 4579">
    <p class='ocr_par' dir='ltr' id='par_1_96' title="bbox 2045 4517 3629 4579">
     <span class='ocr_line' id='line_1_96' title="bbox 2045 4517 3629 4579; baseline -0.003 -6"><span class='ocrx_word' id='word_1_836' title='bbox 2045 4519 2279 4573; x_wconf 85' lang='lat' dir='ltr'><strong>essentia</strong></span> <span class='ocrx_word' id='word_1_837' title='bbox 2306 4518 2398 4548; x_wconf 76' lang='grc'><strong>³⁸⁷⁸</strong></span> <span class='ocrx_word' id='word_1_838' title='bbox 2431 4532 2628 4578; x_wconf 89' lang='lat' dir='ltr'><strong>rerum,</strong></span> <span class='ocrx_word' id='word_1_839' title='bbox 2661 4517 2757 4570; x_wconf 88' lang='lat' dir='ltr'><strong>nisi</strong></span> <span class='ocrx_word' id='word_1_840' title='bbox 2791 4533 2819 4569; x_wconf 91' lang='lat' dir='ltr'><strong>a</strong></span> <span class='ocrx_word' id='word_1_841' title='bbox 2856 4518 2999 4579; x_wconf 89' lang='lat' dir='ltr'><strong>Deo;</strong></span> <span class='ocrx_word' id='word_1_842' title='bbox 3040 4518 3108 4569; x_wconf 90' lang='lat' dir='ltr'><strong>ita</strong></span> <span class='ocrx_word' id='word_1_843' title='bbox 3160 4533 3262 4569; x_wconf 90' lang='lat' dir='ltr'><strong>non</strong></span> <span class='ocrx_word' id='word_1_844' title='bbox 3310 4525 3388 4569; x_wconf 86' lang='lat' dir='ltr'><strong>est</strong></span> <span class='ocrx_word' id='word_1_845' title='bbox 3437 4528 3629 4569; x_wconf 69' lang='lat' dir='ltr'><strong>recta\</strong></span> 
     </span>
    </p>
   </div>
   <div class='ocr_carea' id='block_1_97' title="bbox 2038 4606 3577 4676">
    <p class='ocr_par' dir='ltr' id='par_1_97' title="bbox 2038 4606 3577 4676">
     <span class='ocr_line' id='line_1_97' title="bbox 2038 4606 3577 4676; baseline -0.003 -12"><span class='ocrx_word' id='word_1_846' title='bbox 2038 4612 2156 4673; x_wconf 76' lang='grc'>⁸⁸⁷³,</span> <span class='ocrx_word' id='word_1_847' title='bbox 2200 4610 2302 4663; x_wconf 87' lang='lat' dir='ltr'><strong>ttisi</strong></span> <span class='ocrx_word' id='word_1_848' title='bbox 2347 4611 2412 4662; x_wconf 90' lang='lat' dir='ltr'><strong>ab</strong></span> <span class='ocrx_word' id='word_1_849' title='bbox 2442 4611 2571 4676; x_wconf 87' lang='lat' dir='ltr'><strong>ipso.</strong></span> <span class='ocrx_word' id='word_1_850' title='bbox 2610 4606 2775 4674; x_wconf 88' lang='lat' dir='ltr'><strong>Hujus</strong></span> <span class='ocrx_word' id='word_1_851' title='bbox 2824 4622 2947 4660; x_wconf 84' lang='lat' dir='ltr'><strong>vero</strong></span> <span class='ocrx_word' id='word_1_852' title='bbox 2997 4608 3347 4670; x_wconf 84' lang='lat' dir='ltr'><strong>rectitudinis,</strong></span> <span class='ocrx_word' id='word_1_853' title='bbox 3381 4608 3444 4659; x_wconf 89' lang='lat' dir='ltr'><strong>de</strong></span> <span class='ocrx_word' id='word_1_854' title='bbox 3474 4623 3577 4674; x_wconf 86' lang='lat' dir='ltr'><strong>qua</strong></span> 
     </span>
    </p>
   </div>
   <div class='ocr_carea' id='block_1_98' title="bbox 2045 4696 3579 4767">
    <p class='ocr_par' dir='ltr' id='par_1_98' title="bbox 2045 4696 3579 4767">
     <span class='ocr_line' id='line_1_98' title="bbox 2045 4696 3579 4767; baseline -0.003 -13"><span class='ocrx_word' id='word_1_855' title='bbox 2045 4703 2256 4767; x_wconf 89' lang='lat' dir='ltr'><strong>loquor,</strong></span> <span class='ocrx_word' id='word_1_856' title='bbox 2285 4698 2545 4760; x_wconf 82' lang='lat' dir='ltr'><strong>absentia,</strong></span> <span class='ocrx_word' id='word_1_857' title='bbox 2571 4713 2686 4766; x_wconf 80' lang='lat' dir='ltr'><strong>qmc</strong></span> <span class='ocrx_word' id='word_1_858' title='bbox 2714 4706 2794 4749; x_wconf 89' lang='lat' dir='ltr'><strong>est</strong></span> <span class='ocrx_word' id='word_1_859' title='bbox 2841 4696 3120 4764; x_wconf 77' lang='lat' dir='ltr'><strong>injustitia,</strong></span> <span class='ocrx_word' id='word_1_860' title='bbox 3154 4713 3257 4749; x_wconf 92' lang='lat' dir='ltr'><strong>non</strong></span> <span class='ocrx_word' id='word_1_861' title='bbox 3286 4706 3367 4750; x_wconf 89' lang='lat' dir='ltr'><strong>est</strong></span> <span class='ocrx_word' id='word_1_862' title='bbox 3397 4698 3495 4749; x_wconf 86' lang='lat' dir='ltr'><strong>nisi</strong></span> <span class='ocrx_word' id='word_1_863' title='bbox 3527 4698 3579 4749; x_wconf 86' lang='lat' dir='ltr'><strong>in</strong></span> 
     </span>
    </p>
   </div>
   <div class='ocr_carea' id='block_1_99' title="bbox 1652 4828 2311 4887">
    <p class='ocr_par' dir='ltr' id='par_1_99' title="bbox 1652 4828 2311 4887">
     <span class='ocr_line' id='line_1_99' title="bbox 1652 4828 2311 4887; baseline -0.003 -4"><span class='ocrx_word' id='word_1_864' title='bbox 1652 4828 1883 4885; x_wconf 69' lang='lat' dir='ltr'><strong>VABhE</strong></span> <span class='ocrx_word' id='word_1_865' title='bbox 1920 4830 2311 4887; x_wconf 72' lang='lat' dir='ltr'><strong>LECTIONES.</strong></span> 
     </span>
    </p>
   </div>
   <div class='ocr_carea' id='block_1_100' title="bbox 468 4938 3581 5010">
    <p class='ocr_par' dir='ltr' id='par_1_100' title="bbox 468 4938 3581 5010">
     <span class='ocr_line' id='line_1_100' title="bbox 468 4938 3581 5010; baseline 0.002 -18"><span class='ocrx_word' id='word_1_866' title='bbox 468 4944 557 4973; x_wconf 65' lang='lat' dir='ltr'><strong>&quot;m</strong></span> <span class='ocrx_word' id='word_1_867' title='bbox 587 4940 806 5010; x_wconf 84' lang='lat' dir='ltr'><strong>Semper</strong></span> <span class='ocrx_word' id='word_1_868' title='bbox 831 4940 973 4993; x_wconf 88' lang='lat' dir='ltr'><strong>enim</strong></span> <span class='ocrx_word' id='word_1_869' title='bbox 1019 4946 1260 5010; x_wconf 84' lang='lat' dir='ltr'><strong>potestas</strong></span> <span class='ocrx_word' id='word_1_870' title='bbox 1313 4954 1468 5010; x_wconf 39' lang='lat' dir='ltr'><strong>mss,</strong></span> <span class='ocrx_word' id='word_1_871' title='bbox 1503 4938 1637 4992; x_wconf 74' lang='lat' dir='ltr'><strong>Vici.</strong></span> <span class='ocrx_word' id='word_1_872' title='bbox 1696 4956 1907 5008; x_wconf 71' lang='lat' dir='ltr'><strong>semper</strong></span> <span class='ocrx_word' id='word_1_873' title='bbox 1936 4945 2076 4997; x_wconf 82' lang='lat' dir='ltr'><strong>enim</strong></span> <span class='ocrx_word' id='word_1_874' title='bbox 2123 4944 2231 4997; x_wconf 80' lang='lat' dir='ltr'><strong>lucc</strong></span> <span class='ocrx_word' id='word_1_875' title='bbox 2277 4950 2510 5008; x_wconf 84' lang='lat' dir='ltr'><strong>potestas</strong></span> <span class='ocrx_word' id='word_1_876' title='bbox 2579 4940 2669 4971; x_wconf 76' lang='grc'><strong>³⁸⁸⁷</strong></span> <span class='ocrx_word' id='word_1_877' title='bbox 2695 4943 2798 4996; x_wconf 79' lang='lat' dir='ltr'><strong>Ant</strong></span> <span class='ocrx_word' id='word_1_878' title='bbox 2824 4959 2907 4997; x_wconf 89' lang='lat' dir='ltr'><strong>res</strong></span> <span class='ocrx_word' id='word_1_879' title='bbox 2951 4944 3287 4999; x_wconf 62' lang='lat' dir='ltr'><strong>habeatessc</strong></span> <span class='ocrx_word' id='word_1_880' title='bbox 3335 4963 3453 4999; x_wconf 77' lang='lat' dir='ltr'><strong>mu.</strong></span> <span class='ocrx_word' id='word_1_881' title='bbox 3493 4956 3581 4998; x_wconf 90' lang='lat' dir='ltr'><strong>aut</strong></span> 
     </span>
    </p>
   </div>
   <div class='ocr_carea' id='block_1_101' title="bbox 398 5008 3583 5078">
    <p class='ocr_par' dir='ltr' id='par_1_101' title="bbox 398 5008 3583 5078">
     <span class='ocr_line' id='line_1_101' title="bbox 398 5008 3583 5078; baseline 0.001 -15"><span class='ocrx_word' id='word_1_882' title='bbox 398 5026 489 5064; x_wconf 88' lang='lat' dir='ltr'><strong>res</strong></span> <span class='ocrx_word' id='word_1_883' title='bbox 516 5008 744 5063; x_wconf 82' lang='lat' dir='ltr'><strong>habeant</strong></span> <span class='ocrx_word' id='word_1_884' title='bbox 776 5024 893 5063; x_wconf 89' lang='lat' dir='ltr'><strong>esse</strong></span> <span class='ocrx_word' id='word_1_885' title='bbox 966 5008 1056 5039; x_wconf 70' lang='grc'><strong>³⁸⁸⁸</strong></span> <span class='ocrx_word' id='word_1_886' title='bbox 1080 5009 1143 5078; x_wconf 71' lang='lat' dir='ltr'><strong>Et</strong></span> <span class='ocrx_word' id='word_1_887' title='bbox 1170 5008 1625 5078; x_wconf 29' lang='lat' dir='ltr'><strong>actormmalorum</strong></span> <span class='ocrx_word' id='word_1_888' title='bbox 1674 5024 1895 5075; x_wconf 89' lang='lat' dir='ltr'><strong>operum</strong></span> <span class='ocrx_word' id='word_1_889' title='bbox 1942 5023 2022 5064; x_wconf 89' lang='lat' dir='ltr'><strong>est</strong></span> <span class='ocrx_word' id='word_1_890' title='bbox 2065 5030 2187 5065; x_wconf 80' lang='lat' dir='ltr'><strong>mss.</strong></span> <span class='ocrx_word' id='word_1_891' title='bbox 2228 5021 2282 5063; x_wconf 90' lang='lat' dir='ltr'><strong>et</strong></span> <span class='ocrx_word' id='word_1_892' title='bbox 2310 5020 2494 5063; x_wconf 90' lang='lat' dir='ltr'><strong>auctor</strong></span> <span class='ocrx_word' id='word_1_893' title='bbox 2520 5019 2603 5061; x_wconf 88' lang='lat' dir='ltr'><strong>est</strong></span> <span class='ocrx_word' id='word_1_894' title='bbox 2639 5011 2897 5064; x_wconf 87' lang='lat' dir='ltr'><strong>malorum</strong></span> <span class='ocrx_word' id='word_1_895' title='bbox 2949 5028 3167 5078; x_wconf 84' lang='lat' dir='ltr'><strong>operum</strong></span> <span class='ocrx_word' id='word_1_896' title='bbox 3242 5014 3331 5044; x_wconf 77' lang='grc'><strong>³⁶⁶⁹</strong></span> <span class='ocrx_word' id='word_1_897' title='bbox 3360 5015 3426 5067; x_wconf 75' lang='lat' dir='ltr'><strong>Et</strong></span> <span class='ocrx_word' id='word_1_898' title='bbox 3465 5016 3583 5067; x_wconf 80' lang='lat' dir='ltr'><strong>ideo</strong></span> 
     </span>
    </p>
   </div>
   <div class='ocr_carea' id='block_1_102' title="bbox 391 5075 3577 5149">
    <p class='ocr_par' dir='ltr' id='par_1_102' title="bbox 391 5075 3577 5149">
     <span class='ocr_line' id='line_1_102' title="bbox 391 5075 3577 5149; baseline 0.001 -20"><span class='ocrx_word' id='word_1_899' title='bbox 391 5079 537 5149; x_wconf 85' lang='lat' dir='ltr'><strong>juste</strong></span> <span class='ocrx_word' id='word_1_900' title='bbox 561 5093 680 5129; x_wconf 75' lang='lat' dir='ltr'><strong>mss.</strong></span> <span class='ocrx_word' id='word_1_901' title='bbox 712 5086 775 5129; x_wconf 93' lang='lat' dir='ltr'><strong>et</strong></span> <span class='ocrx_word' id='word_1_902' title='bbox 802 5078 921 5149; x_wconf 86' lang='lat' dir='ltr'><strong>ideo</strong></span> <span class='ocrx_word' id='word_1_903' title='bbox 950 5076 1246 5149; x_wconf 83' lang='lat' dir='ltr'><strong>non_jtt_ste_</strong></span> <span class='ocrx_word' id='word_1_904' title='bbox 1281 5076 1376 5149; x_wconf 68' lang='lat'><strong>_‘°&quot;°</strong></span> <span class='ocrx_word' id='word_1_905' title='bbox 1403 5075 1843 5149; x_wconf 75' lang='lat' dir='ltr'><strong>Qutninoearere</strong></span> <span class='ocrx_word' id='word_1_906' title='bbox 1880 5095 2002 5149; x_wconf 64' lang='lat' dir='ltr'><strong>mas.</strong></span> <span class='ocrx_word' id='word_1_907' title='bbox 2036 5080 2178 5135; x_wconf 90' lang='lat' dir='ltr'><strong>omni</strong></span> <span class='ocrx_word' id='word_1_908' title='bbox 2207 5093 2392 5149; x_wconf 71' lang='lat' dir='ltr'><strong>carere</strong></span> <span class='ocrx_word' id='word_1_909' title='bbox 2465 5077 2554 5107; x_wconf 82' lang='grc'><strong>³⁶⁷¹</strong></span> <span class='ocrx_word' id='word_1_910' title='bbox 2581 5079 2866 5149; x_wconf 21' lang='grc' dir='ltr'>ᾼᾼριὶεεὶιιιε</span> <span class='ocrx_word' id='word_1_911' title='bbox 2916 5075 3204 5135; x_wconf 83' lang='lat' dir='ltr'><strong>monstravi</strong></span> <span class='ocrx_word' id='word_1_912' title='bbox 3261 5098 3381 5135; x_wconf 81' lang='lat' dir='ltr'><strong>mss.</strong></span> <span class='ocrx_word' id='word_1_913' title='bbox 3420 5098 3577 5149; x_wconf 87' lang='lat' dir='ltr'><strong>aper-</strong></span> 
     </span>
    </p>
   </div>
   <div class='ocr_carea' id='block_1_103' title="bbox 403 5143 3578 5215">
    <p class='ocr_par' dir='ltr' id='par_1_103' title="bbox 403 5143 3578 5215">
     <span class='ocr_line' id='line_1_103' title="bbox 403 5143 3578 5215; baseline 0.001 -15"><span class='ocrx_word' id='word_1_914' title='bbox 403 5143 607 5200; x_wconf 78' lang='lat' dir='ltr'><strong>tissime</strong></span> <span class='ocrx_word' id='word_1_915' title='bbox 636 5146 921 5215; x_wconf 79' lang='lat' dir='ltr'><strong>monstravi</strong></span> <span class='ocrx_word' id='word_1_916' title='bbox 998 5147 1088 5176; x_wconf 66' lang='lat'><strong>“7’</strong></span> <span class='ocrx_word' id='word_1_917' title='bbox 1115 5143 1324 5215; x_wconf 10' lang='lat' dir='ltr'><strong>Jﬁustitia</strong></span> <span class='ocrx_word' id='word_1_918' title='bbox 1362 5144 1441 5194; x_wconf 88' lang='lat' dir='ltr'><strong>vel</strong></span> <span class='ocrx_word' id='word_1_919' title='bbox 1470 5144 1727 5215; x_wconf 74' lang='lat' dir='ltr'><strong>injustitia</strong></span> <span class='ocrx_word' id='word_1_920' title='bbox 1764 5163 1888 5199; x_wconf 77' lang='lat' dir='ltr'><strong>mss.</strong></span> <span class='ocrx_word' id='word_1_921' title='bbox 1919 5148 2114 5214; x_wconf 82' lang='lat' dir='ltr'><strong>justam</strong></span> <span class='ocrx_word' id='word_1_922' title='bbox 2150 5147 2227 5199; x_wconf 88' lang='lat' dir='ltr'><strong>vel</strong></span> <span class='ocrx_word' id='word_1_923' title='bbox 2266 5146 2510 5211; x_wconf 86' lang='lat' dir='ltr'><strong>injustam</strong></span> <span class='ocrx_word' id='word_1_924' title='bbox 2588 5147 2677 5176; x_wconf 73' lang='grc'><strong>³⁸⁷³</strong></span> <span class='ocrx_word' id='word_1_925' title='bbox 2707 5148 3008 5215; x_wconf 77' lang='lat' dir='ltr'><strong>Estjnstam</strong></span> <span class='ocrx_word' id='word_1_926' title='bbox 3059 5150 3136 5202; x_wconf 88' lang='lat' dir='ltr'><strong>vel</strong></span> <span class='ocrx_word' id='word_1_927' title='bbox 3167 5151 3354 5203; x_wconf 89' lang='lat' dir='ltr'><strong>bonam</strong></span> <span class='ocrx_word' id='word_1_928' title='bbox 3384 5143 3578 5215; x_wconf 77' lang='lat' dir='ltr'><strong>aliquid</strong></span> 
     </span>
    </p>
   </div>
   <div class='ocr_carea' id='block_1_104' title="bbox 399 5212 3579 5281">
    <p class='ocr_par' dir='ltr' id='par_1_104' title="bbox 399 5212 3579 5281">
     <span class='ocr_line' id='line_1_104' title="bbox 399 5212 3579 5281; baseline 0 -13"><span class='ocrx_word' id='word_1_929' title='bbox 399 5229 520 5268; x_wconf 86' lang='lat' dir='ltr'><strong>esse</strong></span> <span class='ocrx_word' id='word_1_930' title='bbox 550 5229 671 5265; x_wconf 63' lang='lat' dir='ltr'><strong>ut“.</strong></span> <span class='ocrx_word' id='word_1_931' title='bbox 703 5212 1037 5278; x_wconf 88' lang='lat' dir='ltr'><strong>essejustam</strong></span> <span class='ocrx_word' id='word_1_932' title='bbox 1067 5214 1149 5266; x_wconf 83' lang='lat' dir='ltr'><strong>vel</strong></span> <span class='ocrx_word' id='word_1_933' title='bbox 1203 5214 1391 5265; x_wconf 91' lang='lat' dir='ltr'><strong>bonam</strong></span> <span class='ocrx_word' id='word_1_934' title='bbox 1444 5224 1520 5265; x_wconf 88' lang='lat' dir='ltr'><strong>est</strong></span> <span class='ocrx_word' id='word_1_935' title='bbox 1555 5212 1753 5281; x_wconf 83' lang='lat' dir='ltr'><strong>aliquid</strong></span> <span class='ocrx_word' id='word_1_936' title='bbox 1777 5230 1896 5269; x_wconf 87' lang='lat' dir='ltr'><strong>esse</strong></span> <span class='ocrx_word' id='word_1_937' title='bbox 1922 5212 1933 5214; x_wconf 61' lang='grc'>⁷</span> <span class='ocrx_word' id='word_1_938' title='bbox 1970 5217 2060 5248; x_wconf 69' lang='grc'><strong>³⁸⁷⁸</strong></span> <span class='ocrx_word' id='word_1_939' title='bbox 2085 5216 2179 5268; x_wconf 82' lang='lat' dir='ltr'><strong>Est</strong></span> <span class='ocrx_word' id='word_1_940' title='bbox 2223 5215 2419 5281; x_wconf 87' lang='lat' dir='ltr'><strong>aliquid</strong></span> <span class='ocrx_word' id='word_1_941' title='bbox 2451 5229 2567 5266; x_wconf 88' lang='lat' dir='ltr'><strong>esse</strong></span> <span class='ocrx_word' id='word_1_942' title='bbox 2600 5212 2846 5281; x_wconf 82' lang='lat' dir='ltr'><strong>injustam</strong></span> <span class='ocrx_word' id='word_1_943' title='bbox 2879 5218 2957 5269; x_wconf 82' lang='lat' dir='ltr'><strong>vel</strong></span> <span class='ocrx_word' id='word_1_944' title='bbox 2990 5219 3178 5269; x_wconf 85' lang='lat' dir='ltr'><strong>malam</strong></span> <span class='ocrx_word' id='word_1_945' title='bbox 3207 5234 3326 5269; x_wconf 77' lang='lat' dir='ltr'><strong>mss.</strong></span> <span class='ocrx_word' id='word_1_946' title='bbox 3359 5227 3437 5269; x_wconf 82' lang='lat' dir='ltr'><strong>est</strong></span> <span class='ocrx_word' id='word_1_947' title='bbox 3464 5212 3579 5269; x_wconf 77' lang='lat' dir='ltr'><strong>esse</strong></span> 
     </span>
    </p>
   </div>
   <div class='ocr_carea' id='block_1_105' title="bbox 404 5280 3582 5352">
    <p class='ocr_par' dir='ltr' id='par_1_105' title="bbox 404 5280 3582 5352">
     <span class='ocr_line' id='line_1_105' title="bbox 404 5280 3582 5352; baseline 0 -17"><span class='ocrx_word' id='word_1_948' title='bbox 404 5281 624 5352; x_wconf 79' lang='lat' dir='ltr'><strong>aliquid,</strong></span> <span class='ocrx_word' id='word_1_949' title='bbox 651 5280 900 5352; x_wconf 84' lang='lat' dir='ltr'><strong>injustam</strong></span> <span class='ocrx_word' id='word_1_950' title='bbox 931 5282 1012 5334; x_wconf 87' lang='lat' dir='ltr'><strong>vel</strong></span> <span class='ocrx_word' id='word_1_951' title='bbox 1045 5282 1236 5334; x_wconf 87' lang='lat' dir='ltr'><strong>malam</strong></span> <span class='ocrx_word' id='word_1_952' title='bbox 1263 5296 1389 5352; x_wconf 82' lang='lat' dir='ltr'><strong>esse</strong></span> <span class='ocrx_word' id='word_1_953' title='bbox 1436 5296 1564 5352; x_wconf 66' lang='lat' dir='ltr'><strong>mss.</strong></span> <span class='ocrx_word' id='word_1_954' title='bbox 1603 5280 1738 5333; x_wconf 80' lang='lat' dir='ltr'><strong>Vict.</strong></span> <span class='ocrx_word' id='word_1_955' title='bbox 1774 5283 1860 5336; x_wconf 77' lang='grc'><strong>15.</strong></span> <span class='ocrx_word' id='word_1_956' title='bbox 1887 5292 1967 5337; x_wconf 86' lang='grc' dir='ltr'><strong>εει</strong></span> <span class='ocrx_word' id='word_1_957' title='bbox 1997 5284 2190 5352; x_wconf 88' lang='lat' dir='ltr'><strong>aliquid</strong></span> <span class='ocrx_word' id='word_1_958' title='bbox 2228 5280 2659 5352; x_wconf 78' lang='lat' dir='ltr'><strong>essc,-injustam</strong></span> <span class='ocrx_word' id='word_1_959' title='bbox 2703 5287 2779 5337; x_wconf 79' lang='lat' dir='ltr'><strong>vel</strong></span> <span class='ocrx_word' id='word_1_960' title='bbox 2838 5287 3029 5339; x_wconf 88' lang='lat' dir='ltr'><strong>malam</strong></span> <span class='ocrx_word' id='word_1_961' title='bbox 3060 5301 3178 5339; x_wconf 90' lang='lat' dir='ltr'><strong>esse</strong></span> <span class='ocrx_word' id='word_1_962' title='bbox 3252 5285 3341 5315; x_wconf 73' lang='grc' dir='ltr'><strong>³θτ⁵</strong></span> <span class='ocrx_word' id='word_1_963' title='bbox 3369 5286 3458 5347; x_wconf 72' lang='grc' dir='ltr'>Εει</span> <span class='ocrx_word' id='word_1_964' title='bbox 3488 5304 3582 5336; x_wconf 82' lang='lat' dir='ltr'><strong>att-</strong></span> 
     </span>
    </p>
   </div>
   <div class='ocr_carea' id='block_1_106' title="bbox 408 5348 3581 5421">
    <p class='ocr_par' dir='ltr' id='par_1_106' title="bbox 408 5348 3581 5421">
     <span class='ocr_line' id='line_1_106' title="bbox 408 5348 3581 5421; baseline 0.001 -18"><span class='ocrx_word' id='word_1_965' title='bbox 408 5348 512 5404; x_wconf 88' lang='lat' dir='ltr'><strong>tem</strong></span> <span class='ocrx_word' id='word_1_966' title='bbox 537 5348 733 5421; x_wconf 74' lang='lat' dir='ltr'><strong>aliquid</strong></span> <span class='ocrx_word' id='word_1_967' title='bbox 764 5365 885 5399; x_wconf 77' lang='lat' dir='ltr'><strong>mu.</strong></span> <span class='ocrx_word' id='word_1_968' title='bbox 913 5358 995 5401; x_wconf 90' lang='lat' dir='ltr'><strong>est</strong></span> <span class='ocrx_word' id='word_1_969' title='bbox 1028 5359 1201 5421; x_wconf 82' lang='lat' dir='ltr'><strong>autem</strong></span> <span class='ocrx_word' id='word_1_970' title='bbox 1225 5350 1400 5421; x_wconf 77' lang='lat' dir='ltr'><strong>aliud</strong></span> <span class='ocrx_word' id='word_1_971' title='bbox 1437 5349 1527 5421; x_wconf 52' lang='lat' dir='ltr'><strong>&#39;f?“</strong></span> <span class='ocrx_word' id='word_1_972' title='bbox 1551 5349 1731 5417; x_wconf 86' lang='lat' dir='ltr'><strong>Itaque</strong></span> <span class='ocrx_word' id='word_1_973' title='bbox 1760 5354 1824 5405; x_wconf 93' lang='lat' dir='ltr'><strong>de</strong></span> <span class='ocrx_word' id='word_1_974' title='bbox 1854 5362 2001 5407; x_wconf 90' lang='lat' dir='ltr'><strong>tanto</strong></span> <span class='ocrx_word' id='word_1_975' title='bbox 2032 5348 2168 5406; x_wconf 87' lang='lat' dir='ltr'><strong>man</strong></span> <span class='ocrx_word' id='word_1_976' title='bbox 2230 5368 2349 5403; x_wconf 77' lang='lat' dir='ltr'><strong>mss.</strong></span> <span class='ocrx_word' id='word_1_977' title='bbox 2382 5350 2445 5403; x_wconf 88' lang='lat' dir='ltr'><strong>de</strong></span> <span class='ocrx_word' id='word_1_978' title='bbox 2481 5352 2566 5404; x_wconf 82' lang='lat' dir='ltr'><strong>illo</strong></span> <span class='ocrx_word' id='word_1_979' title='bbox 2603 5356 2780 5421; x_wconf 86' lang='lat' dir='ltr'><strong>itaque</strong></span> <span class='ocrx_word' id='word_1_980' title='bbox 2831 5364 3032 5406; x_wconf 89' lang='lat' dir='ltr'><strong>tantum</strong></span> <span class='ocrx_word' id='word_1_981' title='bbox 3068 5353 3204 5405; x_wconf 89' lang='lat' dir='ltr'><strong>malo</strong></span> <span class='ocrx_word' id='word_1_982' title='bbox 3278 5354 3366 5384; x_wconf 75' lang='grc'><strong>³⁸⁷⁷</strong></span> <span class='ocrx_word' id='word_1_983' title='bbox 3398 5353 3581 5407; x_wconf 82' lang='lat' dir='ltr'><strong>Nonne</strong></span> 
     </span>
    </p>
   </div>
   <div class='ocr_carea' id='block_1_107' title="bbox 404 5416 3580 5477">
    <p class='ocr_par' dir='ltr' id='par_1_107' title="bbox 404 5416 3580 5477">
     <span class='ocr_line' id='line_1_107' title="bbox 404 5416 3580 5477; baseline 0 -6"><span class='ocrx_word' id='word_1_984' title='bbox 404 5430 489 5471; x_wconf 78' lang='lat' dir='ltr'><strong>est</strong></span> <span class='ocrx_word' id='word_1_985' title='bbox 527 5417 665 5470; x_wconf 87' lang='lat' dir='ltr'><strong>aliud</strong></span> <span class='ocrx_word' id='word_1_986' title='bbox 718 5433 840 5468; x_wconf 86' lang='lat' dir='ltr'><strong>mss.</strong></span> <span class='ocrx_word' id='word_1_987' title='bbox 874 5432 974 5469; x_wconf 91' lang='lat' dir='ltr'><strong>non</strong></span> <span class='ocrx_word' id='word_1_988' title='bbox 1003 5429 1081 5469; x_wconf 87' lang='lat' dir='ltr'><strong>est</strong></span> <span class='ocrx_word' id='word_1_989' title='bbox 1124 5418 1265 5471; x_wconf 89' lang='lat' dir='ltr'><strong>aliud</strong></span> <span class='ocrx_word' id='word_1_990' title='bbox 1338 5420 1427 5457; x_wconf 72' lang='grc'><strong>³⁸⁷⁸</strong></span> <span class='ocrx_word' id='word_1_991' title='bbox 1456 5416 1566 5471; x_wconf 82' lang='lat' dir='ltr'><strong>Non</strong></span> <span class='ocrx_word' id='word_1_992' title='bbox 1603 5416 1836 5474; x_wconf 74' lang='lat' dir='ltr'><strong>eSsentia</strong></span> <span class='ocrx_word' id='word_1_993' title='bbox 1891 5437 2014 5475; x_wconf 73' lang='lat' dir='ltr'><strong>mss.</strong></span> <span class='ocrx_word' id='word_1_994' title='bbox 2067 5439 2168 5475; x_wconf 91' lang='lat' dir='ltr'><strong>non</strong></span> <span class='ocrx_word' id='word_1_995' title='bbox 2197 5430 2277 5474; x_wconf 88' lang='lat' dir='ltr'><strong>cst</strong></span> <span class='ocrx_word' id='word_1_996' title='bbox 2306 5423 2538 5473; x_wconf 90' lang='lat' dir='ltr'><strong>essentia</strong></span> <span class='ocrx_word' id='word_1_997' title='bbox 2613 5416 2708 5471; x_wconf 55' lang='lat'><strong>“7&quot;.</strong></span> <span class='ocrx_word' id='word_1_998' title='bbox 2735 5422 2810 5477; x_wconf 84' lang='lat' dir='ltr'><strong>Ita</strong></span> <span class='ocrx_word' id='word_1_999' title='bbox 2853 5438 2951 5475; x_wconf 90' lang='lat' dir='ltr'><strong>non</strong></span> <span class='ocrx_word' id='word_1_1000' title='bbox 2983 5433 3124 5475; x_wconf 82' lang='lat' dir='ltr'><strong>recta</strong></span> <span class='ocrx_word' id='word_1_1001' title='bbox 3174 5438 3295 5474; x_wconf 72' lang='lat' dir='ltr'><strong>mss.</strong></span> <span class='ocrx_word' id='word_1_1002' title='bbox 3325 5434 3368 5475; x_wconf 80' lang='lat' dir='ltr'><strong>ct</strong></span> <span class='ocrx_word' id='word_1_1003' title='bbox 3410 5423 3580 5475; x_wconf 67' lang='lat' dir='ltr'><strong>Edicto</strong></span> 
     </span>
    </p>
   </div>
   <div class='ocr_carea' id='block_1_108' title="bbox 408 5487 1126 5546">
    <p class='ocr_par' dir='ltr' id='par_1_108' title="bbox 408 5487 1126 5546">
     <span class='ocr_line' id='line_1_108' title="bbox 408 5487 1126 5546; baseline -0.004 -5"><span class='ocrx_word' id='word_1_1004' title='bbox 408 5487 622 5541; x_wconf 69' lang='lat' dir='ltr'><strong>Callaico</strong></span> <span class='ocrx_word' id='word_1_1005' title='bbox 649 5487 719 5539; x_wconf 88' lang='lat' dir='ltr'><strong>ita</strong></span> <span class='ocrx_word' id='word_1_1006' title='bbox 750 5500 849 5537; x_wconf 90' lang='lat' dir='ltr'><strong>non</strong></span> <span class='ocrx_word' id='word_1_1007' title='bbox 871 5496 959 5546; x_wconf 74' lang='lat' dir='ltr'><strong>est</strong></span> <span class='ocrx_word' id='word_1_1008' title='bbox 988 5496 1126 5538; x_wconf 59' lang='lat' dir='ltr'><strong>recta</strong></span> 
     </span>
    </p>
   </div>
  </div>
