4240 6194
332 204 333 211 “
345 216 440 270 521

1071 212 1162 267 ut:
1194 212 1526 272 consono.
1565 214 1826 290 posse.
1871 211 1974 266 DEI
2014 171 2164 287 eun.
2192 213 2316 287 ue.
2354 214 2622 271 Αιιιιιτιι.

3428 225 3533 281 522

346 335 1202 395 necessartutn,.autspontaneum
1224 345 1239 393 ;
1264 328 1334 381 ita
1359 331 1749 399 prmdestinatio
1766 333 1963 406 qum‘A
1993 343 2111 383 num
2136 326 2303 394 (l‘sul.
2337 344 2521 393 χχχιιι,
2551 332 2636 393 13,
2656 332 2745 393 μ,
2779 330 2877 396 15).
2912 329 2972 383 Et
3000 330 3252 384 Dominus
3275 332 3328 385 in
3366 331 3535 387 Evan-

344 435 447 476 Iou
495 429 752 483 mutatur,
785 434 887 471 non
918 418 1258 484 praedestinat
1284 419 1389 471 nisi
1415 420 1552 473 sicut
1573 429 1655 474 est
1679 419 1729 471 in
1750 434 1887 487 prae-

341 508 579 567 scientia.
606 507 691 570 Et,
712 504 1155 572 quemadmodum
1179 504 1322 572 quod
1350 505 1648 571 prteseitur,
1683 506 1805 559 licet
1834 505 1886 558 in

341 597 637 651 cternitate
687 593 757 646 sit
791 592 1150 656 immutabile,
1198 601 1371 647 tamen
1419 593 1470 647 in
1503 603 1739 661 tempore
1787 594 1889 646 ali-

341 681 550 749 quando
582 687 868 746 antequam
919 677 1020 742 sit.
1052 678 1258 732 mutari
1310 686 1515 748 potest;
1574 681 1646 734 ita
1679 689 1760 733 est
1792 694 1891 746 per

340 766 514 820 omnia
545 764 611 818 de
642 765 1130 832 prmdestinatione.
1172 765 1325 821 Patet
1369 760 1530 835 igitur
1557 782 1621 821 ex
1653 764 1734 819 his
1772 781 1889 833 qua:

340 856 480 909 dicta
522 864 665 919 sunt,
717 854 761 906 si
814 853 951 923 bene
976 854 1397 919 considerentur,
1434 856 1559 923 quia
1614 870 1711 907 rec
1751 868 1887 921 pra:-

340 945 631 999 desti'natio
657 943 891 997 excludit
942 943 1165 997 liberum
1197 945 1495 1009 arbitrium,
1516 958 1637 1017 .uec
1663 944 1888 1012 liberum

339 1034 618 1090 arbitrium
650 1034 961 1089 adversatur
980 1034 1452 1103 prmdestinationi.
1478 1033 1751 1102 Siquidem
1772 1047 1888 1085 om-

338 1125 423 1179 nia
456 1124 565 1189 illa,
614 1125 806 1193 quibus
835 1140 994 1194 supra
1047 1125 1462 1178 monstravimus
1497 1123 1723 1177 liberum
1751 1123 1892 1175 arbi-

338 1214 497 1270 trium
529 1215 875 1283 przescieutize
904 1230 1007 1269 non
1040 1230 1353 1284 repugnare,
1381 1215 1581 1280 pariter
1605 1215 1893 1269 ostendunt

338 1300 463 1355 illud
494 1302 949 1370 prmdestinationi
980 1303 1326 1357 concordare.
1356 1302 1471 1356 Non
1494 1316 1623 1375 ergo
1653 1303 1889 1358 rationa-

338 1392 545 1456 biliter,
586 1394 745 1462 128
792 1393 1003 1462 quoties
1050 1394 1249 1463 aliquid
1297 1395 1588 1464 contingit,
1639 1404 1892 1463 operante

336 1488 633 1550 spontanea
667 1482 959 1548 voluntate,
984 1478 1149 1539 velut‘
1174 1497 1295 1536 cum
1342 1483 1501 1537 homo
1539 1485 1736 1539 homini
1765 1485 1892 1539 facit

334 1568 588 1650 iniuriam
625 1570 763 1625 unde
792 1571 861 1635 ab
889 1571 976 1625 illo
1009 1571 1289 1635 occiditur,
1319 1573 1531 1641 quidam
1559 1574 1890 1629 elamantdi-

1986 416 2161 483 pelio:
2210 416 2385 471 Venite
2413 423 2478 471 ad
2490 436 2603 483 me,
2634 440 2805 475 omnes
2833 425 2923 491 qui
2954 425 3223 488 laboratis,
3264 432 3312 478 et
3337 430 3535 485 onerati

1984 503 2127 565 estis,
2153 514 2200 555 et
2246 520 2337 571 ego
2368 506 2594 570 reﬁciam
2635 524 2740 559 eos.
2770 509 2951 563 Tollite
2977 511 3164 578 jugnm
3193 526 3361 564 meum
3386 528 3540 580 super

1984 602 2093 647 eos.
2122 595 2171 638 et
2200 586 2384 638 discite
2414 603 2444 638 a
2484 602 2563 639 me
2590 589 2710 655 quia
2736 591 2872 643 mitis
2899 602 3012 645 sum
3055 604 3102 646 et
3125 594 3335 663 humilis
3362 597 3538 658 corde,

1985 683 2032 725 et
2082 674 2345 727 invenietis
2386 676 2611 744 requiem
2657 678 2925 732 animabus
2971 682 3147 734 restris
3202 681 3415 751 (Matth.
3460 699 3539 747 χι,

1984 762 2077 824 28,
2111 761 2223 829 ‘29).
2256 762 2413 816 Plura
2469 765 2627 819 etiam
2690 766 2791 820 alia
2838 777 2893 821 et
2942 770 3344 827 innumerabilia
3390 766 3538 836 sunt,

1986 864 2104 918 qua
2132 852 2381 905 videntur
2399 853 2623 907 liberum
2648 856 2926 910 arbitrium
2953 860 3021 911 ad
3054 861 3187 914 bene
3209 863 3538 929 operandum

1986 940 2257 1003 excitare;
2279 949 2332 992 et
2355 942 2477 1008 quia
2501 942 2810 995 munitam'
2825 946 3137 1011 contemnit,
3171 949 3537 1016 exprobrare:
3594 974 3597 977 λ

1992 1028 2136 1095 quod
2165 1028 2459 1081 auctoritas
2481 1030 2659 1083 divina
2691 1045 3023 1101 nequaquam
3048 1035 3270 1101 faceret,
3294 1040 3335 1090 si
3363 1038 3543 1091 volun-

1990 1114 2116 1169 tatis
2142 1108 2441 1170 libertatem
2472 1116 2667 1170 nullam
2696 1118 2746 1171 in
2793 1120 3005 1175 homine
3032 1134 3390 1189 cognosceret.
3438 1126 3544 1181 Sed

1991 1214 2090 1257 nec
2121 1203 2226 1257 ullo
2257 1206 2411 1258 modo
2459 1214 2620 1269 esset,
2653 1221 2748 1259 cur
2776 1206 2917 1269 Deus
2958 1209 3110 1263 bonis
3138 1212 3223 1266 vel
3260 1214 3412 1269 malis
3446 1229 3547 1283 pro

1992 1295 2199 1350 meritis
2228 1297 2557 1367 singulorum
2587 1297 2734 1369 jnste
2763 1300 3103 1365 retribueret,
3131 1303 3173 1357 si
3202 1320 3295 1371 per
3318 1306 3549 1367 liberum

1990 1385 2271 1461 arbitrium
2320 1385 2494 1439 nullus
2541 1387 2737 1441 bonum
2790 1388 2868 1442 vel
2906 1380 3109 1444 malum
3140 1390 3354 1447 faceret.
3401 1394 3547 1461 Quo-

1968 1474 2135 1527 niam
2165 1488 2292 1543 ergo
2321 1475 2373 1526 in
2404 1490 2557 1529 sacra
2607 1474 2884 1544 Scriptura
2934 1479 3175 1544 qumdam
3228 1481 3550 1546 invenimus,

1992 1579 2111 1633 quae
2136 1564 2232 1618 soli
2265 1566 2451 1634 gratia:
2497 1560 2675 1619 lavere
2706 1568 2984 1631 videntur;
3032 1578 3086 1623 et
3112 1571 3375 1639 quantum,
3428 1584 3548 1641 qua

331 1666 517 1713 centes
547 1674 561 1711 :
594 1656 685 1712 Sic
710 1659 1012 1726 pnescitum
1033 1668 1088 1713 et
1113 1659 1545 1729 pnedestinatum
1562 1670 1678 1739 erat
1702 1677 1731 1715 a
1757 1664 1890 1728 Deo;
1915 1650 1970 1714 ’Β
1996 1653 2169 1708 solum
2205 1652 2432 1707 liberum
2471 1654 2750 1709 arbitrium
2800 1664 3037 1711 statuere
3084 1660 3198 1713 sine
3243 1650 3414 1730 gratia
3457 1672 3555 1732 pit-

332 1742 390 1800 et
438 1744 560 1799 ideo
590 1746 914 1801 necessitate
965 1747 1163 1802 factum
1191 1756 1292 1811 est,
1322 1762 1420 1802 nee
1450 1749 1604 1819 alitzjr
1653 1751 1764 1804 lieri
1803 1767 1897 1820 po—

333 1834 454 1893 tuit.
487 1834 695 1902 Quippe
726 1851 825 1890 nec
852 1835 942 1904 qui
982 1832 1367 1903 alium'injuria
1396 1836 1647 1902 irritavit,
1684 1853 1783 1892 nec
1804 1839 1893 1907 qui

332 1936 393 1978 se
418 1923 733 1986 vindicavit,
760 1924 862 1977 hoe
892 1923 1018 1978 fecit
1046 1926 1385 1990 necessitate,
1428 1928 1519 1979 sed
1554 1924 1667 1980 sola
1706 1925 1897 1979 volun-

332 2018 476 2076 tate;
511 2011 636 2079 quia
666 2011 709 2065 si
740 2027 843 2066 non
875 2021 1063 2081 sponte
1092 2013 1365 2079 voluisset,
1395 2021 1582 2068 neuter
1606 2011 1748 2084 quod
1770 2012 1897 2068 fecit

332 2092 568 2155 fecisset.
1258 2148 1259 2151 η

878 2190 1205 2259 QUASSTIO
1253 2191 1335 2246 ιιι.

435 2293 505 2343 ne
547 2292 835 2334 CONCORDIA
868 2294 1079 2333 canta;
1106 2295 1174 2335 ar
1200 2294 1372 2335 uasat
1412 2295 1650 2334 Αιιιιιτιιιι
1674 2279 1787 2332 ³⁸”.

302 2390 307 2395 ·
400 2368 593 2424 Restat
618 2384 759 2424 nunc
788 2377 846 2422 ut
866 2369 930 2423 de
958 2370 1128 2438 gratia
1150 2378 1206 2424 et
1230 2370 1416 2424 eodem
1448 2369 1619 2424 lihero
1649 2358 1892 2435 arbitrio,

331 2459 519 2513 eadem
547 2458 719 2527 gratia
754 2456 1061 2526 adiuvante,
1083 2458 1509 2527 consideremus.

332 2546 483 2601 CAP.
514 2546 535 2600 l
564 2546 660 2618 [aL
713 2546 827 2618 XI].
872 2576 967 2618 —_
992 2544 1310 2618 Proponitur
1334 2546 1623 2618 diﬁicultas
1646 2563 1710 2600 ea:
1749 2546 1895 2601 Scri-

472 2615 643 2683 ptu’ris
667 2615 806 2667 circa
834 2616 1016 2683 gratim
1044 2626 1092 2668 et
1121 2615 1369 2668 libertatis
1393 2615 1751 2668 ‘concordiam.

399 2703 639 2769 Quaestio
679 2704 780 2756 ista
824 2703 947 2755 inde
977 2704 1231 2764 nascitur,
1262 2704 1386 2772 quia
1412 2686 1915 2773 divinaScriptura

274 2818 279 2822 ι
332 2794 405 2847 ita
435 2794 676 2862 loquitur
696 2792 981 2863 aliquando
1010 2801 1067 2846 ut
1095 2793 1224 2847 nihil
1270 2793 1512 2848 videatur
1540 2794 1763 2848 liberum
1802 2809 1890 2847 ar-
1928 2780 1931 2785 ’

331 2882 558 2936 bitrium
590 2882 842 2950 prodesse
880 2881 948 2935 ad
991 2881 1236 2944 salutem,
1284 2881 1378 2935 sed
1408 2881 1525 2935 sola
1546 2883 1746 2951 gratia;
1797 2882 1895 2936 ali-

1999 1752 2202 1807 tantur,
2229 1742 2445 1805 luerunt
2467 1743 2683 1811 quidam
2715 1744 2951 1813 superbi,
2982 1747 3071 1815 qui
3098 1755 3261 1802 totam
3293 1750 3554 1806 virtutum

1996 1829 2283 1884 etlicaciam
2329 1830 2419 1863 “’7
2453 1831 2505 1886 in
2549 1831 2659 1916 sola
2708 1833 2954 1889 libertate
3001 1836 3208 1895 arbitrii
3257 1840 3559 1897 consistet".

1996 1928 2130 1985 sunt,
2170 1920 2457 1975 arbitrati:
2490 1932 2544 1976 et
2590 1931 2713 1978 sunt
2758 1933 2941 1987 nostro
2989 1932 3225 1993 tempore
3262 1920 3435 1990 multi,
3459 1930 3550 1998 qui

1997 2002 2224 2060 libet-itm
2255 2006 2539 2063 arbitrium
2582 2025 2705 2064 esse
2750 2010 2949 2080 aliquid
2994 2014 3204 2081 penitus
3247 2016 3549 2084 desperant.

1997 2094 2050 2148 In
2102 2096 2203 2150 hac
2252 2096 2430 2175 itaque
2481 2099 2774 2167 qttzestione
2820 2100 2933 2153 haec
2981 2100 3085 2153 erit
3114 2109 3295 2155 nostra
3334 2104 3558 2159 intentio

1996 2183 2108 2247 ἕδη,
2142 2192 2197 2237 ιιι
2224 2184 2447 2247 liberum
2475 2186 2758 2240 arbitrium
2791 2186 2948 2246 simul
2991 2203 3110 2242 esse
3135 2204 3253 2243 eum
3279 2193 3471 2259 gratia,
3502 2204 3559 2247 et

1995 2286 2117 2325 cum
2148 2288 2209 2325 ea
2240 2275 2449 2341 operari
2504 2275 2555 2327 in
2609 2276 2787 2330 multis
2836 2286 3193 2331 monstremus
3219 2296 3232 2331 :
3263 2280 3401 2334 sicut
3430 2281 3558 2335 illud

1996 2376 2115 2413 cmn
2162 2362 2499 2429 pnescientia
2550 2372 2712 2418 atoue
2736 2365 3201 2422 ormdestinatione
3228 2369 3557 2424 concordare
3612 2358 3617 2363 ’

1998 2464 2313 2516 reperimus.

1996 2535 2145 2609 car,
2178 2536 2217 2589 ιι
2246 2536 2340 2606 [αι.
2384 2536 2469 2591 xu
2478 2537 2517 2609 ι.
2546 2567 2614 2578 —
2652 2538 2721 2591 De
2762 2540 2995 2594 liber'ate
3038 2544 3259 2605 arourii,
3306 2545 3416 2599 sine
3456 2527 3559 2609 qua

2065 2606 2281 2679 salutem
2308 2622 2455 2679 nemo
2478 2606 2734 2679 lueretur;
2761 2618 2808 2661 et
2824 2610 2885 2661 de
2909 2610 3099 2678 gratia,
3124 2612 3235 2665 sine
3260 2627 3365 2679 qua
3384 2606 3561 2671 stultus

2064 2674 2473 2739 solvatur/tome,
2490 2676 2573 2729 hic
2603 2678 2795 2745 agitur.
2910 2674 2926 2678 ⁷
3087 2674 3094 2677 ’
3269 2674 3281 2679 ⁷
3414 2684 3417 2687 ’

2066 2762 2353 2817 Sciendum
2380 2774 2463 2817 est
2491 2765 2613 2832 quia
2663 2767 2803 2819 sicut
2832 2782 2935 2821 nou
2977 2767 3043 2822 de
3070 2767 3174 2821 alio
3212 2768 3377 2823 libero
3407 2770 3558 2824 arhi~
3602 2770 3611 2773 “

1998 2853 2102 2906 ιι·ἰο
2141 2852 2199 2906 lit
2231 2853 2363 2917 haec,
2393 2862 2450 2905 ut
2473 2868 2632 2922 supra
2679 2855 2809 2918 dixi,
2842 2856 3073 2923 qumstio’
3098 2836 3227 2929 nisi
3251 2836 3313 2912 de
3355 2860 3556 2915 illo“m

331 2969 545 3037 quando
571 2940 696 3021 vero
737 2969 832 3032 ita,
865 2967 1007 3021 velut
1060 2975 1171 3020 tota
1202 2940 1383 3019 nostra
1436 2940 1582 3020 salus
1634 2968 1685 3020 in
1727 2940 1893 3022 libera
1922 2973 1966 3031 C
1998 2940 2247 3037 δῖῗῗίίυίξ
2274 2942 2499 3037 ⁵ἷ¹¹¹¹ί⁰¹η
2539 2957 2709 3037 θείω)-
2740 2954 2995 3037 ¹⁰⁰τ⁰¹¹¹ῗο
3049 2957 3331 3016 Ρθδίίῖίηηη
3362 2949 3558 3021 bilem."

333 3069 521 3117 nostra
550 3058 821 3123 consistat
850 3057 1139 3110 voluntate.
1184 3057 1259 3111 De
1280 3056 1451 3126 gratia
1485 3057 1747 3124 siquidem
1770 3050 1899 3111 dicit

331 3147 592 3201 Dominus
617 3163 631 3199 :
665 3147 791 3201 Siue
815 3162 895 3198 me
913 3146 1041 3209 nihil
1069 3146 1279 3211 potestis
1299 3146 1470 3214 facere
1491 3146 1670 3216 (Joan.
1699 3154 1785 3206 xv.
1804 3146 1893 3213 5);

333 3243 389 3287 et
426 3250 441 3287 :
485 3233 548 3285 lt‘t
598 3248 745 3285 nemo
776 3233 906 3286 venit
936 3233 1004 3284 ad
1030 3246 1127 3294 me,
1171 3232 1271 3284 nisi
1310 3231 1473 3285 Pater
1514 3249 1655 3285 meus
1682 3228 1896 3286 traxerit

333 3340 451 3377 eum
483 3323 668 3391 (Joan.
701 3338 774 3388 γι,
805 3322 917 3388 st).
964 3321 1030 3376 Et
1058 3321 1249 3374 Paulus
1274 3320 1546 3399 apostolus
1574 3338 1585 3373 :
1622 3320 1760 3383 Quid
1797 3337 1897 3373 au-

332 3406 435 3465 tem
462 3410 621 3464 habes
658 3409 797 3479 quod
851 3425 955 3462 non
982 3406 1342 3477 accepisti?‘(l
1366 3404 1598 3473 (λάτριν,
1634 3406 1710 3475 7.)
1740 3406 1805 3459 Et
1832 3406 1897 3459 de

337 3500 487 3555 Deo:
518 3498 683 3567 Cujus
730 3499 833 3552 rult
884 3498 1190 3563 miseretur,
1240 3506 1287 3550 et
1337 3513 1487 3565 quem
1532 3496 1637 3550 vult
1687 3494 1896 3549 indurat

332 3589 514 3659 (Rom.
563 3604 641 3651 Ix,
686 3588 801 3655 18);
830 3595 920 3641 et:
958 3583 1136 3654 Neque
1165 3584 1396 3650 volentis,
1424 3582 1584 3654 neque
1622 3583 1894 3647 currentis,

330 3677 431 3731 sed
445 3676 734 3729 misereutis
764 3685 837 3728 est
869 3674 965 3727 Dei
1003 3672 1188 3743 (Ibid.,
1212 3673 1325 3742 l6).
1356 3671 1522 3726 Multa
1556 3686 1768 3740 quoque
1792 3671 1895 3724 alia

333 3763 601 3834 leguntur,
640 3776 759 3831 quae
800 3762 897 3816 soli
945 3762 1127 3830 gratia:
1157 3761 1273 3814 sine
1310 3760 1479 3813 libero
1505 3758 1728 3812 arbitrio
1756 3758 1893 3813 bona

331 3840 517 3906 nostra
545 3865 707 3918 opera
728 3858 781 3904 et
810 3850 1038 3904 salutem
1062 3842 1169 3879 ’³⁸⁸³
1191 3856 1429 3902 nostram
1463 3847 1711 3903 videntur
1737 3847 1893 3899 attri-

312 3942 520 3997 buere.
552 3938 736 3992 Plures
790 3940 950 3992 etiam
993 3946 1241 3990 asserunt
1266 3936 1636 4005 experimento
1686 3951 1744 3989 se
1772 3950 1898 4004 pro-

334 4029 467 4083 bare
514 4026 653 4095 quod
705 4028 863 4081 homo
912 4040 1248 4095 nequaquam
1303 4024 1411 4078 ullo
1448 4024 1617 4077 libero
1647 4022 1898 4076 fulciatur

333 4116 557 4173 arbitrio
578 4114 603 4180 ;‘
624 4118 876 4185 quoniam
907 4116 1101 4171 multos
1147 4114 1241 4147 ““
1268 4116 1467 4183 absque
1520 4128 1765 4177 numero,
1798 4113 1898 4165 im-

335 4222 522 4261 menso
553 4207 749 4260 mentis
776 4216 829 4259 et
853 4206 1095 4273 corporis
1129 4213 1321 4260 conatu
1363 4204 1458 4257 niti
1486 4204 1724 4257 sentiunt
1752 4220 1765 4255 :
1803 4202 1893 4270 qui

2000 3030 2212 3097 gibilem
2236 3031 2395 3084 habet
2421 3041 2667 3109 (etatem;
2699 3034 2769 3086 ita
2800 3049 2903 3087 non
2935 3035 3001 3089 de
3050 3037 3151 3089 alia
3197 3039 3367 3106 gratia
3393 3056 3555 3109 quam

2001 3121 2067 3176 de
2095 3121 2178 3174 illa
2211 3122 2328 3175 sine
2366 3136 2470 3189 qua
2516 3107 2692 3176 nullus
2718 3125 2960 3177 salvator
2992 3127 3170 3181 homo.
3199 3107 3555 3189 Omnis—enim

2000 3220 2248 3264 creatura
2297 3212 2467 3279 gratia
2511 3212 2716 3271 existit.
2772 3215 2893 3279 quia
2943 3214 3114 3281 gratis
3162 3215 3299 3268 facta
3345 3225 3453 3285 est;
3505 3228 3559 3271 et

2001 3301 2163 3353 multa
2195 3301 2329 3354 bona
2362 3302 2451 3355 dat
2479 3302 2619 3365 Deus
2660 3318 2756 3371 per
2795 3305 3020 3369 gratiam
3063 3306 3112 3358 in
3156 3306 3255 3361 hac
3283 3307 3412 3372 vita,
3443 3308 3559 3362 sine

1999 3389 2192 3457 quibus
2222 3375 2380 3442 homo
2409 3389 2603 3443 salvari
2650 3400 2823 3459 potest
2866 3393 2983 3453 '7“.
3034 3394 3098 3448 Ιιι.
3124 3394 3413 3451 infantibus
3443 3398 3561 3466 qui-

1999 3478 2143 3541 dem,
2174 3479 2266 3547 qui
2296 3479 2551 3546 baptizati
2584 3480 2888 3535 moriuntur
2916 3495 3202 3551 antequam
3233 3499 3331 3538 suo
3352 3487 3559 3554 possint

2000 3566 2075 3620 uti
2128 3565 2294 3621 libero
2352 3568 2597 3635 arbitrio,
2644 3585 2747 3623 nou
2793 3580 3013 3639 apparet
3061 3571 3348 3626 concordia
3376 3588 3556 3642 'quam

2000 3653 2327 3723 quaerimus;
2360 3654 2615 3721 quoniam
2644 3656 2695 3709 in
2724 3655 2828 3710 illis
2856 3659 3025 3727 gratia
3057 3658 3167 3717 sola
3195 3642 3447 3728 operatur
3471 3644 3557 3714 sa;

2000 3740 2187 3806 intem,
2227 3743 2343 3797 sine
2373 3741 2584 3797 illorum
2612 3743 2780 3799 libero
2805 3746 3047 3801 arbitrio.
3078 3744 3210 3799 Nam
3232 3748 3332 3801 hoc
3347 3763 3557 3816 quoque

1999 3831 2171 3898 gratia
2199 3840 2283 3885 est
2327 3833 2452 3901 quia
2481 3832 2801 3887 daturaliis
2828 3834 3074 3888 voluntas
3100 3845 3157 3887 ut
3184 3835 3287 3890 illis
3314 3851 3410 3891 sua
3456 3837 3558 3892 llde

1998 3920 2341 3975 subveniunt.
2372 3922 2428 3976 lu
2461 3922 2783 3977 habentibus
2808 3923 2984 4001 itaque
3018 3924 3397 3995 iutelligibilem
3424 3935 3557 4001 tutae

2000 4016 2107 4062 tem
2143 4012 2549 4065 monstrandum
2582 4020 2665 4066 est
2718 3999 3290 4082 quod'imestigamus;
3324 4012 3444 4082 quia
3472 3999 3555 4068 ide

1999 4089 2281 4153 his'solum
2328 4108 2571 4154 versatur
2623 4101 2734 4155 hcce
2762 4103 3003 4169 quaestio.
3032 4101 3339 4170 Quicunque
3375 4111 3553 4168 autem

1997 4203 2061 4242 ex
2096 4188 2179 4242 his
2203 4188 2499 4253 salvantur,
2543 4205 2639 4259 per
2661 4188 2924 4257 justitiam
2963 4190 3155 4247 salvari
3197 4180 3410 4265 dubium
3444 4205 3551 4260 non

298 4342 301 4345 _
333 4295 428 4328 scas
475 4296 706 4365 quadam
734 4294 1060 4359 dimwuale,
1104 4296 1209 4348 imo
1237 4292 1663 4363 ξηιροςείιιίιξιειιο
1706 4308 1895 4361 333m-
1926 4276 1970 4333 D
1996 4284 2095 4329 est.
2121 4276 2289 4331 Justls
2316 4279 2457 4331 enim
2496 4278 2826 4345 promittitur
2870 4278 2971 4331 vita
3001 4288 3227 4342 aeterna;
3278 4280 3399 4349 quia
3420 4279 3555 4348 justi

333 4386 441 4438 vati
487 4374 597 4437 niﬁi
647 4383 950 4451 proﬁciunt,
996 4391 1086 4436 aut
1131 4389 1248 4450 post
1301 4395 1552 4450 magnum
1596 4380 1890 4449 profectum

338 4483 560 4542 repente
612 4473 1030 4543 irreparnbiliter
1073 4472 1344 4525 delicium.
1400 4471 1649 4525 Liberum
1712 4479 1890 4525 autem

336 4564 617 4616 arhitrium
671 4570 931 4615 monstrat
976 4561 1159 4615 eadem
1203 4558 1481 4628 Scriptura
1533 4574 1630 4611 nos
1689 4559 1890 4612 habere

336 4653 439 4709 hoc
462 4638 635 4706 modo.
682 4652 818 4705 Dicit
861 4651 997 4703 Deus
1044 4665 1135 4718 per
1164 4650 1349 4704 Isaiam
1378 4664 1392 4702 :
1426 4649 1485 4704 Si
1510 4650 1797 4711 volueritis,
1842 4658 1887 4700 et

334 4741 606 4794 audieritis
633 4756 733 4801 me,
782 4740 912 4791 bona
942 4750 1092 4791 terra:
1126 4740 1399 4792 comedetis
1432 4737 1563 4807 (Isa.
1585 4754 1621 4796 t,
1666 4736 1772 4813 l9).
1824 4735 1889 4787 Et

336 4826 541 4881 David:
577 4828 703 4891 Quis
741 4838 813 4879 est
856 4829 1025 4888 homo,
1076 4829 1162 4893 qui
1196 4826 1300 4879 vult
1336 4828 1489 4878 vitam
1516 4841 1533 4889 ;
1562 4823 1728 4891 diligit
1781 4821 1889 4873 dies
1924 4882 1925 4885 η

337 4915 504 4966 uidere
535 4916 728 4967 bonos?
768 4913 987 4965 Prohibe
1011 4914 1238 4981 linguam
1263 4923 1403 4963 tuam
1435 4928 1467 4962 η
1498 4909 1655 4973 uiola,
1680 4919 1727 4961 et
1749 4908 1886 4960 labia

337 5012 426 5053 tua
458 5020 516 5055 ne
554 5006 831 5071 loquuntur
873 5004 1068 5054 dolum.
1118 5002 1315 5053 Divette
1347 5018 1375 5050 (ι
1404 5001 1561 5063 malo,
1592 5009 1637 5049 et
1669 4999 1753 5065 [uc
1801 4998 1890 5049 bo-

2001 4365 2055 4418 in
2078 4382 2379 4434 perpetuum
2422 4368 2608 4432 vivent,
2648 4377 2695 4419 et
2746 4367 2886 4435 apud
2921 4366 3193 4419 Dominum
3243 4377 3315 4437 est
3362 4385 3553 4423 merces

1998 4469 2177 4507 eorum
2214 4453 2366 4523 (Sap.
2413 4470 2467 4519 v,
2498 4455 2609 4523 16).
2660 4454 2809 4520 Quod
2839 4466 3014 4509 autent
3042 4456 3247 4524 justitia
3291 4458 3360 4509 sit
3380 4452 3549 4511 'reeti-

2002 4548 2127 4601 tudo
2157 4548 2468 4614 voluntatis,
2521 4563 2672 4602 saera
2724 4563 2863 4616 saepe
2895 4552 3152 4601 monstrat
3178 4548 3267 4578 ³⁷⁰¹
3294 4546 3546 4601 auctori-

1999 4645 2101 4691 tas.
2132 4636 2243 4704 Qua
2270 4638 2337 4690 de
2362 4653 2417 4692 re
2458 4622 2648 4693 sumeit
2676 4654 2833 4691 unmn
2865 4637 3159 4704 exemplum
3206 4628 3543 4704 proponere:

1994 4743 2113 4780 eum
2138 4727 2280 4779 enim
2311 4728 2530 4781 dixisset
2560 4727 2719 4779 David
2744 4724 2910 4792 (I’snl.
2946 4742 3093 4785 χειιι,
3143 4724 3225 4783 Η.
3262 4723 3385 4791 15)’;
3422 4723 3546 4776 Non

1990 4814 2194 4883 repellet
2219 4815 2469 4868 Dominus
2487 4818 2687 4885 plebem
2726 4831 2871 4870 suam
2893 4854 2905 4878 ,
2931 4824 2976 4865 et
3020 4812 3366 4866 [nereditatem
3397 4828 3546 4865 suam

1990 4918 2090 4955 non
2136 4905 2470 4972 tiereliuquet,
2517 4909 2845 4973 quoadusque
2882 4904 3087 4971 justitia
3124 4913 3446 4955 convertatur
3488 4904 3543 4954 iu

1981 4994 2272 5061 judicium,
2331 5005 2386 5047 ttt
2436 4996 2651 5049 doceret
2697 5010 2791 5047 nos
2846 4995 2970 5060 quid
3017 5000 3158 5046 esset
3210 4992 3432 5059 justitia,
3464 4991 3543 5043 in-

1599 5083 1827 5138 V'ARIAS
1876 5080 2275 5135 LECTIONES.

412 5179 501 5211 ³⁶⁹¹
538 5196 659 5231 mss.
704 5181 766 5232 de
806 5181 985 5232 Gratia
1013 5188 1065 5231 et
1118 5179 1283 5231 lihero
1349 5176 1590 5229 arbitrio.

1668 5174 1759 5204 “”
1786 5172 1956 5241 Opera
2014 5173 2075 5223 al
2119 5172 2341 5224 salutem
2394 5190 2514 5224 mss.
2582 5172 2711 5236 Vict.
2764 5183 2809 5224 ct
2863 5174 3046 5225 (ἣδιον.
3098 5187 3256 5241 opera
3306 5182 3359 5222 et
3400 5167 3541 5241 stilu-

342 5261 450 5301 tent
522 5248 613 5279 "'”
654 5246 910 5310 Quoniam
955 5248 1101 5299 multi
1134 5263 1256 5298 mss.
1290 5246 1539 5311 quoniam
1608 5236 2242 5311 multosgrm'ﬁituntur
2295 5251 2349 5292 ut
2402 5242 2535 5311 bene
2582 5244 2779 5311 vivant,
2842 5242 2930 5308 qui
2972 5258 3094 5293 mss.
3135 5236 3231 5293 ﬁniti
3277 5236 3539 5311 sentiunt.

342 5320 431 5383 qui
506 5316 794 5380 “"thui
853 5316 1053 5367 monita
1108 5331 1230 5367 mss.
1272 5327 1325 5367 et
1397 5314 1519 5383 quia
1558 5312 1757 5364 munita

1834 5298 1922 5340 έσντ
1976 5304 2234 5360 Virtntmi
2287 5319 2341 5361 et
2395 5308 2681 5361 eﬂicaeiam
2747 5298 2873 5362 mss:
2922 5312 3173 5362 virtutum
3250 5303 3542 5357 efﬁcaciam

344 5368 436 5417 θ’θ’
467 5385 582 5437 ll;re
609 5368 959 5437 erit'iuteutio
994 5399 1113 5433 mss.
1174 5386 1283 5435 hinc
1332 5368 1433 5436 erit
1482 5388 1660 5433 nostra
1711 5376 1934 5431 intentio
2010 5378 2099 5409 3°”
2132 5377 2206 5428 Sit
2238 5379 2375 5431 hoc;
2406 5388 2461 5428 ut
2484 5392 2641 5445 supra
2698 5377 2827 5439 dixi,
2879 5377 3127 5445 quamde
3170 5374 3259 5425 illo
3309 5388 3432 5445 mss.
3476 5368 3542 5423 tit

344 5451 477 5511 lnne,
512 5464 565 5504 ut
590 5467 746 5518 supra
776 5451 905 5518 dixi,
939 5452 1178 5515 qua-stin.
1209 5452 1305 5501 nisi
1340 5452 1404 5503 de
1445 5448 1531 5501 illo
1607 5447 1696 5477 ³⁷⁰⁰
1730 5446 1937 5497 Salvari
1972 5460 2073 5513 non
2105 5454 2278 5512 potest
2308 5462 2426 5497 mss.
2460 5441 2649 5499 solvar;
2682 5454 2853 5514 potest
2898 5441 3019 5475 ’⁸⁷⁰¹
3053 5443 3228 5497 Sacrae
3263 5441 3542 5494 scripturn.-

346 5530 595 5571 tuonstrat
623 5536 741 5570 tttSs.
789 5517 914 5567 l'tct.
947 5531 990 5569 et
1024 5519 1203 5569 llisler.
1239 5534 1391 5568 sacra
1440 5532 1577 5570 szt'ne
1631 5524 1891 5567 monstrat

657 5612 917 5670 ιἈτιιυι..
962 5607 1226 5670 CLVIII.

3159 5602 3224 5659 l7
