4240 6260
1346 50 1357 51 η
1396 41 1654 50 ____-—————

312 238 424 295 5'25

1090 222 1209 287 'DE
1245 231 1577 287 C‘JNCORD.
1619 223 1879 285 i’RESC.
1910 228 2017 283 DEI
2054 228 2192 283 CUM
2233 228 2355 282 ιιιι.
2397 229 2669 306 ᾼΠΒΙΊΊὶ.

2020 36 2327 44 __—_—-—

3393 220 3504 277 Sic

314 361 419 415 per
452 344 699 415 gratiam.
745 344 920 421 Sieug
939 357 1065 411 ergo
1110 344 1251 397 illam
1295 342 1470 396 nullus
1508 343 1720 411 accipit,
1764 342 1867 395 nisi
1897 343 1943 403 Α
1969 340 2231 409 gratiam:
2270 339 2418 406 quasi
2468 340 2577 393 sola
2614 341 2803 404 gratia,
2834 348 2922 391 aut
2969 336 3197 390 liberant
3244 335 3522 388 arbitrium

323 436 490 503 gratia
538 433 937 501 prmveniente;
992 431 1061 484 ita
1117 430 1291 484 nullus
1339 445 1457 483 eam
1502 440 1704 495 servat,
1765 429 1866 482 nisi

330 523 511 577 eadem
560 522 731 591 gratia
773 522 1146 589 subsequente.
1204 518 1427 588 Nempe,
1483 519 1723 588 quamvis
1782 518 1867 570 illa

331 619 564 665 servetur
609 624 705 677 per
737 608 961 663 liberum
1018 609 1331 670 arbitrium,
1386 625 1487 663 non
1553 619 1729 673 tamen
1786 615 1873 663 est

333 709 530 769 tantum
553 697 917 767 imputandum
941 696 1106 753 libero
1125 698 1365 759 arbitrio,
1388 707 1642 767 quantum
1664 696 1871 768 gratiae,

331 803 443 842 cum
473 788 583 841 haec
618 786 878 841 rectitudo
905 796 1172 851 servatur;
1203 787 1451 855 quoniam
1479 788 1621 841 illam
1646 787 1873 841 liberum

329 876 604 929 arbitrium
657 877 869 933 nonnisi
924 892 1022 947 per
1077 879 1303 949 gratiam
1354 878 1761 948 przevenientem
1820 884 1876 931 et

330 964 732 1034 subsequentem
782 967 942 1029 habet
996 976 1049 1022 et
1094 976 1287 1023 servat.
1340 966 1430 1022 Sic
1478 964 1671 1021 autem
1704 966 1873 1036 gratia

329 1054 670 1124 subsequitur
694 1056 890 1110 donum
920 1071 1094 1122 suum,
1128 1065 1187 1110 ut
1208 1071 1482 1127 nunquam
1501 1056 1615 1110 sive
1653 1069 1875 1123 parvum

329 1144 439 1199 sive
483 1140 731 1213 magnum
762 1146 853 1210 sit,
894 1145 1022 1199 illud
1065 1146 1191 1200 dare
1230 1146 1461 1210 deﬁciat,
1509 1145 1609 1199 nisi
1654 1144 1875 1200 liberum

331 1230 605 1314 arbitrium
648 1232 875 1287 volendo
932 1232 1096 1296 aliud,
1148 1232 1525 1308 rectitudinem
1577 1231 1672 1263 ⁸⁷³⁸
1716 1230 1874 1300 quam

329 1320 569 1388 accepit,
621 1320 853 1375 deserat.
914 1320 1194 1390 Nunquam
1245 1322 1387 1376 enim
1432 1331 1712 1390 separatur
1768 1323 1896 1392 haec,

329 1407 594 1463 rectitudo
626 1422 662 1461 a
692 1408 982 1475 voluntate,
1015 1410 1116 1464 nisi
1142 1410 1358 1479 quando
1397 1400 1540 1463 aliud
1578 1410 1707 1475 vult,
1735 1413 1877 1481 quod

326 1496 453 1550 huic
494 1498 799 1552 rectitudiui
850 1512 954 1557 non
1005 1499 1326 1565 concordat;
1382 1502 1559 1565 sicut,
1599 1516 1723 1555 eum
1761 1503 1880 1570 quis

327 1586 523 1655 accipit
554 1586 925 1642 rectitudinem
973 1588 1186 1643 valendi
1223 1590 1587 1653 sobrietatem,
1624 1601 1678 1645 et
1710 1590 1880 1658 rejicit

325 1690 444 1731 eam
511 1676 732 1731 volendo
799 1677 1203 1734 immoderatam
1262 1678 1473 1737 bibendi
1536 1679 1877 1749 voluptatem.

325 1764 481 1831 Quod
523 1780 643 1820 cum
688 1764 814 1821 facit
856 1782 952 1822 sua
1000 1767 1288 1831 voluntate,
1332 1776 1387 1822 et
1432 1768 1551 1822 ideo
1587 1782 1682 1822 sua
1728 1769 1882 1837 culpa

326 1853 505 1920 perdit
529 1852 755 1922 gratiam
798 1868 954 1922 quam
983 1856 1212 1924 accepit.
1253 1854 1481 1925 Adjuvat
1509 1855 1670 1908 etiam
1712 1854 1883 1922 gratia

326 1936 568 1997 liberum.
597 1942 897 2006 arbitrium,
925 1945 1139 2012 quando
1166 1952 1225 1997 ut
1267 1945 1475 1999 deserat
1509 1944 1884 1999 rectitudinem

327 2041 609 2101 acceptam
639 2032 1002 2102 impugnatnr,
1035 2033 1324 2103 mitigando
1348 2042 1440 2086 aut
1472 2034 1682 2100 penitus
1714 2018 1919 2087 remo-l

326 2122 504 2175 vendo
556 2121 661 2174 vim
714 2121 1018 2175 tentationis
1071 2122 1477 2191 impugnantis,
1512 2129 1602 2174 aut
1649 2122 1885 2193 augendo

230 2205 235 2209 ’
326 2210 579 2275 saeclum
612 2210 851 2279 ejusdem
877 2208 1233 2264 rectitudinis.
1262 2209 1517 2277 Denique,
1546 2212 1667 2262 eum
1706 2208 1884 2262 omnia

323 2295 645 2363 subiaceant
672 2297 999 2365 dispositioni
1040 2297 1150 2360 Dei,
1194 2297 1446 2365 quidquid
1490 2297 1748 2367 contingit
1792 2298 1886 2350 ho-

324 2384 485 2447 mini,
526 2382 666 2452 quod
710 2384 922 2453 adjuvet
957 2374 1177 2439 liberum
1206 2384 1484 2438 arbitrium
1514 2385 1580 2437 ad
1621 2382 1887 2451 accipien-

325 2474 453 2527 dum
486 2480 583 2528 aut
607 2466 673 2527 ad
700 2473 1019 2528 servandum
1054 2473 1210 2538 hane,
1243 2474 1311 2528 de
1348 2489 1449 2542 qua
1492 2473 1697 2541 loquor,
1732 2473 1889 2527 recti-

327 2562 593 2627 tudinem,
639 2570 811 2615 totum
856 2561 1041 2631 gratia:
1088 2562 1451 2630 imputandum
1496 2572 1576 2614 est
1620 2560 1732 2611 δυ’.
1770 2560 1885 2612 Dixi

326 2665 548 2704 omnem
572 2647 831 2717 justitiam
860 2659 981 2704 esse
1024 2650 1394 2704 rectitudinem
1442 2650 1724 2703 voluntatis
1767 2660 1892 2717 pro-

240 2762 241 2765 η
322 2747 450 2807 pter
478 2752 540 2793 se
566 2746 853 2792 servatam.
904 2736 1055 2793 Unde
1082 2739 1328 2808 sequitur
1362 2753 1573 2794 omnem
1606 2738 1886 2791 habentem

326 2829 473 2883 hanc
505 2829 874 2897 rectitudinem
893 2828 1099 2882 habere
1122 2829 1404 2901 justitiam,
1431 2837 1485 2881 ct
1512 2842 1631 2881 esse
1652 2828 1881 2896 justum;

1966 429 2134 491 solum
2159 428 2381 503 sufﬁciat
2406 427 2472 479 ad
2501 428 2807 481 salvandum
2838 427 3128 489 hominem,
3152 428 3292 480 sicut
3317 424 3528 477 videtur

1969 519 2070 571 illis
2098 518 2188 593 qui
2222 518 2359 571 hanc
2387 517 2589 570 faciunt
2625 516 2990 583 qum-stionem.
3036 516 3111 568 Ita
3146 515 3342 584 quippe
3368 511 3526 565 intel-

1970 608 2172 675 ligenda
2224 616 2349 663 sunt
2398 607 2537 662 dicta
2587 606 2795 666 divina;
2854 616 2932 665 ut,
2965 606 3063 658 hoc
3116 615 3343 673 excepto
3386 600 3525 669 quod

1971 698 2078 750 dixi
2106 698 2172 750 de
2217 695 2527 760 infantibus,
2560 708 2658 765 nec
2688 692 2798 746 sola
2836 693 3025 759 gratia,
3073 707 3172 745 nec
3198 692 3365 746 solum
3394 691 3526 745 libe—

1972 800 2103 839 rum,
2131 786 2408 840 arbitrium
2448 785 2671 839 salutem
2727 783 2957 837 hominis
3001 790 3267 849 operetur.
3319 782 3523 849 Quippe

1973 888 2093 928 enm
2128 873 2258 927 dicit
2305 874 2599 928 Dominus:
2647 872 2770 925 Sine
2806 886 2886 923 me
2935 869 3067 923 nihil
3103 870 3311 937 potestis
3360 871 3529 936 facere

1975 961 2151 1033 (Joan.
2185 978 2272 1027 xv,
2426 978 2529 1015 non
2579 962 2693 1015 ait:
2744 960 2885 1014 Nihil
2926 960 3066 1013 valet
3097 958 3247 1012 vobis
3296 966 3529 1010 vestrum

1976 1057 2200 1110 liberum
2235 1055 2550 1115 arbitrium;
2593 1053 2684 1107 sed
2722 1053 2852 1107 nihil
2895 1061 3070 1120 potest
3116 1051 3231 1104 sine
3267 1047 3360 1079 ³⁷¹⁸
3414 1060 3531 1100 mea

1977 1145 2169 1215 gratia.
2208 1144 2421 1197 Etcum
2453 1141 2684 1210 legitur:
2721 1138 3173 1207 Nequevolentis,
3219 1151 3377 1206 mque
3410 1148 3532 1186 cur-

1976 1232 2154 1296 rentia,
2179 1231 2269 1285 sed
2292 1229 2576 1283 miserentis
2605 1239 2677 1281 est
2710 1227 2801 1280 Dei
2828 1225 3003 1297 (Rom.
3044 1242 3102 1287 ιι,
3135 1225 3219 1294 16)
3246 1242 3261 1275 :
3296 1239 3400 1277 non
3431 1236 3530 1281 ne»

1976 1331 2132 1386 gatur
2161 1321 2213 1373 in
2237 1320 2464 1381 volente,
2496 1327 2549 1372 et
2578 1318 2629 1371 in
2657 1325 2908 1371 currente
2937 1316 3031 1346 ³⁷³³
3049 1314 3249 1381 aliquid
3274 1315 3527 1382 prodesse

1976 1407 2199 1463 liberum
2226 1408 2536 1472 arbitrium;
2578 1407 2670 1459 sed
2700 1405 3037 1477 significatur
3066 1418 3168 1455 non
3205 1417 3322 1455 esse
3358 1401 3531 1469 impu-

1981 1495 2195 1549 tandum
2234 1495 2401 1549 libcro
2445 1494 2666 1549 arbitrio
2713 1493 2852 1561 quod
2901 1491 3012 1545 vult
3056 1499 3109 1545 et
3147 1488 3287 1558 quod
3342 1486 3571 1548 currit..

1984 1584 2074 1640 sed
2105 1585 2307 1653 gratim.
2348 1584 2478 1636 Nam
2524 1598 2644 1638 eum
2695 1582 2805 1634 ait:
2857 1581 3035 1650 Neque
3085 1580 3339 1643 volemis,
3377 1593 3537 1646 neque

1984 1675 2234 1728 currentis
2270 1683 2362 1737 est,
2399 1672 2816 1727 subaudiendum
2855 1680 2960 1735 est,
3000 1670 3136 1739 quod
3173 1668 3278 1722 vult
3317 1678 3363 1721 et
3398 1666 3537 1743 quod

1980 1765 2181 1818 currit:
2212 1761 2354 1816 velut
2397 1777 2518 1815 cum
2565 1762 2755 1831 aliquis
2800 1762 2962 1824 nudo,
2987 1760 3071 1815 cui
3112 1759 3243 1813 nihil
3271 1758 3448 1829 debet,
3480 1754 3536 1810 et

1983 1846 2074 1921 qui
2116 1850 2319 1915 nullum
2369 1864 2397 1902 a
2447 1862 2506 1902 se
2549 1858 2739 1917 potest,
2769 1849 3133 1903 indumentum
3182 1849 3396 1908 habere,
3446 1847 3539 1900 dat

1994 1934 2233 2009 vestcm';
2279 1958 2381 1997 non
2430 1950 2626 2006 tamen,
2661 1942 2900 2010 quamvis
2936 1941 3048 2008 ipse
3084 1941 3279 1993 habeat
3306 1948 3538 2008 potesta-

1985 2045 2089 2091 tem
2148 2034 2326 2087 utendi
2378 2039 2431 2086 et
2490 2044 2596 2085 non
2648 2031 2831 2085 utendi
2884 2038 3101 2098 accepta
3153 2038 3321 2091 veste,
3375 2029 3420 2081 si
3474 2044 3538 2081 ea

1982 2127 2168 2186 utitur,
2197 2123 2560 2191 imputandum
2591 2130 2672 2187 est
2702 2122 2890 2176 induto.
2919 2122 3041 2189 quia
3070 2118 3281 2173 indutus
3306 2125 3412 2178 est,
3446 2118 3568 2172 sed-

1984 2214 2127 2266 danti
2158 2220 2376 2266 vestem.
2418 2210 2753 2279 Quapropter
2805 2212 2873 2262 ita
2915 2208 3018 2261 dici
3050 2218 3262 2278 potest:
3302 2207 3422 2260 Non
3466 2218 3541 2259 est

1983 2301 2151 2354 induti
2170 2300 2306 2367 quod
2322 2308 2397 2351 est
2422 2298 2652 2359 indutus,
2678 2297 2766 2350 sed
2790 2296 3111 2371 miserantis;
3144 2294 3193 2346 id
3217 2304 3299 2347 est
3329 2303 3533 2349 vestem

1985 2389 2178 2442 dantis.
2215 2386 2378 2441 Multo
2408 2399 2538 2441 vero
2582 2385 2749 2455 magis
2790 2385 2891 2438 hoc
2921 2384 3209 2446 diceretur,
3239 2384 3283 2437 si
3315 2382 3400 2436 ille
3446 2383 3551 2450 qui

1986 2476 2130 2531 dedit
2171 2484 2411 2541 vestem,
2456 2475 2697 2539 dedisset
2728 2475 2887 2527 etiam
2929 2482 3244 2542 potestatem
3289 2474 3540 2527 servandi

1986 2579 2103 2619 eam
2140 2575 2195 2620 et
2223 2566 2444 2621 utendi:
2494 2566 2634 2619 sicut
2663 2563 2800 2619 Deus
2847 2563 3070 2627 homini,
3103 2578 3222 2616 cum
3269 2564 3359 2617 dat
3387 2564 3541 2617 recti-

1988 2660 2221 2719 tudinem
2260 2653 2564 2724 saepefatam
2602 2654 2716 2715 ³⁷²⁰,
2760 2653 2848 2706 dat
2876 2652 3037 2707 etiam
3083 2660 3396 2721 potestatem
3424 2666 3543 2706 ser-

1985 2748 2141 2800 vandi
2172 2754 2226 2800 et
2256 2745 2469 2809 utendi;
2501 2744 2633 2812 quia.
2661 2742 2806 2797 dedit
2830 2743 2978 2810 prius
3005 2741 3231 2796 liberum
3258 2742 3540 2796 arbitrium

1986 2837 2049 2891 ad
2077 2833 2392 2889 servandum
2425 2832 2565 2886 illam
2604 2840 2658 2885 et
2707 2832 2981 2885 utendum.
3026 2830 3081 2885 Si
3115 2848 3239 2885 vero
3268 2833 3411 2885 nudo
3454 2836 3541 2886 cui

322 2917 591 2987 quoniam
625 2917 798 2971 omnis
846 2916 1046 2971 habens
1089 2916 1350 2982 justitiam
1387 2916 1561 2982 justus
1607 2925 1709 2970 est.
1770 2916 1885 2969 Non

1991 2922 2127 2977 nihil
2168 2921 2452 2975 deberetur
2480 2916 2593 2981 '7",
2620 2934 2722 2973 non
2751 2920 2969 2973 daretur
3008 2918 3201 2984 vestis;
3232 2929 3321 2972 aut
3348 2921 3392 2973 si
3423 2922 3538 2987 ipse

326 3012 513 3059 tamen
561 3004 732 3058 sentio
754 3002 916 3071 justis
963 3005 1210 3058 omnibus
1236 3004 1549 3072 promissam
1579 3018 1695 3056 esse
1724 3003 1885 3055 vitam

322 3101 667 3163 perpetuam,
693 3094 786 3147 sed
816 3092 920 3147 illis
952 3101 1153 3146 tantum
1182 3107 1273 3161 qui
1298 3104 1419 3145 sunt
1435 3091 1566 3159 justi
1594 3094 1712 3147 sine
1743 3092 1886 3145 omni

323 3181 617 3253 i’njustltia.
670 3181 744 3235 llli
795 3170 937 3237 enim
992 3182 1205 3251 prpprie
1254 3191 1308 3236 et
1353 3183 1595 3237 absolute
1640 3182 1888 3235 dicuntur

317 3272 457 3341 justi
489 3280 545 3326 et
570 3256 905 3326 recti'eordc.
935 3273 1028 3331 Est
1054 3272 1195 3326 enim
1223 3272 1413 3339 aliquis
1453 3271 1741 3351 secundum
1784 3272 1882 3321 ali-

324 3361 458 3429 quid
494 3360 692 3430 justus,
738 3368 794 3414 et
837 3359 1124 3415 secumlum
1173 3354 1371 3428 aliquid
1426 3359 1671 3426 injustas,
1711 3361 1886 3428 utqui

323 3458 520 3504 castus
542 3457 626 3502 est
672 3457 725 3503 et
754 3448 963 3501 invidus
992 3447 1103 3498 ³⁷¹⁶.
1152 3447 1371 3500 Talibus
1414 3463 1515 3502 non
1567 3442 1887 3514 promittitur

323 3538 607 3592 beatitudo
643 3535 940 3604 justorum;
987 3537 1260 3605 quoniam,
1290 3536 1425 3590 sicut
1454 3551 1575 3588 vera
1620 3535 1889 3588 beatitudo

323 3634 411 3678 est
439 3625 562 3687 sine
580 3624 730 3691 omni
775 3623 1085 3688 indigentia,
1134 3622 1207 3675 ita
1247 3623 1373 3674 nulli
1421 3623 1578 3675 datur
1624 3622 1889 3688 nisijusto

230 3764 233 3769 .
324 3721 449 3773 sine
501 3713 648 3786 omni
695 3713 975 3779 iniustitia.
1001 3711 1156 3777 Nam,
1181 3714 1426 3780 quoniam
1475 3710 1742 3767 beatitudo
1774 3730 1890 3781 qua;

317 3804 491 3873 justis
546 3794 892 3871 promittitur,
943 3802 1046 3854 erit
1087 3800 1376 3853 similitudo
1409 3802 1713 3866 angelorum
1759 3804 1886 3855 Dei:

325 3896 476 3948 sicut
502 3890 563 3944 in
609 3889 808 3954 angelis
835 3889 988 3942 bonis
1016 3889 1155 3941 nulla
1182 3897 1265 3941 est
1299 3888 1571 3955 injustitia,
1607 3889 1674 3941 ita
1717 3881 1909 3944 nullus

324 3983 435 4036 illis
479 3980 786 4035 soeiabatur
826 3993 944 4035 cum
992 3977 1165 4044 aliqua
1195 3976 1470 4044 injustitia.
1504 3976 1891 4041 Quomoloau-

325 4084 440 4128 tem
490 4072 585 4125 ﬁat
616 4071 772 4124 homo
801 4069 915 4123 sine
954 4069 1097 4122 onmi
1147 4067 1579 4134 injustitia,~non
1607 4078 1694 4123 est
1736 4069 1891 4137 hujus

325 4160 507 4215 nostri
541 4160 791 4227 propositi
839 4154 1137 4212 ostendere.
1186 4156 1398 4210 Scimus
1430 4166 1603 4210 tamen
1634 4159 1759 4212 -boe
1796 4169 1926 4226 pcr'

1989 3021 2259 3078 acceptam
2285 3009 2598 3079 projiceret;
2619 3007 2750 3060 nulli
2779 3008 2881 3061 nisi
2920 3008 3015 3075 ipsi
3050 3008 3398 3077 imputaretur
3424 3008 3538 3076 ejus

1991 3098 2217 3150 nuditas.
2264 3093 2365 3159 Ita,
2408 3108 2529 3147 cum
2570 3093 2708 3147 Dens
2750 3091 2906 3146 alicui
2940 3104 3195 3161 concepto
3237 3103 3291 3148 et
3319 3103 3441 3148 nato
3484 3096 3540 3148 in

1988 3194 2227 3257 peccato,
2273 3185 2355 3239 cui
2390 3182 2517 3238 nihil
2562 3180 2664 3236 nisi
2712 3198 2923 3250 poenam
2972 3182 3149 3247 debet.
3182 3185 3271 3238 dat
3316 3184 3451 3239 velle
3487 3192 3539 3240 et

1987 3290 2231 3338 currere;
2259 3289 2361 3327 non
2409 3283 2491 3326 cst
2518 3271 2762 3334 volentis,
2799 3288 2970 3339 neque
2998 3275 3282 3335 currentis,
3320 3275 3413 3328 sed
3444 3276 3539 3329 mi—

1987 3363 2214 3418 serentis
2242 3369 2323 3414 est
2351 3359 2481 3412 Dei:
2530 3367 2584 3413 et
2618 3356 2707 3426 qui
2733 3359 2971 3421 earndem
3008 3361 3235 3427 gratiam
3269 3374 3372 3414 non
3402 3361 3529 3414 acci-

1986 3454 2065 3521 pit
2104 3462 2197 3505 aut
2243 3463 2514 3533 acceptam
2544 3447 2735 3514 reiicit,
2764 3447 2876 3517 ejus
2900 3457 3001 3509 est,
3036 3464 3136 3503 non
3178 3450 3291 3515 De},
3320 3450 3459 3520 quod
3486 3450 3537 3503 in

1989 3556 2082 3595 Sua
2109 3540 2301 3593 duritia
2338 3548 2393 3592 et
2421 3539 2702 3605 iniquitate
2732 3549 3029 3607 permanet.
3066 3542 3203 3594 Idem
3240 3542 3536 3597 intellectus

1989 3628 2259 3682 habendus
2289 3636 2367 3681 est
2409 3628 2458 3679 in
2504 3626 2639 3686 aliis,
2667 3626 2719 3679 in
2766 3628 2957 3694 quibus
2984 3627 3255 3696 Scriptura
3307 3630 3537 3699 loquitur

1991 3732 2084 3785 pro
2106 3718 2295 3786 gratia,
2334 3715 2489 3784 130
2519 3718 2575 3766 ut
2600 3714 2802 3767 sciliCet
2830 3714 3053 3768 liberum
3078 3730 3183 3768 non
3223 3716 3536 3772 excludatur

1980 3803 2285 3862 arbitrium.
2328 3802 2593 3857 ‘Siuiiliter
2630 3803 2841 3869 quando
2898 3801 2969 3853 ita
3020 3800 3305 3870 loquuntur
3358 3805 3536 3860 divina

1991 3892 2151 3955 dicta,
2181 3902 2239 3944 ut
2265 3891 2435 3945 libero
2460 3892 2681 3952 arbitrio
2720 3890 2816 3943 soli
2863 3891 3142 3945 videantur
3166 3894 3389 3947 salutem
3434 3896 3533 3950 lto-

1992 3983 2146 4035 miuis
2174 3982 2482 4044 attribuere,
2525 3980 2666 4033 nullo
2715 3981 2980 4034 int'cllectu
3028 3984 3195 4051 gratia
3235 3987 3533 4052 separanda

1991 4082 2089 4126 est.
2108 4071 2256 4124 Sicut
2277 4080 2425 4137 ergo,
2454 4069 2697 4136 quamvis
2720 4069 2979 4122 naturalis
3009 4083 3134 4122 usus
3166 4085 3266 4122 non
3294 4082 3534 4137 procreet

1990 4163 2187 4231 prolem
2216 4161 2331 4214 sine
2378 4169 2546 4229 patre,
2574 4174 2673 4212 nec
2696 4160 2795 4212 nisi
2826 4176 2920 4227 per
2949 4164 3191 4225 matrem,
3226 4178 3326 4215 non
3358 4172 3534 4219 tamen

321 4258 522 4303 sancta
568 4248 743 4301 studia
791 4246 1093 4300 Christiano
1137 4245 1246 4307 ’7",
1302 4254 1355 4297 et
1404 4260 1500 4313 per
1542 4247 1765 4313 gratiam
1799 4248 1886 4300 Dei
1920 4242 1963 4294 Ι)
1990 4260 2222 4305 removet
2259 4249 2395 4302 ullus
2445 4248 2743 4301 intellectus
2779 4258 2869 4301 aut
2913 4260 3138 4317 patrem,
3173 4261 3263 4302 aut
3309 4259 3543 4306 matrem

320 4352 447 4392 esse
479 4335 752 4405 possibile.

318 4429 455 4491 Cn.
509 4426 552 4480 ν
594 4426 688 4498 [aL
732 4424 868 4495 XV].
922 4453 990 4463 ~-—
1039 4424 1385 4498 Eiuc‘i‘dnutur
1435 4422 1888 4498 Sgripturm,_qure

392 4498 499 4615 5052'
531 4492 731 4563 griztiw,
760 4492 957 4560 et—qme
999 4495 1095 4545 soli
1140 4492 1362 4544 libertati
1405 4493 1621 4543 salutem
1668 4494 1889 4545 tribuere

388 4568 439 4618 vi
484 4572 656 4615 eutur.
1012 4566 1015 4569 λ

393 4653 456 4706 Si
490 4652 629 4704 bene
670 4649 1071 4703 eonsiderentur
1096 4663 1213 4716 qum
1255 4648 1394 4701 dicta
1423 4656 1567 4711 sunt,
1594 4658 1775 4716 aperte
1800 4666 1887 4705 co-

213 4732 229 4745 ’
311 4739 612 4813 gnoseitur
658 4738 791 4805 quia
825 4751 946 4789 cum
995 4734 1191 4802 aliquid
1222 4735 1353 4798 dicit
1401 4749 1556 4788 sacra
1604 4736 1881 4803 Scriptura

313 4848 413 4896 pro
447 4826 651 4897 gratia,
683 4832 785 4877 non
822 4832 1029 4875 amovet
1063 4822 1279 4875 omnino
1312 4824 1534 4877 liberum
1566 4824 1879 4885 arbitrium;

314 4933 533 4988 mque,
566 4931 683 4969 runt
726 4914 958 4979 loquitur
1004 4926 1099 4978 pro
1143 4911 1307 4965 libero
1356 4912 1603 4973 arbitrio,
1653 4914 1887 4967 cxdudit

1988 4357 2016 4415 ξι
2038 4336 2391 4413 generatione
2418 4338 2608 4405 prolis;
2639 4337 2710 4390 ita
2732 4338 2899 4405 gratia
2924 4348 2977 4391 et
3004 4338 3223 4391 liberum
3252 4340 3533 4394 arbitrium
3608 4378 3623 4389 η.

1988 4445 2090 4483 non
2127 4415 2450 4491 discordant,
2474 4428 2566 4480 sed
2606 4426 2927 4479 conveniunt
2957 4426 3021 4479 ad
3052 4425 3437 4480 iustiﬁcandum
3481 4439 3535 4484 et

1988 4518 2295 4573 salvandum
2318 4516 2605 4570 hominem.

1989 4607 2116 4661 Car.
2156 4604 2358 4674 γιιαι.
2398 4601 2559 4674 XVI].
2589 4602 2951 4674 —~;—_Quomorl0
2982 4620 3083 4656 non
3127 4605 3191 4656 sit
3230 4621 3531 4665 δριμεῖαι-εει-

2058 4690 2205 4728 neunt
2238 4672 2466 4726 [contines
2490 4673 2557 4724 ad
2589 4672 2764 4737 ﬁdem,
2802 4681 2847 4722 ct
2871 4673 2945 4725 ad,
2972 4687 3031 4722 ea
3065 4685 3178 4737 qua:
3204 4674 3326 4736 fides
3350 4675 3527 4740 erigit,

2057 4744 2290 4796 inritare.

2056 4830 2111 4883 In
2141 4830 2223 4883 his
2251 4837 2447 4893 tamen,
2475 4828 2526 4880 in
2554 4829 2743 4894 quibus
2774 4828 2977 4879 videtur
3000 4825 3271 4893 Scriptura
3302 4828 3526 4880 liberum

1992 4918 2263 4971 arbitrium
2288 4918 2351 4970 al
2381 4926 2522 4970 recte
2544 4914 2818 4966 volenium
2848 4921 2897 4965 et
2929 4908 3251 4981 operandum
3284 4915 3526 4978 invitare,

1591 5064 1815 5117 νςιιιιίΕ
1860 5064 2249 5117 LECTIONES.

391 5191 493 5223 ’7“
533 5186 765 5243 leendo
812 5193 1174 5243 rectitudinczn
1234 5207 1353 5241 mss.
1400 5189 1621 5259 voleudo
1684 5191 1847 5247 aliud.
1904 5192 2264 5244 rectitudiqu
2338 5192 2572 5244 3“55m:
2625 5193 2805 5259 gratim
2865 5192 3226 5258 imminuitur:
3266 5209 3346 5249 est
3399 5218 3518 5254 mss.

322 5272 501 5311 tntum
545 5260 727 5324 gratia:
776 5260 1133 5325 imputandum
1174 5271 1252 5310 est
1324 5258 1414 5287 ³⁷¹⁸
1440 5259 1630 5309 (Iasius
1656 5270 1738 5309 est
1787 5260 1992 5309 invidus
2022 5268 2141 5310 mss.
2173 5268 2345 5311 castus
2373 5270 2450 5313 est
2484 5275 2533 5311 ΓΙ.
2560 5258 2765 5312 invidus
2839 5262 2924 5291 ³⁷¹⁷
2959 5264 3194 5315 l’rrl'ceto
3223 5268 3394 5317 studio
3424 5270 3522 5321 hoc

318 5330 645 5380 Christiano
670 5343 787 5377 mss.
821 5328 917 5377 bne
944 5343 1035 5389 per
1080 5336 1259 5378 sancta
1318 5327 1486 5379 studia
1519 5325 1817 5377 Christiano
1890 5329 1979 5355 ³⁷¹⁹⁸
2011 5327 2142 5377 Nihil
2177 5337 2347 5389 potest
2372 5330 2485 5381 sine
2517 5346 2634 5379 mss.
2658 5326 2800 5387 l-‘rm.
2844 5329 2973 5381 Viri.
3012 5331 3060 5380 5.
3100 5343 3143 5381 Ct
3174 5332 3223 5382 9.
3261 5345 3304 5381 et
3335 5336 3521 5387 (Σίδην.

323 5396 469 5447 Nihil

321 5463 497 5513 fatum

501 5394 723 5462 prodest
752 5396 863 5445 sine

1745 5592 1753 5623 ι

935 5394 1022 5422 ³τ¹⁹
1047 5395 1221 5458 Neque
1247 5397 1294 5445 iu
1344 5402 1587 5444 currente
1626 5411 1745 5445 mss.
1800 5393 1924 5445 l'irt.
1954 5396 2205 5457 miliatrr.
2240 5406 2289 5446 rt
2335 5406 2581 5447 current:

619 5462 703 5491 ’7“
739 5462 831 5512 lini
879 5462 1003 5512 nihil
1051 5463 1271 5511 debetur
1313 5480 1428 5513 mss.
1486 5462 1566 5511 cui
1640 5464 1761 5515 nihil
1805 5464 2080 5517 deberetur

2658 5398 2745 5425 37“
2786 5398 2934 5465 Su-pe
2958 5407 3153 5448 tat'taut
3205 5417 3322 5451 mss.
3383 5417 3522 5471 saepe
