4240 6194
553 189 683 298 ,χέῃ

1225 214 1513 272 assensu
1551 212 1893 268 caurum.
1936 211 2227 265 anetntzr

2217 215 2245 260 ⁵.
2285 208 2433 260 OH‘.
2480 206 2653 258 l‘AllS
2691 206 2728 261 1.
2767 233 2835 242 —-—
2876 198 3287 256 DOGMATICA.

3705 196 3802 249 5'28

591 336 870 396 difﬁcultas
917 343 1016 387 est.
1062 333 1326 397 ριιῖιξνὶιιιι·
1352 346 1447 383 cur
1484 329 1750 382 hominem
1800 327 1890 358 ³⁷η
1947 326 2137 376 invitat
2169 327 2210 381 Α
2240 318 2396 386 quo],
2426 316 2671 381 voluntas
2717 315 2890 365 facere
2936 310 3138 378 nequit,
3178 305 3800 371 uisi3ue1:epta_reetitu-

589 428 655 478 ad
682 435 822 480 recte
853 424 1151 483 volcndum,
1180 431 1232 472 et
1259 437 1426 489 quare
1453 421 1626 484 arguit
1652 437 1753 471 non
1782 418 2136 473 obedientem,

589 533 708 569 eum
750 518 911 582 ipsam
963 513 1332 567 rectitudinem
1382 526 1538 563 nemo
1581 510 1764 576 pessit,
1815 507 1912 558 nisi
1970 505 2135 573 gratia

587 611 765 666 dante,
799 606 990 658 habere
1024 605 1100 655 vel
1148 605 1433 670 arripere?
1481 600 1761 654 Sciendum
1807 597 1967 663 quia,
2003 596 2140 647 sient

588 707 724 752 terra
759 697 1170 748 inmunerahiles
1202 696 1391 746 herbas
1436 703 1486 743 et
1517 692 1756 746 arbores,
1800 687 1915 738 sine
1945 684 2140 750 quilms

583 789 816 841 humana
846 798 1038 838 natura
1067 785 1244 848 alitur,
1274 792 1365 834 aut
1409 781 1569 834 etiam
1597 778 1791 846 quibus
1837 765 2134 843 perimitur,

585 877 702 929 sine
745 876 887 928 muni
941 874 1168 927 hominis
1199 886 1324 924 cura
1371 867 1609 939 profert;
1661 867 1778 920 illas
1822 880 1971 925 vero,
2022 878 2142 930 qua:

589 969 741 1021 nobis
786 967 849 1019 ad
879 966 1041 1016 vitam
1080 962 1413 1013 nutriemlam
1462 958 1693 1011 maxime
1722 965 1846 1010 sunt
1888 969 2137 1008 necessa—

589 1059 702 1121 riae,
739 1057 849 1117 '7",
885 1070 988 1106 non
1029 1053 1145 1116 sine
1175 1065 1364 1120 magno
1395 1051 1576 1102 labore
1603 1059 1762 1116 atque
1791 1044 2013 1105 cultore,
2041 1061 2138 1096 nec

589 1147 786 1212 absque
819 1141 1110 1201 seminibus
1145 1157 1160 1194 :
1194 1141 1264 1192 ita
1295 1138 1451 1194 corda
1486 1140 1714 1189 humana
1743 1135 1858 1186 sine
1897 1133 2137 1184 doctrina

587 1236 700 1298 sive
746 1232 920 1289 studio
949 1240 1138 1299 sponte
1169 1231 1318 1297 quasi
1364 1229 1668 1294 germinant
1698 1223 2047 1291 cogitationes
2086 1229 2140 1272 et

585 1325 886 1376 voluntates
939 1320 1068 1372 nihil
1118 1319 1272 1370 utiles
1318 1317 1495 1377 saluti,
1549 1325 1641 1366 aut
1696 1315 1858 1366 ctiam
1918 1311 2136 1369 noxias;

588 1413 704 1464 illas
759 1425 903 1470 vero,
959 1409 1074 1459 sine
1125 1406 1318 1474 quibus
1371 1405 1437 1456 ad
1488 1402 1711 1454 salutem
1773 1399 1963 1452 anima:
2034 1413 2136 1450 non

582 1497 911 1568 proficimus,
945 1509 1276 1565 nequaquam
1314 1494 1429 1547 sine
1459 1493 1669 1560 generis
1715 1491 1796 1542 sui
1840 1490 2044 1544 semine
2087 1497 2142 1540 et

587 1586 846 1641 laboriosa
895 1585 1101 1637 cultura
1153 1583 1461 1649 concipiunt
1511 1589 1564 1634 et
1613 1580 1934 1649 germinant.
1992 1577 2141 1631 Unde

573 1679 704 1731 'illos
737 1675 1030 1738 .hotnincs,
1093 1675 1295 1742 quibus
1349 1673 1466 1725 talis
1522 1671 1728 1722 cultura
1791 1668 2139 1736 impenditur,

585 1766 960 1836 agriculturam
1016 1765 1132 1817 Dei~
1161 1763 1206 1828 (1
1249 1763 1368 1816 Cor.
1409 1778 1489 1823 ιιι,
1531 1762 1585 1825 9)
1641 1770 1794 1812 vocat
1835 1758 2141 1826 Apostolus.

586 1857 681 1911 Bst
723 1866 899 1910 autum
933 1867 1114 1908 semen
1165 1853 1320 1920 hujus
1369 1852 1707 1921 agriculturm
1750 1851 1969 1902 verbum
2017 1848 2140 1910 Dei;

587 1950 694 2002 imo
721 1963 821 2000 non
862 1947 1100 2008 verbum,
1133 1947 1224 1999 sed
1252 1960 1440 1998 sensus
1466 1945 1551 2012 qui
1583 1931 1996 2012 percipiturper
2029 1956 2146 1993 ver-

587 2041 749 2093 bum:
803 2054 901 2090 vox
947 2053 1177 2105 namque
1227 2038 1540 2090 siueiseusn
1596 2030 1724 2087 nihil
1771 2034 2046 2086 constituit
2093 2032 2144 2083 in

589 2130 764 2181 corde.
800 2126 905 2180 Nec
935 2126 1106 2179 solum
1151 2133 1340 2178 sensus
1381 2125 1550 2187 verbi,
1598 2127 1689 2182 sed
1739 2123 1912 2174 omnis
1958 2134 2148 2173 sensus

589 2218 672 2272 vel
702 2217 1002 2271 intellecuts
1032 2216 1386 2274 rectitudinis,
1415 2229 1571 2282 quem
1601 2211 1749 2266 incus
1779 2214 2009 2266 lnnnana
2037 2212 2148 2265 sive

586 2324 684 2379 per
708 2307 961 2369 auditum,
989 2306 1100 2359 sive
1129 2319 1222 2374 per
1261 2303 1560 2366 lectionem,
1597 2304 1709 2358 sive
1740 2319 1834 2370 per
1864 2305 2147 2365 rationem,

589 2401 700 2454 sive
744 2398 980 2467 quolibet
1029 2397 1134 2448 alio
1169 2397 1325 2448 modo
1363 2396 1615 2460 concipit,
1666 2409 1846 2448 semen
1895 2401 1976 2446 est
2008 2402 2152 2445 recte

590 2485 796 2538 volcndi
835 2485 946 2534 ⁸⁷⁸⁸⁵.
973 2482 1157 2536 Nullus
1189 2496 1419 2548 namque
1448 2482 1578 2532 velle
1610 2488 1805 2547 potest,
1836 2479 1974 2547 quod
2005 2478 2153 2546 prius

596 2575 762 2624 corde
804 2587 908 2624 non
945 2569 1200 2637 concipit;
1236 2568 1367 2622 velle
1397 2578 1574 2620 autem
1617 2567 1837 2620 credere
1884 2568 2023 2634 quod
2073 2576 2155 2620 εει

593 2661 934 2721 credendum,
975 2668 1064 2711 est.
1099 2666 1244 2712 recte
1291 2657 1443 2711 velle.
1494 2656 1657 2709 Nemo
1689 2670 1815 2722 ergo
1846 2643 2018 2722 potest
2054 2656 2154 2708 hoc

595 2753 684 2784 m5
721 2753 869 2813 velle,
901 2751 942 2802 si
987 2750 1158 2804 nescit
1185 2751 1325 2817 quod
1351 2747 1678 2801 credendum
1710 2756 1812 2799 est.
1845 2745 1978 2798 Cum
2007 2747 2153 2798 cnim

593 2844 939 2912 praemisisset
967 2840 1247 2909 Apostolus
1272 2857 1283 2890 :
1317 2838 1494 2890 Omnis
1525 2839 1815 2905 quicunque
1843 2837 2154 2898 invocaverit

593 2952 776 2988 nomen
810 2935 1036 2996 Domini,
1077 2933 1248 2984 salvus
1270 2932 1365 2983 erit
1395 2930 1571 2998 (Rom.
1607 2930 1659 2993 ᾖ,
1695 2930 1812 2995 15),
1843 2928 2154 2994 subjnnxit:
2188 2955 2230 3013 C

597 3026 866 3089 Quomodo
912 3040 1030 3091 ergo
1059 3023 1364 3076 invocabtmt
1393 3020 1504 3082 ³⁷³⁸,
1535 3021 1586 3072 in
1611 3034 1756 3088 quem
1798 3036 1898 3071 uou
1928 3018 2160 3069 credide-

598 3127 716 3178 runt
742 3118 764 3167 ?
787 3117 883 3166 Aut
924 3115 1179 3183 quomodo
1204 3113 1406 3164 credent
1435 3112 1500 3174 ei,
1549 3125 1694 3179 quem
1719 3127 1819 3161 non
1847 3107 2163 3160 audierunt?

601 3206 869 3270 Quomodo
897 3215 1065 3255 autem
1091 3203 1310 3255 audient
1342 3201 1435 3232 ³⁷³⁸³
1459 3202 1570 3252 sine
1610 3201 1926 3267 prurdirante
1948 3201 1973 3249 ?
2021 3198 2162 3261 Quo-

601 3296 750 3348 modo
784 3310 896 3346 rero
935 3292 1310 3360 pra-dicabant,
1342 3291 1440 3342 nisi
1471 3291 1738 3342 mittuntur
1760 3289 1785 3337 9
1821 3287 2014 3358 (llud,
2053 3286 2160 3352 11.)

600 3389 666 3438 lit
692 3373 850 3453 paulo
885 3392 1040 3453 post:
1078 3381 1215 3452 Ergo
1261 3383 1388 3450 ﬁdes
1431 3383 1510 3434 ex‘
1535 3381 1752 3443 auditu;
1790 3381 2000 3432 auditus
2048 3395 2161 3433 vero

601 3492 689 3542 per
734 3477 938 3528 verbum
984 3472 1176 3525 Christi
1227 3471 1424 3541 (lbid.,
1473 3471 1576 3538 l7).
1617 3470 1767 3535 Quod
1818 3479 1995 3521 autem
2038 3470 2165 3520 dicit

606 3566 762 3618 tidem
801 3577 919 3617 esse
961 3577 1026 3616 ex
1075 3563 1280 3624 auditu,
1315 3560 1717 3627 intelligendum
1750 3568 1831 3611 est
1876 3559 1997 3625 quia
2038 3559 2167 3610 tides

606 3663 685 3708 est
714 3670 775 3707 ex
805 3656 904 3707 hoc
935 3653 1073 3720 quod
1103 3651 1335 3719 concipit.
1373 3665 1530 3706 tuens
1563 3665 1656 3717 per
1688 3650 1966 3711 auditum;
1997 3661 2167 3714 neque

606 3748 678 3797 ita
709 3752 764 3796 ut
789 3743 899 3796 sola
929 3741 1206 3807 conceptio
1235 3741 1430 3793 mentis
1461 3739 1620 3790 faciat
1651 3738 1805 3789 tidem
1839 3737 1888 3788 in
1927 3737 2164 3797 homine,

608 3833 698 3886 sed
738 3831 859 3898 quia
902 3831 1030 3881 lides
1070 3843 1187 3881 esse
1220 3829 1403 3894 nequit
1437 3828 1551 3878 sine
1578 3826 1946 3892 conceptione.
1975 3825 2164 3876 Addita

609 3935 840 3986 namque
862 3918 1180 3972 rectitudine
1208 3918 1413 3970 volendi
1440 3917 1769 3984 eoneeptioui
1802 3931 1894 3983 per
1918 3919 2164 3983 gratiam,

611 4013 671 4064 tit
701 4010 864 4073 ﬁdes;
907 4010 1029 4075 quia
1062 4009 1230 4059 credit
1258 4006 1396 4073 quod
1433 4006 1597 4057 audit.
1627 4005 1851 4056 Auditus
1879 4009 2054 4056 autcln
2087 4015 2167 4058 est

612 4117 705 4170 per
728 4102 946 4154 verbum
989 4099 1207 4162 Christi,
1237 4099 1336 4150 hoc
1375 4107 1455 4151 est
1483 4113 1576 4164 per
1620 4099 1836 4148 verbum
1872 4101 2165 4164 pt‘ahlimu-

615 4194 744 4246 tium
775 4191 1064 4244 Christum.
1089 4189 1449 4241 Przedicantes
1477 4202 1605 4240 vero
1642 4202 1744 4240 non
1774 4196 1896 4239 sunt
1921 4189 2018 4240 nisi
2049 4189 2168 4241 mit-

2241 385 2398 455 tliue:
2434 412 2574 452 recte
2624 415 2853 466 namque
2890 398 3016 459 vult,
3065 411 3183 448 cum
3212 395 3322 446 vult
3351 392 3489 460 quod
3521 385 3698 442 debet.
3728 392 3800 441 Ita

2242 491 2381 556 quod
2409 477 2558 538 mens
2588 503 2648 537 rx
2680 488 2860 537 auditu
2896 487 3042 539 verbi
3073 483 3325 550 concipit,
3350 489 3431 534 est
3459 494 3642 533 semen
3670 494 3803 553 prata

2240 577 2466 629 dicantis
2515 575 2632 637 m“;
2686 583 2740 626 et
2786 574 3048 629 rectitude
3097 580 3178 624 est
3223 571 3610 623 incrementum
3655 551 3803 635 quod

2242 664 2378 716 Dens
2425 665 2537 723 dat,
2580 662 2695 714 sine
2741 676 2847 727 quo
2901 675 3063 726 neque
3108 660 3195 723 qui
3236 658 3455 724 plantat,
3508 671 3665 722 neque
3717 655 3803 722 qui

2240 755 2405 820 rigat,
2456 763 2529 804 est
2570 751 2801 819 aliquid;
2834 750 2932 802 "sed
2965 749 3053 815 qui
3105 749 3468 799 incrementum
3510 748 3621 811 (tot,
3667 745 3802 795 Deus

2195 863 2199 866 ~
2242 840 2288 904 (Ι
2320 840 2438 891 Cor.
2474 856 2550 899 Ill,
2583 841 2653 908 7).
2691 837 2839 896 Sicut
2883 853 3009 904 ergo
3039 838 3176 888 Deus
3215 833 3560 901 inprincipio
3588 848 3682 901 per
3706 832 3819 886 nti-‘

2242 927 2481 978 raculutn
2516 927 2638 978 fecit
2677 926 3024 988 frumentum,
3056 931 3109 974 et
3138 921 3238 973 alia
3271 921 3338 972 de
3364 928 3502 970 terra
3533 919 3803 972 nascentia

2240 1016 2303 1067 ad
2341 1017 2649 1066 alimentum
2685 1016 2954 1066 hominum
2998 1013 3114 1082 sine
3155 1011 3359 1064 etiltore
3397 1018 3447 1061 et
3478 1009 3802 1070 seminibus;

2243 1107 2342 1167 ita,
2395 1107 2530 1158 sine
2559 1107 2787 1158 humana
2829 1103 3069 1155 doezrina
3117 1101 3432 1174 mirabiliter
3476 1100 3599 1152 fecit
3643 1101 3806 1153 ε‹.ι·.1;ι

2242 1183 2639 1263 prophelm-nm,
2668 1204 2721 1246 et
2762 1192 3146 1259 apostolorum,
3181 1206 3276 1246 nec
3309 1205 3410 1242 non
3441 1200 3493 1248 et
3537 1189 3806 1256 evangeli-

2241 1291 2466 1345 starum,
2510 1282 2730 1334 fecunda
2779 1281 2868 1310 ³⁷⁸⁸
2917 1279 3243 1333 salutaribus
3289 1276 3620 1329 seminibus:
3667 1275 3809 1328 unde

2244 1361 2540 1437 aee-ipimns
2563 1369 2818 1436 quidquid
2851 1367 3138 1420 salubriter
3166 1367 3217 1419 in
3250 1365 3574 1429 agrieu'tura
3613 1364 3701 1415 Dei
3743 1363 3810 1415 ad

2242 1459 2550 1511 alimentum
2584 1462 2882 1509 animarum
2908 1456 3235 1507 seminamus
3263 1453 3389 1515 "3°;
3420 1454 3558 1504 sicut
3591 1445 3808 1504 nonnisi

2243 1550 2307 1603 de
2331 1549 2517 1617 primis
2544 1556 2699 1599 terra!
2725 1547 2952 1600 seminib
2975 1563 3017 1597 ιε
3060 1548 3338 1608 iubemus,
3370 1543 3510 1609 quod
3549 1543 3612 1592 ad
3643 1540 3813 1616 nutri~

2176 1637 2478 1691 Bmentum
2553 1649 2836 1701 corporum
2905 1645 3276 1700 prepagamns.
3341 1627 3618 1696 Siquidem
3680 1610 3811 1701 nihil

2245 1725 2445 1778 utiliter
2467 1725 2556 1755 ³⁷⁸⁸
2581 1724 2644 1776 ad
2668 1723 2890 1774 salutem
2913 1721 3240 1788 spiritualem
3269 1719 3640 1786 praedicamus,
3665 1703 3808 1783 quod
3844 1783 3847 1785 _

2246 1800 2704 1877 sacra-Scriptura
2756 1808 2987 1876 Spiritus
3019 1807 3191 1860 sant-ti
3237 1805 3497 1857 miraculo
3528 1803 3812 1859 fceumlata

2247 1915 2350 1952 non
2385 1899 2681 1967 l'irotttlet'it,
2713 1907 2806 1948 aut
2831 1897 2971 1949 intra
3001 1911 3060 1950 se
3094 1910 3198 1948 non
3243 1893 3533 1945 contineat.
3569 1891 3737 1953 Nam,
3768 1889 3815 1941 si

2247 1991 2373 2058 quid
2405 1986 2608 2041 ratione
2636 1987 2876 2040 dieamus
2903 1985 3210 2060 a’iquando,
3238 1984 3377 2051 quo.)
3403 1983 3458 2032 in
3495 1980 3652 2032 dictis
3695 1978 3818 2044 ejus

2249 2086 2430 2145 aperte
2478 2085 2778 2129 monstrare
2822 2061 2915 2127 aut
2959 2065 3022 2126 ex
3072 2073 3198 2141 ipsis
3238 2072 3462 2140 probare
3510 2068 3818 2135 nequimus,

2252 2169 2354 2221 hoc
2383 2181 2469 2221 mo
2493 2169 2540 2218 Io
2566 2180 2660 2234 per
2687 2165 2826 2218 illaut
2846 2165 3222 2230 cognouimus
3247 2171 3424 2219 utrum
3451 2160 3517 2211 sit
3547 2145 3816 2224 ιιεεὶιιῐειιι
3855 2199 3876 2218 κ

2249 2257 2370 2312 dum
2402 2257 2896 2323 autrespueudum.
2943 2253 2999 2306 Si
3029 2253 3172 2306 enim
3205 2258 3390 2318 aperta
3422 2238 3820 2301 ratione-coitio

2251 2348 2408 2416 gitur,
2438 2337 2490 2399 et
2537 2346 2622 2397 illa
2651 2359 2712 2395 ex
2759 2343 2898 2395 nulla
2949 2353 3101 2410 parte
3139 2339 3474 2407 contradicit
3516 2337 3639 2400 ³⁷³¹;
3689 2352 3824 2404 quo-

2252 2436 2393 2488 niam
2443 2436 2723 2502 ipsasient
2773 2433 2898 2486 nulli
2944 2433 3256 2483 adversatur
3290 2429 3529 2489 veritati:
3569 2429 3640 2481 ita
3689 2428 3824 2478 nulli

2257 2525 2397 2576 favet
2428 2522 2640 2575 falsitati
2670 2541 2680 2573 :
2710 2523 2810 2592 hoc
2838 2523 2951 2590 ipso
2972 2521 3096 2588 quia
3124 2534 3225 2570 non
3261 2527 3417 2584 negat
3445 2516 3583 2584 quod
3617 2516 3829 2567 ratione

2254 2612 2467 2674 dicitur,
2496 2612 2608 2679 ejus
2636 2612 2954 2662 auctoritate
2976 2607 3284 2671 suscipitur.
3311 2605 3396 2664 At,
3421 2605 3470 2658 .si
3495 2603 3604 2671 ipsa
3638 2613 3829 2658 nostro

2254 2701 2430 2753 sensui
2477 2701 2836 2753 indubitanter
2877 2695 3162 2765 repugnat:
3204 2694 3449 2762 quamvis
3491 2694 3645 2745 nobis
3683 2693 3834 2743 ratio

2257 2799 2436 2842 nostra
2492 2789 2735 2840 videatur
2787 2785 3213 2854 inexpugnabilis
3265 2784 3388 2845 ⁸7³³.
3449 2780 3588 2836 nulla
3639 2792 3830 2836 tamen

2259 2882 2484 2930 veritate
2513 2877 2682 2930 fulciri
2715 2877 2977 2930 credenda
3022 2883 3124 2927 est.
3159 2873 3250 2927 Sic
3287 2873 3466 2939 itaque
3492 2886 3646 2938 saera
3676 2870 3834 2924 Scri“

2263 2977 2416 3033 plura
2458 2967 2635 3018 omnis
2667 2965 2927 3028 veritatis,
2957 2977 3115 3029 quam
3164 2963 3300 3014 ratio
3337 2961 3558 3028 colligit,
3589 2961 3830 3012 auctori-

2265 3063 2426 3105 tatem
2458 3053 2713 3115 contiuet,
2759 3066 2880 3102 eum
2929 3050 3069 3101 illam
3103 3058 3190 3100 aut
3225 3041 3406 3114 aperte
3450 3046 3706 3111 aflir-mat,
3737 3054 3837 3113 aut

2266 3142 2565 3194 nullatenus
2594 3149 2771 3206 negat.
2800 3136 3087 3208 Videamus
3133 3149 3273 3190 nunc
3316 3137 3364 3187 in
3393 3120 3666 3208 exemplis
3691 3149 3833 3200 quos

2266 3232 2421 3283 unde
2449 3230 2664 3282 verbum
2697 3229 2767 3301 sit
2796 3241 3000 3280 semen.
3048 3226 3178 3279 Cum
3228 3224 3448 3280 audiunt
3473 3203 3665 3292 quibus
3695 3221 3837 3275 dici-

2265 3331 2352 3372 tur
2373 3320 2496 3369 δτ³ἐ
2549 3319 2608 3371 Si
2640 3317 2916 3376 volueritis,
2961 3326 3015 3368 .et
3057 3313 3323 3374 audieritis
3356 3324 3449 3365 me'
3479 3310 3611 3381 (lso.
3643 3327 3679 3372 ι,
3719 3310 3836 3376 19),

2248 3392 2647 3474 intelliguntct
2677 3406 2913 3474 cogitant
2958 3403 3099 3472 quod
3128 3402 3324 3454 dicitur
3357 3400 3490 3454 velle
3526 3409 3580 3453 ct
3625 3401 3836 3464 audire,

2271 3499 2369 3551 hoc
2399 3506 2480 3550 est
2507 3497 2725 3548 obedire
2751 3509 2764 3546 :
2793 3495 2885 3561 qui
2930 3495 3072 3546 enim
3108 3491 3253 3545 audit
3279 3500 3333 3546 et
3372 3505 3473 3542 non
3501 3489 3702 3550 obedit,
3749 3491 3830 3542 die

2267 3589 2408 3641 citur
2436 3603 2536 3638 non
2571 3585 2772 3637 aulirc.
2804 3583 2908 3636 Sed
2931 3565 3148 3636 obedire
3177 3589 3465 3647 nequeunt,
3505 3578 3607 3630 nisi
3634 3577 3793 3631 velint
3819 3594 3836 3642 ;

2270 3678 2401 3730 velle
2448 3687 2619 3727 autem
2670 3673 2914 3735 obedire,
2959 3680 3040 3724 est
3090 3677 3234 3722 recte
3286 3668 3458 3720 velle:
3511 3674 3657 3720 recte
3706 3680 3839 3718 vero

2271 3764 2404 3818 velle
2438 3777 2591 3814 nemo
2628 3768 2825 3827 potest,
2861 3758 2960 3810 nisi
3002 3757 3194 3810 habent
3242 3753 3610 3807 rertitudinem
3647 3749 3842 3802 volun—

2271 3856 2414 3919 tatis,
2449 3868 2604 3919 quam
2652 3849 2824 3903 nullus
2875 3849 3033 3901 habet
3077 3848 3254 3907 homo,
3305 3845 3402 3897 nisi
3450 3858 3544 3912 per
3589 3843 3838 3911 gratiam.

2271 3946 2464 3996 Verum
2519 3939 2781 3992 t'cetitttlo
2821 3937 3030 3991 valendi
3077 3934 3274 4002 aliquid
3323 3932 3450 3985 nulli
3502 3931 3679 3996 datur,
3733 3924 3841 3984 nisi

2273 4035 2584 4103 iutelligcnti
2617 4031 2769 4092 velle,
2810 4039 2863 4082 ct
2892 4025 3030 4095 quod
3062 4027 3197 4078 velle
3232 4025 3406 4077 debet.
3445 4023 3696 4076 Videmus
3736 4022 3837 4074 ita-

2272 4142 2376 4196 que
2427 4121 2568 4191 quod
2618 4121 2816 4192 dictum
2880 4124 2960 4168 est
3009 4132 3023 4167 :
3069 4114 3129 4168 Si
3161 4113 3417 4167 volueritis
3464 4122 3512 4164 et
3567 4111 3843 4165 audieritis

2274 4229 2372 4273 me,
2397 4225 2575 4264 semen
2626 4221 2745 4258 esse
2787 4205 2878 4234 ³⁷³⁵
2916 4217 3245 4270 nequaquam
3273 4216 3365 4269 per
3419 4215 3475 4253 se
3507 4201 3570 4252 ad
3607 4199 3842 4267 aliquem

615 4293 822 4344 tantur;
857 4283 946 4333 sed
994 4282 1129 4363 quod
1163 4280 1472 4350 mittuntur,_
1508 4277 1676 4346 gratia
1704 4288 1802 4331 est.
1837 4279 2172 4348 Quapropter
2205 4306 2230 4361 ι

2217 4302 2505 4361 Dlructutn
2595 4297 2898 4363 germinans
2992 4292 3106 4344 sine
3188 4289 3482 4355 adjectione
3564 4289 3844 4342 rvetitndi-

616 4385 668 4427 et
697 4373 1006 4441 pranlicatio
1054 4361 1219 4438 gratia
1265 4370 1353 4399 ³⁷³⁷
1397 4380 1507 4432 est;
1553 4371 1672 4437 quia
1707 4365 1876 4437 gt'atia
1921 4375 2168 4440 estquod

618 4464 889 4518 descendit
921 4479 984 4512 ex
1035 4461 1222 4527 gratia,
1255 4468 1307 4511 et
1339 4459 1549 4511 auditus
1579 4467 1660 4512 est
1703 4460 1893 4526 gratia,
1941 4471 1993 4512 et
2024 4462 2173 4513 intel-

619 4555 787 4607 lectus
829 4569 891 4605 ex
925 4553 1104 4604 auditu
1151 4550 1338 4619 gratia,
1380 4549 1715 4603 etrectitudo
1754 4549 1960 4603 voleudi
2005 4552 2174 4619 gratia

622 4654 720 4696 est.
759 4643 947 4695 Verum
983 4641 1185 4704 missio,
1238 4641 1561 4708 pranlicatio,
1595 4641 1823 4701 auditus,
1879 4642 2176 4697 intellectus

627 4742 754 4794 nihil
787 4752 939 4805 sunt,
972 4743 1067 4795 nisi
1105 4742 1345 4794 voluntas
1370 4741 1492 4793 velit
1529 4742 1666 4807 quod
1708 4755 1857 4794 mens
1893 4742 2174 4812 intelligit:

2280 4392 2395 4451 nis;
2458 4404 2554 4441 nec
2597 4389 2761 4454 ipsam
2809 4383 3179 4437 reetitudiuc.n
3246 4381 3396 4440 dari,
3457 4381 3554 4430 nisi
3616 4378 3839 4431 semini-

2282 4481 2398 4532 bus.
2431 4476 2686 4530 Similitcr
2714 4488 2830 4526 eum
2863 4473 2991 4525 dit-it
3037 4470 3211 4521 Deus:
3245 4466 3613 4520 Conrri'timini
3662 4469 3727 4515 ml
3760 4480 3842 4515 me

2283 4566 2417 4635 (15a.
2463 4581 2585 4627 xm,
2619 4564 2714 4623 €12;
2765 4562 2879 4613 Joel
2915 4577 2970 4621 ιι,
3004 4558 3096 4619 12;
3151 4555 3308 4608 ΖιιτΙι.
3358 4573 3391 4614 I,
3426 4554 3500 4621 5),
3539 4568 3717 4606 semen
3762 4561 3846 4605 est

2285 4658 2397 4711 sine
2458 4655 2714 4724 genuine,
2773 4650 3006 4715 quaudiu
3061 4646 3290 4701 heminis
3351 4645 3676 4696 voluntatem
3735 4656 3841 4693 non

2287 4745 2544 4799 convertit
2598 4745 2732 4792 Deus
2773 4741 2834 4790 ad
2884 4738 3158 4791 voletultun
3211 4733 3631 4794 rouv.r.-ioz:em,
3681 4745 3844 4798 quam

1887 4870 2114 4926 VARI/li
2153 4875 2555 4928 LECTIONES.

705 4989 794 5024 ’m
825 4988 953 5052 Q'li-l
991 5003 1082 5038 (την
1115 4989 1379 5040 imminent
1417 5004 1538 5039 "iss.
1572 4986 1831 5053 qtttcritnr
1881 5003 1976 5039 cur
2023 4987 2294 5038 hominem
2371 4983 2462 5012 37”
2497 4981 2581 5032 Illa
2612 4995 2756 5031 vero.
2787 4969 3133 5029 {necessaria
3166 4992 3285 5026 mss.
3322 4973 3473 5053 lict.
3511 4971 3799 5053 illﬂsp'e‘ro.
3832 5008 3845 5020 .

632 5039 947 5113 tiecesszn-iae
1023 5057 1111 5085 ³⁷⁸³
1161 5058 1351 5108 Semen
1387 5066 1530 5108 recte
1567 5039 1770 5106 violendi
1800 5055 1997 5108 dicitur
2030 5071 2151 5105 mss.
2199 5053 2331 5103 νισι.
2365 5050 2616 5102 etCister.
2673 5063 2851 5098 senon
2917 5057 2996 5097 est
3049 5055 3188 5097 reetc
3251 5041 3485 5113 volendi.
3545 5039 3848 5113 ""FN‘emn

634 5143 758 5196 ergo
789 5136 929 5178 recte
971 5134 1141 5196 potest
1164 5107 1411 5196 noctuas.
1434 5107 1602 5177 'uemo
1626 5120 1757 5189 ergo
1773 5107 1944 5189 potest
1968 5124 2070 5175 hoc
2145 5123 2238 5150 3""
2267 5121 2544 5184 Quomodo
2592 5118 2934 5169 im'ot-alzunt.
2968 5154 2976 5163 .
3011 5109 3672 5196 illittlllOtif‘l'Ellldif‘lllt‘lnss.
3709 5107 3849 5170 Quo-

633 5186 792 5250 tuiido
819 5210 944 5258 ergo
971 5186 1246 5244 invocabo.
1280 5231 1289 5240 .
1324 5193 1595 5254 Quomodo
1636 5186 1811 5242 autem
1867 5194 2084 5244 audient
2159 5191 2248 5220 *7”
2329 5188 2641 5239 Pra‘dieatio
2695 5186 3015 5258 gt'nlizt‘uttsi
3057 5198 3178 5258 mss.

1257 5262 1349 5289 7”“
1390 5262 1479 5310 list
1535 5261 2046 5324 praedicanlis’mss.
2087 5270 2165 5309 est
2211 5271 2390 5310 semen
2431 5255 2770 5321 pturtlitmnlis

1566 5329 1652 5357 373°
1686 5331 1993 5380 Animarum
2049 5341 2326 5378 servamus
2373 5343 2490 5373 mss.

1765 5437 1776 5445 .
1813 5399 2197 5447 contradicitur
2252 5410 2372 5443 nm.
2406 5404 2456 5443 ct
2485 5393 2567 5440 illa
2620 5407 2704 5439 ex.
2745 5428 2755 5438 .

1141 5469 1229 5498 373‘
1263 5468 1364 5517 Aul
1391 5465 1656 5531 quomodo
1682 5465 1869 5528 quibus
1900 5466 2091 5515 dicitur
2129 5480 2247 5512 mss.
2286 5478 2404 5512 cunt
2447 5461 2669 5512 audiunt
2707 5457 2898 5523 quibus
2929 5457 3119 5508 dicitur

635 5266 830 5316 dit-alio
877 5271 955 5317 est
1014 5263 1181 5330 gratia

637 5336 847 5386 mss.lit
903 5333 1181 5390 Evangelia
1249 5332 1488 5380 l'tnetnnla

640 5420 760 5452 mss.
789 5404 913 5454 nihil
948 5402 1145 5452 utiliter
1179 5400 1239 5448 ad
1318 5399 1409 5426 “3’
1437 5398 1494 5447 Et
1528 5397 1595 5446 illi
1635 5411 1717 5444 ev.

643 5472 1063 5534 inmpugunbilis

645 5554 894 5591 t‘SSClllSS.
930 5556 1009 5591 Ille
1043 5559 1051 5590 ἰ
1091 5554 1268 5591 SClllCll
1295 5551 1411 5587 CSSC

3252 5178 3386 5228 Vict.
3412 5187 3457 5228 et
3491 5175 3676 5228 Cister.
3713 5189 3847 5240 [πευ-

2846 5251 2935 5279 ³⁷⁹³
2979 5251 3040 5300 Et
3086 5247 3568 5314 Evangelistarumd
3603 5242 3845 5314 fret-unda

2548 5327 2843 5372 animarum
2905 5307 3261 5369 ςειιιίιιςιιιιιιευ
3302 5315 3390 5343 3‘“
3430 5312 3572 5365 i\i|iil
3606 5311 3729 5360 utile
3783 5307 3850 5359 ad

2789 5387 3106 5438 coiitrndieit
3180 5384 3272 5414 ³⁷³³
3311 5379 3684 5447 lmpugnahilis
3722 5392 3845 5426 mss.

3196 5453 3284 5483 ετπ
3320 5451 3399 5502 Me
3431 5464 3443 5499 :
3478 5447 3631 5500 modo
3661 5457 3848 5498 seuth
