4240 6210
451 317 560 372 529

1265 306 1353 362 DE
1391 303 1726 361 CONCORD.
1771 302 2036 358 PltAESC.
2085 300 2365 370 DEI'CUM
2408 300 2534 354 LIB.
2575 296 2860 364 ARBITR.

3586 291 3694 346 5'50

452 432 672 501 cogitat,
715 445 839 485 cum
881 429 1050 492 audit,
1087 426 1459 485 convertimini.
1505 425 1620 479 sine
1659 441 1763 493 quo
1807 423 2012 477 semine
2043 427 2087 486 Α
2114 429 2422 489 peccatum;
2449 421 2702 488 quoniam
2723 419 2924 487 pariter
2947 413 3274 472 descendita
3298 415 3536 501 peccatu.
3570 404 3699 501 Dos-

455 519 632 572 nullus
678 524 857 590 potest
885 516 1022 570 velle
1069 514 1330 568 converti.
1363 512 1570 590 Dicitur
1595 515 1754 567 etiam
1799 527 2025 566 conver-

451 607 546 671 sis,
580 587 931 660 convertimini
952 604 977 657 2
998 610 1091 656 aut
1119 611 1176 654 ut
1201 587 1378 668 magis
1400 611 1799 668 convertantur,
1842 609 1937 652 aut
1964 607 2023 652 ut

445 705 663 751 servent
693 693 787 758 ³⁷³9
828 691 971 762 quod
1018 689 1262 745 conversi
1294 697 1436 741 sunt.
1469 687 1569 753 Qui
1621 704 1748 744 vero
1796 689 2015 742 dicunt:

445 783 695 838 Converte
725 800 840 848 nos,
891 780 1025 833 Deus
1066 777 1239 852 (Psal.
1273 792 1491 841 Lxxxrv,
1521 778 1594 842 5),
1623 779 1735 848 jam
1761 777 2022 845 aliquate-

445 888 548 928 nus
586 873 832 926 conversi
857 879 1010 934 sunt;
1043 863 1168 938 quia
1198 876 1401 922 rectam
1437 868 1763 922 voluntatem
1794 866 2012 932 habent,

446 973 568 1016 cum
607 961 790 1017 volent
833 950 1100 1023 converti;
1150 958 1245 1013 sed
1295 967 1452 1011 orant
1489 974 1584 1027 per
1614 960 1716 1012 hoc
1761 958 1851 991 ³⁷³⁷
1879 959 2020 1026 quod

445 1049 552 1116 iam
584 1049 913 1118 acceperint,
956 1057 1016 1104 ut
1059 1057 1320 1117 augeatur
1357 1063 1543 1102 eorum
1589 1049 1872 1103 conversio
1903 1048 2018 1112 ³⁷³⁸,
2069 1091 2071 1094 .

446 1141 589 1192 sicut
645 1137 719 1191 illi
769 1139 859 1205 qui
913 1137 1212 1198 'credcntes,
1255 1138 1400 1207 Auge
1445 1138 1594 1200 nobis
1651 1137 1830 1204 [idem
1866 1135 2015 1206 (Luc.

448 1245 580 1295 xvu,
611 1231 666 1299 5)
708 1231 977 1284 dixerunt.
1015 1231 1090 1283 Ac
1134 1230 1181 1282 si
1230 1230 1472 1284 dicerent
1500 1229 1574 1284 illi
1615 1239 1669 1282 et
1713 1229 1842 1283 isti:
1873 1231 2019 1300 Auge

450 1319 502 1373 in
529 1319 684 1372 nobis
726 1319 868 1388 quod
897 1319 1118 1381 dedisti;
1167 1318 1365 1386 perfice
1409 1317 1553 1386 quod
1583 1317 1816 1386 cmpisti.
1865 1316 2017 1383 Quod

449 1404 517 1457 de
547 1404 628 1457 his
655 1405 888 1467 ostendi,
926 1404 1194 1458 similibus
1237 1419 1452 1473 quoque
1483 1403 1882 1474 intelligendum
1912 1399 2012 1460 est.

451 1491 609 1548 Sicut
650 1493 814 1564 igitur
842 1503 986 1548 terra
1013 1507 1118 1548 non
1167 1493 1434 1562 germinat
1463 1484 1870 1548 naturaliter'ea
1898 1509 2017 1564 qua:

451 1582 686 1638 maxime
715 1583 1021 1639 necessaria
1067 1592 1190 1636 sunt
1233 1581 1393 1637 saluti
1435 1584 1676 1653 corporis
1706 1585 1872 1639 nosui
1900 1585 2017 1639 sine

451 1673 764 1738 seminibus,
791 1682 843 1728 et
867 1674 991 1729 licet
1024 1673 1165 1728 Deus
1199 1689 1305 1728 non
1333 1674 1420 1728 det
1450 1674 1837 1730 incrementum
1869 1677 2016 1730 omni

451 1763 666 1828 semini,
692 1779 796 1819 non
827 1774 1005 1818 tamen
1039 1775 1252 1831 cessant
1280 1764 1526 1833 agricola:
1557 1768 1723 1820 nostri
1755 1767 2018 1820 seminare

452 1852 506 1906 in
535 1868 630 1922 spe
672 1855 864 1909 messis
893 1853 1261 1924 aliquantulm;
1294 1855 1365 1907 ita
1395 1864 1534 1908 terra
1580 1855 1758 1910 cordis
1801 1855 2018 1907 humani

455 1954 557 1992 non
594 1941 796 2008 profert
836 1941 1066 1994 fructum
1115 1940 1234 1994 fidei
1281 1950 1335 1994 et
1371 1940 1587 2006 iustitiae
1619 1941 1735 1995 sine
1762 1941 2020 2009 congruis

452 2028 780 2084 Seminibus:
829 2038 883 2083 et
910 2029 1154 2097 quamvis
1201 2029 1338 2082 Deus
1367 2044 1471 2096 non
1508 2028 1672 2082 faciat
1699 2039 1894 2083 cuncta
1924 2027 2022 2079 bu-

449 2115 683 2184 }usmodi
712 2117 915 2172 semina
944 2117 1272 2187 geru'iinarc,
1301 2123 1479 2169 tamen
1507 2117 1750 2185 praecipit
1773 2115 2023 2184 agricolis

453 2205 565 2257 suis
607 2205 658 2257 in
701 2219 796 2272 spe
842 2205 1244 2258 instantissime.
1270 2204 1491 2258 verbum
1527 2219 1680 2258 suum
1730 2205 2017 2257 seminare.

453 2293 817 2354 Ostendimus.
869 2301 927 2346 ut
976 2284 1127 2363 puto.
1176 2294 1446 2360 quomodo
1494 2306 1599 2345 non
1649 2293 1721 2346 sit
1769 2307 2023 2361 superva-

453 2396 676 2435 caneum
731 2383 973 2436 homines
1021 2383 1085 2436 ad
1119 2382 1274 2435 tidem
1326 2382 1549 2445 Christi,
1594 2393 1647 2438 et
1675 2384 1739 2436 ad
1787 2399 1848 2436 ea
1904 2399 2022 2452 qua:

456 2470 585 2525 ﬁdes
619 2470 732 2523 haec
775 2471 938 2538 exigit
981 2469 1354 2536 l"ii-invitare,
1392 2473 1642 2541 quamvis
1684 2487 1790 2525 non
1834 2487 2024 2528 omnes

455 2559 594 2612 hanc
616 2558 984 2645 invitationem
1008 2559 1330 2628 suscipiant:

455 2667 582 2743 Car.
617 2668 867 2743 δίη-[ιιι.Δ
903 2669 1084 2742 XVII].
1141 2701 1210 2710 —
1249 2670 1568 2743 Quodjuste
1609 2682 1906 2743 arguantur
1933 2675 2024 2743 qui

526 2738 728 2804 invitati
751 2738 768 2740 ⁷
792 2738 1165 2810 ιηεζιιιιιιιηιίινςΔ
1208 2738 1445 2810 quamvis
1491 2742 1638 2810 sequi
1673 2738 2022 2796 invitationem

529 2816 779 2874 nequeant
809 2807 1002 2875 absque
1028 2807 1222 2877 gratia.

526 2918 644 2972 Dixi
671 2917 832 2972 etiam
859 2910 1019 2987 posse
1047 2917 1214 2986 quaeri
1238 2932 1335 2973 cur
1364 2927 1660 2989 arguantur
1696 2920 1791 2952 ἠ’
1829 2909 1908 2974 illi
1930 2919 2020 2989 qui

454 3007 674 3061 verbum
699 3008 790 3063 Dei
815 3024 919 3062 non
940 3008 1256 3077 suscipiunt,
1280 3022 1407 3062 cum
1426 3011 1527 3063 hoc
1554 3009 1729 3066 facere
1753 3018 2023 3080 nequeant

456 3096 558 3148 nisi
594 3097 996 3174 gratiaieorum
1035 3097 1336 3151 voluntates
1375 3099 1662 3166 dirigente.
1692 3068 2019 3174 Dicit-enim
2047 3068 2065 3113 ι

459 3184 613 3254 131
646 3173 904 3239 Dominus
928 3185 993 3238 de
1023 3181 1227 3254 Spiritu
1268 3193 1455 3239 sancto
1486 3199 1504 3238 :
1537 3185 1636 3238 Ille
1665 3173 1844 3255 arguet
1868 3201 2024 3238 mun-

418 3339 420 3341 _
452 3273 580 3327 dum
603 3274 666 3326 de
693 3283 920 3339 peccato,
947 3275 1070 3344 quia
1093 3289 1194 3326 non
1238 3274 1568 3331 crediderunt
1615 3275 1672 3327 in
1716 3289 1798 3332 me
1842 3272 2022 3343 (Joan.

460 3370 569 3424 xvi,
593 3363 646 3429 8)
674 3363 784 3439 "f'.
806 3363 887 3417 Ad
920 3364 1060 3430 quod
1082 3363 1205 3416 licet
1233 3363 1453 3417 forsitan
1484 3363 1786 3419 diﬂicilesit
1811 3360 2027 3432 respon-

453 3452 614 3511 dere;
642 3450 782 3514 quod
821 3459 1000 3502 tamen
1032 3449 1140 3503 Deo
1188 3449 1349 3503 dante
1401 3465 1644 3517 possum,
1698 3462 1878 3505 tacere
1918 3465 2026 3505 non

454 3539 642 3592 debeo.
669 3524 969 3611 Notandum
996 3546 1077 3594 est
1108 3533 1232 3608 quia
1265 3540 1576 3608 impotentia
1601 3555 1720 3613 quae
1751 3543 2027 3597 descendit

453 3642 520 3680 ex
559 3627 709 3696 culpa
732 3643 836 3682 non
868 3637 1091 3683 excusat
1123 3629 1501 3698 impotentem,
1547 3631 1700 3700 culpa
1753 3618 2022 3687 manente.

461 3715 610 3770 Uude
634 3718 685 3770 in
712 3716 1022 3780 infantibus,
1057 3718 1109 3771 in
1136 3718 1527 3793 quibusnexigit
1568 3721 1709 3776 Deus
1747 3736 1798 3774 a‘
1837 3732 2026 3776 natura

458 3809 690 3863 humana
737 3805 1024 3877 justitiam,
1056 3823 1217 3878 quam
1265 3812 1474 3880 accepit
1503 3811 1554 3864 in
1582 3813 1768 3882 primis
1791 3814 2026 3883 parenti-

457 3896 556 3949 bus
580 3910 701 3949 cum
725 3905 989 3964 potestate
1017 3897 1266 3951 servandi
1298 3897 1442 3952 illam
1480 3899 1533 3953 in
1563 3889 1776 3954 omnem
1822 3902 2026 3970 prolem

455 3999 630 4047 suam,
659 3998 762 4038 non
786 3979 1014 4053 excusat
1063 3999 1188 4039 eam
1238 3978 1548 4055 impotentia
1599 3989 1828 4043 habendi
1869 3989 2032 4057 justi-

457 4073 620 4136 tiam;
645 4075 898 4141 quoniam
925 4083 1144 4143 propter
1175 4074 1387 4144 culpam
1411 4076 1463 4130 in
1499 4079 1637 4132 hanc
1665 4080 1869 4140 corruit
1928 4081 2028 4133 im-

455 4164 748 4233 potentiam
780 4181 794 4217 :
826 4163 928 4217 hoc
955 4164 1124 4232 ipsum
1151 4178 1398 4232 namque,
1419 4166 1543 4236 quia
1567 4181 1669 4221 non
1697 4166 1859 4222 habet
1883 4169 2025 4237 quod

389 4295 411 4307 ..
453 4266 556 4323 per
581 4267 639 4308 se
666 4265 939 4306 resumere
969 4252 1170 4320 nequit,
1197 4261 1280 4307 est
1300 4253 1374 4307 illi
1398 4253 1628 4309 habendi
1649 4255 1739 4287 "“
1764 4255 2026 4322 impoten-

457 4341 563 4404 tia;
601 4342 653 4395 iu
683 4357 844 4411 quam
877 4342 995 4397 ideo
1020 4341 1114 4374 ³⁷⁸³
1143 4344 1360 4409 cecidit,
1393 4345 1517 4413 quia
1544 4355 1732 4414 sponte
1787 4346 2022 4401 deseruit

455 4432 598 4499 quod
630 4445 847 4485 servare
877 4432 1066 4500 potuit.
1093 4431 1356 4498 Quoniam
1384 4449 1512 4501 ergo
1554 4435 1821 4502 peccando
1866 4436 2016 4490 dese.-

460 4521 566 4571 ruit
587 4517 868 4585 justitiam,
894 4520 958 4571 ad
987 4528 1262 4586 peccatum
1296 4520 1373 4574 illi
1421 4525 1709 4591 imputatur
1756 4525 2020 4592 impoten-

458 4607 556 4668 tia,
585 4615 741 4674 quam
770 4607 883 4675 ipsa
909 4607 1177 4675 peccando
1206 4609 1306 4661 sibi
1334 4608 1477 4662 fecit.
1511 4610 1618 4663 Nec
1645 4612 1813 4666 solum
1846 4614 2016 4682 impo-

458 4695 626 4749 tentia
652 4695 913 4763 justitiam
944 4697 1195 4760 habendi,
1227 4699 1319 4751 sed
1348 4700 1508 4751 etiam
1538 4700 1844 4769 impotentia
1876 4701 2018 4755 illam

458 4784 805 4854 intelligendi,
833 4785 1084 4839 similiter
1111 4785 1165 4839 in
1198 4802 1302 4840 non
1331 4787 1616 4855 baptizatis
1640 4790 1930 4860 imputatur
1952 4792 2018 4844 ad

2071 3058 2092 3079 ,
2121 3007 2396 3061 voluntate
2439 3006 2782 3064 consentiunt

2125 525 2314 564 sumus
2342 509 2507 562 etiam
2559 508 2946 565 rationabiliter
2997 519 3242 560 asserere
3294 499 3419 568 quia
3468 493 3612 564 quod
3666 496 3698 546 'a

2122 601 2295 669 prima
2332 599 2655 653 conditionis
2682 599 2927 650 humana:
2948 596 3231 664 dignitate,
3269 607 3331 645 ac
3360 585 3698 646 fortitudine,

2125 700 2288 759 atque
2313 689 2735 758 pulchritudine,
2763 687 3027 744 n'iinnrata
3051 693 3106 738 et
3148 691 3402 750 corrupta
3459 686 3564 740 est,
3625 671 3702 725 illi

2121 779 2188 831 ad
2220 779 2440 847 culpam‘
2461 780 2774 847 imputatur.
2816 775 2918 830 Per
2965 775 3066 828 hoc
3114 787 3341 840 namque
3386 763 3699 826 minoravit,

2122 875 2381 936 Quantum
2405 867 2456 921 in
2480 868 2596 936 ipsa
2618 868 2737 932 fuit,
2761 867 3022 920 honorem
3069 873 3129 918 et
3174 861 3384 938 tandem
3429 861 3523 914 Dei
3581 857 3690 905 ³⁷⁸⁸.

2121 956 2331 1026 Quippe
2389 957 2681 1010 secundum
2733 956 3047 1027 dignitatem
3106 951 3286 1022 operis
3359 947 3605 1001 laudatur
3641 950 3700 1025 ετ

2122 1045 2452 1114 praedicatur
2503 1047 2766 1115 sapientia
2811 1045 3034 1099 artiﬁcis
3072 1044 3198 1104 ηυδε.
3259 1042 3470 1107 Quanto
3537 1035 3698 1104 igitur

2120 1144 2310 1188 natura
2349 1135 2582 1188 humana
2612 1137 2905 1204 pretiosum
2936 1150 3072 1204 opus
3102 1133 3215 1200 Dei,
3265 1130 3408 1185 unde
3446 1130 3560 1197 ipse
3582 1125 3698 1196 glo-

2118 1222 2406 1279 riﬁcandus
2443 1232 2577 1287 erat,
2602 1222 2656 1275 in
2683 1237 2742 1277 se
2769 1222 3232 1290 minoravitatque
3257 1217 3508 1278 ltedavit;
3544 1222 3695 1269 tanto

2118 1330 2212 1370 sua
2237 1315 2391 1383 culpa
2427 1312 2597 1368 Deum
2623 1311 3001 1366 exbonoravit.
3031 1310 3186 1377 Quod
3241 1309 3314 1362 illi
3374 1309 3439 1362 ad
3485 1313 3695 1361 tantum

2118 1405 2369 1459 statuitur
2397 1410 2671 1472 peccatum
2698 1400 2812 1464 '7“,
2839 1409 2896 1454 ut
2929 1415 3032 1454 non
3056 1400 3157 1452 nisi
3190 1413 3283 1467 per
3330 1404 3551 1450 mortem
3595 1392 3693 1448 Dei

2117 1495 2378 1550 deleatur.
2403 1493 2677 1562 Siquidem
2706 1492 2850 1562 ipsos
2874 1501 3072 1556 motus,
3106 1492 3220 1545 sive
3261 1488 3549 1557 appetitus,
3571 1485 3694 1550 qui-

2115 1584 2218 1639 bus
2243 1593 2463 1654 propter
2508 1593 2784 1650 peccatum
2834 1583 2982 1646 Adae,
3033 1582 3172 1635 sicut
3218 1581 3371 1633 bruta
3421 1574 3695 1639 animalia,

2119 1673 2458 1739 subjacemus
2481 1673 2636 1741 (quos
2661 1672 2947 1741 Apostolus
2971 1680 3126 1725 vocat
3155 1682 3376 1724 carnem
3421 1676 3474 1721 et
3502 1677 3697 1720 concu-

2053 1745 2092 1800 Β
2124 1762 2434 1831 piscentiam
2462 1761 2577 1824 '7’”,
2606 1777 2765 1830 quam
2794 1762 3015 1814 invitum
3038 1775 3097 1813 se
3121 1759 3349 1813 tolerare
3369 1753 3696 1817 manifestat,

2121 1868 2242 1905 cum
2268 1852 2396 1906 dicit
2429 1850 2614 1914 :Quod
2644 1852 2730 1902 odi
2753 1851 2882 1902 illud
2909 1850 3047 1919 facio
3076 1848 3254 1920 [Rom.
3280 1863 3377 1911 vn,
3409 1845 3516 1916 15],
3541 1845 3591 1897 id
3614 1851 3698 1898 est

2123 1943 2309 1996 nolens
2337 1941 2702 2018 cpncupisco),
2733 1941 2863 1994 satis
2912 1940 3349 1995 ostendit'sacra
3403 1935 3698 1991 auctoritas

2123 2031 2461 2099 imputaiiad
2488 2041 2788 2100 peccatum.
2841 2030 3045 2098 Quippe
3097 2045 3218 2084 cum
3276 2029 3341 2083 de
3384 2028 3497 2082 solo
3537 2032 3693 2092 .mOtu

2124 2119 2375 2185 irte,sinc
2395 2136 2556 2188 opere
2591 2120 2691 2151 ‘m
2746 2119 2831 2172 vel
2879 2134 3028 2182 voce,
3079 2117 3209 2171 dicit
3261 2118 3556 2172 Dominus:
3591 2113 3697 2178 Qui

2122 2207 2365 2261 imscitur
2391 2210 2545 2276 fratri
2567 2225 2682 2274 suo,
2721 2196 2838 2261 reus
2865 2211 2961 2260 erit
2981 2207 3186 2276 judicio
3227 2205 3439 2274 (Matth.
3473 2219 3522 2269 v,
3552 2203 3644 2270 22)
3678 2220 3694 2257 :
3729 2271 3734 2279 ι

2121 2308 2308 2368 aperte
2337 2309 2600 2352 monstrat
2634 2298 2843 2365 culpam
2876 2311 2982 2351 nou
3009 2311 3130 2351 esse
3168 2297 3363 2374 levem,
3394 2309 3556 2363 quam
3587 2300 3709 2371 tam

2123 2387 2323 2454 gravis,
2348 2387 2553 2440 scilicet
2581 2387 2790 2449 mortis,
2814 2385 3060 2454 sequitur
3089 2373 3383 2437 damnatio}
3433 2385 3511 2437 Ae
3531 2382 3577 2437 si
3607 2381 3697 2435 di-

2124 2484 2246 2529 cat:
2278 2476 2376 2540 Qui
2411 2475 2559 2542 facit,
2582 2475 2723 2543 quod
2767 2475 2930 2528 homo
2979 2488 3086 2527 non
3138 2472 3297 2526 debet
3350 2470 3549 2535 facere,
3596 2485 3698 2548 nec

2123 2564 2346 2624 faceret,
2385 2563 2428 2616 si
2457 2577 2560 2615 non
2589 2549 2892 2631 peccasset;
2943 2561 3144 2615 auferri
3176 2561 3335 2614 debet
3363 2575 3430 2614 ex
3456 2558 3690 2634 homini-

2126 2653 2242 2707 bus.
2268 2651 2333 2704 Et
2360 2666 2482 2704 cum
2510 2650 2705 2704 Paulus
2736 2653 2802 2704 de
2831 2648 2933 2703 illis
2954 2649 3044 2719 qui
3066 2663 3301 2710 carnem,
3354 2649 3404 2702 id
3440 2657 3522 2704 est
3561 2662 3694 2704 con-

2125 2739 2500 2808 cupiscentias,
2529 2739 2768 2793 sentiunt
2792 2737 3053 2803 nolentes,
3081 2738 3156 2791 ait
3181 2755 3195 2790 :
3223 2736 3372 2790 Nihil
3400 2737 3698 2791 damnatio-

2124 2830 2204 2882 nis
2237 2839 2310 2903 est
2339 2827 2447 2892 liis,
2473 2829 2561 2897 qui
2589 2837 2707 2882 sunt
2732 2827 2786 2879 in
2809 2826 3017 2880 Christo
3041 2825 3194 2890 Iesu,
3219 2827 3308 2895 qui
3361 2842 3464 2878 non
3513 2840 3712 2890 secun-l

2122 2918 2246 2971 dum
2268 2934 2475 2971 carnem
2497 2916 2764 2970 ambulant
2796 2915 2972 2985 (Rom.
3015 2930 3134 2982 vui,
3167 2918 3242 2985 1),
3295 2916 3398 2971 hoc
3446 2923 3548 2980 est,
3589 2929 3697 2969 non

2836 3021 2850 3057 :
2897 3002 3016 3058 sine
3064 3004 3227 3058 dubio
3280 3003 3551 3071 signiﬁcat
3602 3016 3717 3073 eos.

2125 3097 2240 3161 ηδ’,
2263 3097 2350 3165 qui
2383 3096 2713 3154 nonsuutin
2739 3093 3005 3165 iCbristo,
3061 3095 3212 3163 sequi
3272 3093 3692 3169 damnationem,

2124 3187 2338 3256 quoties
2359 3186 2862 3248 scntiunt'carncm,
2908 3185 3069 3238 etiam
3099 3184 3144 3236 si
3173 3198 3276 3238 non
3306 3183 3596 3237 secundum
3625 3182 3696 3236 il-

2125 3272 2232 3327 lam
2253 3273 2547 3327 ambulant.
2581 3273 2844 3339 Quoniam
2867 3273 2948 3326 sic
2979 3271 3148 3340 factus
3173 3281 3257 3325 est
3283 3272 3463 3338 homo,
3492 3280 3551 3324 ut
3571 3287 3693 3327 eam

2125 3364 2330 3417 sentire
2352 3362 2466 3428 ⁸⁷⁸⁸,
2499 3363 2640 3417 sicut
2662 3366 2726 3415 de
2764 3362 2840 3415 ira
2872 3361 3003 3426 dixi,
3041 3374 3147 3413 non
3198 3362 3439 3414 deberet.
3488 3359 3546 3414 Si
3575 3362 3698 3430 quis

2126 3455 2291 3524 igitur
2344 3452 2613 3525 quae'dixi
2658 3453 2941 3524 diligenter
2994 3453 3342 3519 considerat,
3393 3453 3703 3510 nullatenus

2126 3557 2242 3606 eos,
2277 3545 2366 3611 qui
2397 3552 2621 3613 propter
2645 3543 2855 3611 culpam
2877 3556 3029 3596 suam
3058 3542 3280 3596 verbum
3313 3542 3404 3597 Dei
3426 3545 3704 3613 suscipere

2124 3640 2414 3700 nequeunt,
2450 3640 2594 3685 recte
2619 3631 2932 3700 arguendos
2949 3631 3175 3685 dubitat.

2127 3741 2250 3812 CAP.
2289 3741 2398 3812 VIII
2438 3739 2857 3812 [al._XYlll].-—_
2891 3738 3043 3812 Quod
3071 3741 3239 3812 omnis
3269 3742 3496 3812 eulpae:
3516 3743 3701 3811 culpa-

2160 3811 2276 3862 bilis
2295 3809 2593 3879 impotentia
2617 3809 2668 3861 in
2693 3809 2886 3862 renatis
2915 3825 3005 3876 per
3027 3809 3334 3876 baptismum
3365 3809 3654 3863 deleantur.

2200 3899 2405 3967 Quibus
2431 3909 2610 3954 autem
2639 3906 2797 3953 datur
2820 3899 2994 3969 gratia
3021 3899 3141 3951 lidei
3171 3898 3512 3964 Christiana,
3546 3901 3688 3955 sicut

2126 3986 2231 4042 illis
2260 3988 2315 4041 in
2349 3987 2617 4056 baptismo
2639 3985 2932 4040 dimittitur
2950 3984 3208 4054 orginalis
3250 3984 3527 4052 iniustitia,
3571 3977 3695 4044 cum

2123 4093 2227 4150 qua
2252 4085 2545 4134 nascuntur
2569 4095 2582 4130 :
2613 4078 2686 4131 ita
2713 4076 2890 4131 omnis
2911 4076 3065 4145 culpa
3096 4076 3422 4145 impotentiae
3449 4087 3505 4132 et
3533 4078 3696 4136 totius

2123 4167 2502 4237 corruptionis,
2529 4181 2690 4234 quam
2718 4176 2937 4235 propter
2969 4176 3250 4236 peccatum
3274 4167 3430 4235 primi
3456 4167 3696 4234 parentis

2126 4261 2466 4314 incurrerunt
2497 4258 2637 4322 ·³”¹³¹,
2699 4266 2754 4311 et
2799 4271 2897 4326 per
2935 4271 3097 4324 quam
3144 4256 3500 4311 inhonoratur
3528 4259 3691 4322 Deus,

2050 4379 2093 4433 ο
2125 4347 2432 4417 ignoscitur.
2458 4345 2533 4399 De
2556 4344 2698 4398 nulla
2736 4359 2967 4411 namque
2992 4342 3169 4430 culpa,
3211 4359 3331 4411 qua:
3359 4353 3483 4398 ante
3518 4344 3694 4414 bapti-

2115 4452 2289 4492 smum
2312 4437 2366 4489 iu
2389 4435 2493 4490 illis
2513 4443 2646 4499 erat,
2674 4441 2792 4502 post
2810 4433 3132 4500 baptismum
3155 4441 3478 4502 arguuntur;
3502 4450 3691 4502 quam-

2118 4526 2198 4578 vis
2222 4525 2336 4594 ipsa
2361 4523 2636 4590 corruptio
2665 4531 2718 4576 et
2753 4521 3039 4589 appetitus,
3063 4533 3180 4587 qua:
3206 4528 3332 4574 sunt
3378 4534 3534 4588 poma
3561 4538 3688 4590 pec-

2119 4614 2247 4678 cati,
2275 4629 2380 4668 non
2417 4614 2597 4668 statim
2629 4611 2682 4666 in
2732 4611 2997 4680 baptismo
3045 4607 3321 4666 deleantur
3353 4628 3365 4663 :
3394 4627 3489 4666 nec
3522 4613 3686 4668 ullum

2122 4702 2229 4756 illis
2260 4702 2588 4769 imputantur
2619 4700 2870 4753 delictum
2904 4704 3024 4766 post
3047 4697 3390 4765 baptismum,
3420 4699 3517 4751 nisi
3541 4696 3711 4766 quod

2121 4808 2215 4845 sua
2250 4791 2519 4846 voluntate
2548 4790 2790 4845 iecerint.
2822 4788 2972 4843 Unde
2999 4797 3218 4856 apparet
3239 4789 3364 4855 quia
3385 4790 3681 4856 corruptio,

1727 4940 1957 4996 VARIAS
2000 4941 2400 4999 LECTIONES.

517 5046 745 5122 ξηξΑιιι
771 5043 984 5103 servent
1013 5067 1135 5103 mss.
1170 5049 1304 5122 Vict.
1358 5062 1405 5105 et
1437 5051 1622 5106 Cister.
1656 5060 1747 5105 aut
1770 5062 1828 5104 ut
1851 5064 2065 5108 servent
2140 5055 2229 5085 ³⁷³⁷
2260 5033 2429 5108 Orant
2487 5069 2584 5122 pro
2614 5052 3071 5122 bocgrnanuscy'ipt-
3113 5051 3428 5122 Victuram

3455 5067 3550 5120 per
3581 5053 3682 5106 hoc

462 5115 557 5189 fi’f
599 5115 665 5189 Ut
708 5129 976 5189 augeatur
1031 5120 1311 5172 couv’ersio
1378 5136 1501 5172 mss.
1551 5130 1607 5172 ut
1665 5131 1924 5189 augeatur
1975 5138 2161 5175 eorum
2210 5114 2502 5177 conversio'
2560 5114 2653 5153 ‘7”
2695 5120 2852 5172 Fides
2881 5114 3047 5186 exigit
3078 5114 3494 5189 insledeslue'c
3514 5120 3682 5188 exigit

464 5184 558 5258 f7"
605 5185 720 5238 Dixi
770 5184 930 5258 etiam
987 5196 1140 5258 post:
1177 5202 1344 5254 quare
1386 5197 1681 5258 arguantur
1718 5184 1839 5241 nias.
1874 5190 1990 5243 Dixi
2016 5193 2178 5244 etiam
2217 5205 2371 5258 posse
2399 5190 2684 5258 qttzeri'cur
2712 5184 3021 5258 arguantur
3062 5188 3163 5258 ,³⁷η
3199 5187 3311 5241 Non
3339 5184 3682 5258 credidertmt

466 5251 518 5323 in
558 5266 641 5304 me
661 5269 784 5306 mss.
822 5253 956 5308 Vict.
987 5251 1032 5307 et
1059 5251 1248 5308 Cister.
1278 5271 1386 5323 non
1415 5251 1641 5309 credunt
1673 5258 1723 5309 in
1752 5273 1836 5310 me
1909 5259 2000 5288 ³⁷⁸³
2025 5259 2134 5312 Hoc
2157 5251 2237 5323 est
2269 5259 2338 5310 illi
2369 5251 2818 5309 habendumansi.
2847 5266 2927 5308 est
2951 5256 3022 5323 illi
3062 5255 3290 5308 habendi
3368 5257 3459 5286 ³⁷³³
3488 5257 3540 5306 In
3569 5271 3674 5320 qua

466 5319 731 5394 ideornss.
761 5323 1012 5394 inquam
1039 5323 1160 5378 ideo
1233 5323 1323 5354 ³⁷⁸⁸
1368 5322 1605 5377 Laudem
1647 5325 1758 5379 Deo
1801 5343 1924 5378 mss.
1982 5322 2194 5389 laudem
2225 5327 2315 5379 Dei
2347 5350 2356 5353 -
2392 5326 2482 5394 “if
2529 5324 2798 5391 Sapientia
2842 5321 3052 5390 opificis
3076 5341 3196 5376 mss.
3238 5323 3368 5394 Vict.
3415 5319 3674 5389 sapientia

467 5385 687 5462 artificis
759 5385 1108 5462 "‘f'Statuit
1140 5401 1414 5458 peccatum
1468 5409 1587 5445 mss.
1643 5395 1894 5447 statuitur
1940 5385 2214 5461 peccatum
2290 5394 2381 5424 ³⁷⁵⁷
2434 5385 2632 5462 Carnis
2665 5385 3166 5462 concupiscentiam
3200 5391 3327 5462 nm.
3359 5385 3572 5462 carnem
3623 5401 3675 5439 t‘t

466 5456 948 5529 {'ngicupiscentiam
1022 5460 1113 5529 ³7⁵⁸
1142 5456 1236 5513 Im
1266 5463 1377 5515 sive
1408 5475 1569 5529 opere
1613 5478 1735 5514 mss.
1789 5464 1881 5515 ira:
1906 5456 2020 5514 sine
2045 5479 2204 5529 opere
2279 5462 2369 5529 "3’
2402 5461 2574 5514 Dubio
2595 5461 2770 5529 signat
2797 5456 2887 5514 eos
2925 5456 3241 5512 mssadubin
3287 5460 3548 5529 signit'eat
3579 5472 3671 5507 ens

469 5523 562 5559 ³’-⁵⁰
603 5522 672 5577 Ut
718 5527 876 5580 etiam
927 5527 1123 5581 sentire
1156 5545 1276 5582 mss.
1330 5540 1386 5584 ut
1430 5522 1547 5586 eam
1598 5533 1798 5587 sentire
1872 5533 1959 5563 ³⁷³¹
2012 5522 2174 5585 Primi
2239 5527 2468 5586 hominis
2521 5522 2858 5584 incui'rcrant
2889 5546 3008 5581 mss.
3041 5529 3190 5593 [nimi
3223 5522 3459 5591 patentis
3489 5528 3668 5575 incur—

473 5603 656 5645 serunt
