4240 6194
600 314 603 317 .
668 288 769 319 υῦιι

671 268 730 294 ΡΪ¹Ξ
741 270 769 294 ’ξ

1157 269 1214 321 s.
1255 248 1549 322 ANSELMI
1586 265 1929 321 caurum.
1971 261 2254 337 suum

2342 262 2473 317 )I’P.
2516 226 2692 317 rans
2729 265 2769 318 t.
2810 295 2875 304 -
2903 265 3319 322 DOGMATICA.

3758 267 3862 322 556

670 378 1084 429 instrumentum
1116 377 1181 427 ad
1231 375 1513 429 volendutn
1556 374 1840 442 justitiam,
1894 373 2054 426 etiam
2096 387 2215 424 cum
2246 373 2294 430 Α
2320 362 2604 426 volcndnm
2634 376 3096 440 commoditatem;
3135 376 3298 430 altera
3330 376 3395 431 ad
3430 376 3706 439 volendum
3747 395 3862 434 τρες

669 469 866 521 dortnit
891 484 906 532 ;
935 479 1146 530 ut,cntn
1170 482 1285 518 eam
1315 467 1530 533 cogitat,
1563 464 1743 516 statim
1766 478 1886 517 eam
1910 463 2056 517 velit.
2085 462 2221 516 Usus

669 572 797 610 vero
821 558 1055 625 ejusdem
1084 556 1420 607 instrmncnti
1445 563 1547 615 est,
1579 567 1739 621 quem
1786 568 1888 606 non
1942 553 2217 613 habemus,

671 646 769 698 nisi
805 658 924 696 eum
954 642 1251 712 cogitamus
1274 634 1385 694 rem
1414 654 1573 709 «luam
1606 643 1868 694 volumus.
1901 640 2103 694 Dicitur
2128 655 2221 693 au-

671 742 775 784 tem
804 730 1070 792 voluntas,
1101 739 1153 781 et
1182 731 1596 781 instrumentum
1637 729 1870 791 volendi,
1926 735 1977 778 ct
2015 725 2222 778 atlectie

666 819 805 886 ejus,
838 832 893 873 et
928 834 1059 871 usus
1109 818 1244 885 ejus.
1290 820 1707 871 instrumentum
1739 817 1949 885 quidem
1979 816 2222 870 volunta-

668 916 773 959 tem
806 920 1080 967 vocamus,
1109 905 1566 974 quandodicimus
1592 918 1686 956 nos
1714 912 2023 957 convertere
2050 906 2114 959 ad
2143 906 2222 958 di-

665 1009 823 1048 versa
848 993 1196 1054 voluntatem,
1219 991 1374 1044 modo
1398 991 1605 1045 scilicet
1636 991 1702 1044 ad
1726 991 2009 1045 volentium
2039 993 2224 1045 ambu-

669 1081 817 1152 lare,
845 1082 1003 1135 modo
1025 1081 1090 1132 ad
1127 1079 1408 1132 volcndum
1437 1079 1646 1143 sedere,
1672 1081 1827 1133 modo
1850 1082 1916 1133 ad
1944 1083 2222 1157 volendum

669 1171 813 1223 aliud
836 1180 890 1222 et
920 1168 1083 1221 aliud.
1124 1167 1234 1221 Hoc
1256 1167 1669 1221 instrumentum
1695 1185 1906 1237 semper
1935 1171 2095 1225 habet
2127 1172 2224 1225 lto-

670 1271 776 1321 mo,
818 1256 1066 1324 quamvis
1126 1270 1232 1309 non
1279 1271 1492 1331 semper
1536 1256 1625 1315 illo
1669 1259 2037 1314 utatur:sicut
2066 1260 2226 1313 habet

669 1346 860 1406 nisum,
888 1344 980 1413 qni
1010 1352 1093 1397 est
1124 1345 1533 1397 instrumentum
1568 1345 1798 1407 videndi,
1833 1342 1993 1399 etiam
2011 1348 2227 1414 quando

668 1431 758 1482 illo
793 1445 897 1483 non
932 1432 1120 1492 utitur,
1148 1440 1205 1481 ut
1259 1446 1379 1482 cum
1433 1420 1681 1496 dormit;
1710 1441 1763 1484 et
1793 1449 1912 1486 eum
1938 1448 2005 1487 eo
2036 1435 2221 1499 utitur,

668 1517 929 1571 etntvcrtit
948 1517 1091 1569 illum
1125 1508 1280 1571 modo
1309 1519 1379 1571 ad
1407 1518 1686 1573 videndum
1716 1519 1934 1583 coelum,
1980 1522 2137 1575 modo
2158 1523 2225 1575 ad

668 1604 952 1657 videndum
984 1612 1207 1666 terram,
1232 1606 1389 1660 modo
1413 1605 1477 1659 ad
1499 1605 1784 1661 videndum
1815 1606 2013 1675 aliquid
2063 1607 2223 1661 aliud.

669 1695 734 1748 Et
771 1695 849 1749 sic
869 1708 1079 1764 semper
1109 1694 1805 1750 lmbcmusinslrumrntum
1851 1698 2222 1763 ratiocinandi,
2259 1666 2298 1722 Β

669 1783 771 1837 hoc
794 1791 875 1836 est
897 1783 1179 1846 rationem,
1210 1798 1313 1857 qua
1343 1799 1447 1837 non
1478 1798 1689 1851 semper
1714 1786 1936 1851 utinutr,
1973 1796 2026 1839 et
2069 1800 2228 1854 quant

630 1873 1039 1928 -ratiocinando
1063 1875 1129 1927 ad
1177 1876 1385 1927 diversa
1436 1875 1800 1929 convertimus
1851 1876 1961 1929 '7".
2005 1875 2229 1929 Alit-otio

671 1977 796 2015 vero
825 1963 1164 2017 instrmueuli
1189 1963 1422 2027 volendi,
1452 1963 1651 2017 dicitur
1689 1964 1964 2027 voluntas;
2016 1964 2229 2031 quando

669 2051 895 2103 dicimus
927 2051 1194 2105 hominem
1222 2065 1431 2119 semper
1456 2051 1653 2104 habere
1677 2051 1996 2104 volu:tla:em
2028 2045 2230 2106 utbcne

671 2140 770 2194 sibi
793 2141 860 2193 sit
890 2158 903 2193 :
932 2157 1181 2196 vocamus
1210 2156 1440 2209 namque
1465 2142 1549 2194 hie
1578 2141 1671 2172 ³⁷⁵³
1700 2142 2047 2205 voluntatem,
2095 2140 2226 2195 ειπε-

670 2229 905 2283 etionem
934 2231 1073 2283 illam
1097 2230 1334 2298 ejusdem
1362 2231 1722 2293 instrumenti,
1772 2246 1875 2299 qua
1920 2231 2028 2282 vult
2072 2232 2230 2283 homo

667 2317 805 2371 bene
826 2318 927 2372 sibi
947 2323 1084 2372 esse.
1111 2319 1305 2372 Eodem
1330 2321 1486 2372 modo
1508 2332 1728 2374 sanctus
1751 2320 2014 2373 homo“.
2036 2322 2229 2373 asseri-

674 2414 778 2471 tur,
793 2407 955 2459 etiam
969 2423 1089 2459 cum
1104 2407 1359 2459 dormiret
1377 2423 1480 2461 non
1512 2408 1728 2473 rogitat,
1753 2409 2072 2462 indcsinentr
2092 2425 2116 2460 r
2140 2409 2236 2459 ha-

673 2498 801 2548 bere
814 2496 1288 2561 voluntatemjnste
1306 2497 1381 2547 vix
1395 2498 1517 2550 endi
1533 2497 1645 2547 ³⁷⁸⁸.
1664 2497 1741 2553 Ει.
1762 2512 1882 2550 cum
1904 2497 2037 2549 hane
2052 2496 2232 2548 volnn-
2263 2488 2266 2494 “

677 2596 839 2638 tatem
856 2584 1314 2639 asserimusalinm
1332 2584 1437 2637 alio
1451 2583 1706 2650 majorem
1722 2585 1945 2646 habere;
1976 2583 2232 2637 nonaliud

674 2674 902 2726 dicimus
933 2673 1263 2727 voluntatem
1283 2712 1296 2735 ,
1327 2688 1486 2741 quam
1524 2673 1665 2725 illam
1701 2673 2034 2748 allectionem
2067 2674 2234 2741 ipsius

678 2766 834 2836 133
858 2764 1217 2826 instrumenti,
1247 2778 1350 2832 qua
1380 2761 1653 2828 vultjuste
1676 2763 1876 2815 vivere.
1906 2763 2231 2816 Instrumen-

674 2864 788 2906 tum
826 2853 968 2908 enim
1000 2867 1103 2907 non
1132 2852 1224 2883 ""
1248 2862 1329 2905 est
1364 2850 1417 2904 in
1461 2850 1565 2903 alio
1595 2848 1799 2916 majus,
1828 2860 1880 2903 et
1921 2852 1973 2903 in
2001 2850 2105 2903 alio
2132 2851 2231 2902 mi-

2323 459 2627 517 titudincm.
2681 463 2905 533 Nempe.
2938 466 3067 519 nihil
3120 467 3236 519 vult
3284 465 3562 527 voluntas.
3614 481 3730 533 quae
3786 481 3866 523 est

2323 548 2761 616 instrumentum,
2791 554 2892 607 nisi
2936 565 3029 608 aut
3057 556 3483 620 commoditatem
3518 565 3608 608 ant
3649 555 3869 609 rectitu-

2321 638 2519 693 dinem.
2559 641 2830 709 Quidquid
2858 645 3000 696 enim
3031 643 3171 697 aliud
3197 644 3327 709 vult,
3355 654 3448 698 aut
3472 654 3691 713 propter
3718 658 3866 699 com-

2321 728 2673 801 moditatem,
2706 740 2801 783 aut
2843 741 3063 799 propter
3110 733 3485 789 ualitudinem
3520 735 3664 809 vult;
3702 742 3761 789 et
3801 733 3868 787 ad

2323 817 2448 878 has,
2481 818 2645 869 etiam
2693 818 2737 871 si
2777 817 3011 882 fallatur,
3041 830 3195 887 putat
3225 835 3283 874 se
3312 820 3513 875 referre
3548 824 3691 890 quod
3730 820 3866 875 vult.

2323 901 2426 957 Per
2446 905 2777 959 affectionem
2808 907 3021 975 quidem
3066 923 3187 976 qua:
3211 916 3294 962 est
3320 910 3387 962 ad
3413 909 3694 963 volendnm
3724 926 3887 965 com-

2324 995 2633 1048 moditatem
2666 995 2777 1057 "’",
2809 1010 3020 1064 semper
3049 997 3158 1050 vult
3203 998 3363 1051 homo
3393 997 3773 1052 beatitudinem
3813 1007 3870 1052 et

2324 1085 2511 1139 beatus
2534 1100 2654 1140 esse
2680 1104 2695 1139 :
2719 1101 2815 1155 per
2835 1086 2978 1139 illam
3005 1100 3133 1142 vero
3158 1102 3275 1156 qua:
3300 1088 3465 1143 estad
3484 1088 3573 1120 ’m
3591 1086 3871 1141 volendum

2324 1171 2732 1238 rectitudinem,
2772 1173 3144 1228 rectitudinem
3172 1174 3320 1240 vult,
3358 1183 3411 1229 et
3454 1184 3657 1239 rectus,
3704 1176 3757 1229 id
3789 1184 3874 1229 est

2320 1261 2530 1329 justus,
2551 1274 2687 1315 esse.
2716 1262 2945 1331 Propter
2983 1262 3413 1317 commoditatem
3439 1272 3614 1317 autem
3644 1263 3755 1317 vult
3776 1264 3875 1317 ali-

2324 1347 2449 1417 quid
2478 1365 2491 1400 :
2512 1357 2572 1401 ut
2596 1363 2718 1402 cum
2743 1349 2851 1402 vult
2870 1364 3025 1405 arare
3044 1350 3126 1404 vel
3152 1350 3417 1414 laborare,
3440 1360 3499 1405 ut
3519 1350 3713 1405 habeat
3734 1354 3888 1407 unde-

2328 1445 2542 1491 tueatur
2568 1437 2732 1491 vitam
2747 1447 2803 1493 et
2821 1439 3203 1509 salutem,fquaz
3226 1439 3501 1495 commoda
3520 1441 3872 1509 judicatessc.

2326 1527 2551 1594 Propter
2579 1527 3105 1583 rectitudinem'vero
3130 1543 3145 1582 :
3177 1538 3237 1583 ut
3261 1544 3383 1585 eum
3421 1529 3534 1583 vult
3555 1543 3676 1583 cum
3698 1530 3883 1583 labore

2327 1615 2535 1669 discere
2562 1615 2675 1681 "°°,
2715 1624 2769 1670 ut
2804 1608 2939 1670 sciat
2962 1626 3130 1681 recte,
3161 1616 3213 1672 id
3242 1624 3326 1671 est
3351 1617 3517 1685 juste,
3548 1616 3747 1670 vivere.
3778 1613 3878 1670 Vo-

2328 1702 2507 1758 luntas
2542 1718 2706 1768 vero,
2752 1718 2871 1773 qua:
2914 1713 2996 1759 est
3036 1720 3164 1759 usus
3203 1705 3470 1775 smpedicti
3520 1706 3876 1770 instrumenti,

2329 1807 2431 1847 non
2454 1802 2533 1847 est
2560 1794 2661 1847 nisi
2690 1809 2813 1848 cum
2833 1795 3033 1863 cogitat
3055 1795 3247 1865 aliquis
3271 1795 3413 1864 quod
3440 1795 3572 1860 vult,
3595 1804 3654 1849 ιιι
3677 1796 3891 1850 dictum.

2329 1892 2427 1937 est.
2463 1880 2628 1948 Hujus
2655 1882 2943 1939 voluntatis
2974 1883 3248 1953 multiplex
3288 1893 3374 1939 est
3410 1882 3644 1938 divisio:
3673 1883 3742 1937 de
3776 1897 3879 1951 qua

2330 1989 2435 2027 non
2463 1972 2642 2036 modo,
2679 1972 2773 2027 sed
2810 1973 3034 2027 forsitan
3063 1973 3197 2027 alias
3226 1972 3483 2027 dicemus.
3515 1971 3663 2026 Velle
3700 1979 3887 2026 autem

2329 2062 2659 2129 aequivocum
2689 2071 2791 2125 est,
2822 2063 2960 2116 sicut
2982 2062 3163 2117 videre
3195 2080 3209 2116 :
3241 2063 3688 2131 quemadmodum
3722 2075 3880 2113 nam-

2330 2165 2434 2219 que
2462 2150 2661 2205 dicitur
2694 2150 2903 2210 videre,
2922 2151 3025 2218 qui
3059 2152 3226 2204 utitur
3253 2151 3368 2204 visu
3395 2166 3408 2212 ;
3434 2157 3489 2203 et
3516 2151 3605 2216 qui
3636 2164 3742 2201 non
3779 2148 3884 2200 uti-

2328 2248 2443 2302 tur,
2462 2237 2551 2290 sed
2580 2238 2669 2305 qui
2694 2236 2853 2291 habet
2876 2238 3226 2306 nptitndinem
3250 2237 3495 2291 videndi:
3522 2235 3592 2289 ita
3625 2234 3888 2289 asseritur.

2330 2327 2483 2392 velle,
2515 2336 2569 2381 et
2611 2328 2708 2396 qui
2742 2328 2915 2381 utitur
2948 2329 3311 2395 instrumento
3344 2324 3550 2379 volendi
3601 2324 3890 2393 cogitando

2333 2418 2474 2485 quod
2500 2415 2640 2479 vult;
2670 2422 2725 2471 et
2753 2417 2842 2484 qui
2871 2432 2972 2469 non
3011 2416 3196 2479 utitur,
3225 2415 3476 2483 quoniam
3514 2413 3897 2476 allectionem,

2336 2505 2436 2559 hoc
2461 2514 2541 2557 est
2571 2489 2947 2573 aptitudinem,
2993 2501 3423 2560 babet,volendi.
3458 2500 3560 2554 Per
3595 2494 3697 2553 hoc
3720 2500 3888 2554 etiam

2335 2592 2587 2660 cognosci
2621 2600 2795 2659 potest
2843 2590 3003 2643 aliam
3045 2603 3165 2645 esse
3197 2589 3524 2643 voluntatem
3564 2588 3890 2641 instrumen-

2335 2690 2451 2735 tum
2472 2678 2713 2742 volendi,
2750 2678 2907 2730 aliam
2953 2676 3066 2743 ejus
3112 2674 3473 2737 all‘ectionem,
3524 2674 3684 2726 aliam
3728 2682 3897 2727 usum.

2331 2769 2569 2837 ejusdem
2612 2765 2953 2820 instrmnenti
2983 2782 2999 2818 :
3030 2765 3155 2833 quia
3176 2764 3223 2819 si
3269 2763 3463 2840 dicitur
3501 2763 3678 2831 justus
3704 2762 3901 2825 homo,

2333 2858 2493 2911 etiam
2526 2871 2649 2910 cum
2675 2855 2874 2909 dormit
2913 2862 2966 2909 et
3001 2853 3133 2905 nihil
3159 2853 3387 2921 cogitat,
3418 2852 3618 2906 habere
3641 2848 3892 2901 volunta-

671 2960 797 3005 nns.
828 2938 967 2998 Usus
993 2951 1169 2996 autem
1200 2942 1359 3010 hujus
1394 2940 1760 3004 instrumenti,
1793 2939 2032 2993 voluntas
2062 2940 2232 2993 nomi-
2261 2966 2305 3024 ε
2338 2956 2443 2999 tem
2463 2946 2604 3014 justo
2626 2942 2870 3007 vivendi;
2898 2950 2957 2995 et
2983 2939 3207 3006 injustus
3239 2942 3398 2994 homo
3421 2945 3643 3006 negatur
3664 2935 3890 2998 habere,

675 3044 835 3089 natur
862 3052 874 3087 :
907 3041 966 3086 ut
990 3048 1111 3087 cum
1142 3032 1270 3085 dicit
1298 3027 1689 3103 aliquiszilodo
1716 3029 1886 3081 habeo
1909 3028 2234 3081 voluntatem

680 3123 909 3192 legendi,
946 3123 1139 3191 idest,
1172 3119 1329 3172 Modo
1358 3117 1477 3171 volo
1506 3118 1708 3186 legere;
1740 3128 1856 3182 aut,
1890 3118 2042 3171 Modo
2064 3118 2237 3172 habeo

679 3213 1007 3266 voluntatem
1038 3208 1339 3272 scribendi,
1373 3209 1477 3262 hoc
1505 3217 1605 3269 cst,
1634 3207 1797 3267 Modo
1833 3208 1949 3259 volo
1974 3208 2233 3261 scribere.

682 3282 835 3354 Sicut
858 3299 1000 3352 enim
1021 3298 1220 3360 videre,
1242 3305 1323 3350 est
1348 3296 1421 3350 uti
1451 3296 1589 3356 visu,
1610 3296 1699 3363 qui
1717 3280 2234 3349 est'iustrumentum

617 3399 620 3403 ‘
680 3386 935 3451 videndi;
979 3395 1033 3440 et
1086 3400 1213 3439 usus
1238 3384 1353 3453 ejus
1392 3392 1474 3437 est
1507 3384 1669 3445 visio,
1701 3383 1784 3437 vel
1812 3384 1993 3446 visus,
2023 3385 2237 3452 quando

681 3472 837 3532 visus
885 3474 1153 3546 signiﬁcat
1202 3474 1338 3529 idem
1380 3474 1520 3541 quod
1573 3473 1710 3527 visio
1760 3472 2053 3542 (signiﬁcat
2095 3475 2236 3527 enim

684 3568 847 3620 etiam
874 3566 1022 3619 visus
1044 3566 1453 3619 instrumentum
1490 3561 1720 3631 ipsum):
1756 3561 1828 3614 ita
1866 3562 2020 3626 velle,
2046 3570 2127 3615 est
2166 3560 2239 3615 uti

686 3655 983 3716 voluntate,
1016 3667 1134 3720 quae
1164 3659 1246 3704 est
1292 3643 1703 3703 inStrumcntum
1746 3648 1982 3711 valendi,
2031 3659 2084 3702 et
2114 3664 2241 3701 usus

610 3764 613 3769 ·
686 3745 803 3812 ejus
832 3753 915 3796 est
947 3740 1225 3804 voluntas,
1266 3755 1384 3807 qua:
1425 3754 1529 3793 non
1567 3747 1647 3792 est
1698 3738 1797 3790 nisi
1831 3739 2044 3808 quando
2094 3738 2242 3804 cogi-

686 3844 865 3886 tamus
892 3832 1032 3900 quod
1076 3830 1343 3884 volumus.
1374 3828 1631 3882 Voluntas
1669 3828 1859 3896 igitur,
1896 3843 2014 3897 qua:
2040 3828 2242 3883 instru-

691 3931 926 3975 mentum
966 3929 1068 3984 est,
1109 3934 1213 3972 una
1257 3918 1369 3972 sola
1418 3929 1518 3985 est,
1567 3918 1631 3991 id
1673 3929 1783 3983 est,
1828 3919 2241 3972 instrumentum

688 3996 901 4066 volendi
929 4024 1094 4063 unum
1137 4009 1308 4063 solum
1345 4017 1427 4063 est
1463 4008 1515 4061 in
1552 4009 1795 4074 homine;
1828 4011 1966 4064 sicut
2001 4024 2103 4062 una
2133 4008 2244 4063 sola

687 4113 771 4157 est
800 4102 960 4166 ratio,
992 4102 1044 4154 id
1084 4110 1189 4163 est,
1229 4115 1389 4152 unum
1438 4100 1607 4153 solum
1640 4101 2049 4154 instrumentum
2077 4100 2243 4153 ratio-

689 4190 922 4245 cinandi.
975 4188 1232 4243 Voluntas
1285 4202 1442 4252 vero,
1495 4204 1600 4257 qua
1655 4188 2066 4253 instrumentum
2116 4189 2245 4243 illud

2335 3056 2357 3088 ι.
2383 3049 2455 3087 tm
2494 3033 2711 3096 dormit,
2744 3032 3069 3084 voluntatem
3100 3029 3247 3095 juste
3288 3027 3540 3081 videndi:
3570 3025 3760 3078 eadem
3797 3038 3915 3079 vo.-'

2336 3121 2514 3175 lentas
2556 3104 2789 3187 negatur
2820 3121 2887 3172 de
2916 3117 3140 3181 injuste,
3170 3130 3290 3183 qnte
3328 3113 3588 3168 asseritnr
3617 3114 3683 3167 de
3717 3110 3897 3178 justo.

2331 3210 2519 3263 Palam
2570 3218 2749 3262 autem
2789 3216 2871 3260 est
2911 3206 3034 3275 quia
3085 3221 3204 3258 eum
3254 3202 3479 3257 dicimus
3523 3217 3627 3255 non
3671 3214 3796 3254 esse
3839 3197 3890 3251 in

2335 3297 2534 3364 injusto
2580 3294 2875 3363 dormiente
2926 3293 3249 3345 voluntatem
3291 3291 3432 3358 justo
3481 3288 3726 3349 vivendi,
3779 3294 3904 3342 non

2337 3392 2562 3452 negatur
2593 3381 2644 3434 in
2674 3395 2738 3434 eo
2768 3394 2887 3433 esse
2922 3378 3182 3442 voluntas,
3222 3390 3381 3444 quam
3423 3372 3533 3427 dixi
3559 3374 3892 3427 instrumen-

2340 3484 2449 3527 tum
2476 3490 2491 3525 :
2520 3470 2776 3540 quoniam
2803 3466 3043 3521 eammn
3079 3479 3290 3541 semper
3334 3463 3493 3533 habet
3519 3459 3695 3522 omnis
3730 3460 3894 3513 homo

2339 3560 2611 3615 dormiens
2661 3566 2715 3611 et
2740 3556 2986 3625 vigilans.
3016 3555 3351 3621 Quapropter
3376 3550 3624 3619 quoniam
3659 3563 3765 3601 non
3789 3546 3891 3604 alia

2340 3650 2583 3705 voluntas
2618 3646 2996 3717 pronuntiatur
3026 3638 3136 3697 hoc
3181 3642 3337 3696 modo
3378 3642 3431 3693 in
3467 3641 3605 3692 bono
3642 3651 3764 3691 esse
3794 3638 3890 3691 lto--

2340 3740 2504 3800 mine,
2534 3749 2693 3805 quam
2723 3733 2808 3788 illa
2834 3726 2951 3805 qua:
2990 3740 3291 3787 removetur
3316 3743 3347 3781 a
3376 3726 3516 3780 malo
3543 3743 3557 3779 :
3594 3736 3699 3777 non
3729 3722 3895 3791 signi-

2341 3827 2531 3885 ﬁcatur
2561 3827 2615 3879 in
2660 3826 2802 3879 bono
2838 3811 2957 3877 esse
2984 3821 3255 3883 voluntas,
3291 3833 3410 3886 mia:
3450 3817 3890 3875 instrumentum;

2343 3922 2435 3974 sed
2471 3917 2579 3982 illa,
2610 3929 2713 3984 qua
2738 3912 2965 3969 adicitur
2990 3911 3420 3964 instrumentum.
3452 3905 3603 3971 Quod
3630 3911 3811 3955 autem
3838 3902 3892 3954 in

2342 4010 2656 4065 dormiente,
2701 4003 2803 4057 nisi
2846 4001 3095 4063 somniet,
3132 4014 3234 4053 non
3280 3998 3351 4050 sit
3398 3996 3642 4049 voluntas
3667 4006 3787 4061 qua:
3813 3998 3900 4045 est
3987 3999 3998 4010 '

2344 4114 2492 4162 usus,
2525 4095 2744 4151 dubium
2776 4108 2879 4147 non
2911 4102 2992 4145 est
3020 4109 3033 4143 :
3067 4104 3252 4159 quare,
3302 4102 3421 4141 cum
3456 4087 3648 4140 dicitur
3677 4084 3729 4138 in
3770 4085 3891 4137 dor-

2345 4191 2541 4243 miente
2586 4188 2732 4256 justo
2776 4185 2868 4217 ⁸⁸⁶¹
2906 4184 3149 4236 voluntas
3184 4181 3326 4247 justo
3373 4176 3613 4255 vivendi,
3668 4189 3774 4227 non
3824 4173 3895 4227 ibi

689 4272 945 4341 ailieitur',
964 4279 1156 4347 duplex
1202 4288 1301 4332 est.
1350 4279 1479 4332 Nam
1519 4281 1662 4333 sicut
1688 4282 1834 4333 visus
1864 4280 2041 4347 plures
2084 4280 2246 4334 habet
2279 4278 2323 4332 Β
2349 4274 2663 4343 intelligitur
2688 4273 2935 4326 voluntas
2962 4270 3055 4302 ⁸⁸⁸³
3083 4285 3227 4323 usus.
3262 4267 3374 4320 Non
3399 4274 3485 4320 est
3520 4265 3680 4334 igitur
3707 4262 3899 4316 volun—

691 4369 1051 4437 aptitudines;
1093 4367 1327 4429 scilicet,
1368 4370 1433 4419 ad
1474 4369 1755 4421 vivendum
1808 4369 2009 4428 lucem.
2054 4378 2108 4421 et
2150 4382 2246 4436 per

691 4458 864 4510 lucem
893 4455 959 4508 ad
990 4455 1270 4508 videndum
1306 4456 1530 4522 ﬁguras,
1564 4458 1627 4509 ad
1659 4458 1941 4511 videndum
1976 4458 2068 4488 ³⁷⁰⁷
2094 4456 2241 4511 colo-

691 4562 815 4609 res;
864 4548 932 4599 ita
980 4546 1392 4598 instrumentum
1437 4546 1644 4598 volendi
1687 4551 1817 4601 duas
1846 4548 2004 4601 habet
2035 4549 2239 4615 aptitue

2332 4375 2432 4420 tas
2477 4363 2708 4433 adiectio,
2743 4364 2983 4417 voluntas
3032 4361 3438 4413 instrumentum
3464 4395 3483 4420 ,
3524 4362 3615 4408 aut
3653 4354 3901 4407 voluntas

2349 4472 2507 4522 usus;
2555 4454 2877 4509 voluntatem
2920 4464 3129 4519 quoque
3172 4448 3581 4501 instrumentum
3634 4457 3739 4497 non
3778 4456 3897 4496 esse

2350 4545 2675 4600 voluntatem
2700 4556 2855 4598 usum
2888 4539 3062 4594 nullus
3084 4539 3325 4606 ignorat;
3353 4534 3602 4603 quoniam
3634 4547 3750 4585 cum
3777 4531 3906 4583 dico

691 4639 862 4701 dines,
892 4651 1029 4703 quas
1068 4650 1201 4688 voco
1234 4633 1545 4687 aﬂ'ectioncs
1578 4648 1593 4686 :
1630 4651 1853 4703 quarum
1904 4651 2003 4689 una
2056 4614 2139 4690 est
2173 4639 2239 4691 ad
2350 4650 2565 4690 menon
2594 4632 2794 4687 habere
2815 4629 3138 4684 voluntatem
3163 4624 3450 4687 scribendi,
3473 4636 3629 4676 nemo
3657 4614 3899 4685 intelligit

1948 4747 2027 4799 VA
2040 4748 2174 4802 “le
2218 4743 2612 4801 LECTIONES.

765 4836 1145 4892 a""Convertit
1170 4837 1380 4889 animus
1410 4852 1532 4889 mss.
1567 4835 1710 4887 Gem.
1762 4839 2088 4889 convertitur
2117 4840 2325 4891 animus
2368 4836 2495 4887 Vict.
2539 4844 2585 4884 et
2620 4829 2802 4883 Cister.
2831 4825 3189 4898 convertimus
3261 4824 3351 4898 "’f
3373 4821 3648 4898 Vocattttts
3672 4832 3899 4898 namque

695 4908 833 4957 lnnc
874 4882 997 4986 uias:
1032 4919 1283 4957 vocamus
1322 4905 1675 4986 namquedtire
1747 4904 1838 4935 '7”
1863 4905 2014 4986 modo
2058 4922 2178 4960 cum
2227 4914 2445 4959 Sanctus
2493 4904 2651 4954 homo
2699 4914 2822 4950 mss.
2862 4894 3017 4986 tnpdo
3072 4901 3287 4986 sanctus
3325 4893 3485 4986 homo
3517 4882 3648 4986 ..ἶς’
3681 4884 3896 4986 ξξξτϐῗέξί

697 4954 1017 5026 dicitur-:Et
1046 4954 1697 5039 ieiunium}:vivendi:Et
1722 4988 1841 5025 cum
1863 4954 2005 5005 W575“
2026 4954 2439 5028 |.Igi'.li.n3éiiiuui
2467 4981 2877 5039 vero_non_msr.
2907 4963 3318 5039 Instrumentum
3345 4960 3485 5012 enim
3517 4971 3621 5039 non
3650 5035 3660 5039 _
3695 4956 3785 4987 ⁸τ⁹⁷

626 5064 631 5071 ·
696 5057 857 5109 guras
878 5081 891 5101 ,
923 5049 977 5093 et
1002 5042 1315 5111 pc_r_liguras
1337 5042 1405 5111 ad
1433 5036 1715 5093 videndum
1749 5057 1869 5107 mss.
1904 5042 2119 5111 figuras,
2149 5044 2213 5093 ad
2248 5040 2550 5111 \'idt-mlnnt__
2600 5035 2692 5068 ’7”
2724 5030 3287 5111 Quaehadnvolendum
3318 5027 3897 5111 εριιιιξιοᾲίιδιξιιιᾲρθς

694 5090 853 5179 ξιιῌῖ
881 5090 1021 5159 mss:
1048 5090 1200 5157 Vici).
1246 5090 1711 5179 getiCiatcr—{qtnei
1732 5090 1815 5161 esi
1832 5090 2263 5172 ‘gui"v'.'.i£.itittin'
2281 5090 2768 5179 conunoditatem?
2800 5171 2812 5179 _
2841 5101 2941 5167 '3”
2962 5099 3089 5179 Qum
3116 5114 3254 5151 nunc
3284 5090 3896 5179 .estnac‘lhutsslvliﬁtl

697 5160 883 5231 hister.
920 5184 1150 5244 quzeegt
1175 5176 1256 5244 ad
1328 5177 1421 5207 ³⁸ο⁰
1459 5160 1861 5229 Vult'labnrare
1907 5179 1986 5231 vel
2030 5160 2248 5231 discere
2280 5192 2403 5228 mss.
2433 5160 2565 5244 vult
2593 5186 2726 5244 eum
2748 5160 2927 5244 labore
2955 5160 3180 5244 discere;
3209 5181 3305 5217 ms.
3360 5160 3893 5244 {litteravultlabofg

696 5230 905 5300 discere
939 5230 953 5243 -
978 5243 1067 5275 mn
1096 5241 1275 5294 Palam
1316 5254 1491 5296 autem
1518 5254 1599 5297 est
1623 5245 1746 5312 quia
1779 5260 1897 5296 cum
1928 5230 2161 5299 dicimus
2195 5230 2297 5297 non
2334 5258 2452 5295 esse
2479 5242 2673 5307 injuste
2698 5239 2983 5312 dormienti
3006 5234 3333 5312 voluntatem
3354 5232 3497 5312 juste
3521 5230 3729 5312 vivendi
3755 5244 3770 5312 ς
3792 5238 3914 5312 non.

696 5324 924 5383 negatur
951 5312 1198 5383 voluntas
1224 5312 1272 5364 in
1301 5324 1369 5383 eo
1394 5325 1507 5363 esse
1536 5302 1693 5380 quain
1722 5314 1829 5364 dixi
1860 5314 2286 5383 instrmneutnm,
2318 5302 2711 5383 quoniameam
2740 5323 2851 5383 ius.
2874 5302 3128 5383 ’νέω-ἐὖτ
3156 5302 3211 5355 ln
3247 5302 3770 5383 injusto.aut@‘nott

698 5365 851 5449 galia
880 5396 998 5434 esse
1029 5379 1273 5450 voluntas
1299 5365 1740 5450 itistt'ttttteitttittt;
1770 5365 2019 5446 quoniam
2037 5365 2163 5434 eam
2192 5365 2312 5432 mss.
2337 5365 2471 5450 'alio.
2510 5377 2728 5450 palam;
2748 5411 2771 5450 ._
2778 5368 2851 5450 in
2872 5372 3079 5450 injuste.
3096 5365 3392 5450 dormiente
3415 5365 3890 5450 voluntaterniegf;

699 5427 1273 5571 ξῖἶδί-ιθῖῧῖἧ.-’ἷῖόῖιῦ
1299 5427 2393 5503 'lilii-diuini;inhi."bis}?{familliae
2425 5427 2612 5515 jnsioﬁ
2636 5427 2729 5475 im
2751 5442 2863 5497 Non
2918 5427 3227 5508 intelligitur
3263 5437 3507 5526 voluntas
3540 5448 3661 5487 mu.
3691 5444 3793 5486 non
3822 5427 3903 5483 ibi

704 5531 811 5571 nnc
856 5528 1014 5571 :auur
1039 5533 1101 5571 vo
1126 5528 1283 5570 untas
3245 5539 3249 5543 ’

704 5518 1014 5587 intelligitur
1039 5518 1283 5571 voluntas
2021 5582 2024 5585 λ
3245 5539 3249 5543 ’
3452 5518 3458 5526 ’
