4240 6224
414 283 511 336 557

1247 279 1330 332 DE
1363 277 1692 332 CONCURD.
1739 276 2000 329 FILESC.
2046 276 2152 329 DEI
2193 277 2334 332 CUM
2388 278 2515 331 LIB.
2562 278 2834 332 AIlBiTIi.

3491 289 3592 341 533

413 409 498 446 me
534 410 633 444 non
666 393 861 445 habere
889 389 1294 441 instrumentum
1322 388 1546 440 videndi.
1580 387 1692 439 Alia
1725 395 1803 439 est
1827 401 1954 454 ergo
1982 389 2028 444 Λ
2055 402 2157 440 non
2196 401 2404 453 semper
2439 389 2574 439 mala
2619 398 2729 452 est;
2765 391 2856 440 se.l
2888 389 3096 456 quando
3141 393 3406 444 consentit
3450 399 3591 449 carni

415 486 659 537 voluntas
701 484 1130 544 instrumentum,
1174 479 1274 531 alia
1307 479 1546 531 voluntas
1573 476 1809 538 aﬂeetio,
1855 476 1954 528 alia

412 571 655 625 voluntas
673 582 818 620 usus.
845 567 1096 619 Voluntas
1117 567 1327 632 quidem
1355 566 1760 617 instrumentum
1783 571 1952 615 move!

413 660 586 713 omnia
615 656 716 710 alia
749 656 1140 716 instrumenta,
1179 656 1370 720 quibus
1413 663 1600 719 sponte
1649 653 1865 715 utimur,
1905 659 1958 704 et.

413 763 530 813 qua:
573 753 697 798 sunt
740 743 790 796 in
847 743 1026 805 nobis,
1070 752 1127 795 ut
1180 758 1395 805 ntanus,
1446 742 1649 809 lingua,
1691 743 1868 806 visus;
1904 749 1959 798 et

413 853 530 903 qua:
556 845 679 887 sunt
716 841 867 886 extra
897 849 1026 897 nos,
1065 842 1122 886 ut
1161 833 1354 902 stylus,
1386 841 1435 885 et
1485 832 1718 895 securis;
1751 842 1802 884 ct
1832 832 1957 885 facit

411 939 598 978 omnes
627 923 951 976 voluntarios
980 929 1153 974 motus
1177 938 1190 973 :
1221 922 1330 988 ipsa
1362 935 1484 973 vero
1513 935 1570 973 se
1598 919 1707 972 suis
1729 918 1960 972 affectio-

414 1013 570 1065 nibus
595 1020 799 1065 movet:
822 1012 958 1064 unde
981 1010 1082 1062 dici
1107 1017 1276 1088 potest
1299 1009 1706 1062 instrumentum
1728 1007 1958 1074 seipsntn

417 1117 654 1155 movens.
709 1103 836 1154 Dico
865 1101 1187 1154 voluntatem
1226 1101 1632 1152 instrumentum
1657 1111 1844 1149 omnes
1871 1111 1962 1148 vo-

416 1191 674 1243 luntarios
700 1199 875 1242 motus
907 1189 1081 1242 facere
1130 1207 1143 1242 :
1185 1190 1275 1248 sed
1315 1189 1357 1240 si
1387 1188 1480 1218 ³⁸⁸³
1510 1187 1792 1253 diligenter
1832 1200 1960 1237 con-

415 1278 734 1340 sideramus,
776 1278 861 1330 ille
893 1279 1065 1331 verius
1089 1278 1181 1308 3””
1217 1278 1424 1330 dicitur.
1443 1275 1617 1329 faccre
1643 1289 1798 1327 omne
1821 1275 1961 1342 quod

418 1367 544 1420 facit
562 1379 748 1422 natura
770 1377 860 1421 ant
881 1369 1142 1428 volunta‘s,
1165 1369 1255 1436 qui
1275 1367 1402 1420 facit
1425 1378 1666 1418 naturam
1690 1375 1744 1418 et
1769 1366 1962 1417 instru-

417 1465 652 1509 mentum
673 1456 881 1510 volendi
922 1471 1041 1510 cum
1070 1456 1436 1508 aliectionihus
1462 1456 1591 1517 suis,
1626 1455 1739 1508 sine
1770 1454 1963 1522 quibus

417 1544 556 1597 idem
590 1545 1001 1599 instrumentum
1036 1546 1162 1597 nihil
1191 1545 1330 1599 facit.
1655 1563 1658 1566 ·

417 1671 545 1750 Car:
587 1673 680 1750 _XI|
713 1673 803 1743 [aL
835 1675 1025 1750 XXII].
1059 1707 1126 1715 —
1177 1677 1325 1750 Quod
1367 1695 1429 1730 ea:
1461 1680 1716 1733 rohmtnte
1756 1685 1962 1734 rertitu-
1998 1693 2037 1750 Β

487 1742 621 1794 diuis
659 1742 746 1794 aut
773 1742 1025 1796 commodi
1068 1747 1306 1811 precedut
1338 1764 1484 1798 autne
1512 1750 1745 1802 meritum
1796 1752 1962 1803 Itami-

488 1811 586 1870 ttis,
616 1812 718 1862 sire
744 1813 810 1863 at!
836 1813 1074 1875 salulem,
1100 1815 1202 1864 sive
1228 1815 1294 1864 ml
1322 1816 1720 1868 tlunntutiont'nt.

492 1900 566 1951 Ex
596 1899 676 1951 his
701 1898 906 1953 duabus
931 1900 1318 1964 affectionibus,
1340 1918 1471 1969 quas
1486 1905 1642 1956 etiam
1668 1905 1963 1980 Voluptates

419 1988 680 2051 dicimus,
736 1989 1007 2042 tICSL'CIItIII
1048 2004 1204 2042 omne
1251 1994 1495 2043 meritum
1546 1994 1772 2047 hominis
1792 1995 1812 2057 ,‘
1849 1996 1963 2049 sive

421 2077 639 2137 bonum,
674 2078 784 2130 sive
823 2079 1035 2129 malum.
1069 2081 1194 2143 Qua:
1224 2080 1338 2132 dna:
1387 2082 1678 2137 voluntat:s
1720 2086 1876 2136 etiam
1911 2087 1960 2139 in

421 2165 520 2218 hoc
559 2163 809 2218 diII'ernnt
838 2166 929 2196 ³⁸⁰⁶
956 2167 1076 2233 quia
1126 2167 1239 2230 illa,
1286 2185 1402 2235 qua:
1447 2180 1529 2223 θυι
1575 2173 1639 2224 ad
1681 2174 1961 2226 volentium

422 2255 757 2307 commodum
783 2295 796 2316 ,
827 2255 1195 2322 inseparabilis
1224 2266 1332 2322 est;
1359 2258 1452 2328 illa
1483 2274 1605 2311 vero
1641 2277 1754 2328 quae
1784 2272 1863 2314 est
1898 2264 1962 2314 ad

421 2341 699 2394 volendum
753 2343 1140 2405 rectitudiuem,
1191 2346 1505 2410 separabilis
1559 2345 1677 2407 fuit,
1718 2358 1772 2398 ut
1807 2363 1964 2414 supra

420 2425 528 2482 dixi
559 2429 725 2500 (Dial.
755 2430 817 2482 de
841 2429 930 2482 lib.
957 2431 1091 2492 arb.,
1121 2446 1169 2482 c.
1200 2431 1330 2497 IL),
1367 2432 1416 2486 in
1442 2433 1701 2501 principio
1735 2436 1785 2489 in
1813 2450 1982 2504 angc-.

422 2516 506 2578 Iis,
534 2525 585 2571 ct
626 2517 677 2568 in
709 2518 895 2585 primis
922 2519 1118 2571 nostris
1155 2520 1491 2585 parentibus;
1522 2531 1574 2575 et
1603 2533 1683 2576 est
1713 2525 1884 2578 adhuc
1913 2526 1965 2578 in

424 2605 524 2659 hac
556 2605 659 2657 vita
693 2606 1046 2658 manentibus.
1082 2596 1133 2658 In
1167 2608 1265 2660 hoc
1314 2624 1523 2675 quoque
1561 2610 1805 2664 difl'erunt
1845 2613 1969 2680 quia

424 2693 530 2753 illa,
557 2709 676 2760 qua:
717 2704 799 2746 est
824 2682 887 2746 ad
931 2695 1207 2756 volentium
1239 2700 1593 2760 conunodnm,
1629 2716 1730 2751 non
1759 2711 1841 2753 est
1868 2702 1967 2754 hoc

424 2782 564 2846 quod
597 2781 708 2848 ipsa
758 2781 906 2833 vult:
938 2783 1022 2834 illa
1057 2801 1181 2836 vero
1207 2801 1324 2852 qua:
1353 2797 1434 2839 cst
1459 2789 1521 2838 ad
1561 2788 1663 2853 33°?
1688 2789 1966 2843 volendutn

427 2870 818 2933 rectitudinem,
853 2873 1112 2925 rectitude
1139 2883 1238 2928 est.
1276 2875 1456 2929 Nullus
1480 2877 1670 2946 quippe
1695 2880 1969 2933 rectitudi-

428 2972 548 3010 ncm
581 2957 689 3010 vult
710 2998 724 3020 ,
755 2960 855 3012 nisi
907 2963 1275 3017 rectitttdinem
1313 2965 1512 3018 habens
1543 2984 1555 3018 :
1597 2984 1765 3036 neque
1796 2981 1968 3037 potest

2055 478 2448 546 concupiscenti
2483 479 2736 530 adversus
2764 479 3026 544 spiritum.

2055 588 2181 642 CAP.
2243 580 2347 640 XIII
2382 587 2474 658 [αι.
2531 587 2733 657 XXIII].
2771 617 2838 626 -—
2891 587 3034 658 Unde
3073 600 3144 642 est
3181 601 3285 648 tum
3333 593 3511 644 vitiosa
3548 602 3594 645 et

2370 656 2475 711 tum
2509 673 2671 723 prona
2701 656 2768 707 ad
2807 656 3002 708 malum
3035 659 3287 713 voluntas.

2127 745 2232 799 Sed
2283 755 2338 797 ttt
2377 747 2476 799 hoc
2524 745 2732 812 planius
2784 745 3124 812 intelligatur,
3176 747 3595 816 investigandum

2058 844 2142 888 cst
2167 836 2303 888 unde
2330 845 2433 887 tum
2467 836 2654 888 vitiosa
2685 845 2737 887 et
2767 845 2870 886 tam
2897 850 3058 904 prona
3083 836 3150 888 sit
3177 838 3242 889 ad
3277 836 3466 888 malum
3497 838 3594 891 ista

2051 920 2319 974 voluntas.
2352 920 2460 973 Non
2484 922 2622 974 cnim
2649 921 2966 973 credendum
2990 931 3069 974 est
3091 922 3243 974 talem
3269 921 3406 974 illam
3435 922 3596 975 Deum

2060 1010 2250 1064 fecisse
2280 1009 2332 1062 in
2359 1010 2540 1076 primis
2564 1010 2761 1063 nostris
2791 1009 3114 1077 parentibus.
3149 1009 3279 1062 Cum
3305 1011 3445 1062 enim
3477 1025 3598 1077 pro-

2062 1100 2154 1152 tuli
2187 1100 2740 1155 naturamhumanam
2768 1107 2984 1167 propter
3013 1110 3284 1168 peceatum
3311 1099 3600 1153 incurrisse

2062 1188 2456 1256 corruptionem
2490 1197 2544 1241 ct
2585 1188 2851 1256 appetitus
2899 1187 2962 1240 ad
2991 1188 3386 1241 similitudinem
3413 1189 3598 1242 bruto-

2063 1293 2178 1330 rum
2227 1277 2564 1340 animalium,
2599 1292 2700 1331 non
2733 1277 2840 1330 dixi
2886 1276 3150 1344 quomodo
3197 1279 3314 1331 talis
3359 1279 3603 1332 voluntas

2061 1377 2177 1421 orta
2228 1367 2298 1420 sit
2343 1367 2396 1421 in
2432 1367 2664 1421 homine.
2693 1367 2846 1421 Aliud
2891 1382 3130 1436 namque
3167 1376 3287 1419 sunt
3340 1369 3603 1435 appetitus

2061 1455 2234 1508 vitiosi
2267 1472 2279 1507 :
2309 1455 2450 1507 aliud
2501 1455 2686 1508 vitiosa
2739 1456 2985 1508 voluntas
3031 1454 3348 1524 appetitibus
3383 1469 3604 1508 consen-

2067 1543 2235 1613 tiens._
2257 1541 2328 1595 De
2357 1541 2446 1594 tali
2479 1555 2606 1610 ergo
2631 1541 2902 1594 voluntate
2933 1541 3275 1606 quterendum
3313 1547 3436 1607 puto
3466 1539 3603 1592 nmle

2066 1630 2262 1682 homiai
2299 1630 2574 1682 acciderit.
2619 1629 2722 1681 Sed
2753 1628 2813 1680 si.
2841 1628 3064 1695 primam
3107 1627 3377 1679 rationalis
3403 1637 3606 1679 natura:

2064 1717 2421 1769 conditionem
2448 1715 2868 1776 consideremus,
2916 1713 3072 1768 facile
3114 1713 3265 1768 nobis
3303 1713 3460 1780 hnjus
3489 1716 3607 1766 talis

2066 1804 2351 1856 voluntatis
2381 1818 2540 1856 causa
2581 1801 2796 1871 patibit.
2850 1800 3072 1854 Intentio
3102 1811 3326 1867 t'nunqne
3373 1801 3461 1853 Dei
3511 1800 3605 1853 fuit

2066 1903 2120 1946 ιιι
2148 1893 2344 1960 justam
2377 1891 2574 1946 faceret
2605 1901 2764 1958 atque
2791 1898 3000 1942 beatam
3026 1899 3266 1940 naturam
3293 1889 3604 1943 rationalem

2064 1986 2126 2037 ad
2163 1983 2436 2035 fruendum
2469 1997 2560 2035 se:
2593 1980 2685 2034 sed
2723 1994 2893 2046 neque
2913 1977 3055 2045 justa
3112 1993 3285 2044 neque
3312 1977 3465 2030 beata
3489 1992 3607 2030 esse

2063 2073 2230 2140 potuit
2272 2072 2385 2123 sine
2437 2070 2701 2122 voluntate
2749 2061 2970 2136 justiti-.1:
3003 2076 3056 2119 et
3097 2066 3457 2122 beatitudinis.
3506 2065 3608 2118 Vo-

2064 2165 2241 2216 lunlas
2262 2162 2474 2230 quidem
2491 2160 2710 2225 iustitiae
2728 2167 2808 2212 est
2833 2159 2944 2226 ipsa
2961 2158 3194 2224 iustitia;
3223 2157 3460 2209 voluntas
3488 2169 3611 2208 vero

2063 2251 2406 2303 heatizudinis
2437 2256 2550 2303 non
2573 2256 2656 2300 est
2693 2246 2964 2301 beatitudo
2996 2264 3009 2298 :
3043 2246 3164 2314 quia
3199 2261 3299 2299 non
3323 2244 3494 2301 omnis
3517 2244 3611 2297 ha-

2068 2342 2155 2394 bet
2195 2339 2611 2402 beatitudinem,
2656 2337 2744 2406 qui
2791 2337 2951 2390 habet
3000 2335 3115 2404 ejus
3161 2335 3506 2389 voluntatem.
3554 2333 3610 2387 In

2067 2427 2393 2482 beatitudine
2443 2437 2643 2490 autem,
2685 2424 2976 2481 secundum
3025 2424 3260 2477 omnium
3295 2421 3450 2493 ι,θά
3487 2437 3610 2477 sen-

2068 2534 2208 2579 sum,
2239 2526 2320 2570 est
2351 2516 2660 2570 suﬂicientia
2689 2515 3043 2585 competentia
3059 2519 3462 2584 commodorum
3491 2513 3609 2567 sine

2070 2610 2212 2662 omni
2246 2609 2534 2678 indigentia
2580 2626 2594 2662 :
2645 2609 2760 2663 sive
2796 2608 3030 2676 angelica
3082 2606 3405 2674 intelligatur
3453 2606 3615 2660 beati-

2072 2700 2227 2762 tudo,
2278 2699 2391 2751 sive
2435 2698 2519 2751 illa
2568 2712 2726 2767 quam
2760 2696 2984 2761 habebat
3029 2695 3197 2749 Adam
3247 2695 3299 2748 in
3345 2695 3612 2764 paradiso.

2071 2785 2324 2850 Quamvis
2348 2786 2488 2837 enim
2525 2785 2694 2852 major
2725 2786 2794 2838 sit
2822 2784 3095 2838 beatitudo
3123 2783 3431 2852 angelorum
3455 2796 3612 2848 quam

2071 2874 2154 2927 illa
2185 2889 2303 2941 qme
2333 2881 2452 2925 erat
2479 2869 2713 2926 hominis
2751 2872 2803 2924 in
2841 2859 3241 2939 paradiso,'non
3282 2880 3452 2922 tamen
3500 2869 3620 2922 ideo

2072 2963 2251 3031 negari
2281 2969 2454 3029 potest
2496 2960 2662 3013 Adam
2713 2957 3096 3012 beatitudinem
3141 2957 3407 3009 habuisse.
3466 2957 3615 3008 Sicut

426 3048 616 3114 aliquis
665 3049 1035 3102 rectitudinem
1073 3051 1231 3113 velle,
1273 3053 1372 3106 nisi
1425 3057 1758 3110 rectitudine.
1790 3028 1967 3110 i’alam
1996 3028 2037 3083 Ο
2070 3067 2301 3120 namque
2347 3051 2497 3104 calor
2539 3063 2763 3117 magnus
2808 3056 2891 3100 est
2933 3046 3048 3100 sine
3093 3044 3235 3099 onnii
3288 3044 3517 3110 frigore,
3561 3051 3615 3095 et

434 3149 613 3189 autem
646 3146 726 3188 est
767 3138 880 3206 ejus
921 3139 1238 3201 voluntatis,
1264 3156 1381 3208 qua:
1417 3155 1496 3196 est
1540 3145 1967 3206 instrumentum.

428 3229 583 3282 istam
623 3242 742 3281 esse
782 3228 1174 3281 rectitudinem.
1217 3229 1363 3283 IIanc
1390 3234 1824 3297 pronuntiamus,
1851 3250 1970 3288 cum

423 3317 628 3385 iustitia
675 3318 980 3388 designatur
1024 3319 1282 3373 rectitude
1329 3321 1617 3376 voluntatis
1659 3335 1874 3393 propter
1917 3340 1973 3378 se

428 3419 661 3460 servata.
691 3407 813 3460 lltec
833 3418 914 3462 est
939 3410 1099 3461 etiam
1128 3413 1322 3466 veritas
1353 3412 1438 3465 illa
1460 3413 1764 3479 voluntatis,
1796 3416 1845 3467 in
1871 3430 1971 3481 qua

431 3495 675 3558 arguitur
702 3511 730 3547 a
762 3497 982 3550 Domino
1009 3499 1248 3552 diabolus
1285 3516 1386 3554 non
1418 3502 1631 3554 stetisse
1657 3517 1672 3555 :
1700 3503 1838 3569 quod
1866 3502 1972 3554 dixi

432 3584 572 3650 (cap.
603 3582 658 3650 4)
688 3584 738 3635 in
783 3592 1008 3636 tractatu
1057 3585 1122 3636 de
1152 3587 1391 3638 veritate.
1448 3586 1598 3640 Nunc
1631 3588 1973 3642 consideran-

430 3670 556 3720 dum
582 3678 663 3721 est
690 3670 952 3736 quomodo
979 3686 1041 3723 ex
1085 3671 1164 3724 his
1198 3671 1397 3735 duabus
1429 3672 1815 3735 voluntatibus,
1845 3690 1976 3741 quas

432 3769 564 3809 voco
609 3756 932 3824 aptitudines
965 3759 1076 3812 sive
1107 3760 1448 3824 affectiones,
1493 3763 1799 3828 procedant,
1842 3763 1978 3816 sicut

432 3841 572 3905 dixi,
621 3844 809 3896 merita
860 3845 1158 3910 hominum,
1211 3849 1324 3900 sise
1360 3850 1424 3902 ad
1473 3849 1730 3915 salutem,
1776 3851 1888 3905 sive
1913 3853 1977 3904 ad

433 3934 843 3987 damnationem.
880 3936 1158 3989 Ret‘titndo
1208 3939 1441 4004 quidem,
1474 3949 1729 4006 quantttm
1769 3942 1819 3993 in
1867 3943 1978 4010 ipsa

433 4032 553 4084 est,
603 4023 796 4077 nullius
828 4024 950 4076 mali
993 4041 1152 4078 causa
1190 4037 1307 4090 est,
1337 4037 1392 4080 et
1435 4031 1607 4082 omnis
1639 4031 1811 4083 meriti
1858 4032 1978 4084 boni

438 4121 615 4165 mater
649 4122 760 4174 est,
800 4115 912 4168 haec
963 4115 1102 4167 enim
1144 4116 1291 4170 favet
1336 4117 1542 4184 spiritui
1589 4120 1979 4186 concupiscenti
2015 4107 2018 4111 '

436 4202 690 4255 adversus
711 4217 926 4256 carnem
952 4203 1145 4272 (Galat.
1171 4220 1220 4266 v,
1244 4204 1358 4275 25.)
1385 4215 1440 4259 et
1465 4207 1856 4261 condelectatur
1881 4200 1980 4277 legi

2072 3153 2244 3194 tamen
2273 3149 2444 3205 potest
2470 3153 2590 3192 esse
2621 3137 2756 3190 alius
2779 3133 2945 3202 major
2966 3134 3111 3188 calor
3139 3149 3153 3185 :
3182 3143 3235 3187 et
3261 3134 3610 3200 quemadmo-

2073 3229 2196 3280 dum
2222 3227 2386 3294 frigus
2406 3236 2488 3279 est
2517 3226 2634 3278 sine
2669 3223 2815 3279 omni
2850 3221 3046 3281 calore,
3082 3236 3200 3274 cum
3241 3230 3411 3271 tamen
3450 3218 3618 3282 majus

2075 3318 2246 3369 valeat
2279 3316 2446 3384 frigus
2473 3328 2628 3377 esse;
2658 3312 2728 3365 ita
2758 3310 2888 3365 nihil
2924 3309 3166 3377 prohibet
3204 3307 3372 3362 Adam
3405 3309 3616 3373 beatum

2075 3409 2236 3461 fuisse
2261 3395 2312 3459 in
2349 3405 2594 3474 paradiso
2621 3403 2738 3456 sine
2765 3400 2907 3454 omni
2967 3398 3284 3467 indigentia,
3305 3397 3432 3450 i'cet
3453 3392 3621 3460 major

2074 3503 2215 3546 esset
2245 3493 2479 3561 angelica
2514 3488 2805 3544 beatitudo.
2838 3485 3044 3553 Nempe
3080 3485 3275 3553 aliquid
3315 3485 3487 3536 minus
3515 3482 3620 3534 alio

2077 3583 2298 3644 habere,
2352 3595 2455 3633 non
2502 3593 2710 3645 semper
2753 3586 2834 3630 est
2881 3576 3147 3643 indigere;
3187 3574 3276 3626 sed
3315 3573 3490 3638 aliqua
3540 3586 3620 3632 re,

2075 3661 2194 3725 eum
2231 3685 2346 3723 eam
2372 3667 2552 3721 haberi
2581 3666 2673 3697 ‘5”
2698 3671 2959 3735 oporteat,
2988 3675 3170 3714 carere
3193 3659 3350 3726 (quod
3381 3674 3482 3711 non
3503 3665 3618 3709 erat

2079 3762 2130 3812 in
2167 3760 2333 3811 Adam
2360 3757 2472 3825 “")
2499 3765 2581 3810 est
2618 3756 2872 3825 indigere.
2907 3753 3004 3807 Uhi
3039 3765 3163 3802 vero
3195 3757 3274 3802 est
3308 3746 3616 3815 indigentia,

2081 3850 2150 3902 ibi
2183 3857 2263 3901 est
2296 3846 2508 3901 miseria
2541 3862 2554 3899 :
2585 3860 2687 3898 non
2716 3856 2890 3897 autem
2927 3842 3050 3895 fecit
3081 3839 3248 3902 Deus,
3275 3838 3388 3890 sine
3423 3851 3618 3903 praece-

2080 3941 2232 3992 dente
2261 3936 2429 4005 cnlpa,
2462 3934 2770 3989 rationalem
2796 3942 3036 3987 naturam
3063 3929 3304 3982 miseram
3329 3926 3442 3992 '3”,
3465 3939 3620 3992 quam

2079 4029 2144 4080 ad
2177 4025 2573 4090 intelligendum
2618 4032 2670 4076 et
2700 4023 2981 4075 amandmn
3011 4035 3068 4072 se
3097 4018 3295 4070 creavit
3322 4034 3335 4068 :
3379 4016 3500 4068 fecit
3530 4013 3622 4082 igi-

2083 4125 2166 4168 tur
2212 4115 2349 4166 Deus
2393 4103 2660 4166 hominem
2698 4111 2909 4163 beatum
2959 4110 3076 4161 sine
3125 4107 3266 4158 omni
3313 4103 3618 4169 indigentia.

2083 4207 2250 4260 Simul
2277 4221 2401 4273 ergo
2438 4204 2643 4272 accepit
2673 4203 2946 4256 rationalis
2979 4211 3165 4253 natura
3189 4207 3244 4252 et
3280 4195 3626 4250 beatitudinis

434 4289 530 4321 ⁸⁸⁸⁸
563 4290 652 4343 Dei
702 4293 992 4344 secundum
1036 4292 1340 4347 interiorem
1370 4293 1638 4347 hominem
1682 4294 1855 4362 (Rom.
1884 4310 1980 4356 vn,
2015 4326 2057 4378 Β
2083 4298 2429 4356 voluntatem,
2464 4302 2519 4347 et
2539 4291 2939 4352 beatitudinem,
2966 4299 3022 4340 et
3046 4287 3365 4340 voluntatem
3383 4281 3622 4350 justitim.

433 4380 549 4448 Ξῖ),
575 4380 626 4434 id
653 4389 734 4434 est
761 4382 1049 4434 secundum
1077 4383 1321 4438 eumdem
1343 4384 1605 4451 spiritum.
1630 4383 1685 4438 Si
1713 4393 1889 4438 autem
1915 4399 1981 4439 ex

435 4469 525 4525 illa
574 4470 770 4524 malum
813 4471 1096 4538 aliquando
1143 4475 1291 4540 sequi
1332 4475 1567 4537 videtur,
1603 4489 1704 4527 non
1735 4488 1798 4526 ex
1845 4475 1973 4541 ipsa,

437 4559 531 4612 sed
558 4573 622 4611 ex
665 4560 789 4613 alio.
821 4558 920 4611 Per
951 4561 1318 4613 rcctitudinem
1350 4563 1543 4629 quippe
1574 4561 1796 4629 apostoli
1828 4571 1983 4614 erant

436 4649 606 4700 bonus
633 4649 762 4700 odor
785 4649 888 4702 Deo
905 4649 1197 4716 (IlCor.n,
1216 4652 1323 4718 16.)
1350 4667 1362 4704 :
1391 4653 1484 4704 sed
1506 4652 1644 4719 quod
1667 4653 1980 4719 quibusdam

437 4747 590 4792 erant
607 4741 737 4791 odor
767 4742 954 4794 mortis
977 4742 1027 4794 in
1052 4752 1273 4794 mortem
1291 4742 1510 4811 (Ibid);
1537 4758 1637 4794 non
1662 4742 1980 4807 procedebat

438 4844 504 4881 ex
529 4830 884 4897 apostolorum
900 4828 1132 4896 justitia,
1149 4831 1237 4884 sed
1255 4848 1316 4884 ex
1339 4830 1702 4883 malivolorum
1724 4830 1974 4897 nequitia.

439 4918 535 4973 illa
551 4934 679 4974 vero
706 4921 965 4987 voluntas,
993 4939 1110 4990 quae
1130 4932 1212 4976 est
1237 4923 1300 4976 ad
1323 4921 1599 4975 volendutn
1627 4922 1977 4981 commodum,

2083 4387 2134 4440 id
2168 4395 2248 4438 est
2276 4383 2366 4414 ³¹⁴¹¹
2419 4381 2810 4442 rectitudinem,
2847 4393 2964 4446 qua:
3010 4385 3096 4429 est
3144 4375 3254 4442 ipsa
3297 4370 3519 4438 justitia,
3568 4379 3624 4420 et

2082 4477 2302 4528 liberum
2347 4471 2646 4533 arbitrium,
2686 4470 2799 4522 sine
2826 4482 2932 4536 quo
2968 4465 3230 4531 justitiam
3260 4473 3474 4516 servare
3517 4473 3626 4509 non

2084 4564 2268 4632 potuit.
2301 4561 2390 4613 Sic
2435 4570 2608 4612 autem
2659 4560 2797 4612 Deus
2823 4558 2916 4589 ⁸³¹³
2943 4554 3206 4610 ordinavit
3246 4551 3506 4604 has'duas
3534 4561 3623 4597 vo-

2085 4655 2350 4717 luntates,
2399 4655 2508 4707 sive
2571 4651 2905 4706 alitfctioncs:
2947 4656 3004 4699 ut
3052 4645 3324 4703 voluntas,
3376 4651 3492 4704 qua:
3541 4642 3623 4686 est

2088 4744 2518 4804 instrmneutum,
2547 4750 2785 4794 uteretur
2809 4753 2891 4798 ea,
2931 4751 3047 4803 qua:
3071 4745 3149 4786 est
3171 4729 3396 4796 justitia,
3428 4724 3491 4776 ad
3519 4724 3622 4774 im-

2086 4831 2286 4897 perium
2329 4840 2377 4883 et
2423 4830 2656 4898 regimen
2679 4827 2790 4888 ³⁸⁸⁸,
2819 4827 3036 4878 docente
3061 4821 3244 4888 spiritu
3275 4817 3365 4884 qni
3388 4823 3440 4867 et
3475 4827 3637 4866 mens

2084 4929 2137 4972 et
2177 4921 2312 4972 ratio
2339 4911 2564 4982 dicitur;
2591 4928 2644 4971 et
2669 4917 2831 4969 altera
2873 4919 3109 4966 uteretur
3141 4908 3207 4962 ad
3251 4903 3628 4964 obediendum,

1703 5073 1782 5123 VA
1794 5071 1928 5123 RUE
1971 5069 2365 5124 LECTIONES.

498 5205 610 5239 "3”
637 5207 834 5260 Facere
857 5208 898 5259 si
943 5223 1064 5259 mss.
1104 5206 1276 5259 facere
1310 5223 1322 5256 :
1379 5205 1469 5258 sed
1501 5204 1565 5257 si.

1640 5204 1732 5233 m‘
1756 5202 1860 5256 Sed
1891 5203 1977 5255 ille
2015 5201 2191 5254 verius
2216 5217 2335 5252 mss.
2388 5202 2552 5252 omilt.
2581 5199 2670 5252 sed
2743 5197 2834 5228 ³⁸⁰⁶
2857 5194 3027 5248 Etiam
3060 5191 3184 5244 nihil
3212 5189 3466 5256 (Iiﬂ'crunt
3500 5199 3618 5256 ipsa.

448 5275 606 5327 etiam
637 5252 1082 5328 in'hoc'diil‘ertmt
1105 5252 1118 5259 ’
1155 5252 1351 5324 ῖεοῆιῐει
1379 5252 1648 5340 ie‘rovq‘tue
1676 5252 1847 5324 estad
1891 5252 2414 5340 "ﬁn-Ethdelectatur
2438 5269 2536 5336 legi
2562 5284 2680 5319 mss.
2698 5275 2762 5340 ⁸ει
2786 5263 3183 5340 ςρηιιριεςξξιιιξιιν
3207 5260 3305 5340 Mil
3351 5325 3362 5340 ,
3383 5255 3471 5340 ᾤ’
3489 5252 3623 5340 FW"

451 5325 948 5396 immissiuféaiii
967 5325 1149 5396 haberi
1226 5343 1314 5374 ³⁸¹⁰
1337 5342 1484 5406 Quod
1512 5325 1627 5393 eiut
1659 5340 1707 5391 in
1741 5341 1905 5391 Adam
1933 5357 2052 5390 mss.
2090 5336 2222 5399 Vict.
2257 5338 2395 5404 quod
2424 5325 2526 5389 non
2555 5345 2668 5390 erat
2697 5334 2747 5385 in
2771 5333 2993 5406 _A_,dan'|__
3015 5325 3623 5406 “"lliationalenrcrea-

451 5420 624 5462 turam
652 5413 898 5464 miseram
930 5428 1053 5462 mss.
1094 5412 1220 5463 Vict.
1253 5412 1285 5462 ὅ
1314 5396 1412 5462 εἷ9
1436 5421 1479 5460 et
1509 5408 1707 5461 Cister.‘
1733 5407 2044 5460 rationalem
2074 5396 2314 5457 naturain
2349 5407 2594 5457 miseram
2627 5419 2722 5453 ms.
2771 5401 2904 5452 Vict.
2936 5399 2997 5450 15
3027 5396 3335 5464 rationalem
3384 5400 3627 5464 natm-am

455 5479 520 5529 ad
562 5463 829 5531 miseriam
906 5480 994 5510 ³⁸η
1043 5480 1423 5532 Beatitudinem
1447 5477 1699 5545 justitia,
1734 5478 1784 5528 id
1820 5485 1927 5538 est,
1959 5491 2078 5527 mss.
2129 5474 2512 5526 beatitudinem
2544 5483 2593 5524 et
2627 5472 2948 5524 voluntatem
2991 5467 3233 5533 justititr,
3268 5463 3316 5514 id
3353 5468 3428 5513 est
3452 5497 3467 5522 ,

1621 5547 1708 5577 3“”
1745 5546 1809 5597 Et
1838 5560 2052 5612 regnum
2083 5559 2202 5594 mss.
2237 5552 2288 5596 et
2317 5544 2549 5610 regimen

457 5545 514 5596 Si
539 5558 710 5600 autem
743 5548 878 5602 Deus
923 5564 1039 5599 mss.
1075 5549 1152 5600 sic
1184 5557 1356 5599 autem
1409 5548 1544 5599 Deus

3542 5459 3626 5487 851.‘
