4240 6190
750 230 852 283 539

1190 266 1194 271 -
1283 236 1337 289 S.
1379 239 1669 293 ASSELMI
1710 242 2049 299 CAN’I‘UAR.
2093 244 2315 298 AllCllll

2388 258 2408 296 ‘.
2446 245 2592 299 OPP.
2637 245 2813 298 PARS
2852 247 2889 298 Ι.
2928 276 2996 287 σν-
3024 245 3429 301 DOGMATICA.

748 342 982 396 sine?m
1021 346 1170 398 omni
1209 346 1653 402 incommoditate.
1682 351 1823 405 Beati
1853 356 2057 436 ulline-ni
2087 355 2295 422 quilem
2328 364 2366 417 Α
2401 364 2675 425 possumus
2718 357 2895 409 dicere
2940 357 3242 428 :iil‘eetiones
3279 372 3413 427 ejus
3438 348 3739 427 voluntatis,
3769 382 3919 432 quam

750 432 895 485 dedit
922 433 1131 487 homini
1174 440 1251 501 (ut
1279 437 1343 489 de
1372 438 1573 505 angelis
1604 449 1827 509 taceam)
1865 432 1929 495 ad
1969 444 2297 497 commodum

747 520 893 587 ejus;
939 522 1208 587 justitiam
1239 538 1362 576 vero
1395 526 1459 578 ad
1510 526 1765 580 honorem
1805 544 1957 583 suum
1987 546 2000 582 :
2032 530 2122 583 sed
2140 531 2317 599 justir

662 684 663 687 η
748 612 893 673 tiam,
927 626 994 662 ita
1034 623 1098 663 ut
1144 611 1285 664 illam
1328 624 1507 682 posset
1551 616 1824 681 deserere;
1871 628 2134 686 quatenus
2176 636 2296 675 cum

746 698 890 765 illam
940 714 1043 751 non
1102 701 1398 766 desereret,
1449 706 1540 758 sed
1590 718 1983 774 perseveranter
2031 720 2297 776 servaret,

745 787 965 856 provehi
996 800 1300 867 mereretur
1329 794 1391 845 ad
1421 796 1746 848 consortium
1778 798 2082 865 angelorum
2113 813 2127 851 :
2158 803 2297 868 quod

700 942 703 944 _
745 877 788 929 si
824 876 965 929 illam
1006 877 1127 931 desz:
1143 889 1299 943 reret,
1331 881 1628 936 nullatenus
1666 898 1784 937 eam
1824 900 1920 953 per
1965 901 2022 940 se
2051 889 2297 958 deinceps

745 979 1016 1019 resumere
1061 977 1275 1034 potsset;
1325 980 1376 1021 et
1414 970 1794 1026 beatitudinem
1839 975 2146 1044 angelorum
2192 992 2292 1029 non

748 1053 1152 1123 adipisceretur,
1192 1066 1245 1107 et
1275 1056 1361 1108 illa
1391 1073 1548 1125 quam
1581 1060 1810 1116 habebat
1833 1064 2130 1132 privaretur
2160 1074 2213 1119 et
2242 1066 2293 1117 in

748 1143 1149 1196 similitudinem
1206 1145 1480 1215 brutprum
1535 1150 1839 1205 animalium
1894 1142 2120 1215 cadens,
2172 1152 2289 1211 cum

747 1228 852 1283 illis
881 1232 1211 1299 corruptionl
1241 1240 1295 1286 et
1324 1236 1587 1303 smpel‘atis
1618 1240 1931 1308 appetitibus
1962 1237 2287 1306 subjaceret;

747 1318 993 1373 voluntas
1026 1330 1199 1373 tamen
1230 1321 1575 1380 beatitudinis
1619 1338 1853 1382 maneret
1882 1347 1894 1380 :
1925 1339 1975 1381 ut
2025 1314 2117 1396 per
2156 1330 2290 1382 iudi-

745 1406 978 1472 gentiam
1027 1407 1287 1461 bonorum
1343 1426 1458 1477 quae
1506 1413 1841 1479 perdidisset,
1884 1414 2029 1482 gravi
2078 1415 2286 1469 miseria

743 1482 896 1559 juste‘
924 1496 1219 1562 puniretur.
1256 1498 1527 1563 Quoniam
1561 1514 1687 1568 ergo
1733 1501 1962 1555 deseruit
1997 1496 2283 1569 justitiam,

748 1582 980 1650 perdidit
1007 1584 1421 1648 beatitudinem;
1447 1596 1501 1639 et
1534 1587 1798 1654 voluntas,
1826 1604 1987 1658 quant
2018 1591 2209 1643 bonam
2235 1601 2289 1645 ct

749 1670 816 1722 ad
845 1670 1037 1723 bonum
1066 1686 1217 1724 suum
1244 1674 1475 1740 accepit,
1503 1674 1714 1728 fervens
1745 1676 2005 1730 desiderio
2029 1676 2120 1707 ³⁸⁸⁸
2148 1692 2290 1731 com-
2324 1663 2364 1716 Β

752 1757 1028 1810 modorum
1055 1774 1171 1826 qua:
1194 1774 1299 1813 non
1332 1762 1462 1815 velle
1488 1763 1687 1829 nequit,
1720 1764 1841 1831 quia
1870 1779 1991 1817 vera
2019 1766 2289 1818 commoda

749 1846 992 1897 rationali
1034 1857 1235 1901 naturze
1258 1851 1651 1915 convenientia,
1677 1867 1794 1918 quae
1822 1854 2071 1921 perdidit,
2099 1855 2291 1911 habere

747 1947 849 1985 non
895 1931 1064 1998 valet,
1107 1934 1171 1987 ad
1210 1935 1342 1990 falsa
1364 1977 1381 2005 ,
1414 1947 1469 1992 et
1508 1938 1783 1993 brutorunt
1818 1943 2119 1994 animalium
2149 1958 2293 1996 coni-

698 2018 699 2021 “
747 2020 923 2084 mnda,
965 2036 1083 2089 qua:
1122 2023 1372 2078 bestiales
1426 2026 1691 2094 appetitus
1730 2039 2046 2095 suggerunt,
2072 2044 2130 2082 se
2166 2046 2291 2085 con-

748 2108 908 2162 vertit
936 2121 949 2159 :
978 2117 1030 2160 et
1057 2106 1130 2162 ita
1161 2126 1281 2163 cum
1310 2126 1374 2166 ea
1412 2112 1524 2166 vult
1566 2112 1882 2177 inordinate,
1915 2104 2286 2171 rectitudinem

747 2205 840 2248 aut
882 2211 949 2250 nc
993 2198 1287 2267 accipiatur
1330 2202 1538 2268 oblata,
1591 2203 1821 2269 repellit;
1881 2214 1970 2271 aut
2020 2219 2286 2276 acceptam

748 2284 1125 2352 expellit‘m’:
1166 2302 1285 2346 cum
1331 2304 1455 2344 vero
1484 2305 1546 2343 ea
1590 2292 1735 2346 licite
1779 2293 1886 2347 vult
1927 2294 2015 2326 ³⁸⁸⁸
2046 2295 2155 2361 ⁸⁸¹⁹,
2186 2313 2289 2352 non

746 2372 848 2425 hoc
876 2372 1019 2449 facit.
1064 2373 1189 2427 lloc'
1210 2376 1371 2444 igitur
1392 2379 1549 2431 modo
1584 2380 1830 2436 voluntas
1863 2383 2289 2452 instrumentum,

733 2471 923 2515 creata
948 2462 1084 2516 bona
1108 2464 1199 2495 ⁸⁸⁸⁸
1218 2504 1232 2529 ,
1262 2466 1312 2527 in
1338 2475 1590 2535 quantum
1628 2469 1790 2524 habet
1815 2487 1952 2535 esse,
1994 2484 2047 2527 et
2067 2473 2209 2541 justa
2238 2483 2290 2531 et
2326 2520 2331 2525 .

746 2548 900 2604 fortis
928 2553 993 2606 ad
1022 2554 1337 2608 servandum
1360 2559 1927 2626 aceeptamjustitiam;
1953 2578 2049 2632 per
2067 2563 2286 2618 liberum

748 2641 1207 2721 arbitriumlfacta
1236 2654 1316 2699 est
1361 2647 1520 2712 mala,
1550 2663 1654 2702 non
1682 2651 1735 2704 in
1776 2663 2028 2720 quantum
2057 2664 2160 2719 est,
2194 2658 2289 2711 sed

749 2728 802 2781 in
834 2742 1087 2798 qnantmn
1132 2734 1485 2803 injustafacta
1517 2748 1598 2791 cst
1625 2754 1719 2807 per
1766 2744 2054 2796 absentiam
2101 2755 2289 2812 sponte

750 2820 974 2875 deserta:
1027 2822 1279 2890 justitiaz,
1329 2816 1750 2897 qnam-semper
1804 2830 1998 2885 habere
2053 2834 2288 2887 deberet.

748 2907 958 2961 lnlirma
989 2926 1199 2981 quoque
1227 2917 1381 2970 modo
1427 2917 1566 2970 facta
1598 2928 1678 2972 est
1715 2921 1780 2973 ad
1812 2921 2086 2974 volcndutn
2131 2923 2287 2990 justi-

748 2996 875 3048 tiam
904 2999 1164 3054 desertam
1189 3015 1204 3052 :
1234 3017 1337 3056 non
1366 3003 1502 3057 enim
1534 3020 1629 3073 per
1657 3007 1879 3060 liberum
1904 3008 2181 3062 arbitrium
2212 3010 2283 3063 ita

749 3094 923 3151 potest
949 3102 1065 3140 eam
1096 3089 1251 3153 velle,
1273 3106 1393 3145 cum
1425 3092 1700 3147 illam‘non
1731 3096 1916 3160 habet;
1945 3100 2287 3165 quemadmo-

750 3173 874 3225 dum
908 3175 1043 3249 valet
1071 3192 1187 3230 eam
1235 3192 1450 3243 servare
1490 3181 1609 3243 "",
1640 3197 1760 3235 enm
1807 3184 1984 3236 habet.
2033 3184 2288 3240 Voluntas

749 3262 909 3314 etiam
937 3266 1223 3329 commodi,
1253 3267 1467 3320 condita
1510 3269 1645 3323 bona
1676 3270 1788 3333 ³³⁸³,
1836 3271 1888 3322 in
1918 3283 2167 3337 quantum
2209 3284 2291 3327 est

750 3357 982 3424 aliquid;
1015 3358 1173 3424 mala,
1207 3361 1255 3413 id
1285 3371 1367 3417 est
1393 3361 1608 3430 injusta,
1638 3363 1772 3417 facta
1805 3366 2043 3434 est,quia
2076 3380 2176 3419 non
2208 3380 2289 3420 (εει

749 3444 959 3497 subdita
986 3444 1225 3513 justitim,
1251 3449 1363 3501 sine
1389 3464 1487 3516 qua
1522 3451 1650 3502 nihil
1680 3451 1808 3503 velle
1836 3452 2006 3505 debet.
2038 3453 2289 3505 Voluntas

748 3548 877 3602 ergo
918 3535 1353 3601 instrumentum,
1396 3552 1515 3590 cum
1550 3548 1735 3604 sponte
1766 3540 1906 3592 facta
1954 3540 2024 3593 sit
2062 3539 2283 3604 injusta,

750 3634 868 3692 post
887 3625 1147 3678 desertam
1169 3622 1429 3694 justitiam
1455 3638 1653 3691 manet,
1684 3637 1938 3695 quantum
1965 3629 2016 3681 in
2050 3629 2160 3698 ipsa
2181 3639 2283 3693 est,

750 3716 1069 3769 necessitate
1099 3717 1323 3784 injusta,
1363 3728 1414 3772 et
1444 3720 1633 3772 ancilla
1672 3719 1940 3786 injustitia:
1981 3739 1992 3773 :
2034 3722 2153 3788 quia
2178 3725 2288 3789 'pcr

748 3818 806 3856 se
837 3805 1009 3858 redire
1053 3806 1237 3872 nequit
1281 3807 1346 3858 ad
1382 3807 1678 3874 justitiam,
1725 3806 1837 3859 sine
1880 3822 1981 3870 qua
2021 3822 2286 3877 nunquam

749 3892 1053 3966 lihcra’est,
1097 3895 1219 3961 quia
1258 3892 1518 3948 naturaiis
1548 3894 1762 3948 libertas
1797 3896 2004 3953 arbitrii
2044 3896 2157 3949 sine
2202 3897 2288 3951 illa

753 3981 924 4033 otiosa
956 3990 1057 4034 est.
1104 3982 1307 4035 Ancilla
1336 3984 1494 4037 etiam
1534 3984 1670 4037 facta
1706 3992 1785 4037 est
1822 3999 1931 4037 sua:
1971 3984 2285 4052 affectionis,

752 4085 869 4137 qua:
898 4072 962 4123 ad
989 4075 1320 4126 commodum
1342 4083 1421 4127 est
1446 4088 1461 4126 :
1491 4075 1634 4143 quia,
1669 4083 1867 4126 remota
1898 4074 2121 4142 justitia,
2160 4076 2289 4129 nihil

752 4167 923 4225 potest
952 4159 1083 4238 velle
1114 4160 1211 4213 nisi
1238 4162 1374 4227 quod
1405 4162 1487 4214 illa
1514 4163 1641 4215 vult.
1670 4162 1795 4214 Dice
1820 4172 1995 4214 autem
2014 4173 2065 4215 et
2097 4164 2291 4216 instru-

752 4257 1009 4313 mentum,
1034 4259 1088 4303 et
1115 4249 1446 4305 all‘ectionem
1472 4250 1603 4317 ejus,
1652 4251 1784 4304 velle
1816 4270 1828 4303 :
1856 4251 1977 4318 quia
2021 4259 2073 4302 et
2102 4252 2290 4304 instru-

752 4344 987 4388 mentum
1046 4345 1127 4389 cst
1180 4338 1448 4397 voluntas,
1504 4348 1558 4391 et
1605 4338 1812 4393 a‘ﬂ‘cetio
1871 4340 2131 4411 voluntas.
2182 4339 2290 4392 Nec

756 4426 1047 4492 incongrue
1077 4436 1299 4494 utraque
1345 4428 1587 4482 voluntas
1629 4430 1758 4485 velle
1788 4431 1979 4483 dicitur
2008 4449 2018 4481 :
2049 4430 2169 4497 quia
2204 4430 2315 4503 illa

756 4510 865 4562 vult
894 4526 1013 4578 qua:
1061 4511 1337 4567 all'ectioue
1366 4530 1477 4569 sua,
1501 4518 1637 4581 vult;
1670 4527 1723 4569 et
1767 4516 1997 4570 aﬂ'cctio.
2020 4517 2155 4579 vult,
2197 4530 2289 4583 per

752 4614 912 4667 quam
947 4600 1029 4652 illa
1081 4601 1192 4653 vult
1235 4621 1246 4654 :
1280 4603 1415 4656 sicut
1463 4605 1640 4657 videre
1686 4606 1879 4657 dicitur
1913 4616 1964 4658 et
1993 4608 2167 4664 homo,
2197 4604 2285 4671 qui

749 4689 862 4743 visu
888 4689 1049 4754 videt,
1077 4700 1131 4755 et
1156 4691 1267 4760 ipse
1289 4692 1430 4745 visus
1456 4708 1560 4760 quo
1583 4693 1737 4745 videt.
1768 4693 1913 4747 Unde
1939 4709 2037 4746 non
2062 4693 2287 4746 absurde

2400 447 2803 501 instrmnentum
2831 449 2935 499 dixi
2967 448 3364 518 aniune,,quasi
3404 451 3744 506 instrumenta
3770 456 3921 521 ejus-

2392 520 2514 586 dein
2535 533 2881 603 instrumenti
2910 547 3064 596 esse:
3096 536 3218 604 quia
3259 538 3387 590 nihil
3427 539 3538 607 ipsa
3564 540 3662 593 nisi
3682 520 3919 594 istisi'm

2374 629 2662 702 'operatur.
2711 619 2925 673 Perdite
2965 621 3127 689 igitur
3161 623 3513 681 instrumento
3545 629 3747 687 valendi
3769 631 3921 697 justi-

2386 710 2554 773 tiam,
2585 708 2640 764 id
2685 717 2796 771 est,
2839 711 3236 775 rectitudinem;
3280 712 3437 768 nullo
3466 717 3621 769 modo
3637 754 3657 779 ,ν
3691 718 3787 771 nisi
3830 734 3922 786 per

2396 797 2621 865 gratiam
2656 797 2942 860 reddatur,
2998 809 3172 867 potest
3224 802 3466 858 voluntas
3520 804 3919 857 instrumentum

2397 884 2526 937 velle
2569 882 2851 950 justitiam.
2907 884 3240 954 Quapropter
3291 892 3542 958 quoniam
3572 884 3573 889 “
3606 892 3737 945 nihil
3790 892 3922 945 velle

2394 970 2575 1035 debet,
2608 970 2710 1025 nisi
2751 970 2891 1039 juste
2926 986 2941 1023 :
2981 972 3237 1041 quidquid
3277 966 3390 1029 vult
3432 977 3547 1030 sine
3578 978 3918 1042 rectitudine,

2395 1060 2505 1113 vult
2535 1059 3034 1130 injuste.Appetitus
3060 1046 3205 1128 vero,
3230 1079 3367 1131 quos
3398 1080 3584 1119 onmcs
3607 1053 3757 1120 vocat
3784 1068 3921 1134 Apo-

2394 1151 2561 1203 stolus
2589 1165 2804 1204 carnem
2826 1160 2878 1204 et
2895 1153 3400 1219 concupiscentiam,
3428 1155 3479 1207 in
3502 1166 3756 1223 quantum
3778 1166 3918 1219 sunt,

2394 1252 2499 1289 non
2532 1245 2656 1291 sunt
2677 1238 2818 1301 mali,
2844 1238 2923 1292 ve!
2951 1239 3160 1307 injusti;
3189 1241 3279 1294 sed
3303 1241 3424 1309 quia
3450 1230 3573 1294 sunt
3601 1244 3651 1295 in
3683 1245 3918 1302 rationali

3824 257 3929 313 510-
3970 338 3977 345 ‘

2390 1334 2633 1379 creatura
2670 1326 2757 1379 ubi
2787 1342 2889 1385 non
2919 1328 3108 1395 debcut
3150 1343 3296 1391 esse,
3337 1328 3586 1382 dicuntur
3623 1329 3820 1396 injusti.
3864 1330 3939 1381 In

2390 1414 2559 1468 brutis
2583 1416 2844 1483 siquidem
2875 1417 3190 1472 animalibus
3235 1431 3336 1471 non
3378 1428 3503 1471 sunt
3532 1419 3688 1484 mali,
3718 1419 3797 1472 vel
3842 1419 3919 1470 in—

2382 1499 2535 1565 justi,
2561 1502 2684 1570 quia
2716 1501 2786 1553 ibi
2814 1502 3005 1555 debent
3027 1518 3165 1559 esse.
3626 1494 3627 1499 “

2388 1607 2514 1660 ειν.
2544 1606 2657 1661 XIV
2693 1606 2787 1680 [αι.
2834 1606 3043 1678 XXIV].
3070 1637 3140 1647 —
3163 1610 3556 1689 fiecupitulatio,
3588 1620 3634 1663 et
3666 1610 3921 1665 conclusio

2698 1692 2701 1697 λ
3053 1692 3236 1744 opem.
3444 1742 3450 1746 η

2457 1761 2571 1816 Jam
2606 1777 2669 1816 ex
2698 1764 2797 1826 bis,
2824 1780 2940 1833 qua:
2963 1766 3101 1817 dicta
3124 1773 3267 1831 sunt,
3289 1767 3532 1833 cognosci
3560 1774 3731 1835 potest
3759 1766 3925 1820 homi-

2392 1869 2510 1907 nem
2538 1854 2654 1908 ideo
2678 1871 2782 1908 non
2827 1840 3034 1911 habere.
3060 1870 3268 1923 semper
3301 1855 3595 1923 justitiam,
3623 1870 3781 1925 quam
3810 1856 3921 1909 sine

2393 1942 2784 1999 intermissione
2811 1944 2966 1999 debet
2993 1944 3216 2007 habere;
3250 1944 3371 2012 quia
3402 1944 3544 1997 nullo
3574 1947 3737 1997 modo
3757 1934 3923 2012 potest

2390 2030 2530 2083 illam
2574 2045 2667 2098 per
2694 2046 2751 2084 se
2779 2031 3019 2099 adipisci,
3049 2031 3128 2084 vel
3158 2046 3491 2100 recuperare.
3538 2032 3716 2084 Palam
3763 2034 3919 2085 etiam

2388 2133 2418 2173 e
2452 2127 2470 2171 t
2488 2119 2608 2184 quia
2632 2120 2767 2173 Deus
2782 2119 2917 2173 bona
2943 2120 3066 2173 facit
3084 2135 3240 2187 opera
3263 2135 3353 2174 sua
3373 2120 3481 2173 sola
3501 2121 3736 2173 bonitate
3756 2139 3770 2173 :
3788 2137 3920 2189 quo-

2390 2207 2532 2259 niam
2560 2198 2668 2272 ipse
2710 2216 2856 2260 creat
2898 2207 3221 2260 voluntatem
3251 2223 3370 2262 cum
3396 2208 3563 2261 libero
3591 2208 3839 2281 arbitrio,
3871 2219 3921 2260 et

2389 2295 2477 2347 dat
2503 2295 2575 2347 illi
2600 2294 2865 2362 justitiam
2883 2308 2975 2363 per
3003 2310 3157 2362 quam
3184 2305 3454 2364 operatur.
3483 2296 3616 2349 Mala
3638 2282 3775 2350 [vero
3799 2296 3920 2349 facit

2390 2383 2482 2414 ³⁸²⁵
2514 2383 2626 2437 sola
2657 2383 2808 2451 culpa
2852 2382 3156 2445 beminmn;
3200 2384 3322 2451 quia
3363 2397 3426 2436 ea
3465 2396 3568 2436 non
3608 2382 3844 2447 faCeret,
3875 2384 3917 2435 si

2389 2474 2547 2545 homo
2577 2472 2662 2525 illa
2690 2472 2869 2527 facere
2899 2487 3001 2525 non
3036 2469 3193 2525 vellet
3223 2488 3235 2525 :
3268 2468 3396 2527 facit
3437 2454 3623 2541 latnen'
3651 2470 3752 2526 hoc
3780 2471 3916 2540 quod
3986 2496 3991 2501 ε

2388 2571 2539 2625 sunt;
2576 2562 2828 2630 quoniam
2858 2560 3095 2614 condidit
3126 2560 3176 2613 in
3201 2560 3788 2625 hominevolunlatem,
3819 2576 3916 2631 qua

2385 2653 2500 2707 sine
2541 2651 2743 2719 justitia
2772 2651 2940 2704 utitur
2964 2666 2977 2703 :
3009 2657 3063 2704 et
3109 2650 3225 2705 ideo
3250 2650 3360 2704 sola
3389 2652 3482 2683 “"
3509 2652 3658 2719 culpa
3689 2652 3923 2707 hominis

2388 2739 2524 2793 mala
2554 2748 2699 2801 sunt,
2730 2753 2845 2805 quae
2869 2746 3141 2807 operatur.
3175 2737 3289 2791 Non
3323 2730 3462 2792 enim
3493 2748 3575 2793 est
3605 2741 3759 2809 culpa
3795 2743 3914 2805 Dei,

2388 2830 2474 2897 qui
2506 2830 2703 2881 creavit
2734 2831 2783 2883 in
2813 2843 2877 2882 eo
2916 2842 3034 2880 cum
3063 2826 3306 2880 libertate
3334 2828 3539 2881 arbitrii
3569 2829 3915 2894 voluntatem,

2388 2931 2441 2976 et
2466 2923 2690 2976 contulit
2716 2922 2762 2974 ei
2787 2919 3067 2987 justitiam,
3095 2928 3152 2973 ut
3172 2918 3301 2972 nihil
3331 2920 3430 2971 nisi
3451 2919 3591 2983 jnsle
3620 2918 3807 2983 vellet;
3832 2920 3917 2972 sed

2388 3013 2541 3081 Culpa
2570 3012 2817 3073 hominis,
2854 3007 2942 3078 qui
2968 3009 3229 3078 justitiam
3254 3008 3503 3069 deseruit,
3528 3025 3684 3076 quam
3707 3024 3919 3063 servare

2388 3101 2576 3170 potuit.
2622 3101 2759 3153 Deus
2802 3100 2962 3168 igitur
3004 3097 3163 3151 habet
3204 3096 3254 3150 in
3302 3096 3455 3150 bonis
3500 3099 3751 3164 quidem,
3784 3097 3917 3171 quod

2387 3192 2524 3243 bona
2562 3198 2689 3243 sunt
2720 3204 2814 3256 per
2854 3188 3166 3251 essentiam;
3207 3195 3260 3239 et
3302 3185 3444 3253 quod
3496 3188 3628 3238 bona
3667 3196 3791 3241 sent
3832 3201 3921 3253 per

2382 3275 2642 3344 justitiam
2691 3291 2703 3326 :
2757 3275 2810 3327 in
2859 3262 3011 3329 malis
3057 3286 3182 3325 vero
3225 3270 3553 3326 solummodo
3602 3272 3740 3338 quod
3789 3271 3917 3329 bona

2388 3375 2512 3424 sunt
2531 3384 2623 3437 per
2651 3368 2971 3431 essentiam;
2996 3380 3100 3420 non
3129 3363 3267 3432 quod
3299 3364 3435 3416 mala
3456 3374 3578 3415 sunt
3615 3380 3710 3430 per
3731 3364 3919 3417 absen-

2388 3457 2513 3509 tiam
2556 3456 2746 3509 dcbita:
2774 3454 3026 3519 justitiax,
3075 3469 3191 3520 qua:
3241 3471 3341 3507 non
3389 3460 3471 3505 est
3500 3451 3716 3518 aliquid.
3754 3451 3919 3503 llomo

2386 3551 2561 3594 autem
2615 3542 2771 3593 habet
2812 3540 2902 3571 ’m
2946 3539 2996 3592 in
3042 3539 3222 3601 bonis,
3271 3540 3409 3605 quod
3450 3538 3584 3591 mala
3621 3552 3723 3592 non
3767 3545 3947 3599 sunt;

2385 3627 2507 3696 quia
2538 3641 2656 3679 eum
2684 3623 2862 3694 posset
2895 3625 3141 3677 deserere
3165 3623 3428 3691 justitiam
3456 3631 3504 3675 et
3545 3622 3678 3674 mala
3710 3622 3915 3685 facere,

2386 3710 2488 3769 non
2522 3714 2793 3781 deseruit;
2818 3714 2907 3766 sed
2944 3703 3187 3765 'servavit
3215 3727 3309 3779 per
3348 3711 3571 3764 libertun
3620 3710 3915 3771 arbitrium,

2388 3806 2544 3858 dante
2566 3814 2619 3857 ct
2640 3803 2993 3869 subsequente
3016 3801 3182 3868 gratia
3203 3816 3217 3863 ;
3237 3800 3287 3851 in
3316 3801 3468 3851 malis
3491 3814 3613 3851 vero
3631 3800 3731 3851 hoc
3751 3799 3926 3852 solum.

2386 3894 2524 3961 quod
2553 3892 2688 3945 mala
2720 3900 2843 3945 sunt
2868 3891 3028 3958 :‘quia
3053 3903 3114 3941 ea
3142 3888 3250 3940 sola
3272 3887 3504 3956 propria.
3530 3888 3579 3939 id
3625 3895 3705 3939 est
3725 3885 3922 3953 iujnsta

2387 3982 2658 4034 voluntate
2685 3979 2833 4031 facit.
2884 3976 3017 4029 Puto
3046 3991 3129 4029 me
3162 3973 3272 4040 jam
3304 3989 3530 4043 congrue
3566 3988 3720 4038 posse
3761 3975 3916 4025 linem

2386 4084 2582 4139 ponere
2614 4050 2862 4123 tractatui
2893 4067 2957 4119 de
2987 4065 3155 4117 tribus
3181 4047 3503 4117 dillieilth‘
3522 4061 3926 4130 quaestionibus,

2388 4172 2543 4225 quem
2576 4156 2628 4208 in
2657 4170 2747 4223 spe
2777 4153 2957 4207 auxilii
3002 4152 3091 4204 Dei
3126 4151 3339 4216 incmpi,
3376 4150 3426 4209 in
3468 4164 3572 4215 quo
3599 4146 3642 4201 Si
3670 4147 3767 4215 qui
3811 4145 3918 4198 dixi

2390 4244 2530 4311 quod
2558 4241 2813 4310 quaerenti
2862 4241 3076 4293 cuilibet
3119 4240 3355 4292 sul'liccre
3394 4238 3610 4296 debeat,
3658 4252 3761 4289 non
3794 4234 3916 4286 mihi

2392 4334 2623 4402 imputo;
2655 4331 2781 4400 quia
2822 4346 2923 4382 non
2952 4345 3076 4396 ego,
3108 4329 3199 4381 sed
3243 4330 3412 4396 gratia
3449 4328 3538 4381 Dei
3568 4328 3658 4357 "‘"
3696 4340 3916 4378 mecum.

2390 4419 2499 4473 Hoc
2548 4426 2723 4473 autem
2777 4417 2895 4470 dico
2929 4417 3049 4483 quia
3101 4416 3144 4467 si
3200 4416 3317 4481 quis
3370 4416 3495 4467 mihi
3551 4413 3802 4483 qum-renti
3854 4410 3919 4463 de

2388 4505 2768 4576 quaestionibus
2793 4504 2990 4557 eisdem
3011 4542 3023 4563 .
3076 4505 3285 4569 quando
3338 4502 3493 4555 itrcis
3522 4517 3669 4555 incus
3695 4515 3809 4554 mea
3838 4514 3919 4549 ra-
3985 4577 3989 4583 ‘

2388 4596 2583 4654 tionem
2629 4592 2915 4661 quaerendo
2949 4590 3266 4651 ﬂuctuabat,
3304 4604 3365 4641 ea
3405 4605 3520 4656 qua:
3569 4588 3755 4655 scripsi
3804 4583 3916 4645 “"‘,

2388 4685 2779 4752 respondisset;
2812 4681 3010 4750 gratias
3054 4684 3281 4750 egissent
3313 4678 3433 4746 quia
3465 4677 3590 4729 mihi
3634 4672 3918 4729 satisfecis-

2009 4818 2232 4871 VAlll/E
2258 4812 2659 4870 LECTIONES.

824 4948 913 4978 ³⁸⁸³
937 4946 1011 4998 Au
1040 4947 1389 4999 obcdirn'iam
1418 4950 1530 4999 sine
1553 4962 1675 4997 mss.
1706 4945 1767 4997 ad
1792 4946 2134 4998 obedientium
2164 4936 2278 4997 sine
2350 4944 2441 4974 ""
2460 4943 2497 4995 F
2505 4956 2660 4995 ruens
2684 4939 2945 5009 desiderio
2961 4939 3307 5009 niss._fiirv'eits
3329 4934 3611 5009 desiderio.
3659 4928 3917 5009 ""lea-

756 5027 861 5068 tam
898 5015 1100 5073 repellit
1120 4998 1458 5081 antevpcllit
1488 4998 1608 5066 mss.
1639 5010 1873 5065 oblatam
1900 5014 2103 5081 repellit
2131 5024 2219 5064 aut
2250 5021 2517 5077 acceptam
2559 5009 2771 5081 expellit
2833 5007 3049 5081 A’fi’fm
3074 5006 3237 5081 Licite
3268 5004 3657 5081 vulteantntu.
3690 5014 3752 5051 ea
3781 4998 3919 5081 lie-ite

756 5085 864 5134 vult
936 5083 1025 5112 ”’°
1056 5078 1393 5135 Ιιιςιιιιιιιιυιιιὶ
1418 5091 1595 5135 creata
1622 5083 1815 5135 bonum
1839 5078 2389 5133 msinnstrutncntunt
2414 5089 2589 5130 creata
2621 5078 2755 5128 bona

2832 5076 2917 5103 ³⁸³⁸
2940 5075 3064 5125 Eam
3094 5075 3259 5125 velle:
3304 5081 3474 5123 tamen
3524 5069 3664 5120 illam
3695 5081 3793 5117 non
3826 5066 3917 5115 ha-

757 5132 871 5211 bet,
922 5132 1562 5215 qnemadmndum7valet
1608 5132 1820 5201 servare
1875 5166 1993 5201 mss.
2050 5148 2175 5200 Vict.
2226 5163 2341 5200 eam
2390 5146 2552 5215 velle,
2593 5162 2709 5196 cum
2760 5146 2905 5215 illam:
2949 5158 3049 5193 non
3097 5142 3279 5201 habet,
3314 5136 3751 5215 quemadmodum
3786 5132 3914 5215 valet

754 5206 872 5269 eam
926 5206 1158 5271 scrvare.
1213 5217 1413 5271 Tamen
1456 5219 1595 5270 illam
1627 5234 1729 5269 non
1778 5234 1903 5268 nisa.
1922 5217 2079 5287 (ir-ru.~
2094 5226 2279 5287 tamen
2309 5206 2601 5287 cuminum
2648 5228 2787 5287 nqu
2812 5211 2961 5287 _Valet
2985 5224 3196 5287 servare
3222 5206 3914 5287 nisi-“valetieatttfs‘efyajf-

756 5268 1097 5337 ιυιίιξὸῖιιιιιςι
1118 5268 1725 5338 illinunturiussirondita
1752 5287 1884 5336 bona
1958 5285 2201 5337 “"Nibil
2232 5284 2329 5335 nisi
2362 5283 2476 5333 istis
2509 5299 2629 5331 mas.
2662 5280 2788 5331 nihil
2817 5282 2924 5349 ipsa
2962 5278 3061 5329 nisi
3102 5272 3485 5349 istis._"f‘Mala
3520 5268 3796 5349 ve'refttf-i}
3820 5281 3915 5318 ⁸⁸³·

768 5352 897 5411 Virt.
932 5336 996 5405 Β
1018 5336 1157 5405 mala
1183 5336 1466 5407 ltriisfaeit
1522 5336 1629 5383 7""
1650 5354 1822 5406 Utitur
1843 5354 1949 5404 sola
1978 5371 2094 5403 mss.
2126 5354 2307 5411 utitur,
2334 5360 2387 5401 ct
2414 5351 2528 5421 ideo
2557 5348 2664 5401 sola
2741 5336 3527 5421 ³⁸²⁶’1Ι‹)ιιιυειιιιιειιιῑιξιιιρὲιςςξ.
3560 5338 3688 5421 Vict.
3710 5336 3917 5421 abem-0

761 5408 933 5472 autem
968 5404 1150 5473 debet”
1185 5404 1282 5452 '3‘"
1311 5423 1533 5488 liuputo,
1572 5404 1875 5489 scd'gt'atiu:
1916 5423 2005 5474 Dei
2035 5437 2152 5472 mss.
2190 5404 2406 5487 imputo,
2440 5419 2559 5485 quia
2593 5434 2694 5471 non
2741 5429 2835 5484 ego
2864 5416 2952 5469 sed
2986 5414 3149 5481 gratia
3191 5413 3279 5465 υυί
3315 5464 3317 5467 .
3354 5409 3445 5449 ³⁸²⁸
3463 5409 3586 5473 Ωιιίῐτ
3611 5404 3757 5459 ηί¹¹¹¹
3794 5415 3910 5452 ⁷⁸³*

760 5502 870 5551 qum
912 5491 1091 5556 scripsi

4014 6060 4065 6091 id.“
4096 6060 4166 6092 [ad
