4240 6250
318 640 321 641 ν
362 591 468 629 tem
500 574 841 639 voeetnvejns
877 577 1087 636 audire,
1120 575 1222 627 'scd
1268 589 1488 641 prorsus
1526 575 1733 626 nescire
1775 576 1911 625 unde
1953 624 1957 631 ,

362 205 465 256 Sit)

1268 196 1353 247 1)Ιῦ
1385 192 1992 247 SAllllAMl-ZN'I'URUH
2038 192 2515 247 DIVERSITATH.

3419 174 3423 183 ’
3453 202 3560 255 sse

362 323 556 363 terram
595 329 606 361 :
642 310 742 372 Qui
770 293 1004 381 tul/uerri
1039 306 1277 364 ουιηὶηη,
1315 322 1443 355 unus
1497 304 1705 366 spiritus
1737 312 1807 353 ut
1851 302 1911 369 (l
1945 307 1985 360 Λ
2017 314 2384 369 quotcneinus
2430 320 2456 358 a
2504 305 2755 373 progenie
2793 306 2841 359 in
2873 310 3173 375 progeniem
3200 319 3300 373 ;Aet
3334 312 3561 364 Vestram

359 403 480 452 Cor.
517 417 585 458 \‘l,
616 400 717 461 17).
746 395 815 447 Iit
850 397 969 455 inde
1000 406 1174 463 pateat
1214 412 1276 451 ιιι
1312 394 1424 459 ejus
1463 394 1789 460 plenitudine
1821 407 1912 440 vos

359 492 520 541 mimi
550 485 807 553 profunda
839 485 926 535 ltiti
960 485 1214 545 serutari;
1257 493 1488 543 nos'iatn
1521 498 1646 539 vero
1674 482 1906 548 partita—

360 666 557 726 veniat,
590 674 678 716 aut
705 680 811 731 quo
834 666 1006 716 vadat.

720 768 723 771 ι
777 751 934 818 133
972 749 1194 802 mror
1234 748 1520 807 rnniuu.

362 842 597 907 Quen-la:
630 840 1018 894 Walerannitle
1054 850 1197 891 tanta
1223 841 1513 893 ilirersitute
1544 842 1596 891 in
1623 855 1917 895 sacramen-

860 920 1028 960 torum
1059 909 1415 960 celebratione.
1464 936 1465 939 π

433 1022 702 1073 individua
735 1018 968 1077 Trinitas
1005 1020 1143 1072 Deus
1186 1028 1266 1071 est
1287 1059 1302 1081 ,
1342 1028 1394 1071 et
1428 1012 1682 1085 quotquot
1714 1029 1835 1071 sunt
1863 1037 1913 1071 in

360 1111 501 1170 Dia),
531 1126 690 1161 unum
735 1118 857 1162 sunt
892 1108 942 1160 in
980 1108 1109 1175 ipso.
1144 1108 1434 1161 Diversitas
1464 1108 1514 1159 in
1559 1106 1792 1160 Ecclesia
1819 1109 1913 1160 ad-

364 1200 577 1252 modum
609 1210 691 1250 est
728 1198 916 1250 unitriti
954 1198 1242 1271 contraria.
1278 1198 1371 1249 Diu
1402 1206 1505 1249 non
1538 1207 1711 1265 potest
1736 1208 1878 1250 stare
1899 1240 1914 1260 ,

364 1290 507 1355 quod
542 1298 770 1349 partium
800 1289 849 1339 in
878 1303 935 1340 se
956 1295 1232 1355 grassatur
1257 1286 1611 1340 dissensione.
1643 1286 1713 1340 De
1736 1302 1916 1340 sacra-

362 1379 567 1430 tuentis
611 1376 887 1436 Ei-elesi.e,
917 1376 1059 1428 aliud
1107 1376 1403 1437 Palestina,
1442 1376 1582 1429 aliud
1626 1377 1874 1429 Armenia
1899 1417 1914 1440 ,

364 1468 507 1520 aliud
539 1476 715 1519 nostra
768 1452 1041 1529 Romana,
1094 1474 1149 1519 et
1194 1466 1482 1534 Tripartita
1524 1468 1688 1521 sentit
1724 1467 1912 1521 Callia.

365 1556 624 1609 Dominici
657 1557 818 1609 etiam
847 1554 1086 1623 corporis
1128 1556 1435 1622 mysterium
1469 1555 1624 1608 aliter
1653 1555 1912 1617 Romana,

365 1645 839 1699 aliter-Gallicana
896 1644 1161 1707 Ecclesia,
1215 1660 1277 1698 ac
1332 1646 1695 1700 diversissima
1735 1658 1915 1699 nostra
1950 1618 1991 1674 Β

368 1745 565 1789 tractat
610 1736 917 1789 Germania.
972 1734 1047 1787 Ex
1103 1736 1336 1803 antiquis
1385 1738 1627 1805 patribus
1678 1739 1918 1790 ordinem

368 1827 625 1880 habemus
654 1825 987 1890 sacrificandi
1027 1834 1142 1878 :’ct
1167 1827 1315 1879 valde
1364 1828 1598 1879 admiror
1629 1830 1768 1882 unde
1809 1830 1921 1883 hinc

368 1914 578 1966 novitas
597 1913 919 1981 surrepserit
958 1914 1009 1967 in
1042 1914 1198 1967 domo
1230 1916 1433 1968 Domini
1468 1934 1482 1969 :
1508 1917 1661 1971 Jcsus
1687 1918 1939 1972 Christus-

366 2006 479 2056 Iieri
507 2014 553 2056 et
573 2005 747 2067 Itodie,
774 2005 882 2071 ipse
899 2016 974 2058 est
1000 2006 1051 2059 in
1080 2007 1273 2061 arcula
1295 2006 1448 2074 (lleb.
1482 2023 1598 2072 xm,
1634 2009 1686 2077 8)
1712 2025 1920 2077 semper

367 2108 527 2153 mnis,
554 2108 765 2162 semper
801 2095 937 2147 idem
962 2133 977 2157 ,
1018 2094 1217 2147 nullam
1253 2097 1459 2164 patiens
1490 2083 1918 2152 mutabilitatem.

366 2185 412 2236 Α
468 2185 680 2239 Christo
729 2184 1003 2247 dissentit,
1066 2186 1157 2253 ιιιιί
1211 2186 1263 2241 in
1314 2187 1676 2241 diversitatem
1731 2188 1917 2240 tendit.

367 2274 612 2328 Christus
649 2283 734 2328 est
777 2276 929 2342 panis
965 2277 1269 2346 angeldrum
1288 2316 1302 2338 ,
1330 2277 1515 2344 qui'de
1542 2276 1676 2329 cielo
1701 2277 1920 2329 descen-

368 2364 445 2418 dit
468 2361 648 2433 (Joau.
677 2362 822 2431 xu),
846 2371 901 2416 et
943 2360 1116 2421 factus
1140 2370 1222 2418 est
1249 2345 1402 2430 panis
1440 2363 1752 2425 hominum;
1796 2377 1918 2415 esea

364 2468 689 2523 pauperum,
737 2454 955 2507 satietas
1005 2468 1126 2507 cum
1172 2468 1238 2508 eo
1288 2453 1623 2523 regnantium
1675 2459 1786 2504 :ut
1831 2452 1921 2519 qui

366 2538 525 2610 digne
548 2542 869 2603 comedunt,
909 2541 1091 2593 vivant
1141 2541 1193 2593 in
1240 2539 1488 2594 smeulum
1531 2537 1731 2593 saeculi.
1776 2537 1919 2591 Unus

366 2630 537 2697 panis,
560 2646 716 2682 unum
739 2646 922 2698 corpus
945 2629 1093 2681 inulti
1111 2646 1285 2681 sumus
1305 2629 1359 2680 in
1386 2628 1589 2683 Christo
1613 2644 1808 2683 omnes.
1828 2629 1918 2695 qui

366 2720 432 2773 de
467 2737 569 2773 uno
597 2737 731 2787 pane
770 2720 1136 2787 participantur
1189 2718 1237 2784 (l
1266 2718 1387 2772 Cor.
1413 2733 1475 2780 π,
1508 2717 1619 2785 i7):
1675 2718 1917 2771 Christus

358 2821 449 2864 est
497 2811 578 2862 via
621 2809 798 2878 (Joon.
852 2813 997 2874 xiv),
1039 2825 1133 2878 per
1168 2825 1326 2877 qnam
1372 2800 1705 2879 gradiainur,
1757 2822 1914 2874 quem

367 2900 623 2953 innitatur.
665 2898 762 2963 Qui
794 2913 840 2950 ra
873 2898 1084 2952 Christo
1120 2897 1421 2959 exorbitat,
1466 2896 1760 2964 periculose
1799 2911 1915 2963 amo.

336 2980 337 2983 “
366 2989 555 3067 hnlat':
586 2988 1160 3067 infensacrificandum
1181 3027 1195 3049 ,
1244 2989 1384 3055 quod
1418 2986 1664 3040 Christus
1692 2985 1836 3047 fecit,
1864 2994 1914 3037 et

366 3092 464 3130 nos
510 3076 782 3130 faciamus.
822 3075 1232 3141 Quotiescunque
1258 3114 1273 3139 ,
1314 3075 1520 3143 inquit,
1569 3077 1668 3127 hoc
1710 3073 1915 3139 facitis,
1978 3134 1979 3137 η

360 3166 760 3234 quotiescunque
788 3166 997 3220 sumitis
1023 3162 1076 3233 (I
1101 3165 1223 3219 Car.
1254 3179 1328 3230 χι,
1356 3164 1444 3229 25,
1465 3163 1555 3231 9.6)

980 3275 1203 3331 CAPUT
1242 3276 1302 3329 ll.

451 3364 558 3417 Cur
585 3364 748 3432 aliqui
766 3365 1125 3432 fermentatum
1164 3365 1437 3417 adhibeant
1475 3364 1529 3416 in
1560 3364 1832 3434 mysteriis.

438 3442 891 3519 Armeniquidem
919 3455 982 3506 de
1011 3451 1329 3507 fermentata
1374 3466 1432 3507 se
1470 3452 1680 3505 laudem
1710 3452 1916 3505 sacrifi-

364 3558 492 3596 care
520 3550 736 3611 putant;
768 3543 860 3595 sed
904 3542 958 3599 in
993 3542 1227 3596 novitate
1253 3542 1374 3596 vita:
1406 3556 1525 3595 cum
1563 3541 1779 3594 Christo
1807 3557 1911 3593 non

364 3632 659 3707 ambulant.
692 3631 990 3684 lmitatores
1014 3631 1210 3685 Christi
1237 3639 1446 3698 oportet
1473 3629 1677 3698 cpulari
1726 3645 1830 3683 non
1860 3630 1912 3682 iu

364 3722 628 3775 fermento
656 3721 853 3784 veteri,
881 3721 973 3774 sed
1013 3721 1063 3774 in
1101 3721 1302 3789 azymis
1332 3719 1659 3774 sinceritatis
1684 3727 1738 3772 et
1772 3719 1914 3773 veri-

363 3811 492 3863 tatis
533 3808 584 3879 (I
616 3809 736 3862 Cor.
769 3809 842 3877 v).
882 3808 1219 3861 Ferinentum
1269 3807 1389 3860 licet
1446 3807 1709 3860 modicum
1750 3816 1911 3859 totam

362 3912 595 3949 massam
632 3892 943 3963 corrumpit.
972 3896 1214 3949 Christus
1242 3908 1434 3961 corpus
1477 3892 1908 3960 incorruptibile,

362 3996 620 4053 quantum
645 3986 893 4054 possibile
934 3994 1044 4049 est,
1081 3984 1221 4037 nulla
1256 3982 1523 4037 inficiatur
1547 3968 1835 4049 corruptio.
1866 3985 1909 4035 Λ

360 4079 685 4133 sinceritatis
738 4072 1001 4155 sacrificio
1047 4074 1221 4128 omnis
1264 4072 1559 4140 bnjusmodi
1612 4068 1749 4125 absit
1792 4085 1910 4123 cor-

338 4168 561 4235 .ruptio.
593 4166 691 4232 Qui
724 4173 976 4233 exaptaut
1021 4163 1181 4216 imbui
1210 4160 1414 4215 Christi
1460 4159 1699 4227 corporis
1733 4159 1909 4211 incor-

360 4257 638 4321 ruptione,
671 4255 789 4306 novi
821 4252 1069 4305 sacrificii
1110 4252 1417 4303 sinceritate
1446 4259 1678 4301 veterem
1713 4256 1912 4302 exuant
1942 4247 1975 4305 ﬂ

2016 4231 2319 4296 offerentes,
2350 4231 2416 4285 de
2443 4231 2687 4285 claritate
2716 4234 2765 4283 in
2795 4230 3094 4285 claritatem
3143 4232 3417 4287 transferri
3443 4245 3560 4288 stu-

96 5826 157 5869 Si},

358 4343 650 4395 hominem.
698 4341 750 4392 In
793 4341 989 4393 Christi
1037 4338 1275 4405 corporis
1311 4337 1638 4390 confectione
1667 4335 1910 4405 displicet

358 4430 488 4489 alia,
522 4428 620 4483 nisi
655 4442 813 4495 quam
846 4427 956 4495 ipse
981 4427 1169 4480 obtulit
1204 4425 1519 4479 substantia.
1556 4423 1640 4486 Et,
1666 4424 1708 4475 si
1736 4423 1905 4476 ausim

354 4515 598 4587 profiteri
622 4516 891 4580 ,.tenenda
918 4524 998 4569 est
1038 4530 1098 4568 ea
1119 4555 1135 4580 ,
1171 4530 1332 4583 quam
1364 4514 1535 4577 dedit,
1566 4510 1903 4565 sacrificandi

358 4606 566 4676 regula.

965 4694 1189 4748 CAPUT
1227 4693 1308 4747 111.

357 4782 470 4836 Cur
509 4786 715 4838 unicum
758 4796 804 4837 et
857 4803 956 4837 non
989 4785 1255 4850 multiplex
1295 4784 1462 4836 crucis
1511 4784 1714 4850 signum
1757 4795 1908 4847 super

567 4870 750 4919 {limem
780 4864 826 4907 et
855 4855 1065 4913 calicem
1084 4854 1333 4919 formetur
1363 4870 1393 4904 ιι
1423 4853 1693 4919 plerisque.

427 4960 536 5012 Nos
563 4956 900 5028 singulariter
929 4976 1137 5028 panem,
1167 4960 1511 5028 singulariter
1542 4958 1907 5012 benedicimus

355 5048 598 5101 calicem.
626 5050 731 5101 lloc
758 5065 1018 5113 canones,
1048 5051 1147 5101 hoc
1183 5050 1428 5115 antiquus
1459 5048 1602 5099 Ordo
1636 5047 1905 5097 Romanus

354 5137 623 5203 girmcipit,
650 5148 706 5189 ut
728 5140 794 5190 ab
819 5140 969 5190 initio
1006 5141 1055 5190 in
1088 5155 1293 5196 canone
1333 5138 1565 5205 singulas
1611 5152 1796 5190 cruces
1825 5136 1900 5188 fa-

355 5222 563 5275 ciamus
589 5226 825 5293 Singulis.
863 5226 969 5277 lloc
1002 5228 1210 5294 publico
1240 5237 1292 5278 et
1334 5227 1628 5279 inveterato
1665 5241 1757 5279 usu
1788 5225 1903 5277 ubi-

2015 393 2270 444 miramur
2317 393 2698 448 diversitatem.
2744 395 2851 451 lloi:
2896 400 3137 455 (lbristus
3188 400 3352 461 fecit,
3387 410 3437 452 et
3469 416 3565 453 nos

2015 480 2186 531 facere
2215 483 2461 547 pr:ecepit
2491 501 2502 533 :
2540 482 2670 547 Hoc,
2709 483 2905 550 inquit,
2934 486 3118 552 (urite,
3167 491 3563 557 quotiescunque

2012 567 2435 628 suniitislllatth.
2465 586 2616 633 xxvi;
2649 572 2812 623 Marc.
2832 588 2915 624 xiv
2936 590 2949 636 ;
2973 575 3215 627 λιιι-,χιιι
3235 577 3287 635 ;Ι
3318 577 3436 629 (Im.
3465 579 3562 643 xi).

2013 660 2291 724 Accipiens
2316 673 2502 725 panem
2533 661 2874 729 singulariter
2910 664 3219 726 benedixit,
3252 676 3305 718 et
3341 667 3563 720 calicem

2014 747 2278 800 similiter.
2312 748 2559 815 Singulas
2585 752 2828 818 singulis,
2854 763 2913 803 ut
2940 763 3137 814 noster,
3168 754 3272 805 imo
3297 755 3569 809 Romanus

2013 833 2156 887 Ordo
2186 836 2449 903 prmeipil,
2486 852 2675 891 erui-es
2697 838 2821 892 fecit
2856 857 2867 889 ε
2902 848 2956 890 et
2980 840 3048 890 ita
3076 840 3142 891 ab
3173 841 3303 907 ipso,
3336 843 3422 908 qui
3453 843 3567 894 Iicri

2002 935 2066 975 et
2091 924 2249 977 hodie
2278 934 2330 977 et
2355 940 2520 991 usque
2551 927 2600 977 in
2648 927 2896 980 sreculum
2927 929 3063 981 idem
3102 938 3214 991 est,
3242 939 3421 981 nostra
3454 930 3571 982 ino-

2014 1013 2141 1064 levit
2198 1012 2290 1079 η³⁸⁸¹
2348 1016 2697 1065 consuetudo.
2765 1016 2835 1067 De
2890 1032 3106 1069 crucum
3162 1016 3567 1082 singularitate,

2015 1104 2210 1156 Christi
2263 1102 2416 1157 nobis
2471 1106 2762 1175 assentitur
2810 1106 3115 1157 auctoritas.
3170 1106 3340 1157 Miror
3388 1119 3566 1175 autem
3616 1144 3619 1147 ι

2017 1194 2165 1247 valde
2186 1210 2285 1261 qua
2304 1194 2508 1247 ratione
2532 1194 2864 1247 sacrificandi
2895 1195 3057 1261 cospit
3080 1188 3359 1248 diversitas
3398 1215 3409 1246 :
3456 1172 3570 1246 ιιὶυι

2016 1293 2087 1334 est
2116 1284 2267 1348 ﬁdes,
2295 1300 2453 1337 unum
2484 1284 2737 1351 baptisma
2773 1284 2987 1351 (lc‘plies.
3032 1300 3103 1349 tv,
3139 1284 3214 1348 5),
3246 1300 3345 1336 una
3373 1284 3570 1336 Christi

2016 1375 2184 1429 amica
2207 1412 2222 1438 ,
2256 1367 2539 1441 spo'nsaLCt
2578 1359 2843 1426 colmhba.
2893 1373 3144 1425 Ecclesia:
3203 1372 3388 1423 unitati
3423 1372 3577 1424 valde

2017 1464 2169 1515 obest
2219 1462 2269 1514 in
2316 1462 2669 1513 saeralnentis
2708 1460 3039 1527 discrepare;
3079 1469 3128 1511 et
3165 1460 3417 1527 quidquid
3455 1459 3607 1539 libi-'

2020 1563 2127 1605 tum
2157 1562 2239 1606 est
2297 1552 2501 1605 licitum
2533 1551 2725 1603 facere.

2619 1639 2841 1694 CAPUT
2880 1642 2964 1693 IV.

2126 1732 2231 1785 Cur
2255 1732 2393 1785 calix
2423 1730 2531 1784 velo
2560 1746 2647 1799 seu
2676 1732 2816 1798 palla
2844 1733 3107 1798 operiatur
3133 1751 3161 1783 ιι
3192 1733 3462 1799 principio.
3541 1744 3543 1747 '

2092 1823 2353 1876 Praeterea
2403 1820 2541 1874 int'er
2581 1806 3001 1874 consecrandum
3040 1814 3273 1877 nonnulli
3310 1826 3376 1876 ab
3421 1826 3574 1877 initio

2021 1911 2236 1965 calicem
2265 1910 2512 1979 operiunt
2548 1908 2763 1975 quidam
2796 1910 3090 1974 corporali,
3118 1911 3204 1961 alii
3232 1927 3406 1977 panno
3430 1926 3602 1962 com--

2002 2003 2213 2073 explicato
2256 2004 2425 2055 instar
2477 2000 2699 2059 sudarii,
2746 1999 2885 2066 quod
2937 2010 3203 2068 repertum
3255 2000 3476 2069 legimus
3522 2002 3573 2055 in

2022 2101 2391 2151 monmncnto,
2445 2105 2547 2142 non
2595 2105 2713 2143 cum
2761 2090 3160 2142 linteaminibus
3200 2093 3453 2158 positum,
3480 2091 3575 2146 sed

2021 2179 2305 2247 separatim
2332 2177 2622 2231 involutum
2666 2178 2718 2230 in
2746 2192 2853 2229 uno
2896 2176 3033 2232 loco.
3062 2178 3315 2251 Christus
3343 2181 3424 2232 via
3457 2191 3535 2234 est
3558 2220 3575 2245 ,

2020 2260 2074 2322 et
2097 2270 2326 2329 veritas,
2367 2276 2421 2319 et
2447 2268 2550 2319 vita
2606 2264 2787 2335 (Joan.
2822 2266 2964 2335 xiv);
3006 2267 3087 2319 via
3127 2268 3249 2333 '3",
3290 2282 3385 2335 per
3414 2283 3572 2335 quam

2021 2359 2352 2426 gradiamur,
2379 2366 2439 2410 ut
2479 2356 2543 2409 ad
2596 2356 2768 2423 ipsum
2817 2349 3112 2409 veniamus.
3144 2356 3245 2420 Qui
3280 2358 3402 2409 dicit
3430 2375 3484 2411 se
3519 2359 3573 2410 in

2023 2445 2225 2499 Christo
2258 2462 2489 2508 manere,
2521 2446 2703 2507 debet,
2732 2446 2864 2497 sicut
2901 2445 3007 2511 ipse
3045 2447 3357 2511 ambularit,
3394 2451 3574 2517 et‘ipsc

2022 2534 2284 2587 ambulare
2335 2532 2513 2596 (Joan.
2566 2547 2705 2595 xxv,
2735 2532 2812 2602 6).
2848 2533 2960 2587 Non
3008 2535 3232 2589 veniunt
3272 2536 3339 2588 ad
3379 2538 3573 2604 vitam,

2022 2624 2119 2676 nisi
2173 2624 2467 2676 imitatores
2511 2622 2650 2675 vitzc.
2703 2622 2976 2677 Paschalis
3016 2624 3191 2677 bestia
3231 2626 3427 2680 nudato
3458 2642 3576 2682 cor-

2019 2728 2147 2781 pore
2189 2714 2241 2766 in
2267 2729 2357 2765 ara
2393 2715 2569 2768 crucis
2617 2714 2883 2767 immolata
2928 2725 3043 2777 est,
3102 2718 3299 2769 nudato
3350 2733 3577 2786 corpore

2018 2801 2194 2856 oll'erri
2220 2802 2417 2865 voluit,
2445 2803 2536 2871 qui
2565 2803 2743 2856 omnia
2787 2818 2906 2870 qua:
2942 2805 3142 2856 audivit
3183 2821 3211 2857 a
3252 2805 3435 2870 l’atrc,
3464 2810 3575 2861 suis

2020 2900 2141 2945 nota
2183 2890 2309 2946 fecit
2350 2893 2527 2961 (Joan.
2566 2894 2674 2959 xv).
2733 2891 2787 2944 In
2838 2907 2930 2946 sua
2956 2890 3333 2948 immolatione
3375 2906 3574 2954 semet-

2023 2981 2215 3050 ipsum,
2229 2982 2499 3044 sicutiest,
2517 2982 2904 3045 manifestat-it;
2923 2983 3075 3049 cujus
3097 2984 3316 3052 gloriam
3344 2988 3572 3043 revelata

2018 3070 2153 3124 facie
2173 3070 2740 3138 contemplabimur,ut
2762 3070 2810 3123 ei
2846 3086 2941 3139 per
2965 3056 3153 3141 omnia
3169 3073 3567 3131 conforincmur

2018 3160 2331 3228 configurali
2364 3159 2574 3228 corpori
2621 3158 2877 3213 claritatis
2909 3174 3018 3213 sua:
3042 3199 3058 3223 ,
3092 3170 3148 3214 ut
3177 3161 3291 3229 ipse
3324 3164 3395 3216 sit
3419 3166 3571 3219 nobis

2017 3252 2191 3304 omnia
2237 3250 2289 3303 in
2333 3259 2529 3303 :eterna
2575 3249 2922 3304 beatitudine.
2956 3249 3022 3303 Et
3060 3261 3116 3304 ut
3160 3253 3354 3320 (ipsius
3393 3253 3569 3310 verbis

2018 3346 2136 3391 utar
2165 3337 2376 3408 [Matt/i.
2410 3351 2586 3400 xxvii;
2623 3335 2785 3391 Joan.
2828 3336 2973 3407 xix])
3005 3338 3430 3393 Consummatum
3463 3353 3569 3407 est,

2016 3423 2218 3491 inquit,
2248 3436 2305 3477 ut
2328 3434 2505 3477 vetera
2539 3438 2642 3476 non
2673 3424 3009 3491 ambigamus
3042 3428 3346 3489 transiisse,
3375 3441 3427 3482 et
3452 3446 3568 3485 om-

2016 3514 2100 3566 nia
2149 3529 2284 3567 nova
2330 3528 2479 3576 esse;
2520 3514 2683 3566 velum
2714 3514 2888 3582 templi
2927 3515 3144 3568 scissum
3179 3526 3252 3569 est
3295 3535 3326 3570 a
3368 3535 3570 3575 summa
3613 3542 3618 3547 ·

2015 3615 2175 3669 usque
2196 3602 2432 3655 deorsum
2464 3613 2481 3651 :
2507 3600 2644 3677 quod
2673 3614 2841 3668 usque
2872 3602 2923 3654 in
2956 3603 3267 3658 hodiernum
3311 3606 3449 3661 diem
3474 3624 3570 3675 po-

2016 3691 2175 3745 situm
2220 3699 2302 3744 est
2346 3703 2505 3757 super
2546 3690 2705 3744 corda
2742 3688 3075 3756 Judieornm;
3131 3702 3189 3746 ut
3234 3695 3416 3750 oculos
3469 3699 3565 3751 ba-

2015 3783 2199 3837 benles
2223 3774 2325 3844 non
2359 3781 2570 3834 videant
2593 3820 2607 3843 ,
2639 3790 2692 3833 ct
2720 3798 2877 3836 aures
2909 3799 3012 3837 non
3056 3785 3567 3856 intelliganl.‘Nobis

2012 3889 2160 3936 vero,
2190 3873 2380 3940 quibus
2413 3872 2549 3925 Deus
2577 3872 2829 3925 revelavit
2852 3889 2948 3942 per
2981 3877 3229 3943 spiritum
3259 3893 3435 3942 suum,
3461 3896 3565 3935 non

2012 3971 2221 4031 oportet
2242 3956 2575 4015 sacrificandi
2593 3965 2844 4032 mysteria
2869 3964 3143 4031 implicare
3163 3983 3177 4022 :
3205 3969 3296 4020 sed
3317 3970 3563 4037 exemplo

2012 4053 2222 4108 Domini
2254 4052 2407 4106 Jesus
2436 4050 2752 4106 clarificare.
2780 4052 2893 4107 Non
2916 4068 3036 4106 cum
3070 4053 3260 4122 Moyse,
3293 4064 3347 4107 ut
3367 4054 3560 4119 Judaei,

2013 4145 2252 4196 velamen
2299 4142 2957 4209 superimponamus;'sed
2997 4157 3115 4195 cum
3170 4145 3391 4197 Domino
3432 4145 3558 4199 Jcsu

2013 4323 2257 4375 deamus.
2284 4321 2465 4375 Nudus
2490 4320 2643 4375 Iesus
2674 4323 2725 4374 in
2753 4337 2842 4374 ara
2875 4321 3079 4383 crucis,
3114 4325 3284 4376 nudus
3307 4338 3564 4392 appareat

2014 4413 2067 4464 in
2101 4427 2191 4465 ara
2230 4420 2424 4466 nostra:
2468 4411 2871 4474 immolationis;
2906 4417 3046 4479 quod
3084 4414 3259 4467 verbis
3296 4424 3563 4480 protesm—

2011 4484 2164 4565 mur,
2204 4498 2453 4568 operibus
2490 4506 2829 4567 exsequatur.
2868 4500 3025 4553 Panis
3070 4502 3153 4552 ille
3205 4514 3328 4555 vere
3359 4503 3558 4559 Christi

2012 4606 2205 4659 corpus
2251 4599 2359 4652 est;
2399 4598 2453 4643 et
2482 4599 2539 4641 ιιι
2578 4589 2772 4643 Christi
2815 4594 3055 4660 corporis
3101 4594 3550 4660 immolationem,

2014 4680 2271 4735 immolari
2295 4688 2521 4747 oportet.
2550 4679 2744 4732 Christi
2771 4694 2962 4749 corpus
2987 4677 3041 4733 in
3070 4697 3162 4734 ara
3190 4685 3368 4739 crucis
3391 4687 3559 4738 mula-

2014 4779 2151 4827 tum.
2178 4769 2228 4821 in
2258 4767 2499 4836 sepulcro
2537 4767 2709 4820 linteis
2749 4777 2830 4819 est
2869 4769 3193 4835 involutum,
3230 4773 3280 4825 in
3314 4775 3559 4841 passione

2012 4858 2383 4927 discipulorum
2417 4858 2692 4911 devotione
2728 4859 2777 4909 in
2806 4859 3076 4926 sepultura
3122 4871 3203 4914 est
3239 4863 3553 4930 involutum.

2011 4947 2353 5014 Sepeliendo.
2385 4946 2521 4997 sicut
2568 4961 2679 4997 mos
2709 4955 2787 4998 est
2826 4946 3021 5001 Jiubeis
3075 4951 3328 5017 sepelire,
3379 4964 3557 5005 osten-

2009 5039 2137 5091 dunt
2164 5050 2285 5103 erga
2322 5033 2623 5102 Magistrum
2659 5038 2814 5087 studii
2842 5040 3206 5103 devotionem;
3246 5043 3336 5094 sed
3381 5044 3553 5095 adhuc

2010 5127 2319 5197 ignorabant
2372 5125 2688 5178 sacramenti
2749 5118 3048 5181 veritatem.
3103 5129 3268 5185 Judtci
3325 5132 3549 5184 similem

2009 5218 2377 5287 sepeliont,ut
2420 5214 2685 5277 JudIeum;
2733 5217 2852 5281 quia
2893 5220 3121 5273 nondum
3164 5220 3553 5287 perpeudcrant

1606 5354 1831 5406 \’ARI:E
1873 5346 2261 5405 LECTIONES.

432 5443 521 5473 ³⁸⁸⁸
556 5444 614 5496 Ε.
668 5445 805 5499 Idem
858 5447 1064 5501 inolevit
1117 5464 1235 5498 mss.
1288 5449 1422 5501 idem
1473 5458 1582 5503 est,
1636 5456 1811 5499 nostra
1867 5445 2077 5497 inolevit
2110 5444 2113 5449 ’
2152 5441 2244 5470 ³’⁸²
2287 5439 2412 5489 Vild‘
2460 5439 2536 5489 νὶίι
2587 5454 2703 5488 ηιδδ-
2759 5440 2883 5499 νίκην
2928 5441 3003 5490 τίει

178 5952 183 5959 '
202 5952 249 5971 "
394 5964 397 5971 ι

322 5978 339 5987 ⁵
530 5987 549 5992 -

146 5992 207 6009 ..ξ

178 6008 201 6017 ι,

134 6032 231 6045 ad...

384 6118 481 6133 1,-.
