4240 6204
605 228 706 287 551

605 333 780 388 crucis
808 329 1113 402 mysterium
1154 345 1166 379 :
1201 327 1420 395 Spiritus
1457 327 1627 379 omnia
1652 333 1962 380 scrutatur,
1993 318 2144 370 etiam
2182 319 2226 373 Α

1566 412 1668 464 illis
1712 421 1889 463 autem
1920 407 2152 460 nondum
2201 424 2204 426 ν

604 404 862 487 profunda
890 416 999 469 Dei-
1029 413 1077 484 (Ι
1110 413 1231 467 Cor.
1273 430 1308 466 ll
1331 454 1346 476 ,
1398 413 1482 482 10)
1515 430 1527 465 :

606 509 826 576 spiritus
861 513 978 559 erat
1012 503 1169 557 datus
1195 544 1209 567 ,
1239 504 1362 571 quia
1401 518 1464 558 ex
1519 501 1829 554 inﬁrmitate
1871 499 2157 571 crucifixus

605 594 855 649 Christus
883 609 985 646 non
1017 603 1130 646 erat
1168 593 1514 662 gloriﬁcatus.
1544 589 1881 649 Glorilicatus
1911 601 2034 640 vero
2069 583 2156 638 Je-

605 701 698 740 sus
727 683 1087 754 corruptionis
1121 683 1441 737 vestimenta
1476 680 1704 741 deserit,
1736 675 2095 746 corruptibilia
2123 691 2153 728 a

603 778 916 833 seremovit
969 791 983 827 :
1052 772 1501 840 incorruptionem
1563 768 1786 822 vestitus
1823 765 2154 834 sepulcrum

607 857 805 923 deserit
833 883 848 919 :
882 865 1103 932 gloriam
1135 878 1285 916 suam
1321 875 1379 914 se
1415 858 1719 912 amantibus
1753 856 2020 924 patefecit.
2048 853 2156 906 Cur

607 971 733 1025 ergo
782 970 845 1008 ex
905 950 1320 1020 incorruptibilis
1371 948 1572 1006 sudarji
1626 945 1952 1000 involutione
2004 941 2152 1010 quasi

605 1044 805 1097 Christi
853 1052 1211 1112 protestamnr
1253 1038 1650 1100 inﬁrmitatem,
1676 1045 1729 1089 et
1768 1035 1819 1087 in
1854 1029 2152 1098 huiusmodi

608 1134 841 1188 tenebris
894 1132 1276 1186 involutionem
1314 1146 1329 1182 :
1376 1143 1496 1182 cum
1541 1142 1662 1181 eum
1712 1123 1987 1177 verissime
2033 1134 2155 1188 pro-

608 1233 867 1276 testamur
892 1222 980 1274 Dei
1009 1221 1254 1273 virtutem
1277 1227 1330 1271 et
1358 1215 1537 1270 mundi
1565 1213 1769 1266 lucem?
1791 1211 1900 1262 Lux
1928 1207 1994 1260 de
2016 1207 2152 1268 luce,

606 1328 728 1381 qua:
755 1311 1018 1364 illuminat
1042 1323 1249 1364 omnem
1277 1304 1540 1359 hominem
1565 1301 1739 1370 (Joau.
1763 1298 1826 1367 ι),
1851 1296 2152 1350 nullatenus

608 1400 708 1454 sub
737 1397 935 1452 sudarii
969 1403 1190 1464 ponatur
1220 1392 1393 1446 modio
1425 1407 1440 1442 :
1473 1390 1564 1443 sed
1615 1387 1750 1441 sicut
1794 1387 2021 1456 ipsemet
2067 1398 2153 1438 sa.

608 1489 799 1542 cerdos
825 1496 879 1539 et
913 1484 1082 1541 hostia
1109 1480 1300 1535 obtulit
1335 1478 1704 1544 semetipsum;
1735 1475 1813 1548 ita
1831 1483 1879 1528 et
1909 1481 2148 1527 nostrum

606 1576 656 1627 ei
684 1574 940 1627 oﬂ'eratur
969 1563 1287 1624 sacriﬁcium
1305 1605 1321 1630 ,
1364 1564 1591 1634 positum
1639 1563 1735 1616 sub
1765 1553 1882 1616 divo
1908 1602 1921 1626 ,
1949 1569 2005 1612 nt
2041 1574 2154 1618 mn-

606 1665 762 1719 nibus
814 1666 908 1696 ³⁸⁸³
948 1667 1013 1718 ad
1060 1667 1220 1716 vitam
1264 1663 1316 1715 in
1347 1659 1543 1713 Christi
1587 1657 1756 1712 luceat
1791 1653 2154 1710 domo..Tunc

606 1755 837 1808 maxime
867 1752 1208 1820 acceptabilis
1244 1749 1459 1801 victima
1498 1757 1678 1800 nostra
1721 1745 1930 1809 erit,,si
1957 1742 2153 1797 Christi

602 1840 790 1895 hostia:
839 1841 998 1894 fuerit
1038 1836 1346 1893 consimilis.
1385 1833 1701 1887 lnvolvimus
1733 1843 1907 1886 tamen
1958 1841 2012 1884 et
2059 1844 2156 1883 nos

604 1931 821 1986 vitalem
844 1931 1106 1993 hostiam;
1137 1944 1263 1993 non,
1293 1928 1431 1982 sicut
1451 1925 1600 1980 vobis
1629 1937 1762 1986 mos,
1795 1936 1822 1974 a
1856 1921 2147 1989 principio;

605 2018 700 2073 sed
739 2019 789 2072 in
819 2018 952 2083 ﬁne,
987 2034 1108 2072 cum
1151 2016 1345 2085 Ioseph
1393 2022 1446 2070 et
1485 2013 1789 2067 Nicodemo.
1821 2009 1990 2075 Quod
2047 2023 2150 2060 non

605 2107 779 2162 solum
803 2107 1027 2161 ‘oﬂ'ertur
1057 2108 1107 2160 in
1136 2106 1317 2174 specie
1337 2104 1430 2158 sed
1464 2104 1516 2156 in
1552 2102 1628 2156 rei
1655 2103 1875 2156 veritate
1901 2139 1915 2162 ,
1948 2098 2149 2152 discreo

604 2211 737 2267 pare
773 2213 876 2251 non
909 2205 1117 2264 oportet
1147 2195 1197 2252 in
1224 2196 1317 2248 sua
1343 2193 1723 2247 immolatione.
1752 2190 1850 2258 Qui
1880 2189 2149 2243 offerendo

605 2286 887 2353 discrepat,
917 2300 1021 2340 non
1046 2283 1181 2338 sicut
1204 2282 1448 2349 Christus
1485 2280 1800 2341 ambulavit,
1829 2289 1883 2333 et
1905 2279 2014 2345 ipse
2038 2292 2150 2329 am-

603 2373 770 2427 bulat.
801 2372 855 2426 Si
888 2381 1062 2427 autem
1093 2372 1143 2425 in
1177 2371 1276 2424 hac
1304 2379 1452 2439 parte
1474 2367 1806 2423 sacriﬁcandi
1828 2363 2151 2420 sinceritatis

604 2458 858 2517 causetur
879 2502 894 2528 ,
924 2461 1230 2516 facillimum
1261 2460 1634 2514 estnobiscum
1674 2456 1995 2510 sinceritatis
2025 2468 2149 2513 c00-

608 2549 823 2618 perculo
870 2549 1178 2604 munditiem
1227 2548 1543 2610 observare;
1596 2553 1649 2597 et
1704 2555 1878 2596 tamen
1929 2540 1996 2593 ab
2042 2541 2154 2608 ipso

608 2637 761 2692 initio
791 2633 1124 2692 sacriﬁcandi
1163 2646 1217 2692 et
1255 2634 1616 2691 vetustissimo
1631 2630 2018 2686 Ecclesiae-ritu
2051 2643 2154 2682 non

606 2728 933 2783 exorbitare.

1150 223 1205 273 S.
1249 215 1538 272 A5811)“
1578 211 1920 268 (IANTUAR.
1960 207 2226 264 Αιιειιῖεῑ

2244 213 2270 258 ⁵.
2306 203 2454 260 OPP.
2496 200 2669 254 PARS
2709 201 2748 254 ι.
2792 231 2857 240 ——
2890 197 3306 253 DOGMATICA.

3696 202 3800 254 552

2861 307 3080 361 CAPUT
3119 308 3180 358 ν.

2327 402 2498 454 Monet
2525 401 2587 452 de
2608 415 2700 452 suo
2735 390 2800 450 ad
2832 398 3236 449 communionem
3271 395 3510 449 Ecclesia:
3547 393 3733 466 reditu.

2325 489 2692 558 Imperfectum
2724 501 2898 539 incum
2931 486 3135 538 videant
3169 484 3305 538 oculi
3340 485 3500 538 vestri
3522 523 3536 544 ,
3582 492 3636 537 et
3664 483 3807 538 sicut

2255 583 2386 638 estis
2410 581 2462 634 iu
2479 590 2698 634 omnem
2725 574 3217 644 cireumspectioois
3246 573 3625 642 plenitudinem
3649 573 3802 640 quasi

2255 672 2511 724 virtutum
2538 668 2779 722 manibus
2803 674 3130 734 compactus,
3162 673 3358 716 nostrze
3381 660 3803 723 imperfectionis

2255 757 2612 826 compatimini
2681 755 3006 809 excessibus.
3067 733 3354 808 (ﬂoriﬁcatv
3389 749 3553 800 Deu'm
3609 748 3660 800 in
3720 763 3807 802 me

2255 849 2514 903 catholica
2563 846 2798 901 Ecclesia
2827 883 2842 910 ,
2891 843 3140 911 quioniam
3187 841 3237 893 in
3287 849 3468 898 nostra
3513 839 3807 891 mutatione

2254 938 2446 991 divina:
2477 935 2726 990 bonitatis
2753 943 2970 1006 apparet
3003 933 3194 1000 gratia.
3225 930 3436 985 Gratias
3477 927 3570 981 Dei
3602 943 3717 982 sum
3753 927 3806 980 id

2256 1026 2394 1096 quod
2421 1041 2568 1087 sum;
2598 1039 2663 1076 ex
2694 1023 2851 1076 Saulo
2880 1021 3098 1082 Paulus;
3138 1035 3203 1072 ex
3231 1019 3534 1072 adversario
3557 1018 3807 1082 Romana:

2255 1114 2527 1175 Ecclesire,
2546 1113 2761 1166 intimus
2781 1111 3021 1165 Paschali
3053 1125 3197 1179 papae
3225 1109 3622 1176 acceptissimus
3652 1107 3806 1175 139

2255 1203 2602 1258 cardinalium
2632 1200 3090 1263 consecretarius;
3123 1207 3176 1251 et
3219 1197 3270 1249 in
3312 1196 3559 1249 omnibus
3607 1195 3658 1247 in
3706 1196 3807 1247 hac

2255 1302 2405 1361 parte
2434 1304 2716 1361 prosperos
2761 1304 2918 1355 spero
2963 1301 3260 1341 successus.
3297 1285 3491 1353 Jeseph
3549 1285 3598 1337 in
3649 1283 3806 1337 domo

2254 1381 2570 1445 Pharaonis,
2598 1394 2696 1447 ego
2738 1378 2790 1431 in
2835 1377 3029 1446 palatio
3068 1375 3279 1429 llenriei
3321 1374 3676 1442 imperatoris.
3705 1372 3808 1425 Ne-

2233 1485 2356 1537 .que
2382 1467 2667 1542 iniquitas,
2700 1481 2870 1533 neque
2911 1473 3188 1532 peccaturo
3223 1477 3397 1516 meum
3423 1461 3582 1528 (quod
3609 1461 3802 1530 absit),
3864 1468 3868 1473 ‘

2255 1564 2347 1611 aut
2371 1553 2524 1624 quasi
2546 1551 2684 1606 Nero
2708 1552 2962 1614 incestus,
2994 1559 3087 1603 aut
3113 1558 3351 1618 apestata
3380 1548 3640 1601 Julianus.
3671 1548 3808 1602 Gra-

2257 1644 2358 1697 tias
2392 1643 2496 1695 Dco
2525 1641 2640 1706 ’3",
2668 1640 2918 1708 quoniam
2968 1638 3066 1691 sub
3114 1646 3305 1690 vestrae
3340 1637 3640 1690 sanctitatis
3674 1634 3809 1704 regi-

2258 1731 2399 1783 mine
2427 1729 2580 1796 lupus
2605 1736 2656 1780 et
2685 1741 2851 1795 agnus
2875 1723 3032 1778 simul
3066 1732 3356 1792 pascantur
3378 1760 3392 1786 ,
3421 1721 3506 1774 leo
3529 1733 3581 1775 et
3613 1718 3809 1774 vitulus

2260 1817 2417 1872 simul
2467 1817 2746 1878 accubant,
2793 1827 3031 1883 puerque
3075 1813 3328 1881 parvulus
3368 1811 3536 1864 minat
3583 1823 3674 1863 eos
3711 1827 3725 1862 :
3756 1817 3810 1862 et

2256 1909 2379 1976 quia
2407 1906 2549 1975 virga
2595 1903 2885 1972 mquitatis,
2919 1903 3069 1970 virga
3111 1900 3259 1969 regni
3284 1900 3479 1964 vestri;
3506 1899 3598 1952 Dei
3624 1898 3810 1952 lauda-
3857 1914 3859 1916 ·

2257 2013 2374 2050 mus
2410 1998 2657 2049 virtutem
2689 1993 3060 2047 Ecclesiastico
3099 2002 3301 2046 terrore
3343 1991 3626 2045 indomitas
3666 1989 3811 2042 feras

2260 2099 2654 2146 mansuescere,
2687 2083 2918 2150 nullique
2942 2082 2994 2134 in
3023 2091 3200 2135 monte
3228 2079 3434 2149 Domini
3461 2092 3673 2132 nocere.
3705 2077 3812 2130 Leo

2257 2177 2456 2245 rugiet,
2484 2174 2604 2242 quis
2629 2188 2734 2226 non
2778 2171 3025 2225 timebit?
3061 2170 3168 2224 Sed
3199 2170 3323 2238 quia
3366 2169 3547 2238 justus
3568 2206 3584 2231 ,
3613 2177 3672 2220 ut
3697 2166 3809 2227 leo,

2259 2264 2478 2318 conlidit
2508 2263 2559 2314 in
2589 2245 2910 2326 hujnsmodi,
2933 2259 3082 2327 quasi
3116 2258 3282 2327 ipsius
3320 2257 3484 2310 David
3513 2270 3676 2308 manu
3703 2254 3812 2307 for-

2261 2356 2353 2416 tis;
2382 2367 2476 2406 cor
2503 2360 2734 2405 vestrum
2766 2365 2868 2403 non
2899 2347 3161 2416 trepidat,
3184 2345 3277 2401 sed
3307 2345 3360 2398 in
3401 2344 3492 2398 Dei
3529 2347 3724 2396 virtute
3757 2341 3812 2394 in

2262 2442 2510 2498 omnibus
2539 2439 2848 2506 triumphat.
2892 2437 3146 2490 Dominus
3170 2434 3259 2503 qui
3303 2448 3400 2487 vos
3447 2431 3658 2485 inunxit
3695 2429 3812 2484 oleo

2258 2530 2627 2587 essultationis
2666 2542 2775 2595 prae
2813 2526 3162 2594 participibus
3204 2523 3396 2578 vestris
3427 2520 3612 2591 (Hebr.
3642 2533 3681 2585 ι’,
3714 2519 3809 2586 9),

2257 2625 2344 2679 ille
2373 2638 2466 2676 vos
2493 2629 2718 2677 coronet
2767 2619 2832 2670 in'
2861 2614 3234 2684 misericordia
3283 2624 3338 2668 et
3386 2611 3731 2666 miseratione
3757 2608 3812 2662 in

2253 2728 2421 2782 regno
2447 2709 2808 2767 beatitudinis.

2057 2935 2370 2949 ..ὕ-’-

3410 3005 3501 3037 assa

886 3042 1298 3140 ANSELMI
1371 3039 1498 3134 AD
1573 3037 2168 3132 WALEMNNI
2238 3031 2741 3154 QUERELAS
2840 3026 3351 3125 BESPDNSIO

685 3261 909 3319 Domino
933 3270 987 3314 et
1013 3258 1185 3312 amico
1211 3256 1551 3311 Wstsssnuo
1582 3253 1695 3316 ³⁸⁸⁸,
1731 3254 1901 3322 gratia
1928 3254 2020 3308 Dei
2049 3252 2151 3307 Ne-
2182 3258 2227 3320 ο

609 3347 1001 3416 wcmbnrgensi
1030 3345 1317 3400 venerabili
1345 3345 1615 3411 episcopo,
1642 3344 1939 3404 Aussuws,
1973 3356 2161 3396 servus

613 3436 862 3492 Ecclesia:
886 3432 1302 3504 Cantasti-iungis,
1335 3430 1584 3494 salutem,
1638 3429 1933 3494 servitium,
1963 3431 2163 3483 oratio-

613 3539 728 3579 nes.
755 3518 1050 3575 dilectionis
1074 3507 1398 3588 affectum“,

679 3618 919 3680 Gaudeo,
957 3625 1012 3670 et
1033 3615 1233 3684 gratias
1260 3629 1356 3683 ago
1401 3613 1512 3668 Deo
1557 3615 1678 3683 quia
1733 3616 1871 3669 sicut
1912 3615 2164 3679 seribitis,

611 3708 876 3778 gloriﬁeat
901 3720 1021 3759 cum
1050 3706 1101 3757 in
1139 3705 1290 3757 vobis
1318 3704 1553 3757 Ecclesia
1585 3705 1883 3769 catholica;
1914 3705 2166 3772 quoniam

615 3800 670 3854 in
695 3809 871 3853 vestra
907 3795 1198 3850 mutatione
1223 3795 1414 3848 divina:
1445 3795 1696 3849 bonitatis
1720 3804 1939 3864 apparet
1964 3795 2160 3865 gratia,

616 3896 672 3941 et
702 3884 908 3939 Domini
930 3898 1080 3953 papa:
1105 3883 1378 3937 Paschalis
1428 3882 1718 3936 amicitiam
1773 3883 1980 3937 habetis
2004 3892 2058 3937 et
2090 3883 2172 3937 fa-

618 3975 997 4037 miliaritatem,
1025 3971 1204 4039 utjam
1227 3972 1354 4025 mihi
1379 3971 1536 4026 liceat
1561 3980 1794 4038 vestram
1817 3972 2171 4027 ami‘cabiliter

617 4064 848 4117 salutare
869 4061 1223 4115 sanctitatem.
1253 4059 1601 4125 Quodyestra
1635 4060 1874 4114 sublimis
1897 4061 2170 4126 humilitas

616 4169 702 4206 me
729 4157 1002 4218 camparat
1041 4148 1286 4201 Minerva:
1314 4157 1367 4201 ct
1397 4156 1548 4202 vocat
1581 4157 1832 4210 montem,
1861 4163 1963 4201 non
1992 4149 2043 4202 in
2085 4139 2171 4203 me

618 4241 857 4306 accipio;
890 4236 1142 4302 quoniam
1171 4235 1299 4289 nihil
1325 4236 1374 4289 in
1415 4252 1518 4301 me,
1565 4253 1657 4291 cur
1686 4239 1786 4291 hoc
1816 4237 1917 4291 dici
1968 4238 2033 4292 de
2082 4251 2171 4291 me

618 4328 832 4390 debeat,
859 4327 1112 4393 intelligo.
1151 4322 1265 4378 Non
1321 4321 1494 4379 tamen
1557 4327 1722 4380 debeo
1774 4342 1892 4381 esse
1927 4327 2197 4396 ingratus

621 4423 811 4467 vestra:
862 4411 949 4444 ³⁸⁸⁷
999 4413 1626 4482 benignitati;quoniam
1677 4416 1777 4468 hoc
1826 4416 1952 4468 facit
1997 4416 2165 4469 abun-

619 4503 803 4555 dantia
847 4511 1040 4556 vestras
1092 4517 1215 4570 erga
1269 4517 1355 4555 me
1399 4502 1546 4556 bona
1581 4503 1883 4557 voluntatis.
1923 4504 2165 4559 Solemus

2759 3251 2983 3306 CAPUT
3019 3250 3301 3304 PRIMUM.

2373 3345 2684 3401 Varietatem
2714 3345 2903 3394 rituum
2934 3359 3047 3394 cum
3081 3344 3276 3395 unitate
3301 3342 3423 3407 ﬁdei
3444 3344 3716 3399 coltwrere.

2334 3435 2586 3500 Queritur
2611 3433 2702 3464 ³⁸⁸⁸
2726 3440 2900 3484 vestra
2931 3433 3222 3484 reverentia
3247 3433 3309 3485 ile
3336 3437 3686 3490 sacramentis
3715 3438 3814 3491 Ee-

2266 3525 2465 3588 clesite,
2490 3524 2743 3593 quoniam
2786 3539 2889 3578 non
2923 3537 3026 3573 uno
3057 3522 3212 3574 modo
3272 3521 3404 3574 ﬁunt
3458 3523 3677 3591 ubique,
3723 3529 3817 3581 sed

2268 3615 2498 3667 diversis
2534 3615 2705 3667 modis
2731 3615 2783 3666 in
2813 3615 3040 3666 diversis
3066 3611 3197 3666 locis
3250 3622 3570 3668 tractantur.
3627 3615 3819 3684 Utique

2269 3702 2312 3756 si
2344 3717 2438 3771 per
2466 3705 2766 3758 universam
2801 3702 3087 3756 Ecclesiam
3115 3719 3218 3754 uno
3263 3705 3419 3757 modo
3456 3714 3512 3757 et
3539 3707 3818 3761 concordi-

2271 3799 2350 3844 ter
2379 3791 2801 3855 celebrarentur,
2840 3791 3206 3846 bonum‘esset
3244 3801 3298 3847 et
3348 3793 3629 3849 laudabile.
3679 3794 3818 3860 Quo-

2269 3878 2414 3932 niam
2445 3889 2618 3932 tameu
2659 3879 2838 3933 nutltae
2879 3889 3004 3933 sunt
3039 3880 3397 3947 diversitates,
3452 3899 3571 3952 qua:
3612 3900 3715 3938 non
3765 3885 3819 3938 in

2269 3968 2564 4024 substantia
2619 3966 2712 3999 ³⁸⁸⁹
2759 3970 3101 4032 sacramenti,
3175 3986 3344 4039 neque
3394 3971 3447 4024 in
3491 3972 3685 4027 virtute
3727 3973 3820 4016 “’9

2273 4058 2411 4126 ejus,
2442 4065 2535 4110 aut
2573 4057 2674 4110 ﬁde
2705 4058 3036 4122 discordant;
3089 4074 3260 4127 neque
3312 4077 3500 4115 omnes
3551 4063 3604 4115 in
3658 4078 3820 4117 unum

2275 4147 2710 4202 consuetudinem
2742 4147 2912 4217 colligi
2947 4157 3160 4214 possunt
3190 4166 3202 4201 :
3259 4150 3467 4204 aestimo
3506 4167 3598 4204 eas
3646 4154 3820 4221 potius

2275 4236 2326 4287 in
2369 4249 2498 4303 pace
2546 4235 2882 4288 concorditer
2932 4235 3251 4300 tolerandas,
3300 4252 3457 4305 quam
3509 4240 3820 4295 discorditer

2273 4340 2394 4379 cmn
2418 4325 2669 4379 seandalo
2697 4324 3044 4377 damnandas.
3093 4325 3358 4380 llabetnus
3384 4329 3524 4381 enim
3559 4346 3586 4382 a
3619 4333 3822 4385 sanctis

2274 4414 2548 4478 Patribus,
2570 4414 2692 4480 quia
2723 4414 2765 4467 si
2796 4414 2971 4467 unitas
3004 4415 3121 4484 .f‘“
3178 4427 3422 4470 servatur
3457 4420 3735 4474 charitatis
3771 4423 3822 4475 in

2239 4505 2377 4562 'ﬁde
2407 4506 2688 4570 catholica,
2717 4505 2846 4558 nihil
2874 4504 3036 4558 ofﬁcit
3089 4511 3416 4582 consuetudo
3476 4511 3704 4564 diversa.
3765 4511 3822 4564 Si

619 4593 761 4645 enim
787 4606 926 4660 saepe
969 4592 1168 4645 sentire
1218 4591 1435 4646 meliora
1474 4593 1540 4647 de
1589 4594 1671 4650 his
1702 4609 1835 4666 quos
1878 4596 2162 4666 diligimus,
2197 4589 2240 4642 Ι)
2267 4605 2446 4649 autem
2474 4597 2732 4663 quazritur
2759 4597 2896 4650 unde
2927 4597 3042 4649 ista:
3065 4608 3203 4650 nata:
3230 4609 3356 4652 sunt
3381 4600 3824 4652 consuetudinum

622 4695 781 4750 quam
810 4681 1236 4748 ipsimereamur.
1253 4679 1325 4734 De
1347 4679 1498 4735 laude
1519 4679 1698 4752 igitur,
1725 4698 1842 4752 qure
1865 4686 1928 4739 ad
1952 4700 2034 4739 me
2063 4703 2164 4739 non

623 4768 870 4838 pertinet,
893 4783 986 4822 cor
1004 4785 1177 4823 meum
1209 4783 1312 4823 non
1342 4768 1632 4839 gloriatur;
1659 4772 1753 4828 sed
1777 4775 1842 4828 de
1864 4775 2164 4841 dilectione,

623 4873 743 4926 qua:
777 4873 984 4927 semper
1013 4858 1236 4913 amanda
1260 4869 1366 4925 est,
1397 4859 1598 4930 gratias
1621 4862 1819 4928 agendo
1845 4863 2074 4918 natatur.

2271 4683 2560 4742 varietates
2587 4705 2598 4738 :
2629 4686 2758 4739 nihil
2801 4688 2941 4741 aliud
2985 4688 3238 4757 intelligo,
3284 4705 3440 4757 quam
3475 4691 3824 4743 lmmanornm

2271 4781 2528 4834 sensuum
2575 4779 2931 4834 diversitates.
2963 4780 3060 4846 Qui
3098 4784 3343 4852 quamvis
3388 4783 3436 4835 in
3488 4783 3562 4835 rei
3595 4783 3827 4836 veritate

2272 4879 2343 4934 et"
2362 4869 2560 4921 virtute
2587 4869 2680 4900 ’δ”
2712 4885 2814 4922 non
2852 4870 3183 4935 dissentiant,
3232 4873 3286 4925 in
3318 4872 3609 4940 aptttudine
3649 4882 3826 4926 tamen

1882 5000 2116 5054 vanus:
2158 4965 2556 5084 Lscrtpmzs.

699 5131 741 5161 ³⁸
775 5129 927 5182 'Dico
948 5132 1287 5204 pulpmnibns
1313 5148 1432 5204 mss.
1461 5132 1614 5204 t_l_i_vo_,
1645 5134 1889 5204 omnibus
1941 5115 2397 5204 ""}_Gt'atia_l)_etir
2432 5137 2783 5204 mss.-gratias
2816 5138 2939 5188 Dm.
3017 5138 3106 5169 ³⁸⁸⁸
3130 5137 3226 5188 Ms.
3273 5136 3452 5188 Cisler.
3506 5136 3727 5201 Epistola
3759 5137 3827 5191 de

628 5200 989 5252 Sacramentis
1021 5199 1287 5252 Ecclesian

1363 5200 1451 5272 Ψυ
1472 5199 1790 5272 Walerannn
1826 5203 1996 5254 Ettith
2027 5199 2606 5272 VenetaiWaieraIno‘
2645 5205 2731 5235 ³⁸⁸⁷
2760 5205 2954 5256 Vestras
2977 5221 3098 5269 erga
3123 5222 3205 5257 me
3226 5221 3346 5255 mss.
3381 5199 3563 5255 vestra}
3587 5205 3828 5272 benigni-

633 5270 756 5338 tati,
785 5269 1028 5333 quoniam
1073 5269 1172 5321 hoc
1203 5268 1323 5338 facit
1355 5269 1670 5321 abundantia
1709 5284 1890 5324 vestra:
1915 5287 2034 5334 erga
2069 5286 2152 5324 nte
2228 5271 2320 5300 """
2355 5275 2628 5336 Qna'rztur
2657 5285 2751 5323 m<.‘
2791 5272 2919 5323 Vict.
2958 5268 3189 5325 13Edit.
3231 5273 3380 5323 (ἐρίΙι.
3414 5285 3457 5322 et
3495 5272 3601 5322 Col.
3638 5268 3826 5338 quaerit

633 5337 722 5368 ⁸⁸⁸⁸
746 5339 798 5389 1η
841 5352 1040 5388 summa
1084 5354 1176 5389 ms.
1225 5335 1351 5386 Vict.
1389 5338 1450 5388 13
1485 5339 1534 5388 in
1585 5339 1874 5392 Sttllsluntizt

636 5404 776 5484 Edrt.
810 5405 979 5457 Venet.
1006 5407 1124 5485 quia
1157 5405 1240 5457 ubi
1304 5409 1477 5457 unitas

638 5485 857 5526 veritate
890 5484 942 5527 et
972 5483 1163 5527 virtute

1951 5342 2041 5370 “9°
2069 5339 2245 5407 Neque
2279 5341 2328 5390 in
2371 5343 2576 5392 '.\irlnte
2621 5359 2715 5391 ms.
2752 5340 2881 5392 Vict.
2917 5343 2976 5390 15
3012 5343 3151 5390 omit.
3186 5358 3233 5391 Ill

1569 5407 1726 5460 ³⁸⁸⁸³111
1768 5412 1838 5460 rei
1897 5411 2118 5462 veritate
2165 5419 2216 5460 ct
2249 5411 2455 5460 unitate
2495 5426 2587 5461 ms.
2657 5408 2783 5460 Vici-

3311 5342 3396 5368 ³⁵⁹¹
3424 5344 3552 5402 Quia
3584 5342 3625 5391 si
3652 5342 3827 5391 unitas

2846 5412 2905 5462 13
2959 5421 2999 5460 ct
3057 5411 3193 5461 (Sitit.
3251 5407 3400 5459 (ἰωή.
3439 5419 3481 5459 r:
3527 5407 3634 5457 Cal.
3667 5409 3716 5457 in
3752 5411 3828 5460 rei
