4240 6194
1738 395 1967 406 ...φωρ-

525 399 1732 437 νκυυ-ον-μ--ρη

661 453 668 458 -
1299 456 1302 458 _
1446 439 1453 450 Δ

558 249 621 298 53
1162 235 1452 292 Ακδιςωιι
1497 231 1838 285 (ΖΛΝΊῊᾸΙΚ.
1884 228 2391 281 ΜΗΙΙΙΙΙΞΙ’.·ΟΙῚ’.
2430 225 2603 276 I'ARS
2639 224 2673 274 I.
2714 253 2772 259 —
2817 219 3230 274 ΗΟΕΜᾹΤΙΩᾹ.

3601 213 3705 266 556

2571 376 3726 401 W

1572 540 1712 650 S.
1791 531 2742 646 ANSELMUS

1102 771 1243 853 DE
1322 758 2122 893 PRESBYTERIS
2193 747 2987 842 CONCUBINARI
3012 749 3117 834 IS

2086 955 2197 998 SEU

1549 1099 2160 1164 OFFENDICULUM
2205 1096 2764 1177 SACERDOTUM.

604 1405 694 1435 3’"
735 1403 806 1453 De
827 1395 1150 1466 presbyteris
1177 1392 1268 1457 qui
1294 1398 1477 1458 aperta
1515 1387 1749 1440 libidinis
1796 1400 2080 1438 conversa~
2109 1390 2156 1446 Α
2185 1385 2307 1438 huic
2339 1383 2636 1443 sententia},
2667 1394 2786 1449 quae
2811 1378 2875 1430 ad
2920 1378 3054 1430 sacri
3093 1376 3294 1430 ordinis
3345 1376 3572 1430 ofﬁcium
3627 1384 3745 1443 post

537 1501 675 1551 tiottc
709 1495 812 1544 Deo
847 1484 1207 1554 reprobabiles
1243 1497 1300 1534 se
1338 1478 1618 1537 exhibent,
1649 1476 1869 1529 omnino
1894 1483 2085 1526 tenen-

536 1589 655 1639 dum
683 1590 785 1642 est,
811 1592 927 1645 qnze
962 1575 1050 1604 ³⁹⁰⁷
1086 1571 1375 1641 apostolica
1443 1565 1802 1636 providentia
1829 1562 2092 1622 ecclesia-

536 1675 667 1726 stico
690 1674 938 1740 justeque
977 1665 1068 1694 ³⁹⁰⁸
1133 1661 1305 1727 rigore
1352 1656 1645 1709 constituit.
1680 1652 1894 1720 .b'empe
1926 1651 2091 1704 nulla-

539 1776 692 1817 tenus
720 1756 968 1812 convenit
999 1763 1056 1806 ut
1101 1752 1170 1804 ibi
1227 1759 1532 1801 retcrentel‘
1584 1755 1787 1798 astetur
1841 1744 1952 1804 39°“,
2008 1743 2095 1801 ubi

541 1851 890 1922 pertinaciter
924 1852 1106 1913 aperta
1153 1848 1207 1892 et
1246 1836 1540 1905 impudenti
1592 1834 1813 1886 libidine
1871 1831 2099 1884 fetentes

542 1920 628 1996 bei
657 1950 710 1992 et
739 1945 1045 1990 sanctorum
1067 1927 1482 1999 prohibitionem
1508 1921 1898 1978 contemnendo
1925 1920 2098 1991 sacris

547 2030 804 2084 altaribus
852 2022 1181 2081 deserviunt,
1251 2018 1412 2068 immo
1465 2029 1567 2069 non
1627 2010 1952 2071 deserviunt,
2006 2009 2098 2062 sed

544 2127 802 2188 quantum
839 2114 914 2166 ad-
941 2111 1103 2179 ipsos,
1129 2103 1523 2161 commaculant
1553 2120 1566 2154 ;
1594 2115 1698 2154 non
1729 2100 1869 2166 quod
1895 2099 2013 2165 quis
2039 2112 2101 2150 ea

548 2224 665 2276 quze
701 2210 930 2262 tractant
983 2193 1405 2254 contemnenda,
1460 2192 1550 2243 sed
1610 2195 1901 2240 tractantes
1950 2200 2104 2238 exse-

545 2295 772 2348 crandos
803 2289 1091 2343 existimet.
1146 2283 1214 2336 Ut
1253 2282 1344 2348 qui
1394 2279 1485 2308 ³⁹¹⁰
1544 2277 1636 2328 Dei
1688 2283 1741 2328 et
1793 2271 2103 2340 angelorum

546 2381 884 2453 pia'sentiam
921 2391 1027 2429 non
1073 2379 1410 2430 reverentur,
1444 2366 1526 2418 vel
1563 2363 1839 2418 hominum
1875 2361 2106 2414 detesta-

551 2486 692 2525 t.one
729 2464 926 2534 repulsi
979 2476 1133 2515 sacra
1185 2456 1552 2510 contaminare
1596 2466 1702 2503 non
1756 2449 2003 2501 audeant.
2037 2446 2107 2498 De

553 2560 716 2626 lapsis
743 2564 920 2607 autent
955 2563 1142 2608 saeros
1168 2546 1384 2600 ordines
1413 2541 1757 2598 habentibus,
1786 2546 1842 2590 et
1889 2543 2107 2603 sponta-

555 2624 652 2705 nca
676 2650 950 2702 voluntate
984 2647 1188 2696 secrete
1230 2635 1421 2703 quibus
1475 2632 1670 2685 debent
1705 2624 2106 2696 conﬁtentibus,

2190 1476 2396 1543 lapsum
2432 1473 2696 1531 concedit,
2737 1483 3072 1536 nequaquam
3135 1466 3580 1536 aliqua’ratione.
3645 1465 3744 1519 nisi

2140 1605 2150 1618 .
2195 1565 2523 1618 auctoritate
2554 1561 2800 1614 iniciatur
2851 1557 3270 1625 Scaipturarum,
3295 1552 3399 1606 \‘nlt
3428 1569 3746 1608 consensum

2194 1656 2515 1714 atti-ibncre;
2548 1652 2687 1720 legat
2715 1649 2994 1716 epistolam
3024 1649 3163 1701 beati
3194 1646 3388 1699 Galixti
3414 1643 3561 1710 pap:t:
3606 1643 3743 1696 dire-

2196 1752 2334 1806 ctam
2366 1739 2627 1808 episc0pis
2654 1737 2854 1797 Gallizn,
2901 1745 2952 1789 et
3005 1735 3144 1788 beati
3197 1733 3436 1801 Gregorii
3491 1746 3639 1798 papae
3684 1731 3748 1781 ad

2199 1831 2559 1893 Secundinum
2584 1829 2880 1887 inclusum;
2913 1825 2997 1876 ubi
3035 1824 3131 1891 ipsi
3160 1824 3297 1874 hanc
3327 1822 3643 1874 sententiam
3674 1821 3756 1871 sic

2185 1919 2368 1978 firmis
2394 1932 2448 1975 et
2481 1936 2614 1987 pene
2644 1919 2843 1973 eisdem
2893 1916 3185 1988 rationibus
3233 1922 3286 1965 et
3345 1909 3753 1962 auctoritatibus

2201 2011 2546 2070 conﬁrmant,
2579 2016 2635 2058 ut
2660 2004 2960 2058 nullatenus
3011 2001 3232 2053 aliorum
3263 1999 3574 2067 probatione
3611 1996 3753 2048 imii-

2203 2107 2342 2166 geat.
2380 2097 2483 2150 Sed
2514 2095 2654 2161 quod
2686 2094 2820 2145 idem
2861 2091 3046 2142 beatus
3067 2087 3376 2154 Gregorius,
3403 2093 3454 2135 et
3494 2083 3581 2134 alii
3637 2096 3757 2134 san-

2203 2187 2272 2239 cti
2310 2185 2492 2237 Patres
2522 2181 2747 2248 idipsum
2770 2177 2892 2230 alibi
2917 2175 3162 2228 videntur
3190 2172 3424 2226 studiose
3452 2169 3750 2237 prohibere,

2205 2274 2271 2328 de
2316 2271 2515 2341 apertis
2553 2247 2769 2338 quidem
2822 2266 3179 2337 prohibuisse,
3235 2263 3299 2316 de
3355 2247 3579 2313 occultis
3628 2273 3758 2311 vero

2208 2369 2329 2429 post
2356 2361 2571 2428 dignam
2628 2357 2993 2426 pcenitentiam
3044 2351 3373 2406 concessisse
3425 2345 3756 2412 intelligitur.
3842 2399 3854 2410 ,

2211 2453 2341 2508 Nam
2367 2453 2567 2509 crimen
2599 2451 2738 2516 quod
2766 2461 2794 2498 a
2826 2447 2933 2498 Deo
2958 2460 3059 2500 non
3088 2444 3399 2509 imputatur,
3429 2452 3528 2490 nec
3572 2434 3757 2511 abbo-

2213 2542 2443 2596 minibus
2475 2547 2849 2608 esseputatur,
2883 2551 2984 2588 non
3031 2533 3280 2600 reprobat
3335 2542 3506 2594 neque
3551 2508 3764 2578 decolo-

2214 2641 2297 2685 rat
2326 2649 2339 2684 :
2369 2646 2491 2684 cum
2521 2639 2693 2682 tamen
2722 2627 2774 2679 in
2806 2626 2893 2677 tali
2926 2638 2983 2677 re
3010 2623 3201 2688 cuique
3240 2618 3406 2669 tutius
3459 2616 3526 2667 sit
3576 2626 3758 2664 coram

557 2750 893 2806 nequaquam
922 2740 1004 2799 est
1035 2725 1378 2781 asserendmn
1410 2720 1549 2788 quod
1580 2719 1782 2771 eisdem
1827 2713 2107 2768 ordinibus
2139 2709 2181 2766 Β
2212 2723 2320 2775 ι)ρο
2354 2721 2454 2775 sibi
2483 2718 2601 2787 plus
2663 2717 2869 2777 limere,
2929 2724 3086 2778 quam
3145 2706 3431 2760 conﬁdere,
3488 2699 3760 2754 prohiberi

558 2827 784 2893 amplius
835 2822 908 2873 nti
951 2818 1253 2872 nullatenus
1301 2810 1524 2879 possint,
1565 2807 1607 2858 si
1643 2819 1737 2873 per
1783 2801 2107 2855 sacrificium

557 2887 777 2979 Spii-itns
808 2901 1171 2962 contribulati,
1215 2898 1500 2962 cordisque
1539 2893 1628 2923 ’9“
1664 2889 1883 2971 contriti
1929 2897 1982 2938 et
2013 2887 2111 2939 hu-

561 3000 744 3053 n'tiliati
779 2999 940 3048 Deum
969 2979 1264 3060 placantes,
1292 2984 1358 3038 ad
1389 2991 1643 3036 virtutum
1673 2968 1974 3047 profectum
2004 2981 2114 3027 stu-

562 3093 706 3143 diose
737 3086 829 3116 3’”
854 3099 908 3136 se
930 3079 1318 3134 converterint.
1350 3073 1480 3126 Nam
1509 3086 1607 3122 nec
1652 3069 1789 3138 apud
1823 3066 1988 3119 Deum
2032 3077 2117 3115 re-

564 3179 820 3245 probatnr
860 3171 1092 3222 oilicium
1143 3163 1365 3230 alicujus
1410 3167 1628 3227 propter
1675 3154 1906 3220 culpam,
1958 3163 2117 3218 quam

569 3268 676 3329 ipse
706 3261 960 3328 ignoscit;
990 3270 1084 3308 nec
1111 3252 1248 3321 apud
1297 3246 1540 3302 homines
1587 3240 1926 3296 decoloratur
1980 3235 2118 3290 sacri

568 3354 772 3405 ordinis
802 3347 1052 3415 dignitas,
1081 3350 1296 3410 propter
1323 3349 1610 3406 personam
1640 3330 1791 3397 cujus
1847 3327 1945 3395 ipsi
1999 3339 2123 3394 pec-

570 3450 746 3490 catum
773 3450 874 3488 non
905 3437 1252 3501 cognoscunt.
1283 3424 1486 3488 Quibus
1521 3421 1726 3472 duabus
1778 3416 1956 3470 causis
2004 3428 2124 3466 car-

573 3527 707 3578 nalis
737 3524 912 3590 lapsus
941 3518 1186 3586 prohibet
1209 3514 1300 3545 ³⁹¹³
1326 3512 1393 3563 ad
1439 3501 1650 3563 sacrum
1682 3505 1918 3559 ordinem
1947 3516 2126 3555 acces-

573 3628 688 3665 sum
737 3621 790 3664 et
826 3608 1074 3662 reditum.
1133 3601 1234 3655 Sed
1267 3599 1516 3667 quoniam
1574 3594 1744 3648 ferme
1776 3603 1987 3656 semper
2035 3599 2127 3640 oc-

573 3706 772 3757 cultum
806 3708 926 3762 est,
961 3709 1186 3762 quorum
1214 3691 1469 3744 ‘remissae
1523 3692 1648 3738 sunt
1698 3678 2030 3746 iniquitates,
2055 3683 2130 3728 .et

577 3804 801 3859 quorum
838 3793 979 3838 tecta
1011 3792 1134 3835 sunt
1161 3787 1380 3847 peccata
1416 3772 1639 3842 (Psalm.
1670 3782 1818 3829 xui,
1869 3766 1942 3832 1),
2000 3775 2132 3830 quo-

582 3899 696 3937 rum
727 3893 854 3932 vero
887 3875 1130 3934 minime;
1163 3870 1327 3924 tutins
1357 3878 1437 3920 est
1467 3876 1677 3929 semper
1715 3856 1988 3912 conscium
2032 3851 2132 3906 sibi

581 3970 822 4027 criminis
857 3967 921 4018 ab
952 3965 1015 4017 iis
1067 3976 1185 4030 quae
1237 3957 1487 4026 placitam
1521 3952 1626 4004 Deo
1661 3959 1940 4017 personam
1970 3955 2132 4008 expo-

581 4067 756 4117 scunt,
792 4070 884 4124 per
920 4047 1240 4103 laudabilem
1298 4046 1406 4097 Deo
1435 4039 1787 4095 humilitatem
1821 4031 2131 4105 ,abstiuere,

581 4161 738 4216 quam
772 4159 866 4212 per
889 4137 1205 4209 culpabilem
1238 4131 1582 4188 securitatem
1628 4137 1973 4196 praesumere.
2002 4118 2133 4172 Illud

582 4209 811 4300 namque
835 4243 1043 4295 semper
1070 4232 1265 4294 potest,
1301 4222 1410 4274 Deo
1437 4234 1541 4272 non
1597 4214 1975 4282 improbante:
2031 4209 2135 4261 hoc

588 4299 851 4374 veronon
888 4315 1062 4379 debet,
1115 4310 1216 4366 nisi
1254 4309 1362 4364 Deo
1418 4305 1766 4374 approbante.
1803 4299 1904 4365 Qui
1958 4306 2135 4350 autem

2211 2808 2387 2861 autem
2421 2805 2642 2858 invitum
2674 2803 2888 2861 debere,
2915 2799 3005 2866 qui
3036 2795 3300 2850 occultum
3331 2793 3534 2845 crimen
3575 2788 3763 2841 humili

2213 2895 2546 2950 confessione
2574 2899 2764 2960 sponte
2797 2897 2851 2941 et
2882 2885 3086 2960 occulte
3113 2884 3330 2951 detegit,
3387 2880 3602 2933 minime
3654 2876 3766 2929 cxi-

2215 2988 2408 3047 stimo;
2438 2996 2504 3035 ne
2525 2979 2708 3034 multis
2736 2977 3045 3032 obstruatur
3074 2974 3156 3025 via
3185 2969 3415 3025 salubris
3470 2966 3763 3021 confessio-

2219 3075 2323 3137 nis,
2350 3073 2438 3139 qui
2461 3071 2636 3138 potius
2668 3067 2865 3135 eligent
2894 3065 2983 3096 ’m
3013 3064 3063 3116 in
3097 3070 3320 3114 mortem
3349 3057 3558 3126 penitus
3589 3054 3764 3108 occul-

2223 3163 2343 3226 tari,
2373 3176 2530 3232 quam
2563 3163 2661 3213 bac
2680 3158 2959 3212 occasione
2988 3156 3038 3208 in
3063 3152 3431 3208 certitudinem
3455 3149 3546 3230 ’vcl
3579 3150 3628 3200 in
3651 3163 3771 3199 sus-

2222 3253 2485 3321 picionem
2525 3248 2746 3315 alicujus
2771 3244 3009 3306 criminis
3037 3243 3248 3296 adduci.
3280 3239 3385 3292 Nec
3413 3221 3505 3299 iiii,
3536 3237 3618 3289 cui
3649 3250 3772 3287 con-

2225 3343 2408 3397 fitetur
2459 3336 2708 3392 statuitur
2738 3336 2802 3388 ad
2839 3343 3145 3403 peccatum;
3189 3329 3231 3383 si
3257 3327 3596 3381 confitentem
3647 3322 3770 3375 abs-

2227 3445 2330 3497 que
2358 3428 2470 3496 ejus
2497 3439 2758 3480 consensu
2783 3435 2995 3475 cessare
3051 3435 3079 3470 a
3107 3418 3188 3472 sui
3221 3416 3425 3470 ordinis
3470 3411 3639 3465 otIitio
3666 3425 3772 3463 non

2227 3519 2397 3588 cogit,
2424 3517 2514 3571 sed
2546 3515 2721 3585 potius
2745 3511 2922 3579 magni
2956 3509 3196 3563 criminis
3227 3521 3346 3558 reus
3375 3519 3493 3558 esse
3540 3501 3770 3563 videtur,

2229 3615 2273 3668 si
2298 3611 2466 3682 cogit:
2490 3610 2615 3678 quia
2635 3607 2713 3661 sic
2736 3613 2789 3659 et
2811 3603 3151 3659 confitentem
3175 3600 3266 3630 ⁸¹¹⁸
3290 3597 3546 3667 paenitere
3566 3593 3774 3648 confes-

2215 3703 2415 3765 sionis,
2440 3709 2493 3754 et
2518 3698 2694 3766 plures
2719 3694 2949 3749 nondum
2989 3693 3303 3745 confitentes
3326 3690 3545 3740 horrere
3569 3682 3778 3738 confes-

2236 3791 2441 3844 sionem
2471 3783 2760 3853 compellit.
2798 3781 3074 3848 Hucusque
3100 3777 3259 3830 codex
3280 3773 3336 3828 S.
3366 3772 3632 3837 Ebrulphi.

2303 3877 2441 3943 Aug.
2468 3867 3037 3926 Dominusdeelaravit
3069 3866 3121 3917 in
3174 3878 3280 3916 uno
3320 3868 3463 3914 cmtu
3507 3845 3780 3926 hominum

2236 3966 2422 4020 eadem
2461 3967 2797 4016 sacramenta
2827 3955 3173 4017 sumentium,
3225 3951 3520 4018 aliquorum
3553 3947 3784 3998 immun-

2237 4056 2422 4109 ditiam
2465 4050 2677 4105 mundis
2701 4049 2888 4103 obesse
2936 4061 3040 4101 non
3064 4057 3263 4114 posse:
3305 4039 3396 4108 qui
3445 4045 3620 4090 autem
3667 4034 3783 4088 solo

2239 4151 2596 4206 sacramento,
2637 4137 2893 4194 sacerdos
2927 4142 3028 4200 est,
3059 4133 3198 4198 sicut
3223 4129 3322 4182 fuit
3343 4124 3564 4194 Caipba,
3598 4136 3782 4193 perse-

2241 4241 2396 4287 cutor
2425 4230 2581 4284 unius
2605 4237 2658 4283 et
2687 4227 2799 4280 veri
2827 4224 3016 4280 summi
3041 4217 3334 4276 sacerdotis

1852 4465 2075 4523 VARIIE
2112 4462 2505 4522 LECTIONES.

659 4601 748 4631 ‘9“
770 4597 1024 4651 Collatum
1048 4601 1118 4645 est
1148 4588 1670 4660 υῆειιάὶερξζᾳηιβκηι
1697 4597 1842 4660 πω.
1897 4577 2140 4660 liquati
2276 4575 2383 4660 .10.
2425 4582 2468 4624 et
2497 4568 2589 4660 Ξ...
2618 4566 2891 4660 ιξὺταξρὴιι..

591 4669 727 4721 dicio
748 4634 1833 4721 οἷν.’ἶδῖδλῗλιῖεῗέῆῖηίῖίῗᾶιξέδίιιιίἂθιιι
1908 4646 1996 4678 ³⁹¹¹
2026 4645 2097 4700 αις
2164 4643 2426 4708 cordeque
2499 4639 2589 4671 ""
2621 4638 2691 4689 al.
2740 4634 2914 4688 studio

593 4737 686 4797 ιιι..
717 4736 968 4803 eligerent
1042 4731 1130 4761 ’νυ
1157 4729 1255 4792 aL,
1278 4723 1578 4780 confitendo

2966 4562 3056 4594 ³⁸⁸⁷
3098 4561 3192 4620 αι..
3244 4555 3382 4624 quod
3415 4621 3423 4624 Α
3453 4551 3546 4624 ff"
3577 4549 3647 4601 al.
3669 4559 3791 4624 “iis:

3019 4631 3126 4686 ³⁸η,
3166 4615 3277 4688 ἀμ’
3315 4621 3623 4691 prohibetur
3696 4615 3790 4644 "“
