4240 6200
598 234 700 291 56'!

720 348 721 351 “
1168 343 1400 398 CAPUT
1439 343 1569 397 Vlll.

839 435 1076 487 bitumen
1128 437 1425 503 argumenti
1457 453 1572 504 cap.
1607 437 1638 487 ii
1663 439 1939 505 prapo:iti.

673 523 815 577 Dtsc.
855 522 969 577 Non
1012 522 1185 577 habeo
1220 523 1349 591 quid
1398 536 1590 579 contra
1642 527 1779 580 hanc
1847 529 2169 582 sententiam

600 624 742 665 tuam
767 612 960 681 dicunt.
995 609 1098 665 Sed
1120 612 1378 680 quoniam
1434 612 1951 667 latenter‘monuisti
1996 627 2172 671 ment

598 719 701 756 nou
732 702 1143 755 simcontcntus
1209 701 1503 771 intelligere
1548 701 1674 769 quid
1726 703 1907 759 dicas:
1957 704 2050 757 sed
2097 707 2175 758 id-

605 792 782 859 ipsum
814 792 957 857 quod
985 791 1137 853 dicis,
1169 790 1503 847 considerem
1529 808 1543 843 :
1577 793 1788 847 videtur
1837 794 1967 848 mihi
2000 797 2175 849 consi-

596 881 832 934 i'erauda
867 888 954 933 tua
988 880 1260 935 conclusio
1289 878 1404 942 ³³⁷⁸,
1432 894 1595 950 quam
1612 896 1677 936 ex
1705 898 1826 937 meo
1853 884 2169 954 syllogismo

599 968 794 1025 confici
828 963 1108 1043 ostendisti
1128 985 1142 1026 ;
1162 967 1287 1036 quia
1313 982 1434 1024 esse
1457 973 1793 1039 grammatici
1821 975 1925 1026 non
1943 984 2029 1029 est
2047 990 2171 1030 esse

598 1062 847 1116 hominis.
864 1057 921 1113 Si
943 1058 1084 1112 enim
1110 1057 1212 1113 hoc
1236 1067 1351 1124 est,
1373 1060 1466 1129 qui
1490 1060 1653 1117 habet
1678 1064 2170 1133 essentiamgram-

603 1148 805 1210 matiei,
840 1161 944 1199 non
976 1147 1096 1201 ideo
1113 1148 1422 1204 necessario
1456 1150 1620 1203 habet
1648 1150 1940 1206 essentiam
1990 1154 2169 1207 homi-

599 1240 713 1301 nis;
750 1235 845 1289 sed
868 1236 927 1289 εἰ.
950 1238 1111 1292 homo
1133 1247 1391 1307 sequatur
1447 1241 1886 1309 grammaticum.
1935 1245 2169 1299 essentia

599 1325 845 1387 hominis
875 1313 1123 1394 sequitur
1169 1328 1462 1383 essentiam
1494 1331 1834 1398 grammatici
1870 1350 1884 1386 :
1918 1334 2012 1388 sed
2054 1334 2169 1390 lucc

600 1431 704 1469 non
747 1415 993 1485 sequitur
1051 1416 1222 1479 hanc,
1275 1433 1444 1486 quare
1487 1435 1586 1475 nec
1620 1420 1706 1473 ille
1732 1420 1899 1476 ilhnn.
1944 1422 2059 1477 Non
2086 1436 2172 1480 est

600 1508 760 1579 igitur
785 1508 962 1562 omnis
990 1510 1378 1585 grannuatieus
1408 1510 1570 1564 homo
1600 1528 1612 1563 :
1653 1520 1731 1572 at,
1761 1528 1883 1566 cum
1913 1516 2169 1571 omnibus

596 1600 965 1671 grammaticis
1000 1617 1104 1655 una
1131 1601 1201 1655 sit
1223 1601 1379 1660 ratio.
1411 1618 1511 1655 cur
1533 1603 1643 1657 sint
1671 1602 1915 1661 homines
1938 1648 1953 1670 ,
1987 1607 2168 1674 profe—

597 1702 685 1747 cto
721 1700 815 1745 aut
840 1693 1017 1749 omnis
1059 1695 1448 1764 grannuaticus
1504 1704 1588 1749 est
1623 1696 1802 1757 homo,
1840 1688 1941 1751 aut
1972 1698 2167 1754 nullus.
2204 1687 2246 1745 Β

598 1780 706 1837 Sed
731 1792 944 1837 constat
970 1784 1097 1852 quia
1123 1799 1228 1836 non
1257 1784 1468 1849 omnis;
1499 1783 1677 1839 nullus
1714 1786 1897 1855 igitur.
1945 1785 2171 1840 Vidi-tur

597 1873 780 1940 itaque
810 1871 899 1903 ³⁵⁷⁸
936 1873 1060 1940 quia
1089 1872 1400 1942 syllogismo
1429 1888 1547 1927 meo
1561 1861 1986 1939 conclusionem,
2007 1891 2170 1943 quam

597 1974 754 2017 acute
783 1963 1073 2026 abstulisti,
1100 1964 1399 2018 auferendo
1421 1964 1636 2018 acutius
1677 1966 1893 2019 dedisti.
1939 1964 2076 2019 Msa.
2106 1965 2172 2019 Et

599 2055 645 2111 si
678 2056 910 2110 latenter
944 2066 994 2111 te
1019 2057 1200 2110 tnonui
1258 2056 1609 2111 considerare
1654 2057 1796 2125 quod
1834 2057 2025 2119 audis,
2065 2072 2169 2110 non

601 2155 806 2209 tamen,
843 2155 900 2198 ut
930 2156 1177 2215 apparet,
1208 2145 1472 2198 inutiliter
1518 2158 1533 2196 :
1571 2160 1692 2198 nam
1740 2146 1842 2199 etsi
1882 2146 2171 2214 sepliistice

598 2236 797 2303 probes
833 2236 1034 2287 nullum
1066 2236 1160 2266 ⁸³⁷³
1185 2234 1595 2301 gramntaticmn
1627 2233 1916 2295 hominem,
1937 2249 2034 2302 per
2062 2234 2161 2287 hoc

596 2327 743 2395 quod
795 2333 916 2379 esse
950 2308 1295 2394 grammatici
1353 2339 1455 2378 non
1486 2333 1718 2378 estesse
1764 2324 2002 2378 hominis
2040 2324 2167 2387 "7’;

595 2411 727 2469 utile
755 2422 932 2466 tamen
974 2412 1067 2468 tibi
1112 2412 1239 2476 erit,
1267 2427 1388 2466 cum
1414 2411 1587 2483 ipsum
1629 2412 1904 2479 sophisma
1950 2414 2091 2481 quod
2121 2422 2170 2466 te

598 2505 701 2558 sub
715 2503 875 2572 pallio
886 2519 1026 2558 verte
1054 2504 1279 2556 rationis
1305 2502 1439 2555 lallit
1457 2503 1509 2556 in
1522 2518 1615 2556 sua
1631 2502 1836 2556 fallacia
1847 2543 1861 2564 ,
1879 2503 1950 2556 ita
1972 2504 2170 2556 nudum

601 2594 925 2664 eonspicies.
956 2594 1098 2649 Dtsc.
1123 2592 1375 2650 Ostende
1412 2608 1543 2662 ergo
1585 2595 1726 2662 quod
1766 2609 1851 2647 me
1883 2593 2068 2659 fallat;
2119 2603 2174 2649 et

600 2683 688 2741 ubi
718 2698 801 2736 me
834 2681 980 2735 fallat
1003 2683 1138 2745 lucc,
1178 2684 1530 2750 quam'modo
1550 2683 1651 2737 feci
1688 2684 1758 2737 de
1796 2686 2169 2755 grammatico,

600 2773 863 2842 probatio.
897 2772 1034 2828 MAG.
1085 2773 1388 2828 Redeamus
1418 2774 1613 2827 iterum
1642 2774 1708 2824 ad
1769 2772 1967 2826 animal
1996 2784 2047 2827 et
2077 2776 2174 2826 ho-

600 2864 828 2928 minem,
858 2865 911 2917 in
940 2864 1140 2934 quibus
1171 2864 1241 2915 ita
1265 2863 1417 2931 quasi
1440 2862 1721 2931 palpamus
1745 2863 2025 2916 veritatem
2051 2863 2169 2926 ³⁵⁷⁵,

1131 214 2204 304 ε.ΛΝδκιΜιαΑΝτυΑκ.ᾼῆϋΗης

2211 235 2269 289 Ρ.
2319 238 2472 292 ΟΡΡ.
2513 233 2696 292 PARS
2728 240 2767 291 l.
2802 267 2869 278 -—-
2902 237 3317 297 DUOM.\'I'ICA.

3738 243 3845 299 διτιι

2201 353 2248 407 Λ
2279 351 2671 417 grannnaticns
2689 341 2911 406 omnino
2939 361 2993 407 et
3018 352 3198 406 homo.
3215 352 3368 407 Sicut
3394 358 3540 407 enim
3558 356 3720 408 homo
3737 372 3844 410 non

2215 436 2218 439 ’
2279 440 2439 494 debet
2461 440 2672 494 deliniri
2697 457 2817 494 cum
2845 443 3221 511 grammatica,
3244 442 3315 496 ita
3339 441 3722 511 grammaticus
3738 459 3844 497 non

2276 531 2419 582 valet
2447 529 2568 583 sine
2590 532 2965 597 grammatica.
3003 532 3182 597 Quare
3203 530 3358 585 debet
3388 530 3609 599 intelligi
3638 530 3727 584 illa
3753 540 3843 586 tua

2276 622 2671 693 argumentatio
2686 620 2789 674 hoc
2816 622 2975 676 modo
3003 640 3017 675 :
3044 622 3105 675 Si
3132 636 3253 676 esse
3275 621 3849 688 grammaticinou'est

2262 713 2595 783 simpliciter
2621 726 2743 766 esse
2759 713 3034 776 hominis;
3059 713 3148 781 qui
3172 712 3335 765 habet
3356 712 3647 765 essentiam
3669 727 3844 781 gram-

2277 804 2484 868 matici,
2518 818 2625 857 non
2652 803 2773 857 ideo
2814 804 3064 873 sequitur
3085 813 3143 857 ut
3169 801 3364 855 haheat
3403 801 3722 869 simpliciter
3748 816 3848 856 es-

2275 878 2505 945 sentiam
2552 890 2809 947 hontinis.
2858 890 3123 946 Similiter
3167 889 3571 959 intelligendum
3609 898 3692 943 est
3719 890 3846 958 quia

2274 977 2591 1047 simpliciter
2613 978 2774 1032 homo
2809 995 2915 1035 non
2942 980 3190 1047 sequitur
3218 976 3655 1047 grammaticum,
3678 977 3731 1030 id
3758 986 3843 1031 est

2272 1068 2316 1121 si
2340 1069 2723 1136 grammaticus
2752 1072 2857 1132 est,
2884 1084 2990 1122 non
3026 1069 3273 1137 sequitur
3312 1077 3373 1121 ιιι
3402 1068 3475 1124 sit
3521 1066 3849 1137 simpliciter

2272 1158 2462 1223 homo;
2509 1159 2582 1212 ita
2631 1174 2762 1212 vero
2804 1158 2936 1212 nihil
2989 1159 3134 1213 aliud
3189 1162 3456 1226 sequitur,
3514 1156 3617 1212 nisi
3668 1155 3849 1209 nulla

2270 1251 2645 1315 grammaticus
2692 1258 2769 1302 est
2812 1248 3117 1317 simpliciter
3162 1249 3336 1304 homo.
3384 1249 3533 1305 Dtsc.
3556 1246 3702 1302 Nihil
3747 1245 3848 1281 "“

2270 1323 2488 1389 clarius.
3312 1340 3315 1343 '

2866 1417 3222 1495 carurix.

2477 1564 2555 1608 An
2574 1558 2640 1610 sit
2665 1557 2857 1623 aliquis
2907 1559 3277 1626 grammaticus
3311 1574 3415 1611 non
3453 1557 3628 1611 homo.

2349 1688 2485 1745 Μια.
2524 1690 2719 1743 Verum
2750 1690 2793 1743 si
2830 1691 3175 1758 probaretur,
3199 1692 3341 1759 quod
3370 1690 3452 1760 (ut
3484 1688 3635 1759 puto)
3688 1689 3847 1745 facile

2273 1777 2387 1832 ﬁeri
2414 1779 2508 1813 ””
2550 1790 2754 1847 potest,
2784 1781 2909 1849 quia
2968 1797 3086 1835 esse
3117 1783 3453 1851 grammatici
3482 1782 3558 1836 ita
3609 1797 3715 1836 non
3760 1793 3845 1837 est

2270 1885 2391 1925 esse
2419 1871 2672 1936 hominis,
2710 1874 2853 1927 sicut
2872 1888 2992 1929 esse
3014 1874 3119 1926 albi
3166 1891 3271 1927 non
3313 1884 3399 1929 est
3444 1889 3566 1930 esse
3600 1875 3842 1929 hominis

2272 1963 2471 2031 (tmtest
2499 1964 2642 2018 enim
2675 1964 2834 2019 homo
2855 1980 2973 2020 esse
2997 1965 3113 2019 sine
3143 1965 3286 2030 albo,
3318 1975 3375 2020 et
3403 1966 3585 2020 album
3601 1966 3717 2020 sine
3736 1965 3840 2018 ho-

2274 2054 2437 2122 mine)
2466 2071 2481 2106 :
2511 2062 2639 2107 tunc
2659 2069 2785 2108 vere
2804 2064 3121 2124 sequeretur
3148 2056 3380 2123 aliquem
3423 2055 3841 2124 grammaticum

2270 2158 2430 2210 posse
2450 2159 2568 2199 esse
2590 2160 2694 2198 non
2712 2146 3003 2199 hominem.
3038 2146 3178 2200 Disc.
3204 2145 3340 2211 Quid
3355 2162 3483 2215 ergo
3502 2145 3857 2200 laboramus?

2271 2232 2329 2286 Si
2360 2233 2461 2288 hoc
2483 2234 2578 2266 ³⁸⁸³
2635 2235 2852 2303 probari
2884 2244 3082 2302 potest,
3134 2237 3301 2303 proba
3328 2252 3344 2291 :
3368 2238 3435 2289 'et
3477 2236 3701 2307 finiatur
3723 2236 3839 2289 hate

2271 2324 2367 2356 ³⁸⁸⁸
2401 2324 2650 2395 qutcstio.
2675 2325 2810 2381 Μις.
2842 2324 2959 2380 Non
2988 2327 3090 2381 hoc
3117 2343 3146 2379 a
3178 2342 3263 2380 me
3282 2325 3447 2382 debes
3481 2327 3569 2380 hic
3586 2326 3844 2396 exigere;

2272 2430 2377 2469 non
2405 2416 2547 2469 enim
2579 2416 2633 2469 in
2660 2415 2763 2470 hac
2781 2417 3075 2485 quaestione
3106 2416 3429 2471 ventilamus
3448 2426 3626 2470 utrum
3645 2418 3839 2486 possit

2273 2518 2414 2567 esse,
2442 2504 2537 2558 sed
2559 2514 2738 2559 utrum
2776 2507 2849 2560 sit
2871 2506 3067 2574 aliquis
3109 2507 3494 2575 grammaticus
3530 2522 3636 2560 non
3660 2508 3841 2573 homo,

2274 2595 2416 2664 quod
2470 2596 2622 2650 vides
2670 2596 2980 2651 monstrari.
3010 2612 3116 2649 non
3181 2612 3360 2665 posse.
3392 2599 3533 2651 Dtsc.
3590 2597 3845 2653 Nondum

2274 2686 2451 2751 video,
2494 2688 2623 2757 quia
2652 2687 2828 2740 adhuc
2869 2687 3043 2741 habeo
3072 2687 3252 2740 dicere
3294 2687 3674 2745 contra.MAG.
3719 2687 3844 2742 Dic.

2274 2775 2771 2843 Disc.‘Aristoteles
2791 2777 3022 2831 ostendit
3045 2778 3452 2845 grammaticum
3494 2792 3682 2831 eorum
3722 2792 3847 2834 esse

2272 2878 2392 2933 qua:
2416 2873 2541 2918 sunt
2568 2862 2872 2930 insubiecte
2904 2882 2918 2916 :
2962 2863 3124 2934 ιω
3149 2874 3204 2916 et
3245 2864 3418 2919 nullus
3460 2865 3622 2919 homo
3661 2865 3841 2930 estin

599 2965 658 3010 ut
687 2955 889 3008 nullum
943 2954 1223 3024 sophisma
1245 2955 1404 3009 nobis
1444 2954 1800 3021 persuadeatr
1837 2954 1961 3006 licet
1990 2964 2168 3022 cogat,
2201 3012 2240 3027 η
2276 2953 2520 3023 subjecto
2546 2972 2559 3006 :
2591 2969 2758 3022 quare
2781 2953 2956 3008 nullus
2978 2954 3070 2985 ³³⁸⁸
3093 2955 3479 3025 grammaticus
3503 2953 3683 3008 homo.
3698 2943 3841 3010 Mtte.

596 3048 818 3103 credere
849 3048 1156 3102 falsitatem.
1188 3048 1283 3102 Die
1311 3064 1442 3117 ergo
1474 3034 1652 3100 ut'rum
1678 3062 1800 3103 esse
1829 3048 2169 3113 uniuscujus-
2199 3014 2242 3070 (’
2275 3043 3234 3112 NoluitAristotelcshocconsequicx
3247 3042 3358 3096 suis
3371 3042 3842 3099 dictisznamidem

596 3150 702 3204 quc
720 3137 793 3189 rei
818 3138 870 3189 in
901 3136 1218 3195 dilliuitiono
1265 3137 1563 3191 consistat-
1614 3132 1760 3188 Dise.
1795 3136 1869 3187 Ita
1898 3145 1997 3188 est.
2031 3134 2170 3190 Mac.

585 3224 853 3279 Ditﬁuitio
864 3226 1098 3279 hominis
1109 3224 1450 3282 estdillinitio
1464 3222 1744 3278 animalis?
1764 3222 2134 3277 Disc.Minime
2155 3242 2168 3279 :

599 3316 644 3371 si
670 3317 814 3369 enim
846 3315 1045 3369 animal
1086 3315 1341 3369 rationale
1388 3314 1609 3368 mortale
1652 3317 1794 3383 (qum
1820 3322 1904 3367 est
1928 3313 2172 3368 diuinitio

513 3441 517 3444 μ
602 3404 1274 3475 hominis)essetdiﬂinitio
1306 3392 1890 3471 annnalis,cuicunque
1918 3405 2171 3457 conveni-

599 3506 683 3550 ret
710 3495 928 3559 animal,
959 3496 1270 3548 conveniret
1293 3493 1566 3547 rationale
1598 3494 1826 3548 mortale
1851 3510 1865 3557 ;
1899 3495 2040 3562 quod
2070 3492 2167 3546 fal-

597 3603 717 3640 sum
748 3587 845 3621 ³⁹⁷⁸
869 3596 967 3641 est.
1001 3585 1139 3640 MAG.
1169 3584 1285 3640 Non
1315 3596 1398 3639 est
1431 3586 1593 3655 igitur
1620 3601 1741 3641 esse
1789 3586 2023 3639 hominis
2050 3601 2168 3640 esse

598 3677 865 3733 animalis.
896 3677 1039 3731 Dtsc.
1069 3676 1144 3731 lta
1167 3678 1535 3744 consequitur.
1557 3676 1690 3731 ΜΑα.
1720 3676 1881 3730 Potes
1912 3677 2079 3747 igitur
2101 3694 2165 3731 cx

596 3768 700 3823 hoc.
730 3771 957 3837 probare
986 3770 1106 3837 quia
1144 3769 1318 3821 nullus
1343 3770 1497 3821 homo
1519 3768 1723 3821 animal
1752 3782 1849 3829 cst,
1872 3770 2168 3823 eatlem”"

599 3861 827 3924 ratione,
862 3874 966 3927 qua
1026 3859 1266 3927 probasti
1319 3860 1479 3911 modo
1508 3859 1708 3911 nullum
1757 3861 2166 3927 grammaticum

598 3962 721 4000 esse
752 3948 1044 4001 hominem.
1105 3947 1444 4017 Quapmpter
1471 3949 1514 4002 si
1568 3946 1719 4002 vides
1774 3961 2015 4017 apertam
2049 3965 2169 4006 esse

598 4038 891 4099 falsitatem
920 4038 1063 4106 quod
1090 4038 1203 4091 hate
1235 4038 1427 4090 tuam"
1464 4038 1802 4091 ratiocinatio
1841 4040 1925 4093 hic
1952 4040 2166 4093 conclu-

594 4125 692 4186 dit,
737 4142 803 4179 ne
841 4128 1033 4182 eredas
1076 4137 1279 4180 certam
1326 4142 1447 4181 esse
1474 4128 1751 4181 veritatem
1772 4127 1886 4192 "7",
1908 4123 2049 4198 quod
2096 4130 2163 4183 ibi

596 4218 731 4271 ludit
764 4217 875 4269 3°”.
904 4218 1047 4272 DISC.
1067 4218 1181 4271 .lam
1201 4218 1486 4272 ostendisti
1510 4218 1633 4287 quia
1661 4234 1744 4273 me
1767 4220 1921 4283 fallit,
1945 4223 2165 4276 ostende

586 4306 762 4360 etiam
786 4307 896 4360 ubi.
925 4306 1061 4361 MAG.
1090 4306 1206 4360 Non
1246 4316 1395 4361 tenes
1437 4309 1579 4376 quod
1606 4309 1762 4376 paulo
1804 4310 2082 4376 antedixi,
2116 4321 2165 4365 te

598 4398 947 4460 concedente,
977 4399 1100 4465 quia
1126 4415 1244 4451 esse
1264 4400 1598 4467 grammatici
1638 4416 1742 4453 non
1785 4411 1863 4455 est
1913 4418 2032 4456 esse
2074 4405 2165 4455 ho-

2199 4356 2246 4410 l)

2273 3135 2592 3190 Aristoteles
2611 3134 2741 3189 dicit
2773 3134 3059 3203 quemdam
3091 3134 3381 3195 hominem.
3401 3143 3457 3187 et
3487 3134 3762 3189 hominem
3786 3142 3846 3188 et

2274 3224 2471 3280 animal
2492 3225 2920 3295 grammaticum.
2956 3225 3097 3278 Disc.
3138 3222 3416 3288 Quomodo
3436 3238 3565 3292 ergo
3589 3223 3843 3278 dissolvi-

2275 3324 2362 3369 tur
2392 3315 2493 3369 iste
2521 3313 2898 3383 syllogismus?
2927 3312 3065 3367 MAG.
3092 3311 3378 3380 Responde
3408 3312 3538 3365 mihi
3569 3330 3581 3363 :
3606 3327 3732 3366 cum
3750 3312 3832 3365 lo—

2272 3406 2455 3475 queris
2478 3405 2609 3459 mihi
2638 3407 2704 3459 de
2728 3404 3108 3474 grammatico,
3140 3402 3280 3456 unde
3303 3402 3595 3471 intelligam
3629 3410 3679 3456 te
3693 3402 3841 3471 loqui

2271 3498 2337 3550 de
2365 3496 2469 3555 hoc
2504 3494 2743 3557 nomine,
2775 3509 2842 3548 an
2867 3494 2935 3546 de
2964 3494 3126 3547 rebus
3148 3507 3284 3561 quas
3332 3491 3637 3561 signiﬁcat?
3689 3492 3836 3546 Dtsc.

2270 3586 2344 3639 De
2367 3584 2546 3640 rebus.
2579 3584 2721 3637 Msa.
2753 3582 2898 3648 Quas
2925 3598 3058 3653 ergo
3081 3597 3168 3644 res
3200 3582 3509 3652 significat?
3541 3582 3687 3636 Dtsc.
3733 3580 3843 3637 Ho-

2271 3676 2492 3735 minem.
2519 3684 2575 3728 et
2610 3673 3043 3743 grammaticam.
3071 3673 3212 3726 Μιις.
3237 3672 3438 3726 Audito
3465 3686 3596 3740 ergo
3620 3673 3723 3725 hoc
3740 3687 3839 3724 no-

2270 3767 2433 3829 mine,
2487 3764 2784 3834 intelligam
2827 3764 3100 3817 hominem
3150 3770 3243 3816 aut
3287 3763 3737 3832 grammaticam;
3785 3771 3841 3815 et

2271 3858 2500 3927 loquens
2519 3856 2585 3909 de
2608 3855 2965 3925 grammatico
2991 3854 3180 3921 loquar
3212 3853 3305 3884 'm
3342 3854 3415 3927 de:
3459 3854 3703 3916 homine,
3745 3864 3842 3906 aut

2268 3949 2333 4003 de
2354 3947 2725 4021 grammatica.
2745 3948 2885 4005 Dtsc.
2916 3946 2990 3999 Ita
3013 3954 3225 4013 oportet
3245 3944 3358 3997 ³⁸⁸⁷.
3379 3943 3516 3998 MAG.
3546 3946 3642 3998 Dic
3670 3960 3837 4015 ergo:

2271 4039 2442 4092 llomo
2465 4047 2550 4092 est
2573 4038 2897 4097 substantia,
2931 4052 2997 4090 an
3025 4038 3075 4090 in
3105 4036 3386 4104 subjecto?
3432 4036 3577 4089 ὓπερ.
3606 4034 3721 4091 Non
3752 4048 3839 4092 cst

2268 4131 2320 4183 in
2351 4129 2610 4195 subjecto,
2665 4130 2758 4183 sed
2801 4136 2883 4181 est
2934 4128 3248 4182 substantia.
3301 4128 3436 4182 MAG.
3473 4129 3838 4183 Grammatica

2267 4233 2347 4276 est
2379 4222 2633 4289 qualitas,
2677 4220 2837 4274 et.in
2886 4218 3141 4287 subjecto.
3186 4218 3330 4271 DISC.
3390 4215 3688 4285 Utrumque
3730 4229 3835 4270 est.

2271 4310 2409 4363 ΜΑα.
2443 4309 2581 4375 Quid
2602 4323 2730 4377 ergo
2753 4307 2967 4365 mirum,
2993 4308 3037 4359 si
3064 4307 3185 4374 quis
3216 4306 3344 4359 dicit
3373 4305 3837 4401 quimgratnmati-

2272 4416 2369 4456 eus
2392 4398 2819 4458 estrsubstantia,
2842 4398 3023 4450 etnon
3054 4406 3134 4449 est
3165 4396 3217 4448 in
3246 4392 3836 4462 subjectofsecundnm

2275 4491 2574 4553 hominem;
2625 4500 2678 4541 et
2733 4488 3113 4557 grammaticus
3157 4497 3238 4538 est
3282 4485 3373 4515 ³⁵³⁸⁸
3397 4485 3650 4553 qualitas.
3696 4492 3750 4535 et
3779 4483 3845 4541 in,

604 4489 785 4551 minis,
818 4490 958 4541 idem
988 4499 1068 4543 est
1094 4507 1157 4566 ac
1187 4490 1229 4541 si
1262 4491 1536 4543 diceretur
1566 4507 1577 4542 ε
1620 4490 1872 4545 Dilliuitio
1902 4508 2167 4561 gramma-

602 4576 691 4631 tici
717 4591 819 4629 non
844 4585 924 4630 est
951 4576 1195 4630 diihnitio
1217 4577 1581 4644 hominis’m,
1610 4579 1657 4631 id
1683 4590 1779 4645 est,
1805 4596 1909 4633 non
1933 4582 2164 4636 estidcm
2269 4580 2533 4648 subjecto,
2562 4580 2851 4635 secundum
2880 4578 3284 4645 granurmticmn
3310 4578 3332 4629 ’ἒ

1874 4691 2105 4745 VAlillE
2148 4690 2558 4746 LI'ZCTIONES.

668 4777 1129 4834 3"‘Concedcnda
1168 4790 1254 4832 tua
1292 4780 1567 4833 conclusio
1605 4796 1729 4841 utss.
1763 4782 2149 4834 consideranda
2184 4781 2270 4832 illa
2317 4780 2591 4833 conclusio
2664 4777 2957 4829 3M’Nullus
3004 4775 3166 4843 igitur
3214 4776 3421 4827 videtur
3451 4794 3462 4827 :
3497 4776 3679 4844 Itaque
3710 4795 3832 4832 mss.

600 4845 777 4917 nullus
801 4848 983 4917 igitur.
1017 4848 1237 4903 Videtur
1270 4849 1450 4915 itaque
1482 4850 1604 4917 quia
1636 4865 1734 4903 ms.
1778 4849 1909 4902 l’ict.
1946 4850 2013 4902 l5
2044 4850 2223 4903 nullus
2255 4849 2417 4917 igitur
2444 4849 2657 4902 videtur
2692 4848 2814 4914 quin
2876 4844 3221 4917 7”"Probem
3252 4844 3453 4917 nullum
3485 4848 3837 4917 mss-probes

600 4914 840 4967 nullum
878 4916 1116 4972 “"Esse
1167 4914 1390 4971 rationis
1437 4914 1558 4969 mss.
1591 4934 1709 4971 esse
1743 4919 1977 4971 hominis
2051 4919 2232 4971 “mlta
2278 4914 2559 4985 palpamus
2586 4917 2738 4985 quasi
2774 4916 3217 4985 veritatcntrttss.
3252 4914 3325 4985 ita
3352 4914 3507 4981 quasi
3556 4916 3837 4983 palpamns

601 4985 885 5056 veritatem
961 4985 1053 5016 ³³⁷⁵
1075 4987 1377 5049 Rationale,
1414 4987 1553 5056 quod
1587 4986 1777 5040 ltllsttttl
1817 5004 1940 5040 utss.
1974 4988 2239 5041 rationale
2270 4982 2529 5047 mortale,
2558 4982 2698 5054 quod
2735 4985 2923 5037 falsum
3002 4982 3327 5035 “"Auimal
3352 4999 3469 5035 cum
3492 4988 3677 5056 eadem
3707 5001 3829 5038 mss.

601 5052 805 5126 animal
832 5055 1130 5126 est‘eadem
1184 5056 1298 5126 ⁵³⁸7⁷
1314 5052 1451 5122 Quia
1476 5058 1589 5110 htcc
1623 5066 1708 5109 tua
1726 5074 1863 5126 in“.
1890 5057 2031 5126 quod
2066 5058 2179 5109 haec
2200 5068 2294 5126 tua
2371 5052 2688 5126 maceriam
2717 5056 2995 5126 veritatem
3026 5060 3380 5126 ntsgszcertam
3408 5066 3525 5104 esse
3550 5054 3832 5126 veritatem

599 5121 694 5154 ’9”
740 5120 890 5193 Quod
928 5123 998 5193 ibi
1044 5124 1313 5177 concludit
1340 5120 1465 5178 mss.
1497 5127 1638 5193 quod
1665 5125 1733 5178 ibi
1765 5120 1921 5179 ludit'
2004 5125 2098 5156 "3°
2114 5125 2503 5178 Deflinitionem
2532 5125 2761 5177 hominis
2792 5140 2895 5177 non
2928 5139 3045 5177 esse
3076 5122 3456 5193 deiiinitionem
3494 5122 3830 5187 grammatici

598 5190 1024 5261 uastatielinitio
1085 5194 1419 5261 grammatici
1477 5190 1581 5248 non
1633 5204 1717 5249 est
1774 5196 2018 5249 delinitio
2084 5195 2320 5249 hominis
2403 5194 2493 5225 ³⁹⁸¹
2547 5194 2873 5261 Simpliciter
2921 5194 3127 5261 homo,_
3173 5190 3831 5261 quodNrertnuhestﬂnon

598 5258 961 5332 simpliciter}
994 5257 1108 5332 setl'
1137 5261 1463 5332 ltomo__talis
1505 5273 1583 5316 est
1624 5266 2028 5332 grammaticus.
2063 5264 2205 5318 Disc.
2234 5264 2364 5316 nihil
2391 5281 2513 5316 mss.
2554 5257 2867 5329 simpliciter
2898 5259 3251 5332 Immo._llisc.
3296 5258 3435 5332 nihil
3477 5257 3832 5332 _”"Difﬁeii’e

600 5326 717 5401 ileri
746 5344 869 5401 utra.
894 5328 1078 5401 facile?
1110 5330 1224 5384 fieri
1253 5330 1542 5395 ..”"3Quid
1594 5326 1723 5401 cho
1754 5333 2062 5388 laboramus
2098 5343 2276 5385 utrum
2311 5334 2479 5400 possit
2523 5326 2675 5385 esse?
2715 5334 2758 5384 si
2801 5333 2899 5383 hoc
2928 5329 3382 5401 mss.Quitl-iergo
3417 5326 3758 5401 laboramus?
3786 5330 3829 5381 si

605 5398 706 5467 hoc
781 5398 877 5430 ³⁸⁸⁸
894 5398 959 5452 Ει
988 5398 1209 5453 ﬁniatur
1240 5401 1351 5453 hanc
1378 5416 1502 5452 mss.
1528 5410 1583 5453 et
1613 5396 1859 5454 “Fruatur
1892 5405 2004 5455 hate
2080 5396 2324 5467 '"thtia-
2362 5403 2535 5453 nullus
2582 5419 2703 5452 mss.
2740 5402 2919 5465 Quare
2963 5398 3137 5451 nullus
3212 5397 3384 5449 ⁸⁹⁸”Ει
3417 5397 3650 5462 loqueris
3678 5396 3823 5448 tle...

604 5465 789 5533 loquor
815 5484 935 5523 rust.
968 5478 1023 5523 et
1051 5468 1274 5537 loquens
1306 5470 1452 5521 de
1486 5469 1671 5536 loquar
1747 5472 1835 5501 3°"
1857 5474 2037 5524 Hanno
2080 5465 2289 5537 oportet
2322 5489 2440 5523 mss.
2477 5473 2549 5526 ita
2594 5480 2800 5537 oportet
2891 5468 3058 5525 ““Et
3104 5467 3450 5535 grammatica
3494 5474 3575 5518 est
3606 5481 3726 5518 mss.
3777 5477 3831 5518 ct

605 5539 982 5604 grammaticus
1026 5550 1102 5593 est
1348 5538 1351 5539 ν

1747 5472 2037 5524 3“"’l!;wue
2080 5483 2289 5539 oportet
2322 5489 2440 5523 mss.
2477 5473 2549 5526 ita
2594 5480 2800 5537 oportet

3963 1893 3987 1928 \
