4240 6224
491 242 594 297 569

1086 352 1311 409 CAPUT
1347 353 1408 406 Χ.

491 443 876 498 Grammaticus
903 459 971 495 an
1006 444 1073 495 sit
1126 444 1415 511 prinm.au
1466 442 1695 494 secunda
1740 440 2051 493 substantia.

562 533 703 585 Dtse.
733 529 948 584 Diﬂiteri
975 547 1079 583 non
1108 514 1323 599 pos5um
1352 530 1479 594 ;sed
1497 545 1659 584 unum
1689 528 2052 583 adhucdicam

490 638 587 675 cur
621 620 715 653 ³³η
762 621 1149 689 grammaticus
1195 636 1300 673 non
1332 623 1400 673 sit
1428 618 1766 683 substantia;
1791 619 1917 689 qttia
1942 633 2056 671 om-

490 708 574 763 nis
596 709 899 764 substantia
929 717 1012 763 est
1037 709 1210 778 prima
1258 719 1353 762 aut
1374 709 1638 773 secunda;
1666 708 2055 778 grammaticus

488 810 669 853 autcm
697 815 794 855 nec
824 798 1016 868 prima,
1069 814 1170 853 nec
1195 801 1452 854 secunda.
1494 797 1633 853 MAG.
1676 788 1942 865 Memento
1975 798 2053 849 di-

488 902 701 959 ctorum
727 876 1049 955 Aristotelis,
1074 905 1195 959 quae
1215 890 1373 958 paulo
1395 897 1519 944 ante
1555 888 1683 951 dixi,
1708 890 1905 958 quibus
1926 886 2055 942 dicit

488 981 896 1049 grammaticum
929 980 1021 1011 ’Μ
1049 967 1103 1034 et
1132 980 1361 1049 prirnam
1390 988 1447 1034 et
1473 978 1764 1034 secundam
1797 978 2052 1031 substan-

488 1069 659 1133 tiam;
690 1069 819 1139 quia
849 1078 905 1124 et
955 1069 1232 1125 hominem
1264 1070 1577 1139 quemdam,
1599 1079 1653 1123 et
1698 1069 1970 1123 hominem
1999 1076 2053 1122 et

486 1157 704 1222 animal,
729 1160 1137 1228 grammaticum
1154 1157 1257 1214 dici
1287 1167 1518 1214 testatur
1548 1156 1676 1213 :sed
1705 1166 1886 1211 tamen
1908 1157 2052 1211 unde

488 1248 624 1318 prob
659 1261 689 1303 ε
712 1249 1121 1320 grammaticum
1144 1266 1248 1304 non
1272 1248 1394 1305 esse
1421 1248 1675 1319 primam,
1717 1256 1811 1302 aut
1858 1261 2050 1303 secun-

485 1337 611 1394 dam
634 1341 992 1395 substantiam
1014 1342 1041 1394 ?
1065 1343 1207 1396 Disc.
1238 1341 1372 1408 Quia
1397 1349 1482 1396 est
1521 1339 1574 1393 in
1595 1338 1868 1408 subjecto,
1904 1338 2050 1407 quod

484 1429 579 1464 "“
607 1429 752 1483 nulla
780 1429 1081 1485 substantia
1103 1441 1213 1495 est;
1230 1443 1285 1486 et
1314 1432 1513 1485 dicitur
1534 1430 1599 1485 de
1622 1429 2047 1499 pluribus,quod

484 1518 675 1587 prima:
695 1533 801 1572 non
825 1527 941 1582 est;
972 1533 1072 1574 nec
1091 1528 1176 1575 est
1203 1535 1390 1590 genus,
1416 1530 1511 1574 aut
1532 1519 1762 1589 species.
1790 1532 1891 1573 nec
1915 1519 2048 1573 dici-

485 1616 523 1661 ιι
546 1623 578 1662 r
603 1607 657 1663 in
683 1623 750 1663 eo
777 1608 1067 1678 quodquid
1097 1626 1112 1662 :
1142 1611 1283 1679 quod
1306 1598 1388 1664 est
1416 1609 1683 1663 secundm.
1720 1609 1860 1663 Mss.
1903 1607 2044 1661 Nihil

1808 239 1891 292 me
1927 230 2377 289 euauuarum
2444 215 2454 233 ’

1950 307 1957 327 ι

2082 353 2131 405 Α
2160 362 2277 395 metr
2309 344 2667 408 grammatici,
2720 344 2929 408 ignorat
2977 342 3388 412 grammaticum
3416 342 3744 426 significaret

3609 237 3715 291 570

2156 434 2430 490 hominem
2456 442 2511 486 et
2547 433 2955 503 grammaticam
2989 444 3081 486 :et
3119 443 3298 486 tamen
3322 433 3363 485 si
3393 433 3493 485 hac
3525 432 3718 486 lid’ncil

2159 528 2211 579 in
2245 525 2439 593 populo
2462 523 2683 592 loquens
2722 522 2897 575 dicam
2942 538 2956 574 :
3006 522 3160 575 Utilis
3182 523 3397 575 scientia
3426 532 3499 575 est
3540 538 3717 586 grum-

2158 615 2394 675 mutirus,
2413 621 2525 673 aut,
2544 614 2665 665 bene
2676 614 2770 664 scit
2785 612 2933 663 homo
2947 612 3038 663 iste
3064 614 3460 677 grammaticum
3483 611 3599 672 ³⁸⁵⁷,
3616 627 3718 679 non

2163 709 2333 760 solum
2362 704 2843 779 statuaehabuntur
2868 702 3229 769 grannnatici,
3261 701 3354 753 scd
3382 711 3435 755 et
3469 702 3718 754 ridebunt

2158 800 2360 852 lllaliCi.
2392 799 2705 853 Nullateuus
2756 798 2937 865 itaque
2977 796 3194 848 credam
3231 795 3346 847 sine
3386 796 3562 863 aliqua
3616 795 3718 847 alia

2157 893 2363 945 ratione
2391 901 2709 945 tractatores
2733 889 3028 945 dialectica-
3061 896 3170 939 tam
3212 902 3356 954 smpc
3389 897 3442 941 et
3470 897 3578 939 tam
3609 896 3722 939 stn-

2154 986 2304 1038 diose
2333 983 2385 1036 iu
2416 983 2529 1037 suis
2559 981 2714 1034 libris
2750 980 3034 1048 scripsisse
3058 979 3198 1047 quod
3229 978 3367 1030 idem
3415 978 3515 1046 ipsi
3553 976 3721 1030 collo-

2152 1087 2377 1146 quentes
2418 1076 2602 1133 dicere
2649 1073 3037 1126 erubescerent
3093 1089 3104 1123 :
3152 1068 3449 1139 srcpissime
3491 1083 3723 1137 namque

2151 1184 2270 1221 emn
2300 1166 2483 1220 volttnt
2504 1163 2787 1219 ostendere
2814 1162 3127 1232 qualitatem
3156 1171 3248 1214 aut
3290 1162 3547 1214 accidens
3595 1160 3723 1212 suh-

2142 1257 2393 1328 jungunt,
2427 1268 2481 1309 ut
2513 1254 2923 1325 gramumticus,
2954 1263 3002 1306 et
3020 1253 3212 1305 similia
3249 1269 3265 1306 :
3296 1268 3419 1305 eum
3443 1266 3716 1320 graunua-

2153 1348 2314 1398 ticum
2342 1345 2511 1412 magis
2537 1359 2658 1398 esse
2693 1343 3070 1404 substantiam,
3101 1356 3263 1409 quam
3293 1340 3605 1408 qualitatem
3631 1350 3727 1394 aut

2150 1435 2420 1501 accidens,
2457 1450 2586 1488 usus
2626 1432 2864 1487 omnium
2894 1432 3228 1500 loquentium
3276 1438 3562 1483 attestetur
3583 1430 3676 1461 ’θη
3705 1446 3720 1482 :

2148 1539 2339 1585 etcum
2366 1527 2551 1581 volunt
2578 1526 2777 1596 aliquid
2802 1526 2996 1579 docere
3018 1526 3083 1577 de
3114 1524 3211 1557 ³⁹⁹⁹η
3238 1522 3563 1583 substantia.
3592 1532 3724 1575 uus—
3752 1574 3753 1577 η

2149 1638 2305 1689 quam
2335 1620 2643 1693 proferunt,
2700 1626 2778 1679 ut,
2816 1616 3186 1684 grammaticus
3210 1655 3225 1676 ,
3254 1627 3344 1667 aut
3401 1614 3598 1682 aliquid
3624 1616 3721 1666 Im-

486 1698 704 1762 l°mma
736 1699 781 1753 εί
814 1698 949 1753 bene
974 1700 1269 1754 ηὶθηὶίηίδῑί
1297 1716 1414 1766 qui”
1437 1699 1549 1766 iam
1578 1699 1835 1763 ἀίιίιιιυδν
1870 1699 2048 1752 autem
2082 1690 2122 1745 θ
2143 1686 2376 1777 λίιδπιοιιὶ
2402 1686 2517 1757 θδθο.
2548 1686 2662 1759 Ilue
2683 1703 2890 1759 accedit
2916 1703 3037 1771 quia
3072 1702 3116 1756 si
3148 1703 3280 1756 ideo“
3309 1702 3718 1771 grammaticus,

484 1787 578 1820 ω’
605 1791 965 1863 grammatico
1002 1791 1397 1852 substantiam;
1423 1791 1547 1858 quia
1599 1792 1892 1844 sectnnlum
1938 1788 2033 1842 ali.

481 1878 609 1946 qual
633 1879 1015 1945 grammaticus
1033 1895 1139 1934 non
1155 1890 1239 1934 est
1257 1880 1308 1934 in
1321 1878 1581 1946 subjecto,
1604 1891 1658 1933 et
1682 1888 1763 1933 est
1776 1894 1968 1947 genus,
1995 1887 2050 1931 et

481 1965 777 2034 speciemet
802 1967 1001 2038 dicitur
1022 1968 1073 2020 in
1093 1983 1159 2022 eo
1187 1969 1328 2035 quod
1351 1969 1479 2037 quid
1504 1968 1664 2037 ;quia
1689 1977 1842 2020 estet
1865 1967 2042 2029 homo,

478 2059 570 2127 qui
594 2060 802 2126 species
823 2070 907 2114 est
931 2076 947 2123 ;
975 2060 1270 2123 etanimal,
1295 2060 1438 2128 quod
1460 2069 1545 2115 est
1591 2076 1796 2130 genus;
1839 2070 1894 2113 et
1930 2060 2045 2113 hac

480 2146 738 2200 dicuntur
764 2148 816 2201 in
846 2164 912 2201 eo
937 2149 1077 2217 quod
1113 2149 1263 2216 quid.
1298 2149 1365 2201 Et
1390 2150 1554 2203 etiam
1611 2149 2043 2212 individuus'm,

479 2234 621 2287 sicut
641 2235 803 2289 homo
828 2245 881 2289 et
903 2235 1100 2289 animal
1125 2253 1139 2301 ;
1162 2236 1289 2305 quia
1318 2239 1768 2306 quemadmodum
1824 2237 2042 2308 quidam

442 2370 443 2373 η
480 2322 664 2386 homo,
695 2333 751 2377 et
775 2325 1043 2392 quoddam
1093 2326 1337 2393 animal;
1384 2328 1456 2381 ita
1477 2328 1698 2398 quidam
1719 2330 2039 2397 grammati-

477 2408 619 2465 tiens
639 2421 724 2465 est
744 2411 1068 2466 individuus.
1096 2412 1350 2469 Socrates
1377 2416 1605 2470 enim—et
1661 2417 1819 2469 homo
1845 2424 1900 2471 et
1922 2416 2043 2470 ani-

472 2500 585 2553 ‘tnal
605 2508 708 2565 est,
736 2509 792 2556 et
829 2500 1234 2570 grammaticus.
1270 2504 1415 2557 Dtse.
1440 2504 1552 2557 Non
1582 2520 1798 2572 possum
1844 2520 2043 2576 negare

450 2590 620 2667 quod
648 2592 805 2649 dicis.

1073 2682 1301 2739 CAPUT
1327 2684 1415 2737 XI.

760 2771 804 2822 11
813 2773 1033 2823 eminent
1073 2788 1173 2843 non
1197 2790 1305 2825 esse
1336 2776 1751 2841 grammaticum.

549 2862 686 2915 Man.
718 2861 772 2915 Si
798 2864 901 2914 alia
920 2877 1025 2915 nou
1055 2862 1241 2925 habes,
1269 2863 1409 2915 unde
1428 2864 1845 2931 possislirobare
1868 2879 2040 2935 gram-

477 2952 731 3004 maticum
767 2967 870 3003 non
917 2964 1036 3003 esse
1082 2950 1376 3014 hominem,
1402 2967 1543 3004 nunc
1565 2953 1730 3020 proba
1777 2969 1898 3004 eum
1932 2967 2034 3005 non

466 3053 592 3093 este
614 3040 1038 3108 grammaticam.
1075 3039 1217 3093 Dtsc.
1241 3032 1475 3093 Facilius
1498 3040 1599 3094 hoc
1624 3054 1840 3109 ιιοδςιιιιι
1869 3042 2036 3113 digito

473 3143 635 3195 quam
662 3136 997 3195 argumento.
1051 3127 1125 3180 Ibi
1171 3144 1400 3197 namque
1445 3130 1655 3197 fregisti
1706 3132 1886 3183 omnia
1918 3148 2037 3185 mea

473 3216 931 3286 argutueuta,.nbi
955 3216 1212 3282 aperuisti
1264 3233 1293 3268 a
1348 3218 1702 3284 grammatico
1742 3217 2035 3283 signiﬁcari

473 3306 707 3367 diversa,
737 3312 791 3357 et
818 3304 1111 3358 secundum
1148 3321 1210 3359 ea
1256 3306 1582 3374 loquendum
1633 3315 1689 3360 et
1738 3308 2036 3379 intelligen-

470 3393 599 3447 dum
631 3394 695 3447 de
716 3392 1073 3463 grauuuatico
1125 3412 1136 3446 ε
1188 3396 1604 3463 quothuarnvis
1646 3395 1880 3451 abnuere
1930 3415 2033 3452 non

469 3489 669 3559 possim
692 3488 784 3519 ³⁹⁹¹⁶
817 3497 992 3543 tamen
1024 3504 1128 3543 non
1164 3491 1242 3543 sic
1266 3489 1532 3544 satisfacit
1579 3492 1758 3544 animo
1799 3506 1943 3555 meo,
1977 3503 2034 3545 ut

467 3582 617 3636 velut
638 3583 777 3651 quod
799 3584 1076 3651 qumrehat
1101 3583 1339 3644 invento,
1365 3582 1604 3647 quiescat
1630 3600 1641 3633 :
1679 3584 2029 3637 videriseuim

468 3674 600 3727 mihi
632 3674 785 3741 quasi
820 3689 925 3726 nou
953 3688 1142 3726 curare
1165 3685 1219 3727 u'.
1249 3688 1334 3726 me
1364 3673 1454 3703 'm
1472 3674 1689 3737 doceas,
1713 3674 2028 3727 sedtantum

465 3772 525 3818 ut
562 3765 800 3820 rationes
837 3780 984 3819 meas
1008 3766 1272 3819 obsu-uas.
1331 3765 1455 3827 Sed,
1510 3766 1650 3819 sicut
1700 3780 1874 3819 meum
1929 3765 2032 3819 fuit

464 3866 735 3922 exponere
766 3872 885 3923 quae
917 3870 1002 3908 me
1030 3870 1093 3907 cx
1116 3864 1339 3923 utraque
1362 3842 1512 3923 parte
1532 3838 1581 3907 in
1619 3844 2026 3925 ambiguitatem

398 3949 407 3957 '
464 3953 687 4010 Cttgttnl,
726 3946 797 3996 ita
830 3954 976 3996 tuum
1004 3953 1119 3998 erat
1142 3953 1231 3996 aut
1259 3960 1417 3996 uuam
1468 3952 1673 4011 partem
1724 3946 2025 4009 destruere,

462 4042 556 4084 aut
577 4035 857 4085 ostendere
880 4032 1146 4100 quomodo
1167 4033 1265 4085 sibi
1298 4034 1524 4087 invicem
1560 4050 1662 4087 non
1705 4044 2024 4102 repugnent.

462 4118 599 4173 Mtte.
626 4119 733 4174 Cur
756 4124 1005 4175 nonsatis
1037 4124 1127 4177 tibi
1146 4124 1358 4176 videtur
1381 4133 1657 4177 ostensum
1685 4126 1825 4193 quod
1844 4139 2025 4191 gram-

462 4211 715 4263 maticum
759 4227 878 4265 esse
920 4214 1296 4275 substantiam,
1350 4224 1404 4267 et
1446 4216 1856 4283 grammaticum
1907 4230 2026 4269 esse

460 4296 557 4331 ³³⁵⁸
580 4300 922 4366 qualitatem,
945 4318 1279 4372 nequaquam
1306 4316 1602 4375 repugnent
1629 4296 1727 4359 sibi
1769 4306 2023 4377 invicem,

460 4393 607 4445 ineo
634 4395 774 4461 quod
816 4396 881 4447 de
921 4398 1270 4465 grammatico
1319 4399 1476 4455 modo
1520 4399 1814 4452 secundum
1850 4398 2022 4450 homi-

459 4483 775 4545 uem,modo
805 4486 1097 4538 secundum
1136 4488 1541 4552 grammaticam
1577 4486 1721 4553 loqui
1753 4494 1808 4537 et
1858 4486 2020 4538 intel-

456 4586 581 4640 gcrc
604 4576 848 4641 Oportet?
878 4577 1019 4629 [ηερ.
1045 4573 1308 4640 Quoniam
1342 4592 1499 4630 nemo
1516 4578 1603 4645 qui
1641 4578 1890 4647 intelligit
1922 4594 2017 4631 no-

2151 1797 2276 1865 quia
2307 1794 2577 1865 significat
2602 1794 2873 1847 hominem
2907 1802 2958 1845 et
2983 1791 3416 1861 grammaticam,
3466 1790 3722 1845 dicendus

2149 1896 2233 1941 est
2257 1886 2555 1940 substantia
2579 1894 2631 1936 et
2656 1882 2905 1952 qualitas,
2953 1896 3049 1935 cur
3088 1880 3248 1933 homo
3272 1895 3375 1933 non
3421 1889 3504 1934 est
3530 1880 3721 1934 simili-

2151 1986 2233 2032 ter
2251 1974 2487 2046 qualitas
2509 1974 2661 2029 ‘°°‘et
2686 1972 3023 2028 substantia?
3061 1958 3231 2024 Homo
3254 1986 3482 2038 namque
3518 1969 3722 2040 signiti—

2148 2073 2233 2118 cat
2253 2063 2632 2137 substantiam,
2659 2076 2781 2115 cum
2810 2060 3062 2137 omnibus
3085 2058 3192 2111 illis
3222 2057 3561 2122 dill'ereutiis,
3600 2069 3720 2127 qua:

2145 2161 2270 2209 sunt
2297 2152 2349 2205 in
2372 2152 2612 2213 homine,
2646 2158 2798 2203 utest
2819 2146 3152 2203 sensibilitas
3173 2156 3228 2201 et
3256 2146 3575 2201 mortalitas.
3614 2146 3721 2202 Sed

2146 2256 2430 2311 nusquam,
2464 2239 2554 2294 ubi
2584 2238 2657 2294 sit
2706 2239 2965 2308 scriptum
2998 2238 3289 2307 aliquidde
3339 2238 3435 2271 ⁸⁸⁸⁸
3460 2238 3721 2308 qualitate

2145 2332 2321 2401 aliqua
2358 2372 2375 2395 ,
2440 2330 2707 2400 prolatum
2764 2338 2847 2383 est
2908 2329 2974 2382 ad
3022 2328 3118 2359 ⁸⁸⁸³
3170 2328 3472 2396 exetuplum
3510 2370 3525 2393 ,
3582 2329 3751 2383 velut‘

2143 2425 2315 2478 homo.

2775 2508 3004 2563 CAPUT
3040 2507 3153 2562 XII.

2186 2601 2378 2663 "omo,
2410 2610 2457 2653 et
2485 2598 3056 2729 grammaticttshquum
3082 2611 3223 2648 vorte
3257 2595 3550 2663 signiﬁcent
3577 2612 3672 2650 sua

2726 2682 2860 2729 stgm
2905 2676 3047 2718 cata.

2726 2676 3047 2733 signiﬁcata.

2216 2780 2350 2836 Mtc.
2393 2780 2543 2847 Quod
2570 2779 2716 2833 illam
2747 2778 3011 2831 rationem
3035 2788 3194 2843 quam
3233 2773 3367 2837 dixi,
3417 2788 3514 2828 cur
3538 2790 3718 2844 gram~
3755 2766 3761 2776 ’

2144 2871 2392 2933 matieus,
2422 2871 2623 2923 scilicet
2680 2870 2751 2921 sit
2780 2867 3080 2918 substantia
3132 2878 3185 2921 et
3218 2866 3467 2937 qualitas,
3514 2867 3715 2920 idcirco

2142 2962 2412 3031 reputlias,
2441 2960 2566 3028 quia
2598 2974 2703 3013 non
2733 2957 2874 3010 valet
2896 2957 2947 3009 in
2976 2956 3195 3010 nomine
3218 2958 3474 3021 hominis,
3501 2958 3706 3010 idcirco

2065 3027 2106 3081 δ
2142 3051 2294 3113 facis,
2326 3060 2383 3102 ut
2413 3056 2564 3118 puto,
2589 3048 2713 3115 quia
2761 3061 2865 3099 non
2901 3046 3214 3100 consideras
3235 3062 3393 3114 quam
3437 3045 3711 3098 dissimili-

2141 3151 2221 3194 ter
2249 3138 2828 3205 significentzscilicet
2850 3151 3042 3191 nomen
3067 3138 3322 3201 hominis,
3369 3152 3429 3190 ea
3476 3154 3538 3190 ex
3582 3140 3701 3204 qui-

2138 3231 2238 3283 bus
2266 3236 2484 3283 constat
2526 3226 2717 3288 homo;
2769 3232 2820 3277 et
2861 3224 3265 3291 grammaticus,
3338 3226 3605 3278 hominem
3650 3232 3706 3277 et

2140 3316 2572 3388 grammaticam.
2607 3312 2805 3383 Nempe
2831 3325 3025 3365 nornen
3057 3311 3292 3365 hominis
3317 3327 3412 3382 per
3448 3328 3527 3375 se,
3558 3323 3612 3366 ct
3644 3322 3705 3365 ut

2136 3424 2319 3471 mumi,
2358 3407 2623 3476 signiﬁcat
2643 3421 2705 3460 ea
2727 3421 2791 3459 ex
2824 3404 3016 3474 quibus
3038 3411 3249 3457 constat
3277 3412 3417 3486 totus
3441 3405 3623 3464 homo;
3649 3402 3702 3456 in

2132 3497 2323 3566 quibus
2346 3495 2643 3549 substantia
2668 3492 3021 3563 principalem
3047 3492 3222 3547 locum
3256 3494 3693 3561 tenet,quouiam

2131 3596 2394 3639 estcausa
2425 3582 2740 3645 aliorum,et
2770 3582 2973 3635 habens
2997 3596 3057 3633 ea
3085 3596 3189 3634 non
3215 3590 3272 3634 ut
3301 3582 3543 3651 indigens
3570 3582 3695 3644 illis,

2131 3674 2223 3727 sed
2249 3682 2303 3725 nt
2331 3688 2389 3726 se
2419 3672 2732 3740 indigentia.
2766 3670 2921 3724 Nulla
2949 3671 3092 3725 enim
3123 3671 3526 3725 estdilhwcntia
3570 3657 3699 3725 sub—

2130 3762 2363 3823 stantim,
2396 3762 2511 3814 sine
2545 3777 2649 3827 qua
2684 3760 2986 3814 substantia
3017 3760 3239 3813 inveniri
3272 3777 3375 3813 non
3409 3762 3610 3829 possit;
3638 3769 3694 3814 et

2131 3852 2274 3906 nulla
2303 3851 2729 3905 diﬂorentiarnm
2790 3850 2930 3917 ejus,
2976 3851 3094 3905 sine
3117 3851 3204 3904 illa
3242 3861 3414 3919 potest
3444 3852 3693 3906 existere.

2129 3943 2472 4011 Quapropter
2522 3942 2770 4009 quamvis
2818 3940 2995 3994 onuua
3022 3940 3202 4005 simul,
3252 3942 3394 3994 velut
3422 3958 3585 3995 unum
3620 3952 3698 3996 to-

2131 4044 2261 4096 tum,
2306 4035 2404 4086 sub
2434 4038 2535 4085 una
2559 4033 2955 4101 signiﬁcatione
2982 4047 3089 4085 uno
3114 4033 3331 4087 nomine
3358 4034 3697 4101 appellentur

2128 4124 2319 4186 homo;
2348 4123 2425 4177 sic
2458 4133 2633 4176 tamen
2663 4122 3031 4190 principaliter
3058 4125 3377 4176 hocnomcn
3402 4133 3483 4176 est
3525 4125 3691 4189 signi-

2130 4214 2395 4266 ﬁcativum
2419 4224 2472 4266 et
2501 4213 2876 4280 appellativum
2906 4213 3221 4266 substantim
3246 4230 3258 4276 ;
3293 4221 3349 4265 ut
3371 4228 3492 4267 cum
3545 4224 3691 4268 recte

2129 4307 2357 4368 dicatur,
2414 4305 2706 4356 substantia
2744 4315 2814 4355 est
2858 4304 3053 4364 homo,
3084 4313 3139 4357 et
3176 4302 3327 4356 hme
3374 4306 3687 4365 substantia.

2131 4396 2303 4449 mullus
2329 4403 2503 4448 tamen
2529 4397 2691 4457 dicat,
2723 4394 3051 4446 rationalitas
3088 4404 3161 4446 est
3189 4395 3360 4455 homo,
3395 4406 3506 4458 aut,
3536 4397 3688 4449 homo

2126 4485 2477 4547 rationalitas,
2503 4486 2597 4539 sed
2627 4486 2832 4538 habens
2869 4485 3311 4539 rationalitatezn.
3352 4485 3684 4539 Grammati-

2124 4594 2217 4630 cus
2250 4591 2375 4628 vero
2404 4591 2507 4631 neu
2542 4576 2809 4643 signilicat
2838 4575 3129 4641 hominem,
3156 4585 3208 4628 et
3235 4576 3641 4644 grammaticam
3664 4615 3681 4641 ,

1729 4709 1959 4763 vanus
2011 4676 2405 4762 LECTIONES.

548 4843 643 4878 “5’
683 4846 867 4898 Adhuc
907 4847 1110 4906 dicam;
1169 4860 1288 4897 cum
1335 4864 1460 4899 mss.
1513 4847 1686 4899 adhuc
1732 4828 1935 4909 dicam,
1968 4860 2098 4899 cur-
2160 4844 2252 4875 “9°
2292 4842 2495 4907 Quibus
2546 4841 2675 4892 dicit
2713 4841 3107 4910 'grammaticus
3170 4858 3295 4893 mss.
3361 4841 3555 4910 quibus
3601 4844 3679 4895 di-

454 4914 529 4967 cit
569 4918 979 4984 grmmnaticwn

453 4980 726 5037 ruut'ntss.
760 4985 989 5038 diximus
1015 5003 1026 5035 :
1051 4985 1153 5036 aut?
1178 4998 1245 5037 rt.
1291 4986 1421 5050 Quia
1448 4980 1737 5038 secundum
1786 4987 1926 5038 aliul
1969 5001 2089 5036 mss.
2118 4985 2242 5050 quia
2287 4982 2576 5034 scentulum
2607 4980 2803 5046 aliquid

1096 4915 1333 4980 Μ’(ὶιιιὶει
1387 4928 1468 4969 cst
1510 4918 1561 4968 in
1599 4915 1868 4984 subjecto,
1911 4916 2032 4980 quia
2078 4930 2198 4967 uias.
2245 4915 2368 4981 quia
2416 4922 2497 4984 est
2532 4910 2940 4984 subjectoqnod

3053 4910 3144 4942 ³⁹⁹¹
3184 4912 3466 4974 Diximus,
3530 4912 3678 4965 aule-

2914 4980 3006 5010 ³⁹⁹³
3050 4980 3141 5031 Est
3165 4992 3342 5033 autem
3368 4982 3680 5034 individuus

452 5068 577 5106 mss.
627 5063 709 5106 est
755 5055 915 5105 etiam
951 5054 1254 5107 indisidnus
1314 5048 1661 5107 ""Abumlc
1709 5071 1812 5107 non
1857 5069 2072 5122 possum
2121 5048 2244 5103 ms.
2291 5053 2528 5103 abnuere
2574 5048 2926 5122 nottpossim
3005 5050 3329 5122 amVideris
3380 5052 3531 5115 quasi
3567 5067 3672 5103 non

453 5130 687 5175 tractare
727 5131 792 5193 ut
842 5138 927 5174 mc.
977 5140 1102 5175 mss.
1150 5124 1346 5193 videris
1395 5124 1537 5175 enim
1590 5124 1716 5177 tnibi
1764 5118 1915 5193 quasi
1970 5137 2073 5173 non
2121 5136 2310 5193 curare
2340 5130 2419 5193 Aut
2455 5135 2549 5193 Alth
2622 5118 2714 5193 ³ξ³⁹⁶
2745 5118 2806 5169 Et
2854 5121 3260 5193 grammaticam
3295 5135 3413 5193 esse
3449 5136 3569 5193 mss.
3622 5137 3674 5193 et

452 5192 861 5256 grammaticum
892 5206 1012 5246 esse

451 5262 860 5326 grammaticus;
911 5270 1001 5313 aut
1035 5263 1168 5314 bene
1214 5261 1314 5313 scit
1365 5263 1523 5312 homo
1574 5260 1673 5314 iste
1718 5263 2152 5330 grammaticum,

2083 5329 2344 5381 mgAliud
2381 5330 2557 5379 dicere
2606 5328 2671 5379 de
2714 5342 2836 5378 mss.
2870 5327 3068 5392 aliquid
3097 5329 3292 5381 docere
3321 5328 3383 5378 dt:

451 5340 574 5398 mss.
626 5345 745 5381 cum
796 5331 1203 5398 grammaticum
1253 5330 1421 5395 magis
1454 5345 1651 5383 esse...
1704 5340 1995 5384 attestctnr

1099 5192 1188 5222 ³³⁸⁷
1229 5192 1462 5244 Scientia
1498 5201 1580 5244 est
1608 5188 1990 5257 grammatica,
2020 5201 2112 5243 aut
2143 5189 2277 5241 bene
2309 5191 2417 5249 sic,
2454 5190 2611 5241 homo
2647 5188 2746 5240 iste
2794 5190 3147 5255 grammatica
3180 5206 3306 5242 mss.
3339 5189 3560 5242 scientia
3590 5189 3674 5239 es!

2252 5258 2347 5289 39”
2363 5260 2492 5310 (lum
2533 5259 2915 5324 grammaticus
2945 5258 3117 5327 magis
3155 5274 3354 5311 esse...
3386 5266 3672 5309 attestatur

2258 5330 2344 5376 ind
2381 5330 2557 5376 dicere
2606 5328 2671 5376 de
2714 5342 2836 5376 mas.
2870 5327 3068 5376 aliquid
3097 5329 3292 5376 docere
3321 5328 3383 5376 dt:
3458 5323 3669 5376 ‘°°°Aut

3564 5335 3669 5377 Aut

453 5396 595 5449 aliud
628 5394 931 5466 hujusmodi
962 5416 1085 5463 ηιμ.
1116 5409 1209 5450 aut
1241 5394 1440 5466 aliquid
1464 5398 1776 5466 ’hujusmodi
1854 5402 1941 5431 ⁸⁰⁰¹
1963 5398 2068 5451 (Zur
2101 5399 2259 5450 hmno
2289 5398 2530 5465 superior
2562 5410 2662 5447 non
2707 5403 2789 5466 est
2819 5397 3049 5460 qualitas
3079 5413 3199 5449 mss.
3232 5412 3327 5449 cur
3356 5394 3513 5466 homo
3557 5410 3663 5463 non

451 5474 533 5516 est
562 5467 807 5522 similiter
829 5468 1061 5535 qualitas

450 5547 529 5589 est
560 5537 623 5589 uti

1164 5466 1254 5498 ’σθω
1273 5463 1553 5537 scriptum
1578 5469 1717 5523 aliud
1741 5472 1807 5525 de
1828 5486 1951 5523 mss.
1981 5470 2236 5535 scriptum
2268 5463 2463 5533 aliquid
2490 5466 2553 5516 de
2628 5465 3023 5521 mal’robalum
3044 5474 3123 5519 est
3151 5468 3215 5519 ad
3247 5482 3369 5518 mss.
3398 5463 3664 5532 prolatum
