4240 6188
649 253 755 304 573

1179 252 1234 305 S.
1280 250 1578 307 ANSEIAII
1615 250 1961 306 CANTUAII.
2004 250 2312 304 AltClilI‘II‘.
2357 250 2503 305 OI‘I‘.
2545 251 2722 307 I’AIKS
2760 253 2793 306 Ι.
2837 285 2853 294 -

1677 250 1961 306 ιΝτὶῖΑῐὶ.
2004 250 2312 304 3110111111).
2357 250 2503 305 01³1³.
2545 251 2722 307 1³Ᾱ113
2760 253 2793 306 Ι.
2837 283 2904 294 -
2942 253 3351 311 υυιῑιιιιτιιὶι.

3747 259 3852 310 576

640 365 924 427 probatum
977 364 1045 414 sit
1086 363 1355 414 hominem
1387 361 1547 414 simul
1576 362 2065 430 etgramtnaticam
2098 376 2204 414 non
2234 363 2280 418 Α
2307 376 2461 416 voces
2499 361 2818 429 significant,
2859 377 3079 417 necesse.
3110 362 3208 414 fuit
3243 364 3422 415 dicere
3451 363 3579 429 quid
3618 364 3862 422 sint'rcs-

640 467 762 506 esse
788 450 882 482 “"
905 450 1331 518 grammaticum.
1359 449 1511 505 Unde
1539 453 1882 518 consequitur
1909 450 2079 504 selum
2108 451 2204 504 ho-

637 543 835 594 minem
863 554 982 593 esse
1001 539 1443 608 grammaticum;
1467 541 1718 608 quoniam
1747 555 1850 593 non
1881 549 2053 607 potest
2083 554 2203 594 esse

635 629 1040 698 grammaticus,
1083 629 1186 683 nisi
1213 638 1306 683 aut
1345 629 1492 684 solus
1521 627 1633 693 ⁵³³³,
1664 638 1756 681 aut
1793 644 1912 680 cum
1939 644 2204 697 gramma-

636 720 778 772 tica:
831 719 1078 785 quamvis
1105 734 1336 787 namque
1385 719 1477 749 ⁴⁰³⁵
1514 718 1846 787 grammatici
1903 733 2094 773 nomen
2126 719 2200 773 si-

633 808 1000 876 gnificativum
1030 808 1101 862 sit
1132 809 1226 844 W“
1249 810 1595 878 grammatica
1620 849 1635 871 .
1659 824 1765 862 non
1801 819 1978 863 tamen
2006 824 2201 865 convc-

634 899 844 952 uirenter
892 901 1244 968 respondetur
1266 898 1638 967 interroganti,
1665 901 1792 968 quid
1822 901 2202 969 grammaticus

633 991 734 1052 sit;
786 990 1156 1058 grauiniatica,
1209 999 1320 1051 aut,
1361 990 1597 1057 qualitas
1645 1008 1658 1044 :
1716 999 1770 1043 et
1801 991 1842 1044 si
1897 990 2071 1044 nullus
2118 997 2202 1042 est

632 1077 1032 1146 grammaticus,
1069 1079 1170 1131 nisi
1215 1079 1588 1148 participando
1614 1080 2046 1150 grammaticam;
2074 1093 2197 1132 con-

633 1168 875 1233 5.:qttitttl'
903 1177 965 1221 ut
1009 1169 1169 1224 homo
1221 1185 1327 1222 non
1375 1171 1447 1224 sit
1485 1171 1890 1240 grammaticus,
1943 1168 2046 1222 nisi
2074 1183 2196 1222 cum

632 1256 1000 1322 gruumatica.
1027 1255 1166 1311 Mac.
1197 1258 1348 1322 Quod
1376 1258 1588 1326 quidem
1615 1257 1810 1320 dicitur
1831 1257 1976 1326 quod
2014 1257 2195 1320 homo,

633 1344 794 1408 solus,
851 1345 901 1397 id
958 1355 1058 1408 cst,
1115 1349 1231 1400 sine
1273 1347 1618 1415 grammatica
1669 1355 1748 1401 est
1795 1348 2194 1414 grammaticus.

633 1445 886 1503 quantnnt
899 1436 965 1488 ad
982 1449 1124 1490 tuatn
1145 1438 1496 1503 quaestionem
1520 1437 1827 1490 solvendam
1857 1438 2058 1491 suﬂicit
2078 1439 2193 1500 “‘7,

632 1523 835 1576 duolms
885 1524 1054 1576 uiodis
1120 1525 1340 1594 intelligi
1395 1535 1596 1593 potest;
1656 1541 1764 1580 uno
1827 1543 1974 1590 vero,
2025 1530 2196 1583 altero

631 1611 762 1663 lalso
789 1611 885 1642 ⁸⁸³³
913 1630 925 1663 :
957 1612 1116 1666 homo
1145 1613 1337 1682 quippe
1377 1614 1543 1675 solus.
1582 1615 1632 1668 id
1661 1625 1760 1672 est.
1793 1616 1993 1685 absque
2018 1634 2194 1686 gram-

2305 452 2436 507 Nam
2484 453 2564 521 (ut
2612 454 2712 507 alia
2767 455 2995 520 taceam)
3049 451 3378 506 sufﬁcienter
3407 453 3510 506 hoc
3552 455 3692 519 quod
3721 456 3863 522 dico,

2305 543 2514 605 divisio,
2547 558 2708 612 quam
2737 543 2861 596 facit
2898 543 2950 595 in
2986 543 3244 610 principio
3272 551 3531 594 tractatus
3556 540 3866 610 Catcgoria-

2306 647 2422 684 rum
2454 632 2565 694 ⁸⁸⁸⁵,
2591 632 2858 694 ostendit;
2890 647 2994 684 non
3024 631 3168 685 enim
3199 631 3274 683 ait
3303 649 3315 684 :
3351 627 3544 683 Eorum
3570 647 3686 698 qua:
3721 644 3863 700 sunt,

2303 721 2562 790 sagulum
2606 730 2678 774 est
2719 720 2811 750 ⁸⁸⁸⁸
2839 719 3150 781 substantia,
3195 731 3284 771 aut
3312 721 3593 788 quantitas,
3620 727 3724 773 etc.
3757 719 3869 776 Nec

2304 811 2414 863 ait:
2442 810 2636 864 Eorum
2659 824 2777 877 qua:
2795 808 3090 863 secundum
3118 807 3313 860 nullam
3337 809 3431 840 ‘°“
3443 809 3867 877 complexionem

2302 898 2575 962 dicuntur,
2614 897 2823 968 singulo
2851 907 2942 950 aut
2970 896 3066 928 ⁸⁸⁸⁷
3097 896 3399 952 substantia
3423 899 3742 966 appellatur,
3773 908 3868 952 aut

2301 987 2602 1054 quantitas;
2659 989 2754 1041 sed
2788 989 2902 1040 ait:
2937 986 3158 1050 Eorum,
3183 988 3320 1056 {quat
3347 991 3632 1043 secundum
3663 991 3866 1045 nullam

2299 1077 2704 1142 complexionem
2753 1078 3018 1141 dicuntur,
3080 1078 3342 1148 singulum
3387 1087 3477 1131 aut
3522 1080 3867 1134 substantiam

2297 1164 2554 1236 signiﬁcat
2586 1176 2675 1220 aut
2708 1167 3051 1233 quantitatem
3080 1166 3196 1221 ⁸⁸⁸⁸.
3236 1169 3381 1222 Dtsc.
3415 1159 3703 1224 Persuadet
3729 1171 3867 1224 ratio

2298 1258 2442 1324 quod
2469 1257 2623 1311 dicis.
2677 1255 2818 1310 Msa.
2844 1255 2980 1311 Cum
3027 1273 3158 1326 ergo
3203 1258 3517 1314 Aristoteles
3561 1260 3636 1314 ita
3672 1261 3860 1315 dicat:

2299 1341 2516 1408 Eorum,
2555 1359 2670 1410 qua:
2695 1344 2978 1398 secundum
3009 1344 3210 1398 nullam
3233 1336 3639 1415 complexionem
3673 1349 3864 1402 dicttu-
3915 1333 3924 1338 ’

2297 1444 2400 1496 tur,
2431 1432 2692 1501 singulum
2720 1442 2808 1483 aut
2831 1434 3170 1486 substantiam
3187 1434 3466 1503 signiﬁcat,
3491 1448 3579 1488 aut
3600 1437 3866 1504 quantita-

2298 1533 2420 1586 tem,
2437 1531 2543 1574 etc.
2578 1522 2650 1575 De
2665 1537 2770 1588 qua
2791 1521 2885 1553 “‘9
2903 1523 3291 1591 signiﬁcatione
3312 1523 3522 1579 videtur
3537 1524 3629 1579 tibi
3655 1526 3861 1594 dicere;

2299 1611 2366 1664 de
2415 1612 2502 1664 illa
2554 1627 2657 1680 qua
2694 1599 2788 1642 “7°
2826 1627 2925 1680 per
2976 1627 3036 1666 se
3083 1613 3387 1681 signiﬁcant
3437 1614 3562 1683 ipsa:
3597 1629 3774 1682 voces,
3806 1625 3865 1672 et

631 1703 824 1770 uiatica
853 1704 967 1767 “3",
1000 1714 1081 1757 est
1112 1697 1530 1772 granunaticus’;
1565 1707 1688 1773 quia
1715 1707 1859 1761 solus
1889 1717 1970 1761 est
1992 1710 2194 1762 habens
2228 1702 2268 1758 Β
2295 1718 2415 1771 quzc
2470 1702 2572 1756 illis
2621 1711 2703 1756 cst
2734 1701 3138 1756 substantialis:
3175 1719 3242 1757 an
3294 1705 3362 1758 de
3389 1703 3558 1758 altera
3599 1704 3694 1737 ⁸⁸⁷⁸
3743 1721 3865 1775 quae

630 1795 1031 1862 grammaticam
1066 1813 1080 1847 :
1114 1797 1465 1864 grammatica-
1506 1811 1755 1866 namque,
1789 1813 1886 1852 nec
1922 1799 2058 1869 sola,
2095 1815 2192 1855 nec

629 1899 747 1936 cum
788 1884 1001 1938 homine
1039 1886 1197 1938 habet
1223 1885 1628 1953 grammaticam
1664 1901 1678 1937 :
1711 1887 1802 1940 sed
1840 1887 1998 1941 homo
2025 1888 2191 1952 solus,

629 1973 680 2026 td
704 1983 806 2037 est,
850 1976 1051 2041 absque
1090 1975 1466 2044 grammatica,
1511 1990 1617 2030 non
1644 1986 1723 2030 est
1773 1977 2190 2046 grammaticus:

629 2065 753 2131 quia
781 2065 1005 2118 absente
1051 2066 1405 2136 grammatica
1456 2066 1634 2120 nullus
1662 2082 1782 2121 esse
1811 2069 2193 2135 grammaticus

630 2166 804 2224 potest
836 2156 967 2209 “"z
1002 2157 1140 2210 sit-ut
1184 2157 1277 2225 qui
1328 2159 1678 2225 praecedcudo
1729 2158 1873 2212 ducit
1919 2159 2103 2221 alitun,
2141 2170 2195 2212 et

630 2245 774 2299 solus
794 2255 875 2298 est
906 2247 1163 2315 przevins;
1195 2249 1320 2316 quia
1342 2249 1431 2316 qui
1452 2249 1694 2315 sequitur
1715 2262 1819 2301 non
1840 2263 1868 2301 c
1906 2251 2188 2317 tpraevius.

629 2352 724 2390 nec
763 2339 1071 2404 separatim,
1127 2353 1226 2392 nec
1251 2337 1390 2391 sicut
1423 2352 1487 2390 ex
1541 2339 1644 2392 illis
1680 2339 1886 2393 duobus
1934 2357 2070 2396 unus
2101 2343 2195 2395 ﬁat

627 2426 853 2488 prazvius
900 2436 953 2478 et
997 2425 1142 2480 solus
1170 2442 1274 2480 non
1302 2436 1385 2479 est
1413 2429 1660 2496 praevius,
1710 2429 1834 2496 quia
1865 2430 1964 2483 nisi
2002 2431 2074 2483 sit
2102 2433 2190 2499 qui

628 2507 900 2580 sequatur,
955 2516 1181 2580 pravvius
1227 2500 1320 2545 ⁸⁸⁸⁸
1358 2531 1616 2591 essenon
1662 2526 1854 2584 potest.
1888 2517 2020 2572 Cum
2069 2534 2195 2571 vero

629 2601 828 2652 dit-Lor
867 2616 951 2669 qu-
976 2600 1010 2655 d
1058 2603 1439 2670 grammaticus
1474 2613 1554 2657 cst
1591 2603 1850 2674 qualitas;
1888 2621 1989 2659 non
2027 2617 2192 2669 recte,

630 2689 726 2740 nisi
760 2691 1052 2742 secundum
1080 2700 1386 2756 _trac:au.m
1434 2692 1735 2748 Aristotelis
1765 2695 1839 2749 De
1890 2697 2192 2766 categoriis,

627 2775 692 2828 ιιι.
711 2776 837 2829 itur.

777 2855 779 2858 ‘
1194 2867 1421 2925 CAPUT
1465 2870 1625 2927 xm.

734 2955 808 3007 De
834 2956 1123 3010 Aristotelis
1158 2975 1312 3012 sensu
1339 2961 1392 3014 in
1430 2971 1658 3015 tractatu
1681 2961 1762 3025 De
1789 2965 2080 3033 categbriisl

2294 1807 2389 1859 per
2437 1791 2579 1868 aliud
2626 1800 2730 1853 est,
2779 1801 2834 1846 et
2886 1790 3275 1846 accidentalis?
3321 1793 3463 1847 Disc.
3497 1791 3611 1847 Non
3643 1794 3746 1848 nisi
3791 1792 3864 1849 de

2286 1885 2432 1953 ipsa,
2460 1900 2621 1954 quam
2669 1885 2806 1948 idem
2839 1883 2954 1951 ipse
3001 1883 3204 1938 eisdem
3237 1885 3460 1939 vocibus
3492 1884 3690 1949 inesse,
3721 1883 3863 1939 diffi-

2295 1974 2490 2028 niendo
2511 1989 2704 2028 nomen
2727 1982 2781 2028 et
2807 1973 3048 2036 verbum,
3081 1974 3410 2043 assignavit;
3438 1989 3540 2042 qua
3575 1989 3671 2043 per
3698 1989 3757 2029 se
3783 1974 3863 2028 si-

2293 2064 2567 2134 gniﬁcant.
2600 2063 2736 2118 Mss.
2769 2065 2851 2118 An
2881 2075 3040 2133 putas
3069 2065 3216 2117 illum
3246 2065 3405 2119 aliter
3434 2073 3773 2133 prosecutum
3804 2064 3861 2117 iu

2297 2167 2548 2222 tractatu,
2593 2173 2752 2226 quam
2798 2161 3074 2227 proposuit
3104 2158 3154 2210 in
3202 2157 3494 2220 divisione;
3528 2173 3594 2210 an
3626 2156 3861 2225 aliquem

2292 2262 2476 2300 eorum
2503 2248 2614 2308 ⁵⁸⁷⁸,
2644 2247 2733 2315 qui
2761 2263 2880 2300 eum
2909 2256 3193 2314 sequentes
3220 2248 3286 2299 de
3314 2246 3604 2311 dialectica
3633 2245 3864 2315 scripseo

2294 2346 2445 2398 runt,
2491 2337 2646 2390 aliter
2679 2337 2878 2390 sentite
2905 2336 3136 2392 voluisse
3162 2337 3227 2392 de
3255 2337 3356 2390 hac
3399 2351 3478 2397 re.
3507 2352 3665 2406 quam
3695 2339 3861 2392 sentit

2294 2425 2444 2493 ipse?
2476 2422 2618 2480 Dtsc.
2663 2424 2814 2478 Nullo
2844 2426 3001 2480 modo
3033 2441 3220 2480 eorum
3254 2427 3454 2496 scripta
3483 2428 3583 2480 hoc
3625 2427 3858 2495 aliquem

2294 2514 2499 2580 opinari
2547 2513 2868 2581 permittunt
2908 2514 3002 2544 “7’
3051 2532 3066 2567 :
3117 2515 3241 2583 quia
3293 2529 3557 2584 nusquam
3589 2513 3860 2568 invenitur

2296 2603 2489 2672 aliquis
2538 2618 2724 2657 corum
2779 2603 3018 2670 posuisse
3048 2603 3278 2670 aliquam
3326 2617 3534 2669 vocem,
3566 2603 3633 2656 ad
3677 2612 3863 2656 osten-

2293 2694 2526 2749 dendum
2554 2694 2753 2761 aliquid
2802 2695 2943 2763 quod
2985 2693 3080 2725 ’⁸⁸⁷⁸
3107 2693 3372 2764 signiﬁcet
3401 2708 3496 2763 per
3542 2693 3714 2756 aliud;
3761 2693 3856 2746 sed

2297 2799 2508 2853 semper
2535 2785 2601 2838 ad
2641 2785 2760 2847 hoc,
2792 2784 2934 2852 quod
2965 2799 3060 2852 per
3092 2797 3150 2836 se
3187 2783 3474 2852 signiﬁcat.
3502 2780 3684 2834 Nullas
3711 2779 3856 2835 enim

2292 2873 2475 2927 volens
2520 2880 2820 2926 monstrare
2883 2871 3255 2934 substantiam,
3314 2871 3464 2939 ponit
3515 2870 3694 2924 albqu
3755 2877 3853 2923 aut

2295 2962 2700 3031 grammaticum
2725 2959 2820 2991 ⁸⁸⁷⁸
2847 2977 2862 3024 ;
2904 2966 2997 3014 sed
3038 2961 3103 3014 de
3131 2959 3392 3028 qualitate
3420 2963 3636 3023 docens,
3671 2958 3854 3012 album

696 3043 841 3098 Ilisc.
870 3049 950 3099 An
984 3046 1126 3100 aliud
1175 3048 1336 3102 habet
1366 3050 1453 3104 ille
1499 3062 1778 3120 tractatus,
1827 3032 1987 3123 quam
2037 3073 2188 3111 omne
2217 3032 2262 3091 (ἶ
2293 3062 2346 3106 et
2376 3053 2584 3123 nigrum
2607 3051 2830 3121 profert,
2858 3059 2913 3106 et
2939 3051 3132 3105 similia
3158 3050 3274 3103 ⁸⁸⁷⁸.

627 3135 761 3202 quod
782 3145 874 3198 est,
911 3146 1000 3188 aut
1033 3147 1105 3189 est
1135 3139 1448 3205 substantia,
1475 3152 1563 3195 aut
1588 3142 1836 3210 qualitas,
1863 3144 1953 3198 aut
1980 3148 2187 3216 quanti—

629 3235 728 3286 tus,
758 3235 860 3278 ctc.
911 3225 966 3277 Si
991 3241 1119 3294 ergo
1156 3228 1304 3282 Solus
1341 3231 1500 3285 homo
1530 3243 1614 3286 est
1643 3233 2052 3302 grammaticus;
2076 3238 2186 3289 sola

630 3313 928 3367 substantia
975 3325 1058 3369 est
1084 3319 1486 3386 grammaticus,
1533 3313 1801 3391 quomodo
1827 3322 1920 3355 ⁸⁸⁸¹
1946 3338 2074 3394 ergo
2107 3340 2190 3379 se-

629 3402 860 3453 cundum
909 3401 1069 3482 illum
1103 3413 1410 3470 tractatum,
1456 3411 1839 3477 grammaticus
1887 3414 2056 3482 magis
2107 3423 2190 3466 est

629 3492 859 3558 qualitas
887 3479 1414 3562 quam'substautia?
1440 3499 1577 3554 Mac.
1624 3490 1733 3555 Etsi
1762 3503 1861 3556 ho‘c
1887 3502 1957 3555 ibi
1982 3479 2184 3557 intelli-

628 3592 786 3648 galur
825 3582 964 3649 quod
999 3593 1052 3636 tu
1093 3585 1228 3639 dicis
1259 3605 1271 3638 :
1307 3590 1430 3655 quia
1472 3605 1632 3643 onme
1658 3592 1801 3659 quod
1836 3601 1936 3652 est,
1985 3591 2185 3661 aliquid

629 3671 818 3723 bonum
849 3683 968 3725 est:
1003 3688 1105 3726 nou
1141 3683 1314 3734 tamen
1346 3676 1443 3730 fuit
1468 3679 1776 3747 principalis
1819 3681 2039 3734 intentio
2067 3683 2104 3732 A
2118 3682 2184 3734 ri-

626 3765 834 3816 stott-lis
879 3766 979 3818 hoc
1026 3765 1079 3818 in
1130 3765 1220 3818 illo
1265 3767 1403 3821 libro
1449 3771 1762 3835 ostendere;
1813 3772 1906 3824 sed
1936 3772 2186 3838 quoniam

628 3867 786 3905 onme
808 3867 1025 3918 nomen,
1061 3855 1142 3907 vel
1180 3858 1396 3911 verbum
1425 3857 1623 3927 aliquid
1651 3859 1840 3912 borum
1875 3859 2138 3928 signiﬁcat
2171 3876 2182 3909 :

631 3957 738 4012 non
784 3945 924 3996 enim
969 3945 1275 4000 intendebat
1316 3949 1601 4003 ostendere
1644 3942 1776 4016 quid
1817 3949 1925 4002 sint
1969 3947 2188 4017 singula:

633 4049 742 4095 res,
773 4049 872 4088 nec
892 4035 985 4066 ⁸⁸⁸³
1010 4053 1236 4104 quarum
1269 4054 1450 4093 rerum
1478 4040 1585 4094 sint
1611 4035 1942 4109 appellativa;
1969 4038 2186 4119 singula:

631 4139 817 4186 voces;
866 4129 958 4181 sed
987 4143 1212 4195 quarum
1257 4127 1606 4195 signiﬁcativa
1634 4130 1759 4182 sint.
1799 4129 1906 4182 Sed
1937 4128 2184 4197 quoniam

2851 3161 3074 3218 CAPUT
3123 3153 3305 3216 XVIII.

2296 3255 2449 3322 Quod
2478 3254 2738 3308 dialectici
2765 3253 3017 3324 appellent
3044 3271 3188 3324 voces
3211 3254 3414 3307 nomine
3436 3269 3605 3307 rerum
3634 3241 3858 3321 quorum

2820 3333 2939 3377 sunt
2965 3323 3338 3392 signiﬁcatiora.

2364 3415 2501 3472 illac.
2535 3415 2592 3469 Si
2616 3428 2745 3486 ergo
2770 3414 3039 3483 proposita
3068 3414 3327 3468 divisione
3352 3411 3592 3480 przefata,
3615 3426 3794 3482 qua-ro
3821 3426 3856 3467 a

2294 3513 2345 3557 te
2366 3504 2490 3570 quid
2515 3505 2586 3557 sit
2603 3501 3000 3572 grammaticus.
3024 3501 3317 3554 secundum
3343 3501 3478 3553 hanc
3507 3497 3850 3553 divisionem:

2291 3604 2345 3649 et
2374 3593 2666 3647 secundum
2711 3607 2826 3656 eos,
2856 3591 2946 3659 qui
2979 3589 3124 3644 illam
3155 3589 3438 3644 scribendo
3475 3588 3542 3643 de
3576 3587 3854 3643 dialectica

2291 3693 2610 3752 sequuntur,
2639 3682 2765 3750 quid
2791 3695 2972 3750 quaero
3002 3698 3013 3732 :
3040 3688 3133 3734 aut
3158 3680 3285 3749 quid
3311 3679 3440 3732 mihi
3470 3677 3857 3748 respondebis?

2294 3774 2436 3826 Dtsc.
2491 3771 2682 3826 Procul
2731 3773 2892 3826 dubio
2937 3786 3040 3826 non
3070 3771 3158 3825 hic
3205 3779 3376 3838 potest
3409 3769 3576 3839 quatri
3604 3769 3721 3836 “",
3748 3768 3856 3824 nisi

2294 3874 2384 3916 aut
2412 3864 2474 3918 de
2499 3877 2629 3917 voce
2654 3871 2748 3917 aut
2776 3862 2842 3916 de
2872 3876 2948 3925 re,
2976 3875 3136 3928 quam
3181 3859 3467 3927 signiﬁcat.
3499 3858 3698 3924 Quare,
3725 3855 3854 3927 quia

2294 3960 2506 4007 constat
2532 3951 2625 3982 ⁶⁰⁷⁸
2645 3949 3049 4020 grammaticum
3085 3963 3188 4002 non
3211 3947 3533 4017 significare,
3560 3946 3858 4002 secundum

2293 4041 2431 4094 banc
2471 4039 2807 4101 divisionem,
2837 4037 3131 4100 hominem,
3165 4037 3271 4092 .sed
3297 4032 3700 4103 grammaticam
3725 4051 3740 4089 :
3771 4035 3857 4090 in-

2291 4140 2608 4187 cunctanter
2637 4129 2985 4199 respondebo,
3020 4128 3065 4180 si
3092 4127 3288 4196 quteris
3317 4128 3383 4180 de
3423 4139 3574 4190 voce,
3603 4128 3728 4196 quia
3769 4134 3858 4182 est

629 4231 790 4270 voces
814 4233 916 4272 non
945 4219 1244 4286 signiﬁcant
1275 4220 1375 4274 nisi
1399 4234 1514 4284 res;
1551 4220 1778 4275 dicendo
1802 4219 1926 4288 quid
1951 4220 2018 4273 sit
2045 4219 2184 4300 quod
2218 4208 2260 4262 Ῑ)
2288 4239 2387 4276 vox
2433 4222 2742 4292 signiﬁcans
2789 4219 3132 4290 qualitatem;
3179 4221 3221 4271 si
3273 4233 3401 4271 vero
3447 4218 3645 4285 quaeris
3674 4217 3739 4272 de
3768 4230 3854 4284 re,

1911 4370 2141 4426 vanus
2174 4372 2569 4458 LECTIQNES.

707 4482 803 4515 ⁸⁸⁸³
829 4481 1246 4538 Grammaticam
1276 4498 1378 4535 non
1407 4499 1526 4537 esse
1552 4499 1650 4536 ms.
1689 4480 1822 4558 Yict.
1852 4482 1886 4534 5
1915 4480 2317 4558 grammaticam
2343 4495 2460 4534 esse
2504 4551 2515 4558 .
2569 4480 2665 4558 “ff
2691 4480 2801 4534 Nisi
2837 4480 2980 4558 solus
3010 4489 3092 4532 est
3133 4495 3258 4532 mss.
3305 4480 3406 4557 nisi
3450 4482 3544 4558 aut
3589 4480 3735 4558 solus
3761 4488 3830 4554 stt

2107 4547 2200 4579 ⁸⁸⁸⁸
2235 4549 2436 4604 Nomen
2473 4549 2829 4617 signiﬁcatum
2879 4548 2950 4600 sit
2975 4565 3098 4600 mss.
3124 4561 3316 4617 nomen
3344 4543 3755 4617 signiﬁcativum
3783 4543 3862 4599 sit

631 4551 724 4585 ⁸⁸⁸³
754 4552 1006 4617 Quamvis
1049 4569 1319 4620 nunquam
1349 4569 1473 4604 mss.
1503 4552 1746 4618 quamvis
1775 4565 2000 4620 namque

633 4621 727 4654 ‘°"
755 4622 1112 4687 Qttmstionem
1142 4621 1336 4676 sulIicit
1359 4637 1483 4674 ntss.

633 4707 738 4744 uno
769 4707 910 4754 vero,
946 4692 1116 4744 altero
1147 4691 1280 4744 falso

635 4762 998 4828 grammatica,
1019 4761 1097 4814 vel
1123 4769 1295 4830 potest
1316 4773 1436 4814 esse
1464 4777 1582 4813 mss.
1606 4759 1780 4813 nullus
1797 4773 1914 4813 esse
1935 4760 2314 4830 grammaticus
2337 4768 2510 4830 potest

1516 4616 1862 4690 quaestionem
1889 4616 2194 4690 solvendam
2222 4619 2416 4674 sutiicit

1385 4690 1478 4726 ⁵⁸⁵⁸
1506 4685 1679 4753 Solus,
1711 4690 1762 4743 id
1788 4697 1889 4752 est,
1943 4689 2144 4754 absque
2167 4689 2512 4756 grammatica
2542 4692 2664 4741 mss.
2690 4687 2832 4740 solus
2853 4686 2968 4740 sine
2988 4685 3332 4756 grammatica

2569 4479 2665 4512 ‘°“
2691 4478 2801 4534 Nisi
2837 4479 2980 4532 solus
3010 4489 3092 4532 est
3133 4495 3258 4532 mss.
3305 4477 3406 4530 nisi
3450 4482 3544 4529 aut
3589 4474 3735 4530 solus
3761 4481 3859 4528 aut

2545 4619 2618 4650 °"
2648 4619 2761 4674 Uno
2785 4617 2941 4670 modo
2969 4616 3309 4681 vero,altcro
3347 4613 3504 4668 modo
3548 4613 3685 4666 falso
3728 4625 3853 4666 mss.

2545 4692 2664 4736 nm.
2690 4687 2832 4736 solus
2853 4686 2968 4736 sine
2988 4685 3332 4736 arammatica
3432 4683 3526 4714 ⁸⁰⁶⁰
3550 4681 3737 4736 Nullus
3770 4688 3858 4733 est

3597 4700 3626 4735 11

2610 4757 2701 4790 ⁸⁰⁶¹
2732 4757 2887 4810 Solus
2906 4752 3230 4822 est‘primus.
3251 4793 3264 4806 .
3283 4795 3296 4808 .
3333 4766 3437 4806 non
3462 4762 3545 4805 est
3574 4752 3856 4822 primus...

639 4821 728 4882 ttat
760 4821 1025 4896 primus...
1057 4821 1162 4882 no'n
1192 4839 1270 4885 est
1305 4831 1574 4898 primus...
1605 4821 1963 4897 consequatur
2009 4826 2212 4898 primus
2240 4821 2360 4880 mss'.
2413 4828 2558 4882 solus
2583 4837 2665 4881 est
2693 4825 2988 4898 praevius...
3014 4821 3120 4876 non
3149 4832 3233 4876 est
3259 4823 3553 4898 praevius...
3586 4821 3676 4898 liat
3716 4830 3856 4898 prte-

637 4900 754 4949 vius
784 4934 819 4950 ..
868 4913 968 4949 nou
1005 4909 1088 4952 est
1127 4900 1420 4967 prmvius...
1471 4908 1724 4966 sequatur
1771 4898 1996 4966 przevius

638 4967 832 5020 Stantia
875 4978 956 5018 est
995 4972 1392 5035 grammaticus.
1449 4969 1726 5034 Quomodo

1826 4967 1921 4998 ⁸⁸⁸³
1952 4961 2264 5032 Singulares
2291 5006 2304 5024 ,
2362 4981 2458 5018 uec
2501 4981 2598 5017 ms.
2642 4961 2772 5016 Vict.
2803 4962 2836 5016 ὅ
2865 4961 3083 5031 singula?
3130 4961 3234 5032 res,
3267 4975 3366 5013 nec

2226 4888 2932 4966 grammaticus.1t'uontodo
2965 4909 3088 4966 ηιμ.
3145 4888 3552 4966 ενδιὶηηδιῖεειέε
3574 4888 3685 4966 8.919
3716 4888 3859 4966 ἀμιξ-

3468 4957 3562 5028 Ψξ
3586 4957 3856 5028 ιῖςίιιείρίο
3906 5013 3910 5016 .

636 5025 1040 5102 Categoriarnnt
1069 5053 1189 5089 mss.
1216 5025 1492 5107 principio‘
1507 5047 1761 5091 tractatus
1786 5025 2188 5105 Categoriavrum
2264 5035 2356 5107 ⁶⁰Α⁶⁵
2381 5033 2752 5107 Singularium.
2768 5025 3008 5107 εει-τῃδὶ.
3034 5031 3297 5107 singultim
3329 5036 3412 5082 est.
3483 5026 3577 5106 “f'
3605 5025 3714 5107 Nec
3739 5025 3851 5084 ait:

638 5120 758 5173 qua:
807 5106 1096 5158 secundum
1128 5103 1286 5160 ullam
1334 5103 1457 5160 mss.
1486 5123 1584 5162 nec
1629 5108 1721 5169 ait,
1747 5103 1940 5160 eorum'
1962 5122 2081 5173 qum
2119 5104 2411 5173 secundum
2445 5103 2642 5173 nullam

2184 5173 2276 5202 ⁸⁰⁶⁹
2309 5172 2373 5225 Ει
2401 5182 2526 5225 tunc
2551 5172 2617 5225 de
2643 5185 2748 5240 qua
2763 5187 2886 5224 mss.
2915 5167 2975 5223 et
3007 5178 3221 5240 cetera.
3245 5167 3318 5219 De
3346 5181 3450 5233 qua

638 5171 731 5207 ⁸⁰⁶⁸
755 5179 856 5226 Aut
886 5174 1219 5242 qualitatem.
1255 5176 1313 5226 D.
1343 5193 1466 5230 mss.
1498 5185 1589 5228 aut
1619 5171 1993 5244 quantitatem.
2024 5177 2084 5228 D.

638 5258 795 5312 quam
843 5259 936 5312 per
967 5261 1088 5296 mss.
1119 5245 1185 5296 de
1223 5245 1307 5296 illa
1343 5261 1445 5312 qua
1481 5261 1575 5312 per

635 5328 792 5381 quem
817 5328 1000 5366 eorum
1030 5312 1170 5365 και.
1202 5315 1298 5369 col.
1324 5329 1388 5365 an
1422 5317 1559 5368 aliud
1603 5330 1786 5367 eorum

1673 5246 1764 5276 "7‘
1803 5247 1906 5297 Aut
1942 5247 2006 5295 de
2039 5247 2206 5297 altera
2250 5258 2370 5294 utss.
2415 5258 2480 5293 an
2515 5243 2580 5295 de
2606 5241 2770 5294 altera

1903 5314 1993 5344 ⁵⁰⁷³
2019 5315 2128 5366 Hoc
2160 5311 2300 5364 aliud
2350 5312 2556 5374 Opinari
2607 5311 2918 5380 permittent
2961 5324 3084 5359 mss.
3115 5307 3212 5380 hoc
3227 5305 3455 5380 aliquem
3493 5306 3697 5372 opinari
3735 5318 3856 5380 per:

2740 5101 2831 5132 “"
2865 5089 3148 5169 Singulqu
3200 5109 3290 5150 aut
3327 5113 3451 5150 mss.
3498 5089 3711 5197 singulo
3759 5109 3856 5152 aut

2740 5187 2865 5197 ιη.--
2916 5179 2962 5197 Α.
3009 5178 3195 5197 ,ιιηιιυυι
3245 5167 3316 5197 nn
3346 5181 3448 5197 nun
3546 5168 3567 5197 δ
3595 5164 3642 5197 7.
3665 5165 3738 5197 nn
3763 5165 3848 5197 ἶΙΙσι

3546 5164 3642 5197 ⁸⁸⁷⁸
3663 5165 3738 5220 De
3763 5165 3852 5222 illa

2875 5239 2968 5270 “‘7’
2997 5239 3076 5290 An
3100 5237 3259 5289 alimu
3295 5249 3482 5290 eorum
3510 5251 3634 5288 mss.
3661 5249 3728 5286 an
3753 5235 3855 5288 ali-

641 5374 858 5435 mittunt
929 5383 1024 5413 ⁸⁸⁷³
1047 5383 1242 5436 Eorum
1275 5383 1503 5449 aliquam
1535 5399 1713 5437 vorem
1747 5385 1812 5436 ad
1855 5383 2240 5436 ostendendum
2271 5380 2412 5432 aliud
2449 5380 2587 5446 quod
2609 5374 2746 5432 'mss.
2797 5393 3004 5449 eorum_
3035 5377 3276 5449 posuisse
3307 5376 3537 5442 aliquam
3571 5388 3752 5449 vocem
3782 5374 3852 5424 ad

640 5452 1024 5521 ostendendum
1091 5453 1290 5521 aliquid
1357 5450 1500 5520 quod

649 5603 749 5644 non
779 5593 860 5643 hic
892 5601 1058 5655 potest
1101 5595 1266 5660 qttm'i

1604 5453 1694 5482 “7"
1749 5453 1937 5504 Album
2004 5461 2093 5504 aut
2150 5449 2552 5520 grammaticam
2617 5466 2712 5520 ms.

631 5517 732 5550 ‘m‘
759 5523 965 5590 nigrum
997 5517 1216 5590 ponunt.
1248 5533 1296 5574 et
1327 5517 1518 5575 siiniiia
1550 5537 1670 5573 mss.
1722 5523 1896 5572 album
1929 5530 1978 5572 et
2028 5517 2234 5588 nigrum
2277 5520 2496 5590 profert,
2522 5527 2576 5571 et
2607 5518 2796 5570 similia

1381 5591 1469 5619 "7'
1499 5592 1632 5655 Quia
1672 5602 1872 5643 constat
1907 5608 2020 5644 mss.
2057 5604 2218 5656 quare
2264 5589 2384 5656 quia
2423 5597 2630 5642 constat

2797 5447 2928 5498 l’ict.
2975 5442 3246 5497 3_album
3301 5456 3392 5496 aut
3444 5442 3850 5511 grammaticum

2905 5516 2993 5546 ’³⁸³⁷⁷
3031 5514 3137 5567 Hoc
3171 5530 3273 5566 non
3309 5523 3476 5582 potest
3514 5514 3675 5579 (μίξει-ι
3725 5526 3848 5562 mss.

3720 6174 3844 6186 -._.‘
3887 6174 4209 6188 ——‘.-———u
