4240 6200
1910 72 1923 97 \

369 238 458 291 ssi
1467 317 1477 323 _
1605 245 1684 294 liti
1743 222 2305 303 vernularum.

3473 245 3573 297 ὕῧί

288 410 293 415 ο
370 352 625 415 signiﬁcat
664 354 859 420 aliquid
885 355 1100 416 Ιιςιιιριις,
1144 352 1231 405 aut
1265 355 1522 418 signiﬁcat
1568 371 1669 405 non
1715 356 1911 421 aliquid
1943 362 1986 416 Λ
2017 342 2283 421 (minibus,
2316 375 2431 426 qnze
2470 362 2583 413 sine
2611 364 2975 428 to:nplexione
3010 362 3281 424 dicuntur,
3330 372 3383 413 et
3425 364 3574 414 sint}

372 440 597 499 habcns;
639 452 822 494 utnon
853 443 1049 508 aliqnil
1112 442 1180 493 sit
1242 441 1502 493 inlinitqu
1537 457 1764 504 nomen;
1819 459 1919 494 non

369 538 448 580 est
475 530 697 599 integra,
728 547 824 581 nec
855 546 974 580 vera
998 528 1105 559 ’ωδ
1129 530 1355 593 divisio;
1385 540 1441 583 et
1483 532 1601 584 idco
1643 532 1769 585 nihil
1801 547 1920 599 pro-

368 617 495 671 bat:
530 618 687 671 veluti
713 618 753 669 si
772 618 897 684 quis
940 619 1139 672 diceret
1166 637 1177 671 :
1211 620 1395 673 Cmcus
1418 630 1509 672 aut
1536 622 1675 672 videt
1702 620 1918 687 aliquid,

367 715 457 758 aut
483 707 620 757 videt
646 722 748 757 non
780 707 997 773 aliquid.
1054 708 1108 761 Si
1169 724 1295 761 vero
1324 709 1399 762 sic
1444 709 1753 777 intelligitur
1798 710 1919 776 quia

368 802 458 843 aut
478 792 741 860 signiﬁcat
768 792 967 860 aliquid
990 792 1209 857 habens,
1254 804 1344 848 aut
1372 812 1474 849 non
1498 797 1591 827 ⁴¹³⁸
1614 796 1875 866 signiticat
1905 814 1917 847 :

369 882 571 950 integra
602 890 683 936 est
726 884 936 946 divisio,
964 894 1018 937 et
1052 899 1206 947 vera;
1270 900 1367 939 nec
1398 896 1655 955 repugnat
1692 888 1756 939 iis
1803 902 1920 955 quae

366 969 507 1024 dicta
530 980 670 1025 sunt.
706 971 845 1026 Disc.
881 972 1026 1026 Satis
1053 984 1273 1042 apparet
1297 974 1419 1041 quia
1458 989 1553 1041 per
1590 976 1768 1028 album
1815 990 1918 1027 non

364 1061 693 1129 signiﬁcatur
746 1062 941 1129 aliquid
999 1065 1197 1116 habens
1224 1063 1541 1125 albedinem,
1589 1080 1683 1117 nec
1710 1065 1797 1131 qui
1831 1066 1921 1116 ha-

363 1150 803 1215 luet‘albedinem;
865 1154 955 1205 sed
979 1162 1183 1205 tantum
1231 1152 1432 1207 habens
1487 1152 1784 1207 albediuetn
1818 1173 1829 1205 :
1869 1154 1919 1205 id

364 1246 446 1289 est
470 1237 698 1305 qualitas
730 1247 782 1290 et
810 1240 1034 1302 habere;
1067 1255 1131 1294 ex
1159 1241 1354 1306 quibus
1404 1240 1530 1293 solis
1560 1254 1663 1293 non
1705 1242 1921 1293 conﬁci-

365 1335 453 1378 tur
475 1344 637 1379 unum
678 1328 907 1395 aliquid:
934 1340 988 1383 et
1019 1330 1134 1383 ideo
1169 1331 1322 1383 albus
1348 1338 1430 1383 est
1460 1338 1762 1397 utrmnqnc,
1796 1331 1945 1395 quia

362 1416 568 1483 pariter
589 1426 871 1487 utrumque
911 1421 1003 1456 ι¹³⁶
1041 1421 1325 1487 significat.
1382 1420 1550 1485 Quam
1582 1421 1840 1473 rationem
1866 1421 1917 1473 in

374 1680 2147 1705 ΜΨ.

1984 1209 1994 1219 ,
2022 1170 2072 1210 et
2100 1161 2305 1211 diversa
2331 1157 2555 1211 valuerit
2585 1165 2826 1209 astruere
2852 1157 2941 1186 ⁸⁸⁵⁸

2027 452 2146 503 liter
2180 451 2482 518 signiﬁcant
2532 452 2822 517 quamlibet
2851 455 3000 520 plura
3033 454 3123 483 ⁸³³⁷
3153 470 3214 504 ex
3251 454 3444 519 quibus
3474 468 3575 505 non

2026 542 2083 592 ﬁt
2109 556 2290 601 unum,
2327 540 2503 592 valere
2529 541 2681 592 video
2708 558 2717 591 :
2764 552 2860 593 nec
2891 542 3086 609 aliquid
3115 542 3213 603 his,
3236 558 3364 609 'qna:
3402 542 3451 593 in
3479 543 3577 594 hac

2022 630 2378 696 disputatione
2400 630 2696 691 asseruisti,
2741 629 2898 695 objici
2960 642 3281 697 recrepo‘sc
3330 631 3580 683 existimo

2022 720 2133 769 ⁸³³⁸.
2165 718 2299 769 MAG.
2326 718 2432 769 Nec
2456 718 2583 770 mihi
2651 734 2788 768 nunc
2820 717 3061 769 videtur:
3107 726 3278 770 tamen
3324 717 3576 784 quoniam

2020 807 2125 861 Scis
2150 817 2402 875 quantum
2428 795 2625 859 nostris
2654 805 2745 834 “3°
2786 807 3113 871 tenuioribus
3160 806 3423 857 dialectici
3455 820 3576 855 cer—

2022 903 2134 948 tent
2190 894 2255 945 de
2295 895 2589 960 quaestione
2631 908 2657 944 a
2694 902 2745 945 te
2774 894 3082 960 proposita;
3136 890 3256 943 nolo
3305 902 3354 943 te
3373 894 3450 977 sic
3483 889 3573 919 “"°

2023 985 2126 1045 his,
2162 999 2277 1049 qua!
2302 982 2556 1039 diximus,
2586 981 2847 1032 inltau'crc
2910 990 3045 1031 ulta
3110 980 3450 1046 pertinaciter
3497 987 3575 1028 tc-

2024 1089 2186 1133 m-as;
2219 1087 2264 1123 SI
2293 1072 2413 1137 quis
2437 1068 2782 1123 validioribus
2806 1069 3133 1135 argumentis
3162 1068 3273 1119 ha:c
3299 1068 3575 1121 des‘tt'ncre

2985 1174 2996 1207 :
3035 1157 3175 1223 quod
3216 1157 3258 1206 si
3299 1155 3583 1221 contigerit

2021 1249 2113 1278 “""
2142 1250 2326 1301 saltem
2357 1249 2421 1301 ad
2448 1248 2892 1315 exercitationem
2946 1246 3039 1278 ⁸¹⁴⁵³
3070 1247 3371 1315 disputandi
3430 1246 3584 1300 nobis

2018 1340 2132 1427 luce
2164 1337 2445 1404 profecisse
2473 1342 2573 1392 non
2600 1340 2836 1409 negabis.

2154 1678 3557 1700 “MM

1131 1861 1837 1975 samem
1910 1776 2735 1971 anisum
2802 1800 2803 1809 ψ

1803 2084 2151 2170 LIBER

956 2300 1175 2419 DE
1313 2228 2480 2425 VOLUNTATE
2570 2290 2957 2413 'DEI.

781 2680 931 2747 15],
952 2677 1175 2733 CAPUT
1214 2676 1496 2731 PRIMUM.

724 2766 970 2820 Voluntas
1012 2766 1105 2819 Dei
1176 2781 1288 2833 qua:
1336 2766 1558 2815 dicatur.

433 2850 673 2915 llumana
697 2858 832 2911 ratio
851 2872 969 2909 cum
997 2857 1061 2910 de
1082 2856 1189 2909 Dco
1212 2870 1421 2923 semper
1443 2854 1634 2907 debeat
1664 2863 1914 2915 tractare,

358 2959 415 3004 et
446 2950 509 3001 ad
542 2947 749 3000 laudem
775 2943 893 3010 ejus
922 2943 1118 3011 aliquid
1168 2943 1545 2997 convenienter
1589 2941 1786 3003 dicere,
1824 2956 1920 2994 no-

305 3044 311 3048 ’
361 3040 505 3093 mina
538 3051 631 3105 per
655 3049 773 3102 quae
802 3034 1014 3100 proprie
1044 3032 1292 3099 loquatur
1336 3046 1440 3084 non
1469 3029 1648 3092 habet,
1691 3032 1783 3083 sed
1824 3046 1919 3084 no-

360 3126 505 3179 mina
558 3121 858 3175 hominibus
905 3120 1027 3171 data
1076 3128 1128 3170 et
1176 3118 1419 3186 imposita
1466 3117 1677 3185 accipit,
1726 3126 1778 3170 et
1827 3132 1921 3184 per

362 3213 539 3281 ipsum
562 3210 807 3265 effectum
835 3206 1275 3274 omnipotentiam
1302 3205 1415 3273 ejus
1445 3204 1631 3258 saltem
1665 3205 1744 3259 vel
1774 3205 1917 3258 tenui

360 3298 607 3353 oratione
634 3296 842 3364 aperire
873 3302 1095 3347 conatur
1121 3311 1133 3345 :
1162 3302 1214 3345 et
1243 3292 1342 3345 hoc
1369 3291 1493 3345 facit
1522 3308 1585 3345 ex
1619 3292 1734 3346 istis
1763 3292 1921 3346 rebus

361 3386 619 3453 colligens
645 3378 889 3437 ell'cctuin
914 3382 1195 3436 voluntatis
1218 3380 1306 3433 Dei
1336 3381 1626 3433 secundum
1653 3380 1916 3433 occultam

357 3475 647 3544 justitiam,
672 3472 756 3526 vel
785 3471 1075 3526 secundum
1100 3470 1562 3537 misericordiam,
1610 3470 1689 3522 vel
1730 3485 1919 3523 secun—

365 3563 493 3617 dum
532 3561 627 3615 ira:
664 3559 828 3629 ipsius
854 3560 1177 3613 vindictam:
1211 3558 1276 3611 ad
1328 3558 1917 3627 incomprehensibilem

363 3650 509 3705 enim
560 3648 1198 3717 deitatisproprietatem
1261 3648 1499 3717 aspirare
1562 3663 1665 3702 non
1718 3656 1916 3717 potest.

364 3741 506 3796 lliuc
543 3753 642 3792 nos
682 3752 894 3807 quoque
934 3736 1000 3790 de
1038 3737 1311 3790 voluntate
1352 3737 1444 3791 Dei
1499 3736 1696 3805 aliquid
1744 3738 1919 3792 dicere

364 3831 662 3899 cupientes,
723 3837 901 3880 aetum
940 3840 1115 3879 rerum
1159 3826 1512 3889 attendimus;
1565 3828 1814 3895 quoniam
1852 3829 1917 3881 a.|

364 3920 535 3989 ipsius
590 3914 916 3971 celsitudinis
959 3920 1168 3967 culmen
1214 3912 1464 3964 anhelare
1510 3927 1613 3965 non
1660 3913 1914 3968 valemus.

2630 2671 2854 2726 CAPUT
2898 2671 2957 2723 ll.

2307 2746 2552 2818 Voluntas
2583 2765 2676 2817 Dei
2704 2764 3059 2831 multipliciter
3080 2764 3289 2819 diritur.

2087 2854 2372 2909 Dicendum
2400 2863 2480 2906 est
2512 2855 2671 2920 igitur
2705 2853 3036 2907 voluntatem
3068 2852 3157 2905 Dei
3208 2854 3578 2923 multipliciter

2018 2945 2181 3015 accipi
2217 2961 2229 2997 :
2261 2954 2315 2996 ut
2358 2944 2613 3011 quidquid
2662 2930 2843 3008 postea
2899 2951 3216 3009 Opponatur,
3268 2946 3384 2998 sine
3432 2950 3573 3000 Ollall

2018 3032 2678 3113 dillicullate‘opnlentius
2733 3032 3022 3099 aperiatur.
3079 3030 3335 3088 Voluntas
3396 3037 3577 3104 itaque

2019 3116 2111 3171 Dei
2160 3118 2419 3185 accipitur
2463 3119 2750 3185 aliquando
2790 3119 2840 3170 in
2876 3118 3188 3185 Scripturis,
3234 3124 3577 3189 :eqnipollt-ns

2022 3205 2370 3275 omnipotenti
2407 3221 2519 3259 sua:
2563 3206 2913 3275 tumscientia:
2939 3216 2992 3259 et
3021 3207 3342 3262 ordinationi
3373 3215 3549 3279 sagaci

2022 3307 2104 3350 ter
2139 3296 2317 3350 omnia
2364 3296 2690 3365 disponenti;
2724 3295 2883 3350 Unde
2936 3296 3168 3351 dicitur:
3210 3299 3397 3352 Omnia
3436 3318 3581 3369 qua:-

2017 3403 2213 3455 cunque
2250 3384 2405 3439 coluit
2429 3385 2681 3438 Dominus
2698 3385 2817 3451 fecit
2849 3383 3020 3451 (Ρεηι.
3046 3401 3197 3449 exul,
3226 3389 3303 3451 3),
3336 3390 3435 3443 hoc
3465 3400 3573 3454 est,

2017 3475 2275 3544 quidquid
2315 3476 2453 3529 Deus
2500 3475 2567 3527 ab
2616 3484 2813 3527 artemo
2860 3474 3122 3529 facturum
3172 3493 3227 3529 se
3275 3480 3574 3547 ordinavit,

2017 3564 2146 3619 nihil
2176 3562 2496 3632 inexpletum
2528 3562 2763 3630 reliquit.
2790 3564 3065 3633 Accipitur
3092 3565 3253 3618 etiam
3282 3568 3371 3621 Dei
3400 3570 3579 3624 volun-

2017 3663 2099 3707 tas
2126 3653 2245 3725 [al.,
2275 3668 2466 3707 nomen
2499 3651 2727 3723 rerum],
2774 3655 3066 3707 secundum
3113 3656 3394 3722 quemdam
3446 3658 3577 3713 ειπε-

2017 3736 2177 3797 ειιιηι
2211 3741 2590 3797 misericordia:
2633 3743 2723 3798 Dei
2765 3760 2778 3796 :
2823 3752 2880 3795 ut
2918 3743 3027 3797 ibi:
3078 3744 3199 3797 Vult
3225 3745 3359 3799 Deus
3402 3765 3576 3803 euntes

2015 3833 2183 3886 salt-os
2204 3832 2317 3899 fieri
2347 3831 2396 3902 (1
2424 3830 2555 3885 Tim.
2585 3846 2647 3895 ιι,
2679 3830 2756 3899 4),
2788 3831 2927 3899 quod
2953 3842 3037 3885 est
3062 3833 3259 3895 dicere,
3291 3832 3417 3888 facit
3446 3850 3574 3889 san-

2017 3933 2131 3974 ctos
2171 3922 2305 3975 velle
2351 3928 2409 3974 ut
2446 3933 2631 3974 omnes
2675 3920 2809 3974 salvi
2863 3921 3013 3984 liant,
3035 3921 3174 3989 quod
3240 3923 3352 3991 ipse
3398 3934 3575 3978 tamen

361 3986 703 4063 V—oluntatem
737 4003 895 4072 igitur
918 4002 1007 4056 Dei
1039 4001 1363 4071 appellamus
1391 4001 1646 4069 quidquid
1684 4004 1739 4055 in
1762 4004 1913 4056 nobis
1941 3986 1985 4045 C
2016 4009 2146 4070 vult,
2182 4010 2283 4061 hoc
2313 4017 2395 4062 est
2434 4009 2545 4077 ipse
2583 4010 2875 4076 disposuit;
2909 4012 3000 4062 sed
3040 3986 3271 4066 sanctos-
3286 4010 3408 4065 facit
3440 4014 3571 4068 velle

365 4098 482 4167 ipse
508 4094 924 4149 misericorditer
952 4101 1223 4162 operatur,
1269 4092 1563 4146 revocando
1594 4108 1690 4148 nos
1730 4095 1797 4147 ab
1830 4108 1913 4148 er-

362 4198 510 4248 rore,
539 4182 617 4237 vel
650 4184 733 4251 pie
761 4182 1121 4235 continuando
1142 4180 1383 4247 justitiae.
1424 4180 1676 4233 Voluntas
1702 4196 1914 4249 quoque

362 4272 563 4327 dicitur
598 4285 751 4339 [tanta
781 4278 836 4323 et
868 4270 1168 4337 reprobatio
1196 4268 1544 4337 quorumdam
1575 4268 1668 4321 Dei
1706 4269 1913 4323 occulta

362 4362 699 4419 districtione
726 4360 864 4414 facta
888 4359 1126 4426 justitize.
1175 4358 1430 4412 Voluntas
1462 4358 1550 4412 Dei
1579 4367 1660 4412 est
1689 4360 1767 4428 (nt
1797 4359 1918 4414 bre-

363 4450 508 4504 viter
534 4449 728 4514 dicam)
758 4446 1009 4515 quidquid
1041 4446 1121 4510 tit,
1153 4454 1211 4497 ut
1240 4444 1352 4498 ﬁeri
1386 4445 1654 4498 invenitur
1681 4446 1732 4498 in
1759 4461 1928 4499 creat

367 4537 665 4595 turiered
694 4537 887 4590 dicitur
919 4553 931 4588 :
961 4534 1016 4589 Si
1044 4536 1218 4588 omnia
1249 4536 1537 4603 procedunt
1561 4550 1625 4587 ex
1649 4535 1917 4589 voluntate

366 4630 485 4691 Dei,
523 4620 681 4697 quam
725 4636 931 4681 constat
975 4640 1183 4692 semper
1226 4629 1419 4678 bonam
1455 4634 1507 4679 et
1539 4634 1734 4679 rectam
1774 4641 1912 4688 esse,

367 4730 498 4774 tunc
524 4718 699 4771 omnia
730 4716 865 4769 bona
900 4723 953 4767 et
985 4724 1129 4767 recta
1164 4723 1282 4767 sunt
1315 4732 1326 4766 :
1358 4724 1407 4767 et
1444 4714 1488 4767 si
1529 4715 1627 4768 hoc
1660 4724 1763 4777 est,
1792 4724 1914 4768 tunc

366 4816 566 4869 frustra
592 4812 862 4883 iudicatur
902 4810 1092 4879 aliquis
1124 4810 1355 4878 iniquus,
1382 4809 1462 4863 vel
1488 4809 1769 4863 damnatur
1809 4810 1908 4861 im-

366 4907 487 4973 pius
521 4921 533 4953 :
565 4903 703 4971 quod
757 4901 906 4954 fateri
959 4899 1282 4953 contrarium
1332 4898 1599 4952 invenitur
1644 4897 1912 4951 catholicae

367 4990 512 5043 lldei.

2017 4095 2108 4147 Dei
2157 4104 2209 4146 et
2258 4094 2485 4162 proximi
2540 4094 2851 4161 inspirando
2894 4096 3263 4158 dilectionem,
3302 4113 3404 4164 qua
3443 4099 3573 4151 dile-

2012 4186 2187 4240 ctione
2225 4198 2328 4237 non
2370 4183 2805 4237 inconvenienter
2849 4176 2980 4236 ﬁunt
3010 4183 3060 4236 in
3088 4183 3323 4237 Ecclesia
3368 4187 3574 4238 oratio-

2014 4288 2111 4326 nes
2143 4288 2173 4324 a
2202 4272 2400 4325 sanctis
2428 4286 2523 4339 pro
2562 4271 2921 4325 schismaticis
2969 4281 3023 4324 ct
3067 4264 3348 4337 lirereticis,
3377 4272 3571 4328 Judmis

2015 4376 2226 4431 quoque
2260 4369 2312 4414 et
2336 4361 2639 4431 gentilibus.
2677 4360 2944 4414 Institutio
2975 4360 3171 4425 divina,
3206 4361 3296 4415 Dei
3326 4361 3573 4419 voluntas

2021 4465 2124 4503 non
2177 4449 2460 4517 improprie
2504 4448 2818 4519 appellatur.
2870 4449 2960 4503 Dei
3000 4458 3175 4503 autem
3218 4450 3480 4506 institutio
3516 4452 3570 4507 in

2021 4540 2124 4594 duo
2154 4541 2312 4594 dividi
2352 4538 2542 4609 p0test,
2590 4545 2643 4594 in
2682 4551 2943 4610 prtecepta
2994 4542 3289 4599 divinarum
3328 4541 3571 4610 Scriptu-

2021 4640 2220 4693 rarunt,
2251 4640 2304 4683 et
2336 4630 2586 4698 in'legetn
2636 4630 2927 4683 naturalem
2954 4647 2967 4681 :
3014 4646 3338 4698 quaecunque
3366 4632 3565 4687 homini

2020 4718 2173 4771 insita
2201 4726 2280 4771 est
2306 4718 2576 4783 naturalis,
2604 4732 2720 4786 quae
2749 4726 2866 4771 est:
2893 4717 3043 4782 Quod
3065 4719 3156 4771 tibi
3180 4718 3293 4785 ﬁeri
3320 4720 3565 4785 nolueris,

2018 4807 2169 4859 alteri
2209 4824 2267 4859 ne
2304 4806 2482 4875 feceris
2532 4806 2682 4874 (Tob.
2714 4822 2787 4870 tv,
2814 4806 2923 4875 16),
2954 4818 3058 4860 etc.
3114 4808 3210 4861 Cui
3242 4792 3570 4878 quicunque

2012 4897 2208 4957 obviat,
2253 4895 2343 4948 Dei
2376 4880 2698 4949 voluntatem
2747 4912 2848 4948 non
2880 4905 3077 4949 serva'.
3106 4896 3375 4967 Praecepta
3405 4902 3565 4953 etiam

2017 4986 2309 5038 divinarum
2362 4986 2795 5054 Scripturarnm,
2849 5000 2897 5038 ct
2957 4997 3114 5042 rectae
3162 4988 3560 5043 observationes

2612 5080 2630 5108 /

1639 5136 1862 5198 ιζλιιιΑς
1904 5136 2292 5190 LECTIONES.

443 5274 533 5305 δ¹³⁶
563 5272 765 5343 lntegra
790 5288 850 5325 ac
885 5284 1004 5333 vera
1031 5290 1151 5325 mss.
1184 5272 1383 5336 integra
1426 5280 1683 5343 neclv‘era‘
1731 5266 1827 5343 f‘"
1858 5265 1990 5330 Quia
2022 5265 2281 5332 signiﬁcat
2327 5266 2527 5318 habens
2563 5264 2883 5343 albediuem,
2914 5273 3001 5343 aut
3034 5280 3133 5318 non
3168 5281 3286 5315 mss.
3319 5262 3439 5331 quia
3466 5273 3563 5343 aut

369 5343 632 5412 signiﬁcat
678 5335 874 5412 aliquid
936 5335 1447 5412 Ιιειιιειιεεηςιιιιιιοιι
1516 5335 1612 5412 fit“

1646 5334 1777 5399 Quia
1829 5345 2259 5403 perintrmnqne
2316 5336 2665 5402 mamiscripta
2714 5335 2837 5400 quia
2882 5334 3079 5401 pariter
3132 5343 3413 5403 utrumque
3466 5334 3553 5403 5‘"

370 5401 628 5478 Quaelibet
648 5401 795 5478 plura
832 5427 954 5462 mss.
985 5401 1274 5475 quamlibet
1294 5406 1439 5478 plura
1513 5404 1606 5478 f'ff
1634 5405 1709 5478 'l_‘e
1734 5401 1887 5478 posse
1906 5401 2138 5478 objiecre
2182 5403 2425 5478 existimo
2449 5401 2586 5478 tntis.-
2606 5403 2770 5478 objiei
2797 5412 2945 5478 recte
2970 5417 3121 5467 posse
3153 5401 3419 5478 (‘Xlsiitnq
3469 5402 3563 5478 uti.

288 5524 291 5531 .
370 5471 541 5547 Quam
573 5471 907 5532 nostrisum.
951 5471 1203 5543 quantum
1256 5471 1450 5528 nostris
1523 5474 1611 5547 “‘°_
1654 5472 1780 5547 Volo
1826 5472 2310 5547 te__sic_mss._uolo
2338 5479 2386 5523 te
2430 5474 2505 5523 sic
2577 5471 2687 5547 ’⁵⁸³³⁸
2722 5472 2851 5523 Velit
2880 5480 3137 5547 astruere
3181 5486 3300 5522 mss.
3340 5474 3564 5527 Valucrit

375 5540 614 5604 astruere
685 5547 775 5576 ”°'
809 5545 863 5598 Si
885 5540 1211 5611 contingeret
1241 5560 1358 5595 nm.
1394 5544 1435 5597 si
1475 5542 1753 5610 contigerit
1827 5542 1916 5571 ⁵⁸⁸³
1941 5541 2018 5593 Ad
2069 5541 2436 5594 excitationettt
2478 5556 2596 5592 nm.
2627 5542 2689 5591 ad
2718 5540 3150 5591 exercitationem

192 6102 195 6107 .
212 6070 431 6107 -41.;1‘-
460 6104 463 6105 ,
