4240 6198
539 246 641 302 585

538 355 915 419 Ecclesiarum,
946 352 1187 407 voluntas
1243 349 1333 401 Dei
1367 363 1471 399 non
1520 343 1789 398 immerito
1824 341 2095 410 appellau-
2126 334 2171 400 Ᾱ

545 458 630 498 tur
655 464 666 498 :
691 445 882 513 quibus
916 443 1218 509 quicunque
1252 438 1603 491 observanter
1635 449 1739 487 non
1778 430 2095 498 acquiescit,"

544 554 572 588 τι
603 536 693 589 Dei
726 535 989 586 voluntate
1017 530 1232 584 deviare
1269 529 1480 596 penitus
1510 526 1731 587 dicitur;
1766 538 1887 577 cum
1917 530 2093 573 tamen

546 628 611 678 ab
634 627 816 677 ordine
844 621 1193 691 praescientia:
1222 618 1337 685 ejus
1378 618 1680 671 nullatenus
1720 614 1889 665 valeat
1940 627 2095 666 exor-

545 713 731 765 bitare.

1137 811 1365 867 CAPUT
1404 808 1485 864 ΙΙΙ.

614 945 969 1011 Quorumdam
1012 943 1404 1012 ambiguitatnm
1446 939 1723 994 elucidatio
1759 954 1823 993 ex
1856 938 2024 991 dictis.

611 1080 748 1135 Ecce
776 1079 1023 1133 voluntas
1049 1077 1140 1131 Dei
1181 1083 1410 1144 quatuor
1446 1072 1618 1126 modis
1658 1070 1915 1138 accipitur
1945 1083 1974 1121 a
2006 1068 2097 1121 do—

545 1172 781 1225 ctoribus
830 1170 1135 1238 magistris,
1184 1167 1389 1221 scilicet
1445 1180 1540 1234 pro
1584 1162 1803 1217 scicntia
1840 1161 1963 1223 Dei;
2003 1174 2097 1226 pro

549 1261 819 1314 voluntate
860 1270 1191 1321 sanctorum,
1232 1258 1320 1325 qui
1361 1256 1621 1309 volunt-et
1656 1252 1880 1317 injuslos
1918 1249 2097 1303 chari-

548 1350 710 1402 tativc
758 1348 995 1410 salvari;
1055 1362 1149 1414 pro
1198 1345 1403 1396 ratione
1450 1340 1719 1399 humana;
1766 1347 1959 1403 quarto
2002 1349 2097 1402 pro

544 1434 821 1501 praeceptis
867 1426 1080 1484 divinis.
1127 1430 1181 1482 Si
1231 1428 1351 1495 quis
1400 1440 1527 1479 vero
1572 1423 1726 1476 oculo
1779 1421 1973 1473 mentis
2000 1420 2095 1471 hos

546 1526 726 1577 modos
773 1522 1096 1585 considerat,
1146 1534 1251 1571 non
1301 1516 1525 1570 ulterius
1579 1514 1633 1581 in
1678 1512 1769 1566 Dei
1821 1511 2095 1563 voluntate

545 1611 946 1666 detcrininanda
985 1610 1271 1677 impeditus
1302 1605 1603 1660 laborabit:
1643 1600 1908 1656 sed‘voeis
1938 1612 2088 1651 acce-

546 1705 724 1768 ptione
770 1700 908 1753 tideli
970 1699 1253 1751 intendens
1314 1694 1547 1763 ingenio,
1599 1693 1666 1745 de
1710 1692 1890 1745 verbis
1940 1685 2094 1740 facile

545 1790 872 1854 dijudicabit.
926 1787 1106 1853 Itaque
1135 1802 1253 1837 Ctllll
1285 1783 1502 1845 dicitur,
1533 1779 1851 1834 adulterium
1889 1777 1971 1829 vel
2001 1777 2095 1829 ho-

546 1881 815 1931 micidium
858 1876 988 1940 vnlt,
1033 1874 1112 1928 vel
1154 1890 1256 1925 non
1299 1874 1411 1923 vult
1448 1871 1586 1923 Deus
1624 1870 1738 1922 ﬁeri
1786 1885 1800 1920 :
1852 1867 1933 1920 ba:
1972 1881 2094 1933 pro-

544 1967 830 2033 positiones
880 1978 984 2017 non
1031 1969 1325 2030 repugnant
1381 1957 1503 2019 sibi,
1550 1970 1646 2009 nec
1692 1954 2093 2007 contradicunt:

514 2064 519 2067 '
546 2056 718 2107 ambze
738 2053 881 2107 enim
910 2065 1051 2104 vera:
1072 2033 1205 2102 sunt
1233 2055 1286 2099 et
1321 2040 1719 2104 indubitabiles,
1753 2040 1797 2093 si
1828 2038 1947 2106 quis
1982 2038 2097 2104 ejus

546 2146 692 2198 vocis
738 2142 1210 2212 mquivocationem
1269 2135 1639 2203 multiplicem,
1686 2146 1803 2199 quae
1837 2139 1938 2191 est,
1971 2130 2093 2192 vult,

547 2232 775 2285 fideliter
810 2229 1067 2282 attendat.
1123 2224 1273 2285 Nam,
1311 2223 1448 2276 Deus
1480 2219 1591 2274 vult
1624 2219 1961 2283 adulterium,
1996 2218 2096 2270 hoc

546 2332 627 2374 est
667 2320 896 2388 pl‘tDSCll,
940 2316 1214 2385 prmvidet.
1284 2311 1433 2366 Unde
1472 2310 1661 2364 nullus
1700 2308 2095 2375 dubitat,'quia

544 2409 718 2463 omnia
750 2409 890 2459 videt
926 2414 979 2458 et
1020 2404 1196 2457 omnia
1230 2401 1457 2477 praescit.
1505 2400 1657 2462 ltem,
1696 2413 1800 2451 non
1830 2397 1962 2460 vult,
1997 2396 2097 2450 hoc

546 2508 627 2551 est
664 2514 766 2549 non
803 2494 1059 2563 praecipit,
1101 2492 1181 2543 vel
1213 2492 1482 2544 nitentibus
1523 2487 1753 2541 fidelium
1791 2486 2096 2554 inspirando

548 2604 649 2640 non
683 2586 803 2641 facit
831 2585 978 2636 velle.
1020 2582 1107 2635 Vel
1136 2594 1239 2635 non
1270 2582 1380 2631 vult
1409 2579 1545 2631 Deus
1578 2576 1912 2635 adulterium,
1940 2576 1987 2627 id
2014 2583 2097 2627 est

544 2692 605 2729 cx
634 2678 682 2727 vi
713 2660 933 2727 rationis
958 2671 1168 2733 animm,
1202 2684 1265 2721 ex
1301 2666 1526 2719 naturali
1571 2665 1798 2728 scilicet,
1836 2663 1951 2731 lege
1973 2662 2093 2713 data

516 2778 517 2781 ‘
546 2785 574 2822 a
609 2769 732 2828 Deo,
765 2781 865 2818 non
899 2764 1153 2816 habemus
1178 2761 1318 2827 quod
1343 2759 1463 2825 quis
1501 2758 1552 2809 in
1582 2757 1680 2807 hoc
1709 2740 1804 2807 nec
1835 2754 1997 2805 etiam
2042 2751 2093 2803 in

546 2857 649 2908 alio
682 2853 868 2909 debeat
905 2850 1173 2904 olfendere
1213 2848 1534 2914 proximum.
1576 2843 1740 2896 Juxta
1782 2841 1879 2894 bas
1917 2850 2091 2891 autem

547 2941 1036 3001 determinationcs,
1066 2945 1243 3005 potest
1277 2934 1501 3002 quilibet
1538 2933 1635 2985 has
1660 2929 1753 2984 Dei
1791 2929 2092 2981 voluntates
2120 2973 2165 3033 Ο

545 3033 901 3088 determioure
928 3039 1130 3098 aperte.

1140 3149 1363 3202 CAPl‘T
1390 3190 1391 3193 η
1417 3148 1481 3200 lV

918 3264 1047 3316 illiw
1076 3261 1415 3311 dubitationes
1442 3255 1711 3307 tolluntur.

625 3376 727 3430 Sed
757 3374 1036 3426 videndum
1070 3380 1150 3422 est
1179 3368 1440 3434 quoddam
1482 3364 1615 3416 satis
1645 3361 1919 3421 subtilius,
1958 3359 2098 3424 quod

552 3461 782 3520 Occurrit
811 3460 931 3512 huic
964 3457 1026 3509 de
1053 3455 1315 3507 voluntate
1350 3450 1714 3519 disputationi.
1763 3448 1891 3499 Nam
1920 3448 2100 3498 volun-

552 3555 644 3608 tati
687 3552 774 3605 Dei
811 3548 1049 3602 voluntas
1097 3542 1324 3598 hominis
1376 3542 1611 3593 adhairet
1645 3539 1971 3605 plerumque,
2009 3536 2099 3588 sed

554 3642 672 3693 inde
693 3640 975 3693 damnatur
998 3634 1154 3685 homo
1186 3648 1199 3683 :
1228 3630 1480 3682 voluntati
1516 3628 1606 3680 Dei
1636 3642 1843 3694 quoque
1880 3642 1982 3677 non
2010 3625 2101 3676 ad-

553 3731 711 3783 haeret
744 3724 974 3780 hominis
997 3722 1260 3789 voluntas,
1299 3730 1350 3771 et
1376 3719 1497 3771 inde
1527 3718 1895 3769 remuneratur
1929 3716 2101 3766 homo.

552 3817 699 3877 Item,
729 3814 839 3864 vult
867 3815 1023 3864 homo
1052 3808 1190 3876 quod
1220 3824 1322 3860 non
1350 3805 1459 3857 vult
1488 3804 1653 3866 Deus,
1694 3812 1747 3856 et
1789 3803 1947 3854 habet
1981 3802 2103 3853 inde

555 3907 827 3973 pneminm
869 3918 897 3953 a
927 3900 1074 3952 Deo:
1117 3912 1219 3949 non
1258 3895 1370 3947 vult
1414 3897 1569 3947 homo
1613 3892 1905 3961 quod,vult
1939 3891 2101 3951 licus;

556 4005 606 4046 et
647 3996 765 4046 inde
804 3990 1151 4056 consequitur
1197 3988 1400 4039 laudem
1438 4004 1450 4038 :
1493 3995 1548 4037 ct
1591 3984 1921 4037 multis-alits
1970 3982 2103 4033 hanc

559 4080 711 4147 152
744 4080 1064 4131 voluntatem
1105 4076 1297 4128 variari
1346 4075 1517 4125 modis
1546 4073 1812 4139 sagacium
1843 4070 2101 4123 industria

556 4185 646 4239 per
672 4182 727 4223 se
757 4169 948 4235 poterit
986 4165 1254 4233 indagare.
1307 4163 1410 4217 Sed
1443 4177 1582 4215 nunc
1615 4163 1679 4213 ad
1718 4160 2102 4227 expositionem

558 4259 979 4326 snpradictorum
1046 4257 1325 4309 redeamus
1378 4268 1392 4304 :
1444 4253 1553 4302 vult
1608 4251 1744 4302 Deus
1810 4250 1948 4315 quod
1998 4248 2105 4299 vult

1034 240 1090 294 δ.
1122 235 1419 296 susum
1456 234 1797 289 caurum.
1836 228 2149 287 AlttltllEl‘.
2184 226 2332 285 ore.
2370 224 2547 279 usus
2586 226 2621 278 l.
2654 255 2721 264 .—
2760 222 3171 278 DOGM.\'I‘IC.\.
3214 196 3215 199 γ
3496 205 3504 210 ’
3654 222 3755 279 εει

2823 331 3045 387 CAPUT
3090 331 3149 386 Υ.

2196 446 2272 500 De
2292 447 2459 498 dicina
2490 443 2766 503 volantum,
2790 444 3048 522 (θεῖ-’ἰθεῖα
3074 442 3404 509 approbante,
3428 443 3751 517 conrtdmte,

2801 520 3141 578 permittente.

2254 600 2449 668 Magna
2490 598 2704 666 quidem
2744 597 2991 651 voluntas
3043 596 3136 649 Dei
3196 584 3753 665 iikomprenensibilis

2196 703 2297 746 est.
2339 690 2476 744 sicut
2513 690 2623 756 ipse
2657 689 2817 750 Deus,
2849 697 3036 741 contra
3071 689 3231 756 quam
3266 685 3379 740 vult
3418 688 3600 750 homo,
3628 689 3748 756 qu'a

2198 794 2301 829 non
2349 778 2505 843 plene
2538 789 2657 827 eam
2689 776 2966 842 eugnoscit
2996 792 3009 827 :
3042 774 3180 840 quod
3226 773 3280 827 in
3313 774 3646 832 futuro.erit.
3695 775 3749 828 lu

2196 864 2444 933 pnescnti
2490 876 2616 915 vero
2660 863 2919 931 quosdam
2957 861 3177 915 allectus
3241 862 3356 929 ejus
3397 862 3623 931 percipit
3664 873 3752 916 so-

2197 958 2426 1010 cundum
2483 953 2883 1023 perceptionem
2932 953 3014 1005 vel
3078 951 3506 1019 prohibitionem,
3556 961 3611 1006 et
3667 951 3754 1007 illo

2195 1047 2389 1102 obcdit.
2436 1046 2490 1101 In
2539 1044 2623 1099 his
2666 1054 2843 1097 autem
2886 1042 3208 1110 supradictis
3254 1058 3357 1095 non
3405 1050 3486 1096 est
3530 1055 3740 1109 aequum

2197 1142 2489 1213 intelligere
2530 1138 2761 1208 aliquem
2816 1136 3027 1204 aliquod
3074 1134 3264 1188 falsum
3315 1133 3396 1189 vel
3427 1134 3751 1203 superﬂuum

2199 1234 2395 1286 dictum
2444 1229 2629 1292 fuisse,
2660 1227 2741 1281 vel
2778 1236 2962 1281 contra
3009 1233 3316 1278 sanctorum
3352 1223 3748 1277 auctorita'em.

2200 1323 2335 1375 Dicit
2359 1321 2498 1374 enim
2526 1316 2921 1385 Augustinusjin
2951 1313 3278 1379 Encbiridio,
3306 1329 3423 1382 cap.
3454 1313 3556 1368 100
3580 1330 3594 1366 :
3620 1311 3755 1367 Pro-

2196 1402 2368 1478 ‘ptcrea
2407 1422 2597 1475 magna
2638 1404 2873 1459 voluntas
2903 1402 3132 1469 ejusdem
3162 1399 3370 1470 Domini
3405 1400 3659 1468 exquisita
3696 1403 3772 1453 iu-

2199 1512 2371 1549 omnes
2399 1495 2680 1545 voluntates
2700 1492 2851 1559 fejus,
2882 1500 2934 1542 ut
2959 1490 3086 1542 miro
3117 1499 3162 1541 et
3196 1488 3445 1555 ineffabili
3470 1486 3621 1539 modo
3649 1502 3752 1540 non

2197 1586 2287 1651 [iat
2324 1592 2512 1652 praeter
2545 1581 2855 1637 voluntatem
2894 1581 3027 1648 ejus,
3058 1580 3194 1647 quod
3230 1580 3381 1632 etiam
3416 1587 3597 1630 contra
3634 1577 3747 1645 ejus

2126 1671 2167 1724 Β
2196 1673 2505 1725 uoluntatem
2520 1671 2599 1735 ﬁt,
2620 1672 2756 1738 quod
2770 1685 2872 1722 non
2890 1670 3032 1735 ﬁeret
3053 1670 3100 1721 si
3123 1685 3222 1721 non
3243 1670 3453 1730 sineret,
3468 1684 3557 1739 nec
3579 1669 3753 1737 utique

2197 1763 2370 1816 uolens
2393 1761 2536 1823 sinit,
2565 1758 2857 1812 sedtvolens‘
2876 1772 2894 1808 :
2922 1775 3011 1810 nec
3037 1759 3222 1811 sineret
3245 1761 3430 1810 bonum
3452 1758 3564 1825 fieri
3592 1758 3748 1819 ma.’¢,

2198 1853 2294 1904 nisi
2331 1849 2644 1917 omnipotens
2674 1857 2722 1900 et
2749 1847 2814 1899 de
2846 1846 2982 1898 mala
3015 1855 3179 1912 posset
3213 1846 3381 1912 facere
3411 1847 3551 1898 bene.
3584 1846 3675 1899 Est
3701 1854 3755 1897 tt

2198 1943 2297 1994 alia
2318 1940 2484 2013 hujus
2512 1937 2799 2005 voluntatis
2828 1936 3041 1989 divisio.
3094 1935 3208 1987 Alia
3257 1936 3399 1988 enim
3437 1943 3612 2001 potest
3638 1934 3738 1986 dici

2197 2028 2447 2093 eﬂieiens,
2490 2028 2591 2080 alia
2628 2027 2954 2095 approbatis.
2996 2023 3099 2076 alia
3136 2024 3453 2087 Concedens,
3497 2022 3597 2076 alia
3634 2038 3754 2090 per-

2197 2118 2431 2170 mittens.
2485 2114 2731 2169 Eliiciens
2777 2112 3019 2166 voluntas
3067 2113 3119 2165 in
3170 2112 3277 2165 Deo
3324 2111 3449 2164 latit
3497 2108 3659 2185 quidq
3700 2113 3753 2167 il

2194 2205 2331 2269 vult,
2365 2206 2601 2259 etliciens
2636 2204 2688 2257 iu
2726 2203 2940 2256 homine
2979 2202 3119 2269 quod
3155 2207 3329 2268 potest
3366 2200 3525 2253 homo
3560 2208 3617 2253 et
3640 2199 3753 2253 vult
3829 2228 3833 2232 -

2197 2297 2313 2366 ipso
2342 2306 2484 2367 actu.
2529 2292 2846 2362 Approbans
2869 2298 2971 2354 est,
2999 2304 3119 2358 qua:
3163 2289 3419 2358 approbat
3452 2288 3672 2358 al’quid,
3702 2300 3754 2346 et

2197 2387 2313 2441 hinc
2339 2386 2404 2437 ad
2436 2383 2704 2437 hominem
2743 2382 2977 2449 pertinet
3010 2389 3063 2434 et
3096 2382 3163 2433 ad
3201 2380 3387 2433 Deum.
3433 2379 3751 2447 Approbans

2196 2475 2248 2527 in
2286 2473 2393 2526 Deo
2430 2480 2531 2533 est,
2571 2485 2690 2539 qua:
2724 2469 2835 2522 vult
2874 2482 3060 2523 omnes
3099 2467 3275 2522 salvos
3314 2468 3459 2532 fieri;
3501 2468 3752 2535 quoniam

2198 2566 2397 2620 nullum
2439 2564 2705 2633 prohibet,
2746 2571 3004 2630 quantum
3029 2562 3096 2616 ad
3125 2576 3183 2615 se
3213 2560 3417 2614 salvum
3454 2561 3566 2613 tieri
3598 2575 3615 2615 :
3646 2559 3663 2613 i
3692 2582 3693 2585 η
3718 2574 3753 2613 ο

2196 2658 2239 2710 si
2270 2657 2390 2725 quis
2416 2654 2482 2707 ad
2514 2653 2613 2706 ltoc
2647 2651 2872 2715 laborat,
2902 2653 3181 2720 approbat.
3212 2650 3408 2703 Patens
3434 2659 3515 2702 est
3539 2648 3750 2715 quidem

2195 2760 2314 2814 qua:
2342 2744 2410 2797 sit
2444 2742 2745 2810 approbans
2786 2740 2839 2793 in
2885 2740 3120 2793 homine.
3167 2736 3475 2792 Coocedens
3506 2745 3607 2798 est,
3636 2751 3671 2806 q
3709 2751 3756 2788 as

2196 2832 2437 2888 concedit
2470 2840 2526 2882 ut
2548 2829 2640 2882 liat
2665 2829 2881 2897 aliquid.
2909 2827 3243 2881 Concedente
3273 2834 3451 2880 autem
3478 2824 3752 2878 VOllﬂllLtB

2195 2925 2307 2979 vult
2338 2925 2499 2987 Deus,
2533 2932 2589 2975 nt
2620 2922 2777 2975 homo
2803 2920 2890 2986 qui
2924 2919 3113 2973 melius
3153 2932 3257 2971 non
3291 2916 3586 2985 proposuit.
3618 2930 3703 2965 uno
3724 2941 3754 2956 -

2204 3033 2315 3071 rem
2343 3018 2521 3069 ducat.
2567 3011 2891 3065 [’ermittens
2935 3008 3177 3062 voluntas
3209 3017 3310 3068 est,
3339 3022 3457 3074 qua:
3496 3020 3642 3073 pcrai
3668 3012 3689 3056 t
3720 3005 3758 3054 3t

2201 3106 2395 3173 aliquid
2429 3092 2563 3163 ﬂeti,
2586 3101 2686 3154 etSi
2714 3098 2991 3165 displiceat
3014 3097 3351 3165 quandoque.
3379 3095 3448 3148 Et
3476 3097 3576 3147 hoc
3600 3111 3685 3147 ma
3723 3108 3755 3145 o

2203 3191 2393 3244 dicitur
2420 3189 2559 3240 Deus
2589 3185 2721 3239 velle
2765 3183 2925 3244 mala,
2953 3197 3071 3250 qua:
3118 3180 3377 3250 permittit
3425 3180 3559 3235 ﬁeri.
3607 3180 3758 3235 Unde

2202 3279 2397 3331 dicitur
2429 3293 2441 3327 :
2478 3276 2637 3338 Quem
2689 3271 2794 3325 vult
2846 3273 3100 3334 indurat,
3129 3281 3175 3322 et
3216 3272 3297 3321 cui
3344 3269 3446 3321 vult
3487 3270 3759 3324 miseretur

2202 3365 2377 3431 (Itoni.
2411 3379 2483 3423 is,
2508 3362 2614 3427 l8).
2652 3358 2979 3425 Augustinus
3008 3358 3073 3409 de
3104 3357 3322 3423 civitate
3356 3356 3447 3409 Dei
3472 3373 3487 3409 :
3512 3354 3641 3408 Cum
3673 3356 3758 3407 di-

2200 3454 2336 3504 citur
2367 3450 2504 3501 Dcus
2543 3458 2737 3499 mutare
2772 3445 3111 3509 voluntatem,
3164 3454 3217 3496 ut
3249 3446 3434 3513 quibus
3463 3444 3591 3497 lenis
3621 3455 3758 3509 erat,

2200 3540 2335 3591 τευ·ὺὶ
2393 3536 2559 3604 grati,
2609 3533 2857 3585 reddatur
2904 3547 3082 3599 asper;
3122 3530 3199 3582 illi
3249 3533 3417 3599 potius
3455 3547 3607 3599 quam
3652 3532 3759 3595 ipse

2201 3636 2487 3685 mutantur,
2520 3624 2653 3675 sicut
2686 3630 2914 3673 mutatur
2942 3620 3018 3672 sol
3048 3620 3211 3671 oculis
3243 3620 3510 3685 sanciatis,
3532 3629 3576 3671 et
3609 3634 3759 3681 asper

2201 3714 2578 3784 quodammodo
2602 3727 2664 3764 ex
2685 3710 2815 3773 m‘iti,
2844 3719 2890 3763 et
2922 3726 2984 3763 ea:
3011 3709 3298 3763 delectabili
3336 3710 3575 3763 molestus
3600 3710 3757 3778 ejﬁci-

2204 3813 2308 3859 tur,
2343 3816 2459 3852 cum
2498 3798 2605 3865 ipse
2636 3796 2775 3864 apud
2805 3812 2858 3849 se
2895 3808 3095 3849 maneat
3132 3797 3263 3848 idem
3288 3798 3373 3866 qui
3403 3796 3522 3865 fuit.
3552 3797 3759 3850 Dic't.:r

2202 3891 2361 3942 etiam
2393 3887 2635 3939 voluntas
2651 3884 2772 3949 Dei,
2800 3898 2960 3953 quam
2990 3884 3118 3937 facit
3147 3884 3201 3943 in
3230 3884 3477 3938 cordibus
3506 3884 3711 3937 obediei
3731 3911 3759 3927 -

2206 3980 2332 4033 tium
2367 3976 2630 4031 mandatis
2656 3973 2790 4041 ejus,
2836 3977 2901 4028 de
2942 3989 3043 4042 qna
3093 3972 3223 4027 dicit
3259 3974 3539 4042 Apostolus
3573 3992 3586 4027 :
3617 3974 3757 4028 Deus

2202 4068 2287 4137 qui
2316 4075 2556 4133 operatur
2590 4065 2640 4115 in
2668 4064 2807 4117 vobis
2836 4072 2880 4115 et
2912 4062 3034 4115 velle
3061 4060 3284 4131 (Philip.
3310 4078 3368 4124 tt,
3395 4063 3502 4131 15).
3553 4061 3690 4115 Scin
3716 4090 3760 4111 .-

2204 4157 2327 4208 dtnu
2359 4156 2495 4207 hanc
2520 4153 2843 4205 volnn'atem
2869 4150 3029 4203 etiam
3054 4150 3193 4204 velle
3224 4151 3442 4213 dicitur,
3474 4152 3616 4218 quod
3645 4151 3759 4219 ip~e

2206 4261 2309 4297 non
2345 4245 2476 4306 vult,
2507 4245 2599 4296 sed
2633 4244 2746 4311 ipse
2774 4255 2899 4293 suos
2930 4240 2979 4292 id
3012 4240 3244 4293 volentes
3274 4239 3402 4293 facit
3437 4256 3449 4292 :
3493 4240 3570 4294 sic
3596 4256 3783 4294 orans

556 4340 746 4407 homo;
779 4348 819 4397 si
851 4345 1122 4403 damnose,
1151 4354 1206 4393 ut
1238 4341 1604 4399 homicidium,
1641 4338 1717 4389 vel
1764 4337 2101 4395 adulterium,
2139 4343 2180 4394 1)
2206 4348 2301 4400 pio
2327 4333 2641 4399 quihusdam
2668 4330 2753 4397 pie
2785 4337 3075 4395 sancteque
3104 4328 3346 4396 lnspirati
3383 4328 3449 4382 ab
3474 4344 3539 4383 eo
3569 4339 3754 4383 sancta

561 4432 700 4497 quod
732 4431 838 4480 vult
872 4430 1028 4489 Deus,
1057 4429 1153 4479 hoc
1176 4437 1255 4479 est
1288 4424 1550 4491 pra-scivit
1579 4438 1591 4473 :
1617 4424 1707 4475 sed
1750 4426 1903 4474 homo
1942 4423 2099 4473 etiam

563 4522 661 4572 hac
705 4518 971 4571 voluntate
1015 4518 1316 4575 damnatur,
1362 4513 1684 4580 prohibitqu
1731 4522 1809 4563 est
1856 4512 1994 4563 enim
2032 4510 2101 4562 ei.

564 4610 682 4663 Vult
708 4607 845 4660 Deus
882 4616 935 4657 ut
974 4617 1122 4673 pater
1162 4603 1385 4668 alicujus
1426 4602 1703 4664 moriatur,
1743 4601 1821 4653 vel
1859 4600 1969 4651 vult
2008 4599 2105 4650 ali-

562 4696 713 4763 cujus
743 4693 965 4745 hominis
1005 4701 1246 4748 mortem,
1280 4690 1417 4755 quod
1450 4689 1605 4739 homo
1645 4702 1747 4739 non
1778 4686 1887 4739 vult
1913 4684 2100 4738 allecto

568 4782 793 4837 naturali
834 4781 909 4832 vel
946 4781 1308 4845 compassione
1346 4777 1595 4844 proximi,
1641 4788 1692 4829 et
1736 4785 2100 4828 remuneratur

568 4890 629 4923 ex
670 4874 768 4924 hoc
805 4869 892 4921 tali
934 4871 1139 4933 atl'cctu,
1179 4869 1219 4919 si
1263 4870 1311 4920 in
1342 4867 1547 4919 caneris
1580 4866 1811 4934 regulam
1854 4876 1995 4918 recte
2023 4866 2099 4916 vi-

571 4962 721 5013 vendi
771 4975 871 5010 non
901 4958 1186 5009 excesstrit
1219 4974 1229 5005 :
1274 4959 1323 5009 iu
1358 4956 1603 5008 munibus
1652 4966 1823 5009 tamen
1852 4972 1965 5022 qua:
1992 4956 2101 5008 vult

571 5059 621 5098 et
653 5063 767 5112 qua:
800 5046 943 5105 facit,
979 5045 1163 5093 divinae
1193 5043 1441 5109 vplnntati
1491 5045 1812 5096 concordare
1860 5044 2099 5105 intendit,

572 5145 621 5182 t'l
658 5133 782 5183 nihil
821 5140 1001 5181 contra
1036 5146 1152 5178 cum
1191 5131 1359 5182 litt-ere
1382 5131 1645 5197 disponit;
1692 5133 1810 5197 quia
1840 5142 1961 5183 tunc
1994 5141 2109 5181 tan-

577 5231 680 5271 tum
717 5228 797 5269 est
834 5218 966 5267 bona
1010 5218 1247 5267 voluntas
1294 5220 1536 5280 humana,
1575 5222 1784 5286 quando
1828 5220 1930 5271 vult
1984 5222 2104 5271 illud

576 5310 708 5373 quod
741 5310 871 5359 licus
904 5308 1009 5357 \nlt
1040 5308 1176 5356 illam
1206 5308 1333 5357 velli:
1365 5326 1375 5358 :
1407 5321 1453 5360 et
1484 5311 1557 5363 sic
1590 5312 1871 5364 eotnzot'tlal
1898 5312 2105 5369 divitia',

580 5415 690 5457 qua:
727 5399 971 5463 magistra
1000 5409 1073 5449 εει
1106 5397 1361 5448 humanm.

2207 4422 2501 4486 voluntate,
2528 4430 2581 4473 et
2610 4420 2750 4488 quod
2785 4426 2941 4471 orant
2976 4433 3078 4470 non
3113 4418 3257 4471 facit.
3300 4418 3599 4472 Secundum
3630 4432 3758 4471 vero

2204 4511 2527 4562 voluntatem
2560 4522 2731 4571 suam,
2760 4521 2877 4575 qua:
2910 4504 3025 4573 ejus
3054 4507 3399 4574 praescientim
3436 4507 3760 4573 sempiterna

2202 4609 2301 4663 est,
2330 4600 2501 4651 omnia
2550 4612 2862 4667 quwcunque
2904 4596 3059 4648 roluit
3090 4597 3229 4663 fecit,
3282 4613 3383 4649 non
3413 4595 3583 4650 solum
3620 4604 3757 4662 prte-

2205 4690 2377 4751 terita,
2425 4687 2504 4739 vel
2536 4686 2836 4754 pnesentia,
2880 4686 2969 4737 sed
2996 4685 3153 4737 etiam
3196 4684 3393 4738 futura.
3441 4685 3755 4753 Gregorius:

2208 4777 2343 4829 Deus
2369 4776 2471 4827 vult
2509 4791 2679 4826 omnes
2714 4774 2941 4825 homines
2978 4773 3142 4825 salvos
3168 4775 3301 4839 ﬁeri,
3325 4774 3377 4824 id
3400 4786 3470 4824 cst
3500 4771 3627 4823 nulli
3654 4773 3736 4824 sal

2210 4876 2415 4927 runtur,
2455 4865 2551 4914 nisi
2594 4879 2721 4929 quos
2770 4862 2870 4913 vult
2921 4862 3131 4925 sulruri,
3175 4862 3249 4914 rel
3298 4864 3360 4912 de
3399 4864 3537 4913 omni
3579 4878 3760 4929 genere

2208 4954 2466 5004 hominum
2492 4952 2651 5017 aliqui
2674 4948 2954 5002 salvantur.
2988 4950 3075 5003 Vel
3112 4952 3211 5002 rult
3241 4967 3411 5003 omnes
3434 4951 3603 5002 salvos
3622 4951 3757 5017 fieri,

2209 5045 2259 5093 id
2284 5053 2355 5093 cst
2398 5059 2495 5093 non
2534 5043 2663 5108 cogit
2699 5040 2918 5108 aliquem
2947 5041 3204 5099 damnari.
3250 5040 3395 5098 Item.
3430 5042 3494 5092 de
3538 5041 3762 5109 conjuge

2213 5130 2407 5181 inlideli
2438 5130 2750 5184 dituittrnlo
2803 5130 2904 5181 dici
2932 5138 3159 5196 oportet,
3224 5145 3323 5181 non
3353 5129 3601 5191 dimittat.
3634 5131 3759 5195 quia

2211 5221 2307 5270 utsi
2340 5220 2481 5281 licet,
2514 5236 2613 5271 non
2643 5220 2873 5287 expedit.
2917 5220 3042 5271 Item
3077 5222 3125 5271 in
3156 5221 3285 5272 libro
3319 5221 3391 5272 Dc
3419 5217 3758 5286 parvulorum

2216 5310 2474 5375 baptismo
2504 5328 2515 5359 :
2554 5310 2694 5360 Sicut
2729 5312 2859 5360 bono
2894 5310 3025 5361 mule
3065 5310 3136 5361 uti
3178 5310 3365 5361 malum
3405 5320 3495 5370 est,
3529 5310 3599 5360 sic
3620 5310 3761 5362 malo

2216 5402 2335 5448 bene
2368 5401 2436 5448 uti
2473 5402 2653 5449 (tonum
2686 5410 2774 5449 cst.

3873 6181 4178 6192 r—‘qﬁ—ﬁ
