4240 6186
378 342 1212 370 W7

1215 350 1526 362 ..υ--α-ο*

1413 214 1704 265 ιωκιιιδιῑ
1757 209 1838 262 l‘lT
1874 210 2459 280 l'L.\'ll0ilT.\TlOSE5.

2319 328 3112 353 W

2388 346 2636 356 m

366 223 470 277 835
1011 200 1015 208 ’
1243 235 1264 248 -ν
1413 214 1704 265 nouum
1757 209 1838 262 ilT
1874 210 2459 269 li.\'ll0:t'l'.\Tl0Nl~‘.5.
3423 200 3525 253 sse

789 485 1730 692 SANCTI
1975 477 3130 682 ANSELMI

445 835 468 876 ~l
1400 812 1944 872 CANTUANENSIS
1979 812 2478 867 ARCIIIEPISCOPI

621 985 1516 1190 OPEBUM
1653 1020 2214 1154 PARS
2333 917 3273 1156 SECUNnA

872 1349 1624 1534 ASCETICA.
1738 1354 1940 1474 ET
2039 1346 3066 1472 PAR/ENETICA

508 1734 1346 1921 HOMILI/E
1454 1737 1755 1958 ET
1831 1695 3457 1899 EXHORTATIONES

1755 1989 2047 2002 ——-——

686 2094 1026 2163 153-155
1055 2092 1325 2146 HOMI‘LIA
1353 2091 1582 2146 PRIMA.

361 2183 423 2238 lu
461 2199 613 2238 ILLUD
638 2183 1029 2236 Ecussusncr
1061 2196 1074 2231 :
1113 2179 1173 2232 Ia
1219 2182 1453 2233 omnibus
1495 2182 1714 2249 requiem
1771 2196 1917 2248 qua:-

434 2273 556 2331 sivi.
576 2282 620 2322 et
651 2271 703 2322 iu
733 2270 1031 2320 Iia'reditate
1073 2267 1182 2335 ejus
1205 2269 1462 2321 morabor.
1491 2267 1630 2319 Tunc
1654 2267 1913 2334 pra'cepit,

438 2370 486 2412 et
525 2359 653 2410 dixit
686 2357 809 2408 milii
850 2355 1062 2407 (Σκαῖον
1098 2357 1354 2417 omnium;
1380 2365 1423 2407 et
1461 2355 1547 2424 qui
1596 2356 1783 2406 creavit
1814 2371 1915 2417 me,

437 2446 678 2513 requievit
709 2445 760 2496 in
787 2443 1116 2494 tabernaculo
1141 2459 1248 2494 meo
1274 2441 1460 2510 (Eccli.
1496 2445 1642 2502 sitv,
1672 2443 1780 2509 ll).

440 2533 706 2601 Sapientia
733 2547 833 2585 non
863 2531 1109 2598 loquitur,
1139 2545 1296 2598 quam
1338 2529 1617 2598 Apostolus
1647 2529 1915 2582 Christum

365 2634 490 2676 esse
528 2628 768 2679 testatur,
798 2618 975 2669 dicens
1003 2633 1015 2668 :
1052 2618 1308 2667 Christum
1362 2616 1456 2666 Dei
1485 2617 1714 2668 virtutem
1751 2626 1796 2667 et
1824 2613 1918 2666 υθὶ

362 2709 672 2776 sapientiam
737 2705 804 2773 (l
839 2704 1047 2768 Con-1,
1079 2704 1209 2772 ‘24).
1269 2704 1538 2770 Sapientia
1593 2718 1740 2772 ergo,
1797 2719 1917 2772 qua:

364 2794 615 2848 Christus
650 2803 748 2853 est.
775 2795 822 2844 id
867 2805 947 2844 est
985 2794 1251 2844 incuruata
1300 2790 1386 2844 Dei
1426 2791 1705 2859 sapientia,
1735 2792 1911 2846 dicit:

368 2881 436 2935 In
459 2882 690 2936 omnibus
713 2882 934 2950 requiem
960 2881 1185 2948 qua'siri.
1223 2879 1342 2932 Post
1397 2879 1630 2932 laborem
1660 2895 1787 2932 vero
1837 2895 1916 2934 re-

366 2973 526 3040 quies
551 2971 684 3023 solet
720 2972 904 3037 quaeri.
960 2970 1214 3022 Dominus
1265 2980 1440 3022 autent
1494 2972 1543 3021 iu
1594 2981 1662 3023 se'
1701 2972 1913 3039 quidem

366 3059 582 3125 (unctus
615 3065 671 3110 et
706 3057 1149 3108 incommutabilis
1173 3065 1254 3108 est
1285 3072 1298 3118 ;
1341 3057 1430 3109 sed
1464 3066 1639 3109 tamen
1667 3058 1916 3111 laborare

366 3155 618 3206 testatur,
681 3160 801 3196 cum
847 3145 1004 3197 duras
1048 3145 1316 3197 hominum
1370 3149 1658 3212 pravitates
1707 3146 1915 3207 tolerat,

368 3238 558 3290 dicens
589 3237 804 3288 cuilibet
859 3235 1079 3287 talium:
1123 3234 1398 3287 Prwbuisti
1448 3237 1572 3287 usi/ii
1608 3231 1830 3288 laborem
1865 3237 1917 3288 iis

369 3324 730 3393 iniquitatibus
779 3325 880 3376 tuis
910 3323 1043 3391 (lsa.
1073 3339 1222 3384 XLIII,
1249 3324 1359 3389 24).
1389 3323 1492 3376 Sed
1518 3334 1572 3376 et
1604 3324 1727 3377 dum
1757 3340 1917 3392 appa-

1942 2090 2198 2158 Apossit.
2232 2089 2398 2159 Negat
2435 2099 2608 2154 autem
2660 2091 2729 2144 illi
2788 2093 2841 2144 in
2899 2108 2956 2146 se
3009 2095 3268 2164 requiem,
3334 2099 3559 2164 quinos

2014 2177 2126 2230 vult
2150 2191 2178 2229 a
2209 2177 2360 2231 malis
2389 2178 2640 2246 operibus
2676 2188 2730 2232 ct
2760 2181 3040 2236 desideriis
3082 2198 3318 2249 cessare,
3348 2196 3404 2238 ut
3431 2187 3481 2241 in
3505 2203 3561 2243 se

2014 2263 2187 2318 locum
2210 2264 2402 2332 quietis
2431 2267 2535 2318 Deo
2555 2275 2711 2334 queat
2735 2267 2990 2334 pratbere.

2086 2350 2154 2402 Et
2205 2352 2257 2403 iu
2305 2353 2635 2416 itwreditae,
2709 2354 2909 2421 inquit,
2965 2357 3079 2424 ejus
3127 2359 3384 2412 morabor.
3435 2360 3560 2429 Ejus

2019 2439 2237 2506 respicit
2277 2450 2329 2492 ct
2353 2440 2414 2490 ad
2441 2441 2696 2507 requiem.
2722 2453 2775 2495 et
2799 2444 2863 2495 ad
2903 2447 3025 2508 hoc,
3051 2448 3190 2513 quod
3236 2465 3394 2515 supra
3415 2451 3556 2504 dixe-

2018 2536 2146 2581 rat:
2187 2528 2296 2597 Ego
2345 2545 2408 2580 ex
2456 2545 2545 2614 ore
2595 2529 2847 2582 ΑΙιίδεὶιηί
2885 2534 3073 2598 prodii,
3133 2546 3191 2587 ut
3240 2538 3560 2607 intelligatur

2019 2616 2132 2670 haec
2180 2617 2461 2669 lncreditas
2507 2625 2559 2669 ct
2614 2619 2814 2686 requiei
2863 2628 2915 2672 et
2977 2622 3257 2686 Altissimi,
3322 2626 3562 2681 vid-licet

2017 2705 2309 2758 electorum
2358 2705 2658 2769 multitudo,
2713 2722 2848 2774 quos
2891 2708 3003 2776 ipsa
3034 2711 3342 2766 Altissimus
3384 2715 3448 2767 ad
3491 2716 3566 2769 vi-

2019 2791 2245 2845 dendam
2277 2807 2384 2844 sua:
2408 2793 2739 2846 celsitudinis
2768 2795 2986 2861 gloriam
3007 2799 3311 2853 elevatosiu
3339 2817 3570 2868 superno

2015 2896 2179 2948 regno
2225 2881 2534 2947 possidebit,
2588 2882 2769 2947 sicque
2803 2886 3182 2949 perpetualiter
3234 2889 3570 2956 requiescere

2017 2966 2192 3018 faciet.
2220 2969 2306 3018 Ait
2338 2968 2516 3034 itaque
2546 2986 2557 3021 :
2594 2967 2659 3019 lu
2682 2971 2982 3022 lia-reditate
3029 2973 3144 3039 ejus
3200 2977 3460 3027 morabor.
3491 2980 3568 3030 At:

1974 3095 1976 3097 μ
2015 3055 2058 3106 si
2082 3055 2222 3106 dicat
2255 3071 2268 3105 :
2305 3053 2357 3106 In
2396 3055 2641 3107 omnibus
2688 3057 2911 3121 quidem
2940 3060 3153 3124 qua-sivi
3210 3062 3466 3127 requiem,
3504 3063 3566 3114 li-

2016 3150 2101 3211 cet
2131 3157 2236 3194 non
2266 3159 2317 3194 in
2345 3145 2590 3207 omnilms
2621 3155 3048 3210 perseverantem
3075 3161 3191 3198 eam
3231 3149 3560 3212 invenerim;

2017 3231 2110 3282 sed
2136 3231 2190 3282 in
2219 3231 2324 3295 his,
2367 3232 2456 3298 qui
2501 3232 2727 3298 prazsciai
2786 3243 2910 3284 sunt
2970 3235 3253 3287 luereditas
3309 3237 3418 3296 Dei,
3459 3253 3564 3290 mo-

2020 3320 2192 3377 rabor,
2221 3319 2269 3370 id
2296 3329 2373 3376 est
2394 3329 2798 3387 perseveranter
2820 3330 2867 3372 ct
2894 3337 2994 3373 nou
3017 3323 3083 3374 ad
3107 3323 3290 3374 horam
3321 3329 3563 3379 maiebo.

369 3411 483 3465 ruit
511 3411 563 3463 in
601 3412 809 3464 mortali
845 3425 1027 3474 carne,
1054 3409 1327 3474 laboravit
1366 3425 1430 3462 ex
1461 3419 1639 3463 nostra
1664 3405 1667 3409 ’
1694 3411 1918 3463 inlirmi-
1953 3403 1993 3455 Β
2017 3406 2074 3460 In
2101 3409 2202 3461 illis
2233 3409 2372 3460 enim
2405 3424 2506 3460 non
2544 3418 2780 3461 moratur
2809 3409 2901 3461 Dei
2929 3411 3211 3477 sapientia,
3243 3414 3330 3480 qui
3355 3416 3418 3466 ad
3445 3426 3572 3468 tem-

373 3508 502 3552 tate.
548 3500 671 3552 Ideo
725 3509 844 3562 post
876 3501 1319 3552 resurrectionem
1372 3515 1522 3552 suam
1572 3501 1622 3551 in
1672 3500 1916 3552 omnibus

370 3587 618 3654 quaesivit
640 3586 895 3652 requiem,
921 3595 976 3637 ut
1010 3586 1058 3637 in
1083 3586 1315 3637 omuium
1345 3585 1444 3637 tidc
1477 3593 1526 3636 ct
1553 3585 1685 3637 bona
1708 3585 1917 3636 actione

375 3677 753 3742 requiesceret.
787 3674 916 3726 Nam
946 3675 994 3726 in
1026 3675 1216 3741 quibus
1239 3676 1484 3727 omnibus
1515 3676 1749 3742 requiem
1775 3690 1917 3741 qua»

371 3764 579 3825 siverit,
646 3763 798 3815 docet
845 3742 1244 3828 prainittendo:
1287 3760 1350 3812 In
1404 3762 1541 3812 omni
1589 3773 1723 3814 terra
1780 3764 1914 3822 steti,

371 3863 421 3904 et
449 3852 500 3904 in
529 3853 663 3903 omni
685 3856 892 3920 populo,
924 3861 968 3900 et
995 3849 1044 3900 in
1071 3851 1208 3900 omni
1256 3857 1398 3915 gente
1424 3851 1701 3915 primatum
1737 3849 1912 3911 habui,

373 3953 423 3993 et
455 3942 680 3993 omnium
722 3939 1074 3991 excellentium
1113 3947 1156 3990 et
1195 3937 1486 3990 subimium
1531 3940 1687 3990 corda
1736 3939 1916 3991 virtute

372 4029 572 4082 calcari
626 4029 811 4094 (Ereti.
854 4044 997 4091 χχιιι,
1029 4028 1101 4095 9).
1157 4028 1380 4094 Moxque
1435 4026 1740 4095 subjungit:
1778 4027 1916 4078 Elia

373 4117 612 4168 omnibus
639 4117 854 4183 requiem
877 4116 1101 4183 qua'siri.
1127 4115 1182 4167 In
1209 4117 1453 4167 omnibus
1479 4131 1604 4183 ergo
1630 4115 1839 4183 populis
1866 4123 1918 4167 et

374 4206 626 4274 gentibus
656 4207 815 4257 totius
837 4206 1001 4266 orbis,
1029 4214 1080 4258 et
1111 4207 1159 4258 iu
1186 4206 1391 4258 eunetis
1425 4207 1636 4274 regibus
1677 4221 1738 4258 ac
1772 4205 1914 4270 [rin-

341 4362 343 4365 ι
376 4296 604 4362 cipibas,
632 4311 852 4363 quorum
877 4296 974 4346 sibi
1000 4295 1155 4347 conia
1188 4297 1394 4348 tandem
1422 4295 1648 4364 subegit,
1683 4294 1915 4363 requiem

377 4382 1058 4453 quaesivit..lnvenitautem
1095 4383 1146 4434 in
1177 4383 1256 4435 his
1277 4385 1533 4448 requiem,
1577 4385 1664 4452 qui
1698 4398 1919 4451 peccare

376 4470 680 4534 desierunt,
721 4480 774 4523 et
821 4481 1005 4524 sancte
1043 4486 1103 4522 ac
1147 4471 1288 4537 juste
1330 4473 1527 4524 vivunt.
1572 4472 1669 4537 Qui
1727 4474 1779 4525 in
1819 4489 1916 4536 eo,

375 4557 521 4624 quod
554 4557 603 4607 in
634 4556 877 4608 omnibus
904 4558 1109 4624 papulis
1137 4567 1188 4610 et
1210 4558 1511 4610 nationibus
1565 4567 1725 4626 atque
1753 4559 1916 4610 subli-

377 4645 574 4705 mibus,
636 4645 686 4697 id
733 4655 815 4696 cst
867 4645 916 4697 in
962 4645 1286 4698 sublimitate
1345 4645 1656 4713 dignitatum
1709 4646 1912 4713 positis,

2018 3512 2118 3563 pus
2165 3497 2407 3559 credunt,
2448 3505 2502 3549 et
2541 3498 2592 3548 in
2644 3509 2880 3564 tempore
2937 3501 3243 3554 tentatiouis
3277 3504 3568 3558 recedunt:

2018 3586 2108 3638 scd
2147 3587 2197 3637 in
2243 3587 2318 3638 eis
2360 3595 2614 3648 moratur,
2674 3602 2806 3652 quos
2848 3590 2898 3640 iu
2947 3589 3181 3642 bonitate
3233 3592 3357 3644 facit
3405 3609 3572 3660 usque

2017 3674 2068 3725 iu
2109 3675 2264 3726 linem
2307 3689 2672 3742 perseverare.
2741 3675 2872 3727 lliuc
2920 3687 3000 3727 est
3051 3679 3191 3742 quod
3230 3678 3294 3730 de
3329 3680 3572 3745 quolibet

2019 3762 2198 3814 talium
2239 3763 2399 3814 dicit:
2454 3762 2744 3825 Veniemus,
2811 3774 2856 3814 et
2905 3766 3218 3818 mansionem
3274 3766 3409 3834 apud
3453 3784 3568 3819 eunt

2017 3849 2265 3916 faciemus
2298 3849 2476 3916 (Joan.
2516 3863 2622 3912 xw,
2653 3848 2767 3914 25).

2088 3937 2337 4004 Sequitur
2364 3955 2375 3989 :
2404 3937 2543 3988 Tunc
2572 3938 2829 4006 praecepi”,
2857 3949 2903 3990 et
2925 3939 3056 3991 dixit
3087 3940 3208 3992 milii
3232 3939 3446 3993 Creator
3463 3957 3571 3996 om-

2019 4035 2192 4090 nium;
2221 4038 2265 4080 et
2288 4029 2374 4095 qui
2403 4029 2590 4079 creavit
2626 4043 2720 4090 me,
2753 4029 2984 4096 requiei-it
3016 4028 3064 4080 iu
3088 4031 3414 4084 tabernacu'o
3438 4049 3568 4098 meo,

2018 4127 2064 4170 et
2088 4118 2222 4169 dixit
2249 4117 2373 4168 milii
2397 4131 2416 4168 :
2446 4115 2510 4168 In
2534 4115 2693 4168 Iacob
2733 4116 2984 4177 iultabita,
3013 4127 3058 4168 et
3081 4119 3131 4169 iu
3157 4117 3321 4171 Israel
3354 4120 3571 4172 Ita'redi-

2018 4213 2212 4264 tare.et
2245 4206 2295 4256 iu
2322 4203 2491 4256 electis
2514 4204 2638 4255 meis
2691 4203 2834 4256 mitte
2889 4205 3107 4256 radices.
3163 4204 3322 4269 Tunc,
3379 4205 3567 4274 inquit,

2019 4307 2137 4344 cum
2181 4305 2278 4359 ego
2310 4291 2544 4357 requiem
2589 4290 2640 4342 in
2671 4291 2917 4343 omnibus
2968 4307 3281 4359 qumrerem,
3344 4293 3448 4359 ille,
3480 4296 3568 4362 qui

2018 4380 2218 4434 creavit
2273 4395 2477 4441 omnes,
2507 4387 2560 4431 et
2582 4379 2669 4446 jus
2709 4380 2866 4432 habet
2920 4380 2968 4431 in
2999 4381 3261 4443 omnibus,
3305 4383 3566 4436 neminem

2018 4469 2127 4523 Vult
2153 4469 2608 4538 perire,prazcepit
2664 4469 2789 4518 milii
2831 4469 2955 4535 quid
3007 4469 3058 4520 in
3112 4470 3194 4521 his
3230 4484 3479 4536 agerem:
3512 4480 3566 4523 et

2017 4560 2104 4627 qui
2129 4575 2208 4610 me
2246 4573 2454 4626 quoque
2485 4572 2579 4624 pro
2612 4572 2793 4610 eorum
2833 4557 3000 4609 salute
3049 4561 3234 4608 crearit
3275 4558 3562 4610 secundum

2023 4649 2428 4710 humanitatem,
2504 4649 2613 4715 ipse
2664 4649 2901 4716 requievit
2963 4649 3014 4698 iu
3049 4648 3378 4700 tabernacu’o
3430 4664 3560 4702 meo.

381 4734 618 4801 requiem
646 4749 703 4787 se
733 4734 858 4786 dicit
899 4736 1170 4800 qumsisse.
1225 4737 1487 4804 significat
1515 4737 1566 4788 in
1598 4751 1913 4803 unaquaque
1945 4716 1986 4771 δ
2019 4737 2265 4790 Creatmn
2302 4751 2360 4787 sc
2395 4734 2541 4797 dicit,
2582 4735 2704 4802 quia
2735 4738 2891 4787 hamo
2943 4734 3112 4788 factus
3138 4744 3238 4794 est.
3271 4737 3358 4802 qui
3401 4753 3557 4806 supe-

378 4822 640 4875 subccelo
660 4833 816 4892 gente
873 4822 1061 4874 multos
1113 4824 1285 4890 palam
1333 4825 1498 4886 cerui,
1537 4825 1626 4893 qui
1670 4840 1916 4891 perverse

379 4907 678 4973 vivant;et
700 4926 897 4979 paucos
930 4911 1070 4962 velut
1127 4927 1288 4978 grana
1330 4913 1427 4963 sub
1472 4913 1638 4980 paleis
1664 4914 1911 4974 inveniri.

378 4995 470 5064 qui
499 4997 629 5050 bene
657 5008 834 5065 agant.
866 5000 973 5051 lloc
1001 4998 1137 5050 enim
1188 5000 1460 5066 qmcritnr,
1493 5002 1631 5067 quod
1665 5001 1789 5053 latet
1817 5017 1915 5054 nec

381 5083 622 5138 habetur.
680 5089 780 5140 Sed
811 5097 862 5140 et
888 5090 937 5139 in
963 5089 1196 5156 quolibet
1235 5089 1298 5140 ad
1330 5091 1484 5140 vitam
1543 5091 1914 5157 prmdestinalo

379 5173 571 5241 quau-it
593 5174 834 5229 Christus
856 5179 952 5230 sibi
986 5180 1240 5245 requiem,
1261 5179 1380 5230 dum
1411 5179 1583 5232 adhuc
1604 5191 1909 5247 peccantem

382 5277 506 5316 eum
563 5274 850 5330 exspectat,
895 5274 948 5316 et
993 5267 1070 5318 vel
1124 5267 1397 5334 praeceptis
1445 5281 1534 5318 seu
1593 5268 1827 5327 monitis,
1860 5277 1914 5321 ct

386 5351 672 5411 miraculis,
698 5363 747 5402 et
780 5356 1060 5418 prosperis,
1113 5366 1164 5406 et
1191 5358 1424 5408 adversis
1470 5359 1636 5422 ipsum
1692 5370 1912 5409 conrer-

387 5447 501 5494 tere
521 5452 572 5494 et
601 5442 751 5492 talem
795 5443 963 5492 facere
1011 5447 1203 5503 studet,
1255 5454 1305 5495 ut
1366 5447 1415 5497 in
1469 5460 1531 5498 co
1578 5445 1910 5514 requiescere

627 5535 890 5591 Ρλτηοι..
925 5532 1181 5590 CLVIII.

2019 4827 2128 4878 rius
2181 4831 2483 4877 asscruerat
2505 4837 2560 4875 se
2590 4830 2710 4875 ante
2742 4823 2929 4876 sucula
2964 4825 3196 4889 genitum
3225 4839 3252 4875 a
3283 4824 3458 4887 Patre,
3481 4829 3563 4878 di-

2014 4929 2143 4968 cens
2167 4931 2180 4964 :
2208 4912 2314 4980 Ego
2357 4912 2605 4979 sapientia
2641 4927 2704 4963 ex
2741 4927 2827 4963 ore
2855 4911 3104 4962 Ληίδδὶιηὶ
3149 4912 3339 4976 prodit,
3369 4905 3594 4979 primo?

2014 5005 2182 5075 genita
2210 5016 2380 5057 autem
2414 5013 2532 5055 ante
2558 5018 2753 5054 onmem
2776 5016 3064 5055 creaturam
3092 5003 3280 5072 (Eccli.
3302 5019 3455 5063 atxtv,
3483 5004 3558 5070 5).

2017 5090 2436 5146 Taberuaeulum
2461 5105 2584 5142 vero
2606 5089 2759 5157 hujus
2773 5090 3039 5157 sapientiae
3057 5099 3136 5143 est
3152 5105 3340 5157 corpus
3356 5101 3558 5139 assum-

2020 5191 2188 5250 ptum,
2215 5179 2280 5231 de
2308 5195 2413 5246 quo
2439 5178 2569 5230 alias
2603 5179 2797 5231 dicitur
2826 5199 2840 5232 :
2875 5178 2936 5230 In
2959 5180 3064 5232 sole
3110 5183 3276 5246 posuit
3317 5179 3556 5229 taberna-

2019 5270 2188 5322 culum
2217 5283 2367 5319 suum
2411 5266 2580 5334 (I’sal.
2636 5283 2788 5330 xvltl,
2838 5268 2913 5331 6),
2951 5269 2998 5320 id
3028 5279 3101 5320 est
3151 5271 3200 5318 in
3237 5265 3556 5317 manifestis-

2021 5360 2154 5411 sima
2181 5357 2404 5417 visione,
2449 5372 2638 5424 corpus
2686 5373 2857 5407 suum.
2893 5357 2942 5407 In
2981 5357 3074 5406 hoc
3108 5353 3446 5404 tabernaculo
3477 5367 3560 5402 rc—

2017 5445 2214 5515 quievit
2265 5443 2420 5496 Pater
2443 5483 2456 5502 .
2489 5446 2608 5510 quia
2643 5445 2837 5498 nullum
2879 5445 2927 5495 in
2955 5457 3014 5494 eo
3039 5451 3311 5504 peccatum
3338 5441 3558 5502 invenit,

3025 5531 3139 5587 19·
