4240 6192
641 303 741 356 587

1014 302 1069 354 S.
1102 299 1389 353 ANSELMI
1431 297 1772 351 CANTUAﬂ.
1818 255 2124 346 :MECIHEP.
2162 291 2309 344 OPP.
2339 289 2511 342 PARS
2539 289 2599 342 ll.
2631 289 3074 343 MPARJENET.
3118 290 3199 342 ET
3230 288 3462 343 ASCET.

3708 291 3811 347 588

639 410 779 481 qnmt
809 426 928 465 enm
959 384 1245 462 olieuderct
1276 424 1294 470 ;
1324 408 1414 460 sed
1450 421 1659 460 omnem
1687 403 1903 475 jnstitiac
1950 402 2176 469 plenitu-
2206 426 2249 485 Λ
2280 400 2553 453 relevat-et.
2587 398 2649 450 Et
2683 416 2839 467 usque
2865 400 2932 451 ad
2959 400 3184 465 futurum
3234 398 3479 449 circulum
3529 414 3628 448 non
3672 403 3807 450 desi-

639 507 839 565 tlinem,
863 502 912 553 in
940 514 1039 567 qua
1068 496 1447 552 delectabiliter
1472 496 1785 561 quiesceret.
1812 493 1959 546 Unde
1988 500 2042 542 et
2062 491 2136 543 ait
2160 506 2172 541 :

642 591 743 643 llic
768 600 838 641 est
862 586 1028 639 Filius
1060 600 1201 637 meus
1228 583 1468 648 dilectus,
1512 584 1565 635 in
1611 598 1710 650 quo
1750 580 1873 634 mihi
1896 579 2015 630 bene
2041 595 2179 631 conl-

638 679 811 748 placui
836 675 1047 745 (Matth.
1075 688 1207 737 xvn,
1232 673 1285 741 5)
1321 690 1335 738 ;
1368 684 1526 740 atque
1563 672 1813 739 prepheta
1840 686 1852 720 :
1887 667 2177 736 Requiescet

638 782 792 834 super
834 779 949 817 eum
1000 762 1220 831 Spiritus
1269 762 1476 814 Domini
1524 760 1655 827 (lsa.
1698 773 1773 821 XI,
1800 756 1876 823 2).
1922 756 2183 823 Loquitur

638 856 834 921 itaque,
882 852 1018 917 sicut
1053 860 1107 904 et
1154 864 1311 920 supra
1369 848 1563 901 dictum
1617 853 1718 909 cst,
1775 846 2049 898 incaruata
2090 844 2178 896 Dei

637 940 929 1017 sapientia,
974 947 1027 992 ct
1072 937 1243 991 Patris
1290 935 1508 1004 gloriam
1553 933 1603 985 in
1658 933 1904 985 omnibus
1937 944 2180 999 qnmreus

637 1031 828 1084 asserit
850 1044 967 1083 eum
996 1026 1092 1080 sibi
1136 1024 1329 1079 dixisse
1361 1041 1373 1074 :
1428 1024 1487 1074 In
1517 1021 1701 1085 Jacob,
1722 1062 1725 1063 ν
1748 1030 1849 1075 etc.
1880 1018 2059 1083 Iacob,
2088 1019 2177 1086 qui
2224 1081 2227 1083 ,

637 1117 1408 1187 supplantatorinterpretatur,
1454 1112 1693 1180 designat
1734 1111 2042 1172 luctatores,
2087 1108 2176 1176 qui

638 1209 762 1261 vitia
818 1220 940 1260 cum
984 1204 1165 1273 labore
1214 1201 1552 1269 supplantant
1601 1200 1653 1252 et
1703 1197 1976 1264 dejicluut.
2016 1194 2177 1248 Israel

634 1304 836 1357 autem,
876 1292 965 1361 qui
992 1288 1299 1345 rectissimus
1341 1289 1462 1352 Dei,
1511 1288 1620 1345 sive
1667 1286 1742 1339 uir
1787 1285 1959 1337 videns
2020 1281 2175 1332 Deum

629 1387 844 1449 dicitur,
881 1383 998 1437 illos
1020 1378 1375 1459 qui.‘subactis
1419 1375 1554 1445 vitiis
1578 1372 1882 1459 perftgztptu,
1910 1374 2065 1435 prout
2090 1364 2175 1459 ias

629 1484 728 1538 est,
754 1448 1135 1527 rectitudiuem'
1155 1464 1272 1517 vita:
1296 1468 1531 1520 servant.
1558 1467 1611 1510 et
1649 1455 1803 1523 156
1839 1448 2135 1517 contempla
2152 1478 2168 1490 -

630 1563 763 1617 tioni
793 1558 1023 1614 student.
1048 1553 1111 1606 In
1158 1550 1319 1603 Iacob
1363 1561 1505 1615 ergo,
1532 1546 1582 1597 id
1616 1552 1696 1596 est
1719 1544 1770 1595 iu
1808 1538 2173 1604 luctatoribus,

628 1651 852 1711 habitat,
882 1632 954 1697 ut,
988 1642 1065 1697 eis
1112 1638 1186 1690 ait
1227 1633 1505 1702 Apostolus
1539 1650 1551 1683 ε
1606 1630 1854 1682 Habitare
1910 1625 2170 1677 Christum

2278 502 2392 538 nam
2418 501 2436 548 ,'
2484 485 2606 552 quia
2647 483 2801 540 nullis
2856 485 3046 539 diaboli
3095 485 3488 546 tcntatEOuilius,
3553 484 3811 550 nullisque

2280 584 2630 643 tyrannorum
2684 574 3139 641 pcrsccutiouibus
3174 572 3289 626 ﬁeri
3331 573 3527 641 poterit
3565 581 3621 623 ut
3652 571 3811 625 Chri-

2280 663 2449 723 stiana
2479 661 2662 727 religio
2696 677 2799 713 non
2831 664 3080 729 perduret
3140 674 3304 729 usque
3331 659 3396 711 ad
3430 657 3605 711 mundi
3631 658 3813 711 termi—

2279 764 2424 810 num,
2466 756 2682 816 promer
2730 763 2886 813 quam
2916 759 3095 801 creata
3141 763 3255 801 sum
3292 755 3416 799 ante
3454 743 3631 797 mundi
3666 743 3805 808 prin-

2279 836 2493 905 cipinm.
2547 834 2657 888 Hoc
2678 845 2757 887 est
2788 836 2927 887 enim
2958 836 3096 903 quod
3140 844 3192 888 et
3221 834 3354 887 infra
3404 833 3595 885 dicitur
3625 845 3638 882 :
3688 830 3811 884 Not

2276 922 2505 973 desinant
2527 920 2578 971 in
2594 920 2859 987 progenies
2879 919 3104 982 illorum,
3134 935 3292 987 usque
3313 920 3367 987 in.
3384 934 3550 993 ‘a'vum
3577 926 3808 968 sanctum

2279 1007 2463 1076 (Eccli.
2493 1022 2635 1069 xxw,
2655 1006 2765 1074 46).
2806 1005 2910 1059 Sed
2948 1014 2999 1058 ct
3025 1006 3075 1058 in
3107 1006 3425 1074 Evangelia:
3457 1007 3589 1059 Ecce
3608 1022 3697 1074 ego
3724 1022 3811 1057 vo—

2277 1093 2468 1145 biscum
2495 1110 2606 1146 sum
2644 1094 2875 1145 omnibus
2922 1092 3097 1144 diebus
3142 1109 3299 1161 usque
3323 1094 3389 1145 ad
3419 1092 3812 1147 consummatio-

2277 1197 2388 1233 nem
2418 1182 2593 1234 strculi
2615 1182 2825 1250 (Matth.
2860 1196 3045 1245 xxvnt,
3078 1180 3187 1250 20).

2345 1268 2412 1320 Et
2442 1271 2495 1321 in
2541 1271 2853 1322 habitatione
2905 1281 3083 1322 sancta
3134 1285 3309 1322 coram
3354 1270 3466 1336 ipso
3506 1268 3809 1321 ministrari.

2275 1354 2668 1409 Habitatioucm
2719 1366 2956 1411 sanctam
2991 1359 3119 1411 dicit
3159 1356 3511 1412 habitaculum
3571 1366 3808 1412 sanctum

2274 1443 2419 1507 cmli,
2449 1445 2534 1497 ubi
2562 1444 2826 1529 ministrat
2867 1459 3047 1498 coram
3099 1447 3206 1502 Deo
3265 1445 3497 1515 pontifex
3539 1445 3708 1498 factus
3755 1447 3811 1496 in

2274 1541 2550 1586 aeternum.
2603 1532 2753 1589 Unde
2802 1542 2857 1586 et
2907 1534 3191 1601 Apostolus
3238 1535 3349 1587 ait:
3410 1533 3530 1586 Non
3576 1537 3707 1587 enim
3754 1536 3811 1586 in

2274 1622 2570 1689 manufacta
2589 1633 2768 1675 sancta
2791 1622 2939 1676 Jesus
2960 1624 3202 1688 introivit,
3218 1622 3528 1691 exemplaria
3544 1623 3807 1681 berorum;

568 1732 573 1737 ’
630 1754 720 1807 per
746 1708 898 1804 ﬁdem
927 1734 981 1783 in
1034 1725 1268 1778 cordibus
1310 1722 1489 1774 vestris
1528 1716 1737 1788 (Ephes.
1782 1730 1862 1779 ιιι,
1906 1714 2011 1781 l7),
2047 1727 2174 1807 qua—
2205 1714 2247 1771 Β
2275 1710 2362 1762 sed
2405 1709 2899 1807 incretum,
2932 1719 3018 1807 Ant
3039 1720 3280 1778 appareat
3332 1708 3679 1807 nunc'mvltltui
3717 1708 3810 1807 Dei

632 1802 790 1879 ienus
825 1821 1030 1879 sciiicet
1058 1814 1173 1883 ejus
1215 1813 1410 1865 virtute
1446 1806 1739 1863 coulortati
1779 1804 1984 1874 possint
2015 1802 2180 1854 victo-

632 1928 718 1968 res
742 1912 876 1965 ﬁeri.
930 1907 994 1960 In
1022 1901 1188 1956 israel
1236 1914 1363 1953 vero
1417 1896 1777 1956 hrcreditatur,
1831 1891 1882 1945 id
1925 1899 2007 1945 est
2060 1903 2179 1958 per-

634 2003 925 2071 fectosjam
960 1981 1076 2071 lion
1123 1993 1417 2046 amissurus
1471 1978 1807 2042 haereditario
1837 1981 1958 2049 jure
2012 1979 2179 2048 possi—

635 2097 743 2154 det,
800 2090 888 2155 qui
936 2086 1044 2152 jam
1102 2081 1289 2150 sopitis
1331 2078 1474 2132 \‘itiis
1528 2076 1780 2143 optimam
1825 2072 1925 2125 sibi
1972 2077 2215 2136 partem.

634 2178 931 2246 elegerunt,
997 2187 1116 2242 quze
1155 2186 1260 2224 non
1297 2166 1566 2220 auferetur
1613 2162 1680 2216 ab
1727 2157 1983 2246 eis.-lloc
2005 2165 2056 2209 et
2086 2169 2179 2246 per

630 2242 826 2326 .lsaiam
849 2265 959 2334 ipse
981 2263 1059 2317 sic
1086 2261 1158 2313 ait
1185 2275 1198 2311 :
1239 2256 1380 2325 Opus
1421 2266 1663 2308 manuum
1684 2262 1913 2334 mearum
1945 2242 2177 2334 Assyrio,

637 2330 909 2407 [Hereditas
936 2358 1103 2411 autem
1132 2362 1242 2399 utea
1275 2341 1438 2402 Israel
1463 2340 1598 2411 (ιω.
1644 2351 1754 2393 ιιι.
1780 2333 1893 2401 25).
1940 2330 2179 2397 Assyrius

634 2439 773 2494 enim
823 2437 1044 2504 dirigens
1099 2433 1496 2498 interpretatur,
1567 2421 1877 2491 signiﬁcans
1928 2431 2049 2470 eum
2089 2414 2179 2482 qui

560 2528 563 2537 '
632 2510 945 2595 pravitatem
987 2520 1233 2574 vitibrum
1284 2514 1527 2569 luctando
1553 2518 1776 2595 conatur
1816 2504 2130 2574 supplodere
2160 2540 2175 2565 ,

636 2630 691 2672 et
716 2634 773 2672 se
816 2615 1080 2684 dirigere:
1114 2622 1165 2665 et
1219 2611 1343 2664 huic
1370 2614 1453 2662 est
1482 2620 1615 2674 opus
1661 2594 1910 2657 manuum
1963 2595 2179 2684 Christi,

640 2709 693 2758 id
716 2714 797 2758 est
824 2682 1141 2769 adjutoriutu
1173 2696 1288 2763 ejus
1335 2695 1386 2747 in
1435 2706 1491 2746 se
1522 2688 1783 2743 maculis
1811 2703 1828 2749 ;
1860 2682 2025 2738 Israel
2056 2696 2183 2736 vero

636 2798 745 2863 jam
777 2791 985 2862 quietus
1011 2785 1320 2842 basrcditate
1368 2781 1684 2850 possidetur.
1733 2774 1952 2827 Radices
1975 2783 2184 2863 quicque

580 2924 581 2927 η
636 2856 889 2938 Salva-tor
916 2880 971 2935 in
996 2876 1167 2930 electis
1221 2867 1425 2933 mittit;
1474 2883 1539 2921 ne
1579 2866 1646 2918 ab
1694 2876 1880 2917 eorum
1937 2856 2181 2912 cordibus

626 2984 872 3037 .nnquam
924 2964 1074 3018 avelli
1121 2959 1306 3031 possit,
1356 2958 1504 3025 juxta
1545 2952 1671 3005 illud
1723 2948 1958 3037 Apostoli
2052 2944 2178 3008 Quis

643 3035 746 3111 nos
771 3052 1024 3123 separabit
1068 3049 1395 3103 a'churitate
1453 3040 1695 3096 Christi?
1756 3035 2063 3098 Tribulatio,
2108 3048 2178 3085 an

642 3144 900 3212 angustia,
952 3155 1019 3191 an
1058 3134 1357 3206 persecutio,
1413 3148 1480 3184 an
1524 3130 1724 3211 fames,‘
1763 3142 1831 3179 an
1857 3124 2083 3185 auditas,
2113 3136 2181 3172 an

642 3210 943 3302 periculum,
992 3244 1058 3281 an
1108 3226 1309 3294 gladius
1335 3223 1359 3273 2
1384 3220 1554 3291 (Rom.
1604 3232 1717 3270 vni.
1749 3213 1872 3302 35.)»
1902 3212 2001 3278 Qui
2042 3210 2182 3265 enim

647 3300 886 3388 separari
936 3315 1074 3368 valet
1102 3329 1132 3365 a
1169 3311 1429 3365 charitate
1452 3305 1675 3369 Chri’sti,
1736 3305 1791 3355 in
1832 3300 1945 3369 ejus
2002 3304 2185 3352 metite

649 3408 890 3462 Christus
916 3403 1110 3455 radices
1136 3414 1238 3453 non
1274 3397 1438 3450 misit.
1594 3422 1595 3427 η
1758 3418 1759 3421 η
2114 3406 2119 3413 ί

718 3490 1009 3559 Sequitur:
1060 3486 1134 3538 Ab
1168 3485 1311 3537 initio
1346 3493 1393 3535 et
1423 3490 1540 3540 ante
1583 3476 1773 3532 stecula
1829 3483 2000 3527 creata
2047 3488 2183 3539 sum,

598 3638 603 3641 ,
650 3593 694 3637 et
719 3596 874 3647 usque
936 3576 1003 3629 ad
1048 3574 1278 3642 futurum
1328 3568 1571 3622 saeculum
1629 3581 1730 3618 non
1777 3563 2030 3623 desinam,
2056 3569 2100 3611 et
2131 3560 2184 3610 in

651 3646 967 3725 habitatione
1004 3672 1177 3717 sancta
1205 3674 1379 3713 coram
1422 3658 1531 3725 ipso
1578 3651 1881 3706 ministravi.
1927 3649 1992 3701 Et
2033 3648 2107 3701 sic
2132 3646 2186 3698 in

652 3757 777 3811 Sion
801 3755 1008 3821 ﬁrmata
1036 3764 1167 3811 sum,
1199 3755 1243 3798 et
1269 3746 1319 3795 in
1349 3743 1550 3797 civitate
1579 3737 1901 3802 sanctiﬁcata
1950 3732 2187 3821 similiter

636 3819 892 3912 requievi,
916 3846 962 3890 et
1000 3836 1051 3888 in
1080 3832 1365 3887 Jerusalem
1407 3838 1629 3897 potestas
1694 3839 1827 3877 mea.
1860 3821 1925 3873 Et
1954 3819 2184 3912 radicavi

646 3905 917 3995 in'populo
952 3921 1315 3987 honori/icato,
1349 3927 1394 3970 et
1434 3916 1487 3968 in
1508 3922 1651 3983 parte
1670 3910 1765 3963 Dei
1792 3911 1889 3961 mei
1913 3905 2185 3995 lnrreditas

649 3994 809 4084 illius,
832 4025 878 4071 et
916 4016 969 4067 in
987 4009 1297 4082 plenitudine
1333 4015 1627 4059 sanctorum
1673 3998 1891 4052 detentio
1933 4010 2066 4047 mea.
2112 3994 2185 4045 Ab

652 4106 798 4169 initio
834 4100 1035 4165 mundi,
1057 4108 1103 4152 et
1137 4107 1254 4148 ante
1282 4092 1472 4153 (stvcula
1525 4084 1950 4158 praedestinaudo
1995 4095 2188 4134 secun-

654 4196 774 4249 dum
808 4189 1192 4245 humanitatem
1247 4191 1422 4237 creata
1454 4186 1534 4233 est
1559 4178 1671 4229 haec
1724 4171 1982 4241 sapientia
2016 4182 2174 4236 ;quo-

2276 1813 2367 1865 pro
2412 1796 2555 1849 nobis
2601 1790 2784 1865 (Hebr.
2811 1811 2890 1860 ιι,
2932 1795 3054 1860 24);
3098 1804 3154 1851 et
3198 1809 3453 1850 rursum:
3489 1792 3662 1846 Talem
3712 1794 3813 1862 ha-

2284 1883 2454 1933 bemus
2483 1881 2792 1949 ponti/icem,
2819 1882 2904 1950 qui
2930 1882 3155 1934 consedit
3196 1884 3251 1935 in
3300 1882 3508 1934 dextera
3543 1881 3678 1934 sedis
3701 1896 3812 1933 mn-

2276 1966 2559 2035 gnitudinis
2586 1968 2639 2018 in
2669 1967 2827 2031 caelis,
2875 1976 3167 2022 sanctorum
3216 1969 3467 2031 minister,
3501 1976 3549 2020 et
3579 1966 3816 2019 taberna-

2278 2056 2379 2107 culi
2402 2056 2502 2108 veri
2521 2055 2656 2123 quod
2672 2055 2785 2121 ﬁxit
2806 2054 2968 2120 Deus,
2987 2065 3032 2108 et
3054 2072 3155 2109 non
3169 2057 3315 2108 homo
3334 2054 3514 2124 (Hebr.
3533 2070 3649 2118 vni,
3667 2055 3813 2121 1,2).

2276 2146 2409 2199 Nam
2436 2146 2577 2214 quod
2608 2146 2695 2200 hic
2721 2145 2933 2211 dicitur,
2964 2146 3017 2198 in
3058 2145 3370 2198 habitatione
3412 2154 3590 2195 sancta
3641 2158 3816 2219 coram

2293 2234 2421 2298 ipso,
2455 2234 2567 2293 hoc,
2589 2241 2671 2285 est
2716 2234 2855 2299 quod
2894 2232 3170 2299 Apostolus
3199 2233 3293 2295 ait,
3322 2234 3379 2283 in
3408 2232 3569 2296 ipsum
3611 2233 3813 2293 cte'mn,

2277 2331 2332 2373 ut
2356 2331 2599 2389 appareat
2639 2337 2773 2373 nunc
2822 2320 2981 2373 vultui
3030 2319 3126 2373 Dei
3163 2335 3255 2387 pro
3282 2320 3426 2372 nobis
3459 2334 3471 2346 '
3491 2326 3544 2375 et
3570 2318 3707 2386 quod
3730 2317 3817 2370 hic

2278 2407 2539 2471 subditur,
2584 2407 2888 2471 ministravi,
2926 2407 3208 2475 Apostolus
3238 2408 3365 2461 dicit
3406 2419 3698 2459 sanctorum
3720 2406 3819 2457 mi-

2280 2495 2440 2547 nister
2492 2504 2541 2547 et
2572 2495 2912 2547 tabernaculi
2951 2496 3074 2557 veri.
3127 2494 3192 2548 Et
3241 2509 3308 2549 ne
3353 2494 3472 2548 talis
3500 2494 3818 2548 ministratio

2279 2590 2558 2650 putaretur
2598 2582 2795 2650 aliquid
2841 2583 3155 2651 abjectionis
3212 2584 3429 2651 habere,
3476 2584 3624 2637 sedet
3652 2582 3703 2634 in
3729 2595 3819 2634 ea-

2280 2672 2399 2724 dem
2438 2671 2564 2724 sede
2619 2685 2737 2724 cum
2776 2684 2861 2735 eo,
2920 2672 3098 2724 coram
3134 2685 3238 2737 quo
3255 2679 3317 2735 ,οι
3341 2672 3424 2724 cui
3456 2671 3739 2733 ministrat,
3762 2676 3839 2730 et,

2281 2757 2427 2809 sedet
2448 2758 2505 2809 iu
2530 2758 2736 2809 dextera
2776 2765 2925 2824 parte
2948 2758 3015 2817 ad
3056 2757 3269 2810 honoris
3295 2756 3582 2818 cumulum.
3626 2755 3725 2819 Qui
3762 2763 3819 2809 et

2281 2841 2455 2894 subdit
2497 2858 2509 2892 :
2564 2839 2631 2892 Et
2653 2841 2726 2892 sic
2772 2843 2823 2892 in
2846 2838 2969 2893 Sion
2995 2842 3202 2908 ﬁrmata
3248 2857 3385 2895 sunt.
3446 2841 3573 2895 Sion
3623 2841 3819 2894 dicitur

2284 2926 2491 2995 specula
2535 2936 2589 2981 et
2655 2928 2952 2997 speculatio,
2981 2938 3034 2983 et
3057 2929 3318 2998 signiﬁcat
3367 2929 3509 2983 illam
3544 2933 3817 2984 beatorum

2283 3016 2534 3085 patriam,
2587 3013 2735 3082 cujus
2768 3016 3099 3071 habitatores
3148 3032 3252 3072 non
3302 3027 3508 3071 cessant
3539 3017 3821 3072 manifeste

2283 3104 2542 3175 speculari
2575 3105 2796 3172 gloriam
2818 3106 2910 3159 Dei
2944 3121 2959 3169 ;
3000 3107 3087 3160 ubi
3114 3107 3400 3161 secundum
3433 3108 3819 3161 humanitatem

2282 3196 2362 3249 sic
2400 3198 2639 3249 ﬁrmatus
2677 3205 2758 3248 est
2801 3195 3057 3257 Christus,
3092 3206 3148 3247 ut
3184 3210 3339 3263 supra
3380 3196 3578 3250 dictum
3633 3206 3734 3258 est,
3765 3196 3820 3248 id

2284 3290 2367 3335 est
2422 3282 2611 3334 sedens
2645 3281 2818 3335 Patris
2867 3284 2934 3335 ad
2984 3284 3274 3347 dexteram,
3297 3292 3349 3336 et
3376 3298 3540 3353 agens
3582 3284 3821 3338 ministe-

2286 3371 2421 3423 rium
2455 3370 2737 3438 pontiﬁcis,
2774 3371 2915 3439 quod
2936 3380 3017 3425 cst
3042 3372 3317 3425 ostendere
3346 3372 3490 3426 Patri
3525 3388 3622 3441 pro
3664 3373 3820 3426 nobis

2286 3460 2570 3513 cicatrices
2596 3460 2869 3513 vulnerum
2916 3475 3024 3512 sua:
3057 3460 3337 3537 passionis.
3384 3460 3457 3512 De
3502 3474 3605 3527 qua
3628 3460 3739 3526 ejus
3762 3460 3819 3512 in

2286 3550 2529 3617 superuis
2574 3548 2688 3602 sine
2738 3548 2843 3602 ﬁne
2893 3550 3122 3604 manenti
3167 3549 3460 3603 ﬁrinatione
3492 3550 3689 3603 dictum
3732 3560 3825 3602 est.

2285 3636 2426 3689 Patri
2459 3652 2473 3687 :
2508 3634 2627 3686 Fiat
2651 3651 2830 3688 manus
2869 3645 2958 3688 tua
2980 3652 3131 3702 super
3150 3638 3315 3689 virum
3354 3637 3575 3689 dextera:
3598 3647 3721 3698 tute,
3767 3648 3816 3688 et

2284 3736 2436 3788 super
2461 3721 2631 3788 ﬁlium
2673 3721 2914 3787 hominis,
2953 3737 3101 3790 quem
3147 3722 3461 3789 conﬁrmasti
3514 3723 3604 3775 tibi
3645 3721 3816 3791 (Psal.

2291 3824 2472 3870 LXXIX,
2504 3809 2610 3877 l8).
2643 3808 2709 3862 Ει
2730 3810 2843 3877 ejus
2890 3824 3017 3864 voce
3053 3827 3067 3862 :
3109 3809 3437 3877 Conﬁrmasti
3476 3827 3555 3865 me
3597 3813 3651 3863 in
3693 3829 3819 3866 con-

2284 3909 2454 3966 spectu
2474 3908 2561 3950 tuo
2588 3899 2639 3949 in
2661 3908 2903 3951 teternum
2929 3899 3094 3969 (Psal.
3120 3916 3217 3964 XL,
3248 3900 3359 3970 15).

2357 3990 2609 4059 Sequitur
2644 4007 2656 4042 :
2689 3988 2755 4041 Et
2783 3991 2835 4042 in
2875 3990 3075 4041 civitate
3115 3989 3441 4056 sanctiﬁcata
3481 3990 3718 4044 similiter
3740 4007 3822 4044 re—

2285 4068 2468 4148 guievi.
2516 4078 2651 4144 Quia
2702 4078 2754 4131 in
2792 4077 3054 4140 Ecclesia,
3092 4091 3208 4145 qua:
3242 4085 3324 4130 est
3378 4078 3564 4130 civitas
3614 4078 3729 4144 Dei,
3766 4090 3823 4133 et

2288 4168 2559 4221 conversis
2600 4168 2966 4234 peccatoribus
3016 4165 3371 4231 sanctiﬁcata,
3423 4166 3652 4219 similent
3688 4170 3821 4221 utin

654 4282 795 4336 niam
833 4282 969 4333 Deus
995 4278 1059 4329 ab
1079 4275 1297 4329 exordio
1320 4284 1517 4331 rerum,
1544 4275 1596 4320 et
1616 4274 1738 4317 ante
1766 4272 1996 4349 temporp
2027 4273 2191 4312 satcu-
2222 4286 2265 4338 ι)
2291 4257 2491 4324 angelis
2534 4256 2767 4320 requiem
2813 4254 3056 4307 Christus
3108 4254 3326 4307 invenit.
3398 4253 3544 4306 Unde
3579 4265 3633 4309 et
3663 4252 3823 4311 oram

655 4367 785 4427 laria
836 4351 1261 4434 praedestinatum
1309 4355 1492 4409 habuit
1517 4354 1569 4405 in
1610 4356 1812 4403 secreto
1849 4345 2051 4434 consilii
2087 4345 2191 4434 sui,

656 4466 712 4509 ιιι
750 4430 978 4508 Verbum
1013 4449 1127 4515 ejus
1152 4461 1276 4500 caro
1300 4445 1469 4504 ﬁeret,
1498 4441 1547 4491 id
1570 4445 1651 4491 est
1674 4445 1729 4488 ut
1755 4434 1989 4487 omnium
2014 4430 2194 4483 Domi-

652 4557 753 4603 nus
785 4539 1006 4594 formam
1054 4535 1190 4588 servi
1223 4546 1316 4601 pro
1345 4530 1511 4583 servis
1542 4523 1860 4580 redimendis
1888 4519 2189 4573 miscricor-

654 4634 793 4687 diter
845 4633 1183 4687 assumeret;
1216 4630 1267 4673 et
1293 4618 1430 4688 quod
1472 4618 1536 4680 is,
1584 4614 1672 4682 qui
1709 4612 1832 4665 fecit
1878 4625 1995 4678 qua:
2024 4609 2197 4661 futura

635 4713 1134 4785 “sunt,vcertissime
1183 4710 1475 4764 iaciendum
1535 4703 1815 4771 disposuit,
1863 4701 1969 4771 iam
2011 4701 2060 4752 in
2086 4698 2198 4765 cjns

656 4815 936 4877 conspectu
969 4806 1163 4858 factum
1194 4799 1308 4855 fuit.
1351 4796 1437 4849 Sic
1466 4793 1626 4863 igitur
1654 4801 1772 4845 ante
1811 4790 1999 4843 sarcula
2047 4801 2193 4877 crea-

635 4892 734 4951 ‘rit
758 4888 878 4950 eum
929 4892 1211 4947 secundum
1250 4884 1654 4945 humanitatem,
1678 4881 1816 4935 sicut
1858 4878 2003 4946 elegit
2030 4891 2119 4929 nos
2144 4876 2197 4928 in

660 4990 768 5052 ipso
794 4976 1104 5038 antemuutli
1129 4976 1527 5030 constitutionem
1550 4969 1759 5040 (Ep/tes.
1787 4984 1824 5029 ι,
1850 4967 2003 5035 ι).Αι›
2031 4965 2195 5055 initio,

666 5074 715 5124 id
745 5080 825 5123 est
864 5084 929 5123 ex
968 5082 1069 5134 quo
1101 5074 1306 5117 creatus
1344 5070 1423 5114 est
1446 5061 1644 5127 primus
1678 5059 1855 5117 homo,
1887 5064 2078 5121 ethante
2103 5068 2199 5105 ste-

659 5160 801 5221 cula,
833 5157 883 5210 id
914 5167 993 5208 cst
1024 5170 1087 5207 ex
1116 5166 1217 5217 quo
1245 5150 1411 5211 lactus
1441 5156 1522 5201 est
1545 5147 1766 5214 primus,
1790 5154 1954 5197 creata
2002 5152 2100 5204 est,
2142 5149 2198 5194 ut

661 5244 910 5307 diximus,
974 5242 1084 5295 haec
1135 5238 1432 5307 sapientia:
1483 5236 1570 5302 qui
1627 5244 1679 5286 et
1716 5233 1927 5300 quando
1973 5230 2194 5298 plasma-

662 5346 743 5388 tus
768 5342 845 5385 cst
876 5333 1053 5391 homo,
1089 5339 1145 5379 et
1172 5327 1379 5393 quando
1432 5334 1640 5379 creatus
1691 5331 1773 5376 est
1800 5321 2031 5391 angelus,
2062 5333 2195 5384 pra:-

662 5424 828 5472 Visum
860 5428 1016 5473 estut
1047 5417 1352 5485 Unigenitus
1391 5414 1478 5466 Dei
1521 5413 1806 5465 clementer
1832 5411 1988 5463 homo
2026 5409 2195 5468 ﬁeret,

664 5511 747 5572 qui
785 5526 948 5577 genus
991 5510 1301 5568 humanum,
1336 5504 1471 5572 quod
1505 5504 1731 5572 graviter
1776 5501 2028 5567 dejectum
2060 5505 2193 5559 erat,

2294 4360 2390 4396 nos
2414 4342 2613 4395 docuit:
2635 4339 2754 4391 Fiat
2780 4342 3007 4392 voluntas
3042 4351 3129 4393 tua
3149 4342 3276 4393 sicut
3304 4343 3355 4393 in
3385 4345 3505 4397 uelo
3533 4352 3577 4396 et
3606 4345 3657 4394 in
3684 4355 3823 4395 terra

2295 4432 2502 4503 (Matth.
2530 4447 2603 4494 γι,
2632 4431 2741 4499 10),
2763 4430 2811 4482 id
2841 4440 2920 4482 est
2964 4431 3098 4483 sicut
3137 4432 3185 4484 in
3224 4434 3443 4501 angelis,
3470 4434 3540 4487 ita
3570 4445 3622 4487 et
3649 4434 3698 4485 in
3720 4434 3821 4486 ho-

2295 4522 2542 4575 minibus.
2571 4520 2634 4571 Et
2663 4521 2714 4571 in
2744 4512 3051 4582 Jerusalem,
3105 4521 3294 4588 inquit,
3339 4531 3558 4589 potestas
3591 4538 3719 4575 mea.
3755 4522 3823 4575 In

2286 4616 2530 4678 superna
2579 4608 3022 4675 Jerusalem,qna:
3070 4624 3173 4661 non
3222 4608 3417 4663 frustra
3464 4612 3658 4665 dicitur
3697 4613 3838 4665 visio’

2292 4700 2467 4766 pacis,
2533 4698 2655 4765 quia
2711 4712 2918 4763 semper
2971 4699 3040 4751 ibi
3114 4714 3237 4753 vera
3296 4716 3394 4769 pax
3453 4702 3703 4766 cernitur,
3741 4715 3826 4756 est

2295 4797 2518 4854 potestas
2557 4787 2923 4853 Redemptoris
2950 4789 3134 4853 nostri,
3188 4791 3305 4857 quia
3344 4804 3527 4859 patens
3570 4800 3721 4844 estet
3748 4792 3823 4845 ibi

2292 4873 2471 4925 facere
2514 4873 2766 4940 quidquid
2813 4874 3051 4927 voluerit.
3100 4875 3234 4928 Hinc
3263 4878 3403 4929 enim
3447 4877 3518 4929 ait
3551 4876 3725 4930 :Data
3747 4889 3821 4931 est

2294 4960 2418 5012 mihi
2473 4962 2637 5012 omnis
2696 4970 2914 5027 potestas
2959 4964 3009 5015 in
3060 4964 3179 5015 cwlo
3231 4974 3276 5017 et
3327 4964 3378 5017 in
3419 4974 3555 5017 terra
3607 4965 3818 5034 (Matth.

2294 5049 2606 5115 xxvnr,18).

2366 5140 2652 5208 Sequitur:
2720 5140 2793 5193 Et.
2842 5144 3066 5196 ratlicavi
3110 5145 3161 5194 in
3210 5142 3393 5211 populo
3460 5143 3816 5209 honoriﬁcam.

2297 5229 2469 5281 Radix
2513 5230 2782 5298 sapientia:
2815 5240 2896 5284 cst
2930 5233 3009 5283 tiu
3026 5246 3113 5283 ere
3142 5231 3323 5282 Deum.
3354 5230 3577 5298 Pupulus
3609 5229 3816 5283 hoaori-

2297 5319 2483 5370 licatus
2528 5330 2606 5371 est
2642 5320 2921 5372 multitudo
2978 5318 3228 5381 ﬁdelium,
3266 5320 3455 5384 quibus
3480 5320 3553 5369 ait
3586 5317 3771 5368 Petrus
3798 5329 3817 5367 :

2307 5403 2453 5455 Vobis
2482 5406 2636 5471 igitur
2653 5406 2813 5456 honor
2851 5405 3163 5456 credentibus
3207 5404 3253 5471 (I
3282 5403 3422 5456 I’etr.
3451 5419 3506 5468 ll,
3541 5404 3613 5471 'l).
3658 5400 3818 5452 Radi-

2296 5495 2434 5548 cavit
2460 5509 2582 5562 ergo
2625 5494 2913 5563 Sapientia,
2964 5509 3078 5560 qua:
3108 5494 3344 5547 Christus
3382 5504 3481 5558 est,
3514 5496 3563 5543 in
3605 5494 3697 5544 hoc
3724 5505 3819 5555 po-
