4240 6252
226 472 235 486 ,
322 406 423 461 sso

1373 382 1676 443 llOMlLizl-l
1722 378 1802 432 [ST
1848 372 2433 431 l'LKllOl‘tTATiONl‘B.

3408 368 3510 423 590

320 514 482 581 pulo,-
523 511 644 581 quia
701 510 790 565 Dei
839 512 1082 565 timorem
1144 506 1486 563 credentibus
1549 500 1717 561 dedit,
1768 510 1863 563 per
1894 502 1935 557 Λ
1965 494 2303 562 cypressusin
2347 485 2822 581 manteSiouest
2874 481 3331 581 exaltatum-quia
3370 482 3513 581 Deus

321 616 474 670 quem
544 615 771 670 peccare
820 599 1097 658 desistant,
1145 594 1399 663 quoniam
1450 590 1606 641 timor
1652 584 1863 638 Domini

320 689 524 757 expellit
564 696 829 757 peccatum
869 685 1056 753 (Eccli.
1083 698 1121 745 ι,
1146 682 1277 747 27):
1337 691 1460 731 nam
1515 675 1603 743 qui
1654 673 1769 726 sine
1800 670 1865 723 ti-

321 792 469 831 more
520 786 622 839 est,
655 789 759 829 non
805 772 1001 842 poterit
1056 768 1363 837 iustiﬁcari.
1410 767 1583 820 Item:
1635 760 1865 830 Populus

323 865 703 919 honoriﬁcatus
773 868 855 917 est
898 868 1072 914 ccetus
1121 856 1510 925 religiosorum.
1556 853 1623 906 Et
1656 849 1867 913 inhoc

321 938 563 1008 Christus
592 954 662 1005 ita
712 949 989 1013 radieavit,
1053 954 1111 999 ut
1152 945 1310 999 evelli
1370 944 1494 997 inde
1567 939 1867 995 nullatenus

320 1046 510 1115 possit.
536 1042 686 1097 Fecit
713 1040 855 1095 enim
879 1039 1019 1108 quod
1051 1037 1295 1107 superius
1324 1050 1353 1088 a
1384 1034 1547 1089 Patre
1593 1032 1793 1086 dictum
1818 1027 1866 1082 ei

321 1129 513 1190 fuerat,
543 1130 609 1183 In
627 1130 797 1182 electis
819 1128 950 1182 meis
980 1128 1122 1181 mitte
1174 1127 1389 1179 radices.
1418 1123 1519 1188 Qui
1554 1116 1866 1187 etsubjun-

320 1222 391 1288 git
424 1237 437 1272 :
476 1218 535 1269 Et
563 1220 616 1271 in
642 1228 789 1287 parte
804 1218 899 1271 Dei
936 1218 1033 1271 mei
1056 1217 1329 1271 Inereditas
1373 1214 1535 1267 illius.
1568 1210 1750 1264 Partes
1775 1209 1868 1263 Dei

317 1320 438 1363 sunt
496 1308 785 1364 electorum
858 1307 1129 1383 Ecclesim,
1185 1306 1491 1373 diversique
1558 1311 1867 1359 sanctorum

318 1396 553 1459 ordines,
582 1406 636 1451 et
666 1398 800 1451 bene
832 1394 1119 1450 viventium
1142 1393 1305 1446 variae
1360 1391 1624 1445 actiones.
1682 1388 1782 1454 Qui
1815 1396 1870 1441 et

320 1484 568 1538 Christus
616 1484 755 1537 Dens
779 1476 882 1547 est,
921 1483 1045 1552 quia
1076 1489 1131 1537 et
1175 1480 1421 1534 Christus
1447 1479 1624 1532 homo.
1661 1476 1717 1529 ln
1752 1490 1869 1529 om-

320 1586 413 1626 nes
432 1585 559 1642 ergo
580 1571 674 1624 Dei
707 1582 885 1641 partes
940 1572 1173 1626 tenditur
1215 1569 1496 1623 haereditas
1540 1566 1871 1634 illius;quia

319 1669 581 1713 et-omnes
610 1659 857 1713 Ecclesia:
889 1657 1177 1727 iustorum,
1213 1666 1267 1712 et
1299 1657 1601 1726 quicunque
1623 1654 1671 1707 ei
1688 1653 1897 1719 lauda:

319 1750 497 1804 biliter
517 1750 568 1803 in
591 1748 750 1802 variis
774 1727 1266 1818 professionibus‘et
1294 1747 1591 1800 actionibus
1612 1743 1868 1807 serviunt,

1964 584 2136 651 ipsum
2174 582 2337 648 dedit,
2372 577 2702 643 utscriptum
2732 584 2833 637 est,
2870 588 3030 643 supra
3053 572 3232 651 omnia
3262 570 3514 638 Ecclesia

1961 672 2229 726 viriditate
2263 683 2473 738 semper
2508 664 2931 719 immarcessibili
2958 669 3290 727 vernantem,
3313 667 3366 715 et
3395 672 3517 728 per-

1963 763 2134 830 petuis
2176 761 2436 815 fructibus
2465 757 2849 819 abundantem,
2872 770 2936 809 ac
2958 750 3309 809 redolentiam
3359 752 3513 808 bona

1966 852 2116 905 fama:
2145 860 2500 920 spargentem.

2024 934 2330 1009 Sequitur:
2369 940 2531 1004 Quasi
2571 939 2743 1007 palma
2787 937 3015 991 exaltata
3065 951 3178 988 sum
3221 934 3275 988 in
3318 931 3506 988 Cades.

1967 1030 2129 1083 Gades
2160 1029 2536 1095 interpretatur
2573 1026 2863 1078 sanctitudo
2894 1040 2912 1077 :
2943 1023 3114 1091 palma
3143 1036 3267 1076 vero
3290 1021 3515 1076 inferius

1970 1127 2113 1171 tactu
2143 1129 2330 1183 aspera
2352 1121 2455 1178 est,
2484 1121 2539 1167 et
2562 1112 2707 1167 velut
2735 1112 2897 1165 aridis
2921 1110 3210 1166 corticibus
3231 1108 3510 1171 obvoluta;

1967 1204 2211 1275 superius
2260 1212 2438 1255 autem
2486 1210 2539 1253 et
2566 1200 2679 1252 risu
2714 1208 2767 1252 et
2795 1199 3322 1269 fructibuspulchra.
3375 1195 3518 1249 Inie-

1970 1297 2079 1350 rius
2112 1294 2373 1349 corticum
2434 1304 2651 1346 suarum
2698 1288 3113 1343 iuvolutionibus
3162 1296 3511 1357 angustatur;

1969 1387 2060 1441 sed
2076 1385 2331 1453 superius
2358 1380 2703 1451 amplitudine
2734 1378 2968 1448 pulchrae
3002 1378 3290 1432 viriditatis
3326 1378 3515 1431 dilata-

1970 1483 2072 1529 tur.
2110 1473 2199 1526 Sic
2238 1472 2491 1525 nimirum
2539 1468 2737 1523 Christi
2770 1476 2823 1521 ct
2873 1468 3233 1521 membrorum
3266 1468 3382 1536 ejus
3408 1468 3518 1522 vita

1972 1554 2190 1614 inferius
2214 1560 2483 1627 despecta,
2517 1568 2569 1609 et
2599 1554 2842 1623 superius
2866 1556 3119 1626 pulchra;
3151 1556 3203 1609 in
3229 1554 3347 1610 imis
3366 1557 3520 1624 quasi

1972 1650 2151 1704 multis
2179 1649 2468 1703 corticibus
2510 1645 2828 1707 obvolvitur,
2864 1646 2987 1699 dum
3034 1646 3328 1698 innumeris
3355 1644 3523 1698 tribu-

1973 1738 2258 1792 lationibus
2307 1726 2644 1806 angustatur;
2690 1735 2743 1787 iu
2796 1735 3018 1787 summis
3065 1749 3190 1813 vero
3219 1734 3367 1802 quasi
3403 1734 3524 1803 puL

323 1839 591 1892 inzeterna
635 1836 750 1903 ejus
774 1809 1082 1890 haereditate
1112 1843 1285 1888 erunt.
1342 1834 1405 1887 Et
1453 1835 1505 1887 in
1530 1832 1867 1904 plenitudine,
1900 1809 1944 1867 Β
1974 1828 2117 1882 chrze
2144 1827 2430 1881 viriditatis
2484 1825 2623 1878 foliis
2666 1824 3010 1891 amplitudine
3055 1809 3398 1880 beatitudinis
3426 1838 3523 1879 cx-

323 1925 512 1993 iuquit,
557 1932 850 1977 sanctorum
896 1924 1017 1987 erit,
1042 1923 1129 1977 ubi
1178 1921 1349 1977 nullus
1382 1936 1569 1977 eorum
1608 1921 1870 1986 defuerit;

323 2014 413 2067 sed
438 2012 701 2080 completo
722 2014 961 2079 ipsorum
996 2027 1216 2066 numero
1256 2012 1430 2066 omnis
1470 2026 1655 2065 eorum
1703 2020 1875 2065 cmtus

324 2104 583 2158 adunatus
603 2102 723 2156 erit.
753 2101 935 2171 Ibique
954 2102 1056 2155 erit
1084 2103 1371 2155 incaruata:
1401 2100 1675 2169 sapientia:
1701 2100 1875 2153 deten-

324 2194 414 2257 tio,
440 2193 564 2260 quia
588 2192 703 2246 sine
724 2191 828 2244 line
849 2190 1174 2245 detinebitur
1207 2190 1259 2243 in
1281 2191 1379 2255 eis,
1404 2190 1665 2243 delectata
1690 2202 1874 2242 eorum

325 2282 694 2337 meritismec
735 2280 801 2335 ad
829 2281 1102 2351 reprobos,
1152 2280 1241 2347 qui
1287 2279 1522 2333 damnati
1568 2276 1874 2346 eruut,jam

323 2373 526 2438 exibit;
554 2374 675 2441 quia
711 2371 933 2426 ulterius
968 2378 1441 2434 utconvertautur,
1491 2384 1587 2424 eos
1630 2384 1734 2423 non
1761 2384 1875 2422 mo-

326 2462 488 2515 nebit.

392 2550 683 2619 Sequitur:
726 2548 887 2615 Quasi
928 2538 1129 2602 ‘cedrus
1172 2548 1401 2603 excitata
1448 2564 1562 2601 sum
1598 2547 1651 2601 in
1678 2540 1877 2599 Libano

322 2648 368 2689 et
399 2637 909 2706 quasicypressusin
953 2643 1123 2689 nionte
1163 2636 1314 2690 Sion.
1359 2634 1509 2691 Sient
1551 2636 1742 2690 cedrus
1782 2649 1909 2713 sua.

321 2724 636 2778 celsi-tudine
674 2739 931 2793 superans
984 2726 1218 2779 oruuium
1254 2725 1476 2779 aliarum
1526 2724 1774 2779 arborum
1799 2724 1873 2777 al-

326 2815 576 2867 titudines
592 2817 801 2868 excelsa
828 2822 911 2867 est
932 2814 987 2867 in
1011 2823 1190 2869 monte
1222 2814 1451 2881 Libano,
1496 2815 1587 2883 qui
1620 2824 1701 2868 est
1722 2814 1880 2867 altior

325 2902 568 2955 omnibus
593 2901 711 2954 aliis
760 2902 1028 2955 montibus
1049 2910 1203 2955 terra:
1230 2903 1620 2971 promissionis,
1641 2912 1693 2957 et
1716 2902 1881 2955 inter-

324 3000 567 3059 pretatur
581 2991 879 3045 candidatio
898 2992 1004 3046 :sie
1019 2991 1074 3044 Μ
1077 2993 1277 3045 ediator
1292 2992 1381 3045 Dei
1391 3002 1437 3044 et
1449 2993 1711 3045 hominum
1724 2994 1879 3045 homo

327 3077 559 3131 Christus
582 3074 742 3132 Iesus
772 3077 823 3146 (l
852 3077 985 3131 Tim.
1002 3093 1063 3144 ιι,
1098 3078 1149 3145 5)
1171 3092 1330 3147 super
1346 3093 1556 3132 omnem
1584 3078 1873 3147 primorum

326 3168 696 3223 celsitudinem
725 3168 1033 3238 angelorum
1070 3169 1382 3235 sublimatus
1423 3178 1523 3233 est,
1549 3170 1637 3237 qui
1662 3179 1878 3238 propter

327 3255 605 3312 clariorem
628 3258 844 3313 luminis
864 3249 969 3327 quo
994 3256 1195 3326 fulgent
1220 3258 1525 3322 candorem,
1548 3258 1803 3319 Libanus,
1829 3260 1879 3313 id

327 3352 407 3397 est
446 3345 774 3412 candidatio,
818 3356 962 3400 recte
1000 3354 1280 3417 voeantur,
1333 3353 1385 3398 et
1414 3345 1623 3399 exteris
1666 3346 1882 3400 altiores

328 3434 647 3487 suut.llauc
686 3433 1228 3488 illiusexaltationem
1281 3435 1517 3488 declarat
1574 3434 1880 3502 Apostolus,

328 3536 577 3576 asserens
623 3524 745 3591 quia
807 3522 965 3578 Pater
1002 3538 1130 3579 eum
1178 3524 1457 3579 constituit
1501 3524 1571 3577 ad
1619 3526 1882 3579 dexteram

328 3600 478 3667 cutim
532 3616 585 3669 in
631 3616 940 3681 caleatibus,
983 3633 1143 3685 supra
1190 3632 1389 3669 omnem
1432 3618 1778 3686 principatum
1834 3628 1882 3669 et
1946 3616 1964 3632 ”

328 3714 652 3771 potestatem,
694 3714 740 3758 et
781 3707 1036 3771 virtutem,
1079 3715 1128 3759 et
1175 3705 1598 3768 dominationem,
1647 3714 1693 3757 et
1738 3720 1884 3757 omne

331 3794 521 3845 nomen
539 3796 675 3861 quod
724 3794 1021 3847 nominatur
1079 3811 1181 3847 non
1208 3796 1373 3847 solum
1427 3794 1480 3844 in
1525 3794 1621 3845 hoc
1667 3794 1880 3859 swculo,

333 3881 603 3933 sedetiam
626 3886 680 3935 in
728 3884 1027 3950 [κιαι-(κει
1052 3884 1223 3936 omnia
1273 3882 1485 3948 subjecit
1533 3883 1627 3935 sub
1670 3884 1883 3952 pedibus

333 3972 447 4039 ejus
467 3970 681 4039 (Ephes.
713 3987 752 4035 ι,
784 3972 1001 4041 20-22).
1018 3972 1092 4025 lta
1117 3972 1261 4025 velut
1282 3976 1471 4025 cedrus
1496 3983 1578 4027 est
1599 3974 1879 4035 exaltatus.

339 4062 442 4114 Cui
475 4060 549 4114 rei
572 4060 814 4128 congruit
834 4069 887 4115 et
914 4062 1053 4129 quod
1101 4062 1294 4114 cedrus
1333 4067 1414 4114 est
1437 4061 1800 4130 impntribilis,
1822 4076 1886 4115 ac

334 4150 651 4204 mirabiliter
689 4150 926 4216 redolet;
978 4154 1100 4220 quia
1147 4153 1392 4208 Christus
1433 4168 1594 4207 carne
1646 4154 1756 4223 jam
1805 4164 1887 4208 est

334 4237 673 4303 immortalis,
720 4247 774 4290 et
830 4239 1146 4292 suavitatem
1176 4235 1243 4292 'ex
1286 4256 1344 4294 se
1372 4241 1493 4293 miri
1523 4242 1725 4309 spargit
1758 4241 1887 4296 odo-

334 4329 432 4391 ris,
485 4343 589 4395 quo
633 4328 1162 4398 delectauturetipsi
1210 4332 1380 4400 angeli
1420 4340 1473 4384 et
1502 4330 1740 4399 spiritus.
1793 4333 1886 4387 Vel

1974 1917 2238 1987 panditur.
2276 1916 2453 1968 Palma
2479 1915 2618 1967 enim
2650 1914 2868 1967 minoris
2919 1913 3281 1981 amplitudinis
3328 1924 3519 1969 contra

1978 2013 2223 2058 naturam
2254 1987 2567 2057 camerarum
2600 2002 2848 2056 arborum
2895 2003 2963 2056 ab
3003 2002 3130 2055 imis
3178 2002 3416 2066 inchoat,
3467 2010 3525 2056 et

1970 2096 2119 2165 juxta
2146 2109 2324 2149 ramos
2352 2110 2415 2149 ac
2445 2094 2650 2148 fructus
2674 2093 2913 2162 ampliori
2954 2094 3142 2147 robore
3167 2095 3435 2166 exsurgit;
3464 2106 3522 2150 et

1975 2199 2094 2253 qua:
2125 2183 2295 2237 tenuis
2324 2184 2390 2237 ab
2427 2183 2547 2239 imis
2590 2183 2818 2251 proiicit,
2844 2184 3042 2255 vastior
3082 2185 3147 2238 ad
3170 2199 3375 2241 summa
3403 2199 3525 2240 suc-

1976 2273 2205 2326 crescit:
2239 2273 2363 2341 quia
2409 2272 2699 2327 electorum
2738 2273 3105 2338 conversatio,
3156 2275 3244 2342 qui
3284 2276 3525 2329 membra

1976 2362 2171 2416 Christi
2196 2373 2337 2425 sunt,
2371 2362 2489 2431 plus
2515 2361 2746 2415 ﬁniendo
2766 2354 2991 2431 peragit,
3024 2378 3183 2431 quam
3221 2363 3525 2420 inchoando
3568 2388 3573 2397 '

1956 2451 2246 2518 proponit;
2269 2457 2322 2504 et
2345 2450 2439 2518 ipsi
2463 2448 2773 2518 plerumque
2801 2450 3025 2518 tepidius
3048 2452 3219 2519 prima
3246 2451 3523 2518 inchoant,

1977 2534 2268 2592 ferventius
2296 2548 2533 2592 extrema
2563 2547 2957 2595 consummant.
2998 2540 3249 2596 Christus
3275 2558 3401 2612 ergo
3437 2544 3522 2598 vel

1980 2625 2031 2679 in
2056 2640 2122 2680 se
2142 2636 2197 2681 et
2234 2628 2285 2681 in
2317 2631 2427 2683 suis
2454 2630 2600 2697 quasi
2619 2624 2793 2697 palma
2830 2630 3090 2685 exaltatus
3121 2641 3200 2684 est
3232 2634 3289 2685 in
3331 2632 3520 2698 Gades,

1980 2714 2032 2768 id
2064 2724 2146 2770 est
2196 2716 2247 2769 in
2280 2716 2603 2770 sanctitate:
2638 2716 2761 2786 quia
2811 2718 2982 2771 sancti
3039 2733 3249 2788 semper
3301 2723 3365 2773 ad
3417 2723 3522 2775 alta

1978 2806 2306 2874 proliciendo
2332 2806 2630 2860 dilatantur
2650 2808 2704 2861 in
2732 2806 3039 2872 virtutibus,
3066 2818 3117 2862 et
3160 2816 3249 2880 qui
3285 2820 3470 2866 tenues
3495 2830 3525 2866 a

1980 2896 2159 2949 radice
2197 2896 2555 2951 inchoationis
2580 2907 2793 2961 exeunt,
2844 2898 3009 2953 fortes
3050 2898 3102 2954 in
3136 2900 3382 2955 culminis
3409 2916 3531 2970 per-

1979 2985 2207 3039 feczione
2234 2986 2637 3040 convalescunt.
2662 2987 2813 3052 Quod
2862 2989 2913 3042 in
2944 2991 3059 3057 ipso
3116 2991 3289 3059 capite
3322 2993 3525 3061 princi-

1976 3075 2169 3143 paliter
2194 3077 2452 3147 apparuit,
2484 3076 2606 3144 quia
2625 3077 2685 3128 'in
2713 3078 3015 3131 novissimis
3044 3080 3211 3134 tribus
3234 3083 3385 3136 annis
3410 3098 3493 3137 ma
3511 3114 3525 3123 ο

1974 3165 2089 3233 jora
2118 3174 2173 3220 et
2209 3166 2356 3234 plura
2404 3167 2592 3235 gessit,
2631 3180 2790 3235 quam
2833 3166 2885 3220 in
2912 3169 3056 3222 omni
3088 3178 3354 3224 transacto
3395 3180 3526 3226 tem-

1979 3271 2106 3324 pore
2122 3271 2240 3311 suo.

2052 3346 2361 3416 chuitnr:-
2399 3348 2467 3401 Et
2518 3354 2668 3417 quasi
2717 3351 2969 3421 plantatio
3019 3368 3148 3405 rosa:
3196 3354 3247 3405 in
3293 3351 3525 3408 Jcriclto.

1982 3435 2251 3491 Ptuntatio
2276 3455 2430 3505 rosce,
2490 3450 2543 3495 et
2574 3442 2682 3509 ipsa
2726 3441 2948 3495 inferius
2978 3453 3062 3497 est
3108 3445 3342 3512 spinosa,
3373 3460 3533 3517 sape--

1983 3527 2095 3582 rius
2119 3540 2296 3583 autem
2343 3528 2551 3597 ﬂorida,
2586 3532 2665 3586 sic
2688 3540 2743 3586 et
2770 3532 3013 3609 Christus
3051 3542 3133 3589 est
3183 3534 3405 3590 inferius
3434 3538 3531 3591 tri-

1982 3618 2311 3674 bulationum
2342 3608 2918 3689 Spinis'eircumdatus,
2957 3632 3117 3693 atque
3146 3626 3388 3694 superius
3411 3624 3529 3695 glo-

1984 3710 2061 3762 ria
2091 3720 2145 3763 et
2170 3712 2373 3765 honore
2412 3713 2718 3767 coronatus.
2765 3713 2974 3769 Jericlto
3008 3725 3208 3779 autem,
3240 3731 3359 3786 quze
3406 3718 3533 3771 luna

1983 3796 2198 3862 dicitur,
2242 3806 2295 3851 et
2350 3797 2506 3865 hujus
2552 3801 2734 3853 mundi
2764 3809 2815 3853 et
2846 3812 3042 3873 nostrae
3073 3805 3414 3859 mortalitatis
3439 3805 3545 3860 de-‘

1984 3885 2178 3938 fectum
2210 3886 2513 3952 exprimere
2538 3887 2693 3941 solet.
2742 3888 2996 3942 Dominus
3041 3905 3165 3959 ergo
3189 3892 3312 3960 quia
3338 3893 3532 3947 missus

1983 3988 2012 4024 a
2044 3972 2179 4027 caelo
2210 3980 2444 4027 nostram
2482 3974 2534 4027 in
2579 3975 2681 4029 hoc
2710 3976 2904 4029 mundo
2930 3978 3311 4031 mortalitatem
3339 3979 3529 4044 induit,

1984 4063 2135 4130 quasi
2180 4061 2391 4116 aliunde
2427 4071 2509 4117 est
2549 4074 2875 4133 assumptus,
2915 4076 2965 4121 et
3008 4070 3059 4119 in
3085 4069 3292 4122 Jericlto
3327 4069 3535 4138 planta-

1988 4159 2090 4204 tus.
2118 4150 2184 4204 Et
2214 4152 2264 4203 in
2297 4152 2397 4205 hoc
2441 4168 2573 4206 rosa:
2596 4163 2679 4229 est
2712 4154 3057 4229 assimilatas,
3087 4157 3331 4212 videlicet
3360 4158 3534 4213 humi-

1987 4238 2073 4302 lis,
2094 4246 2149 4292 et
2185 4240 2561 4307 punctionibus
2584 4223 2888 4309 passionum
2927 4224 3149 4307 Obsitus,
3184 4247 3275 4299 sed
3313 4238 3554 4303 tandem.

1986 4327 2229 4394 superius
2275 4328 2403 4380 ﬂore
2433 4343 2699 4397 purpureo
2727 4331 3000 4398 dignitatis
3044 4335 3199 4403 regite
3226 4335 3527 4393 decoratus.

331 4419 469 4471 sicut
510 4418 691 4470 cedrus
736 4427 819 4472 est
871 4419 1135 4474 εχειιιειιιιε
1156 4422 1209 4474 in
1244 4421 1463 4485 Libano,
1497 4422 1547 4475 id
1581 4431 1661 4476 est
1686 4423 1737 4476 in
1767 4439 1889 4477 can.
1916 4424 1966 4481 ι)
2064 4415 2352 4482 Sequitur:
2391 4416 2554 4481 Quasi
2581 4417 2711 4471 oliva
2738 4420 2963 4487 speciosa
2994 4422 3045 4475 in
3076 4426 3290 4492 campis.
3326 4426 3530 4481 Olivam

336 4506 612 4562 didatione
654 4507 1107 4575 sanctiﬁcationis,
1144 4512 1242 4565 hoc
1262 4521 1363 4576 est,
1392 4526 1577 4565 omnes
1601 4522 1812 4567 sanctos
1835 4514 1884 4566 in

336 4598 625 4650 sanctitate
660 4598 737 4650 sic
766 4600 1054 4666 superavit,
1117 4601 1465 4655 sicutcedrus
1511 4602 1730 4656 arbores
1773 4604 1888 4656 uni-

333 4698 526 4738 versas
568 4686 616 4738 in
656 4685 891 4740 Libano:
938 4690 1186 4755 quoniam
1228 4705 1311 4753 ea,
1359 4705 1475 4757 quae
1532 4692 1697 4761 gessit
1750 4691 1889 4745 inter

337 4772 606 4836 homines,
641 4774 710 4825 ita
735 4782 860 4826 sunt
904 4775 1157 4847 praeclara
1209 4785 1262 4829 et
1303 4776 1575 4844 sublimia,
1611 4787 1667 4830 ut
1710 4779 1887 4831 omnia

328 4864 601 4931 justorum
646 4863 721 4914 sic
759 4865 1136 4915 transcendant
1184 4865 1480 4930 cacumina,
1524 4874 1787 4933 quatenus
1835 4866 1886 4919 hi

336 4950 433 5019 qui
456 4950 675 5003 multum
700 4951 749 5003 iu
781 4950 887 5003 Deo
908 4952 1265 5018 profecerunt,
1293 4968 1510 5021 operum
1537 4954 1649 5019 ejus
1672 4955 1889 5023 vestigia

338 5042 428 5093 vix
460 5050 677 5111 tangere
705 5040 935 5104 valeant,
986 5042 1313 5096 admirantes
1354 5056 1422 5097 ex
1454 5045 1652 5098 vertice
1694 5045 1890 5111 cogita-

341 5130 522 5183 tionis.

414 5218 483 5269 Et
529 5222 673 5287 quasi
738 5238 1001 5292 cypressus
1054 5223 1105 5274 in
1152 5236 1318 5276 monte
1367 5223 1513 5276 Sion.
1570 5224 1719 5278 Mons
1764 5225 1889 5280 Sion

340 5303 587 5357 Ecclesia”
634 5321 938 5362 sanctorum
990 5320 1071 5363 est
1118 5311 1171 5362 in
1219 5312 1497 5365 altitudine
1541 5315 1791 5365 virtutum
1839 5323 1893 5367 et

344 5394 706 5461 speculatione
740 5401 1222 5469 contemplationis,
1270 5411 1323 5455 et
1380 5403 1617 5456 sollicita:
1664 5404 1893 5456 circum-

347 5486 669 5553 spectionis:
712 5489 863 5557 157
900 5507 1182 5559 cypressus
1230 5504 1407 5547 autem
1454 5495 1595 5546 oumi
1657 5505 1893 5561 tempore

348 5576 642 5629 virentibus
683 5591 863 5630 vernat
924 5581 1059 5635 foliis
1104 5593 1160 5636 ut
1192 5584 1367 5651 pinus,
1395 5594 1449 5639 et
1483 5584 1711 5637 fructum
1754 5600 1893 5638 scm-

353 5665 664 5736 pcr'hubel,
731 5683 791 5722 ac
852 5670 981 5724 bene
1030 5672 1249 5728 redolet.
1297 5674 1540 5731 Christus
1586 5689 1712 5745 ergo
1756 5674 1891 5729 sicut

1988 4506 2281 4573 speciosam
2306 4508 2357 4558 in
2382 4508 2587 4577 campis
2608 4510 2786 4563 videre
2815 4521 3007 4579 potest,
3035 4523 3085 4566 et
3108 4515 3158 4567 in
3182 4516 3296 4582 eius
3315 4526 3533 4587 aspectu

1989 4595 2261 4661 delectari,
2293 4597 2533 4665 quisquis
2561 4614 2654 4667 per
2684 4615 2867 4667 gyrum
2903 4612 2956 4654 et
2983 4603 3135 4671 longe
3163 4615 3215 4659 et
3238 4622 3401 4676 prope
3425 4609 3537 4663 fuc-

1991 4686 2059 4738 rit
2085 4702 2097 4737 :
2126 4686 2195 4737 ita
2218 4696 2269 4739 et
2292 4683 2567 4741 Christum
2611 4691 2842 4759 undique
2884 4694 3080 4746 mundo
3121 4696 3417 4763 expositum
3458 4696 3551 4750 vi;

1991 4773 2115 4826 dere
2146 4784 2340 4841 potest,
2379 4777 2510 4828 etin
2555 4776 2671 4843 ejus
2718 4778 2830 4830 visu
2885 4778 3153 4844 delectari,
3200 4782 3436 4850 quisquis
3466 4781 3533 4835 ad

1991 4878 2110 4917 eum
2140 4864 2366 4917 lideliter
2386 4874 2440 4918 ct
2462 4866 2544 4933 pie
2568 4866 2854 4933 aspexerit.
2882 4866 2933 4919 lu
2964 4868 3196 4935 qualibet
3216 4869 3361 4922 orbis
3380 4881 3534 4939 parte

1992 4952 2063 5005 sit
2085 4951 2241 5016 oliva,
2266 4954 2417 5019 pacis
2445 4962 2525 5006 est
2557 4955 2737 5005 nuntia
2770 4971 2781 5005 :
2822 4962 2876 5005 et
2920 4954 3078 5013 Isaias
3123 4955 3347 5008 miratur
3381 4959 3534 5026 pedes

1992 5040 2186 5093 Christi
2202 5042 2556 5093 annuntiantis
2577 5040 2964 5107 etpra’dicantis
2978 5044 3161 5109 pacem
3184 5042 3317 5110 (Isa.
3340 5060 3436 5113 LII,
3458 5048 3551 5119 7).-

1992 5130 2152 5198 Cujus
2200 5131 2357 5184 etiam
2410 5131 2767 5183 misericordia
2813 5144 2907 5198 per
2947 5130 3169 5196 olivam,
3202 5149 3319 5202 qua:
3369 5138 3538 5205 gignit

1992 5222 2185 5283 oleum,
2227 5222 2490 5289 designari
2532 5229 2734 5289 potest;
2774 5222 2897 5288 quia
2936 5231 2988 5275 et
3017 5223 3199 5279 Grazce
3239 5227 3402 5282 ελαίον
3436 5203 3554 5281 mi-"

1995 5310 2282 5365 sericordia
2315 5320 2568 5373 vocatur;
2610 5319 2663 5362 et
2709 5311 2882 5363 oleum
2934 5315 3161 5376 cunctis,
3211 5315 3415 5381 quibus
3438 5317 3555 5389 imo.

1993 5404 2263 5461 miscetur,
2313 5401 2605 5469 liquoribus
2629 5402 2862 5466 excellit,
2908 5403 3045 5456 sicut
3076 5414 3128 5457 et
3155 5403 3437 5457 Psalmista
3461 5402 3529 5455 de

1995 5494 2158 5559 ipsius
2197 5492 2403 5544 Domini
2445 5484 3123 5547 miserationibustestatur
3153 5512 3164 5546 :
3207 5493 3393 5546 Suavis
3426 5492 3505 5545 Do

1992 5584 2161 5642 minus
2207 5582 2486 5645 universis;
2541 5590 2583 5633 et
2613 5582 2958 5635 miserationes
3006 5580 3114 5646 ejus
3164 5596 3313 5646 super
3362 5580 3533 5633 omnia

1996 5693 2143 5745 opera
2169 5676 2279 5745 ejus
2313 5674 2480 5748 (l’snl.
2522 5690 2695 5740 exuv,
2731 5675 2781 5744 9)
2812 5693 2820 5723 :
2862 5683 2911 5725 et
2957 5672 3069 5724 ideo
3096 5685 3323 5738 congrue
3355 5665 3557 5726 ceruio‘
