4240 6210
692 337 787 393 591

1006 330 1062 385 S.
1105 325 1399 384 ANSELMI
1438 320 1781 379 CANTUAR.
1812 314 2124 410 QRClliEP.
2163 312 2313 369 υΡΡ..
2359 310 2533 365 PARS
2564 308 2625 363 ll.
2662 338 2732 349 --
2770 302 3136 361 PARASNET.
3172 304 3260 359 ET
3289 302 3533 360 ASCET.

3778 300 3885 355 59‘!

683 460 771 506 tur
799 449 853 501 in
873 445 1066 512 campis
1092 441 1250 509 hujus
1270 440 1424 493 oliva:
1451 437 1788 502 speciositas,
1811 433 1937 503 quia
1961 430 2051 499 qui
2081 443 2230 483 cam-
2261 437 2309 493 Α
2341 427 2517 496 ungit,
2541 423 2775 497 ejusdem
2805 420 3070 474 unctionis
3094 417 3225 470 odor
3258 416 3482 468 validius
3525 417 3577 467 in
3610 422 3724 469 toto
3751 416 3887 471 orbe

685 552 938 612 pestrem,
962 539 1012 591 id
1038 544 1115 590 est
1170 533 1326 584 latam
1349 537 1710 598 ctagrestem,
1741 535 1795 579 et
1816 529 1973 581 imam
2002 535 2226 575 convcr-

686 606 950 687 sationem
979 625 1195 683 habent,
1240 614 1603 686 bi‘przccipnc
1634 610 1999 667 misericordia
2041 606 2228 660 Salva-

688 717 819 771 toris
845 713 1098 779 indigent,
1130 716 1187 761 et
1221 707 1287 759 ad
1327 721 1444 758 eam
1484 704 1750 769 respicere
1778 697 1967 773 solent.
1999 694 2133 748 Oleo
2162 692 2229 745 ad

690 801 1022 873 repellendas
1045 798 1280 851 noctium
1312 791 1755 847 tenebrasluinen
1787 788 1967 850 alitur,
2002 784 2232 838 infirmi-

691 902 823 945 tates
858 890 1157 948 solvuntur,
1193 896 1246 939 ct
1277 884 1487 951 requies
1518 882 1671 933 lassis
1699 878 1989 931 tribuitur:
2021 878 2098 929 sic
2116 890 2234 945 gra-

688 984 762 1034 tia
803 956 1183 1033 misericordia:
1227 970 1523 1026 Salvator-is
1561 968 1731 1022 nostri
1778 967 1950 1021 lucem
2006 966 2129 1018 fidei
2180 973 2234 1019 et

691 1068 974 1126 cliaritatis
1000 1082 1061 1118 ac
1088 1062 1324 1118 scientiae
1356 1061 1406 1112 in
1438 1056 1603 1112 nobis"
1616 1057 1828 1119 alendo,
1855 1054 2100 1108 tenebras
2141 1068 2234 1105 no-

700 1169 839 1213 stras
876 1154 1159 1223 ilhnninat,
1184 1159 1237 1202 et
1265 1149 1563 1202 animarum
1588 1155 1887 1199 nostrarum
1913 1143 2126 1196 morbos
2148 1154 2237 1193 sa-

691 1254 803 1309 nat,
831 1258 891 1295 ac
913 1240 1093 1294 saicnli
1123 1235 1578 1306 concupiscentiis
1614 1234 1863 1301 fatigatos
1902 1229 2234 1295 requiescere

692 1349 789 1389 nos
807 1339 988 1399 incute
1016 1328 1146 1383 facit
1173 1328 1225 1379 in
1262 1335 1565 1392 contemptu
1605 1320 1800 1374 smcnli.
1840 1318 2067 1371 Grandis
2088 1315 2231 1367 enim

688 1424 840 1476 labor
866 1428 972 1482 cst,
1001 1416 1231 1471 terrenis
1250 1410 1522 1467 desideriis
1542 1417 1794 1468 :cstuarc;
1822 1414 1873 1457 et
1905 1403 2123 1472 grandis
2155 1416 2234 1453 re-

687 1509 864 1578 quies,
892 1515 1104 1559 terrena
1136 1517 1238 1555 non
1266 1498 1591 1557 desidenrc.

738 1590 1052 1659 Sequitur:
1107 1587 1171 1639 Et
1214 1586 1361 1655 quasi
1390 1583 1631 1651 platanus
1664 1580 1888 1633 exaltant
1928 1596 2042 1652 sunt
2074 1578 2232 1647 juxta

691 1695 876 1751 aquam
889 1675 1288 1747 inplaleis.Cltttt
1300 1671 1713 1740 platanusper'se
1732 1670 1840 1739 ipsa
1851 1686 1898 1723 ιιι
1910 1668 1981 1737 sit
1993 1669 2240 1723 sublimis

2332 515 2557 582 fragrat,
2590 522 2643 566 et
2668 513 2780 581 ipse
2803 509 3013 563 dulcius
3030 508 3263 578 odorem,
3282 503 3483 558 notitia:
3510 519 3619 556 sua:
3640 519 3734 571 per
3757 518 3887 558 suos

2332 614 2522 658 unctos
2554 604 2605 656 in
2632 602 2775 657 omni
2796 602 2913 654 loco
2930 597 3253 658 manifestat,
3282 603 3338 647 ut
3355 590 3549 661 ubiilne
3571 592 3617 644 ei
3642 592 3853 646 dicatur
3870 608 3893 644 :

2329 692 2455 747 Post
2477 703 2526 745 te
2550 682 2812 745 curramus
2834 693 2888 742 in
2918 690 3125 742 odorem
3146 693 3522 755 unguentorum
3546 692 3778 733 tuorum.

2407 783 2703 850 Sequitur:
2746 779 2913 843 Quasi
2949 778 3160 847 myrrha
3206 776 3384 836 electa,
3418 772 3537 825 dedi
3578 772 3887 824 suavitatem

2331 864 2523 926 odoris.
2558 868 2773 937 Myrrha
2804 874 3025 919 mortem
3076 862 3446 933 Redemptoris
3483 860 3681 922 nostri,
3718 857 3872 925 cujus

2337 977 2465 1015 earo
2486 956 2882 1025 corruptionem
2921 970 3024 1007 non
3052 946 3202 1017 vidit,
3249 942 3511 1022 signilieat
3539 967 3552 1003 :
3596 948 3722 1018 quia
3756 962 3891 1001 caro

2339 1059 2571 1111 mortua,
2603 1060 2721 1113 qum
2744 1044 2975 1117 myrrha:
2998 1042 3245 1095 conditur
3277 1041 3545 1102 nnctiOne,
3585 1053 3687 1092 non
3713 1044 3893 1105 potest

2332 1148 2656 1204 putrescere.
2708 1133 2860 1187 Unde
2919 1141 2973 1184 et
3027 1130 3139 1183 hinc
3188 1129 3398 1197 myrrha
3447 1128 3643 1181 dicitur
3682 1126 3892 1178 electa:

2332 1223 2459 1292 quia
2496 1238 2640 1277 mors
2676 1218 2887 1274 Domini
2934 1216 3280 1285 singulariter
3319 1231 3384 1269 ει
3411 1216 3649 1268 omnium
3679 1220 3895 1267 sancto-

2336 1327 2457 1364 rum
2482 1304 2745 1363 mortibus
2773 1307 2932 1360 electa
2963 1304 3081 1370 fuit,
3102 1318 3196 1372 per
3222 1316 3380 1371 quam
3410 1315 3599 1354 omnes
3629 1300 3890 1353 viverent.

2332 1401 2560 1468 Ideoque
2585 1398 2743 1453 talem
2788 1410 2935 1450 mors
2974 1395 3077 1448 ista
3106 1393 3410 1447 suavitatem
3452 1389 3628 1444 odoris
3662 1388 3895 1460 prabet,

2332 1490 2540 1561 qualem
2565 1502 2722 1542 nemo
2749 1485 2913 1538 alium
2940 1484 3140 1538 sentire
3180 1489 3387 1552 potuit;
3421 1479 3497 1533 ita
3540 1489 3597 1531 ιιι
3627 1476 3878 1546 ejusfu-

2333 1579 2511 1649 gantia
2544 1576 2864 1630 reviviscunt
2886 1573 3105 1643 mortui.
3546 1638 3556 1649 ι

2408 1667 2659 1736 Sequitur
2687 1682 2700 1718 :
2736 1663 2803 1715 Et
2827 1662 2975 1733 quasi
2996 1672 3204 1725 storaz,
3223 1669 3269 1713 et
3296 1658 3573 1728 galbanus,
3595 1665 3644 1709 et
3672 1653 3899 1723 ungula,

690 1738 748 1823 ei
766 1781 992 1828 amunia,
1018 1772 1259 1832 respectu
1288 1773 1463 1813 tamen
1503 1738 1761 1827 proximat
1790 1757 2059 1811 inferioris
2092 1771 2241 1825 aqua:
2272 1756 2316 1816 Β
2343 1770 2388 1814 et
2419 1754 2585 1829 gutta,
2610 1767 2655 1809 et
2690 1756 2838 1826 quasi
2882 1753 3111 1807 Libanus
3135 1768 3235 1804 non
3280 1751 3496 1812 incisus,
3526 1740 3769 1816 separaui
3789 1738 3893 1797 na.’

693 1858 970 1913 sublimior
998 1863 1217 1924 apparet
1261 1860 1316 1905 et
1335 1850 1618 1919 jucundior
1646 1864 1665 1902 :
1689 1849 1767 1902 sic
1797 1857 1849 1902 ct
1871 1848 2122 1901 Dominus
2150 1846 2259 1900 Je--

690 1962 798 2005 sus.
831 1960 947 1999 cum
986 1958 1079 2012 per
1107 1942 1337 2008 seipsum
1378 1934 1863 2007 incomparabiliter
1893 1937 1959 1990 sit
1996 1935 2242 1990 excelsus

690 2047 745 2093 ct
772 2034 1071 2104 speciosus,
1096 2040 1336 2099 respectu
1364 2037 1537 2081 tamen
1570 2026 1793 2096 subjecti
1819 2025 2241 2080 Christianorum

692 2125 898 2196 pepuli,
927 2122 1021 2192 qui
1046 2136 1138 2191 per
1181 2135 1374 2190 aquam
1406 2118 1737 2187 designatur,
1759 2115 2023 2169 excelsior
2051 2124 2104 2168 et
2128 2114 2243 2183 glo-

697 2215 894 2269 riosior
915 2218 1160 2282 apparet,
1190 2210 1245 2262 in
1286 2200 1488 2277 plateié,
1520 2206 1570 2258 id
1601 2214 1703 2269 est,
1724 2205 1774 2257 in
1800 2203 2164 2257 latitudinibus
2191 2210 2246 2256 et

602 2303 611 2308 ’
693 2302 881 2357 mundi
923 2309 979 2354 et
1012 2298 1199 2368 ampla:
1242 2292 1682 2350 conversationis.
1719 2291 1773 2345 Si
1812 2291 1953 2344 enim
2000 2290 2121 2343 vita:
2150 2306 2245 2344 no-

693 2404 817 2448 strai
838 2392 1234 2447 considerenuis
1280 2385 1650 2449 humilitatem,
1675 2394 1729 2436 et
1765 2382 1831 2435 ad
1872 2381 2243 2435 excellentiam

693 2478 1138 2540 conversationis,
1160 2488 1318 2542 quant
1348 2471 1601 2526 Christus
1623 2473 1760 2524 inter
1786 2470 2029 2523 homines
2070 2469 2245 2534 duxit,

694 2567 1077 2637 respiciamus;
1097 2577 1256 2632 quam
1283 2559 1525 2615 sublimis
1551 2560 1652 2612 erit
1670 2560 1721 2611 in
1744 2558 1915 2612 oculis
1940 2557 2134 2611 nostris
2158 2556 2244 2610 ilia

697 2656 813 2724 ejus
837 2652 1200 2710 conversatio?
1231 2650 1363 2703 Nam
1411 2658 1469 2701 ιιι
1514 2646 1756 2716 platanus
1777 2647 1932 2716 juxta
1981 2647 2244 2701 subterio-

696 2760 815 2801 rem
845 2758 1033 2813 aquam
1070 2751 1151 2793 est
1173 2739 1457 2803 exaltatus,
1489 2736 1540 2789 id
1580 2746 1684 2800 est,
1718 2738 1966 2803 subjecta:
2014 2735 2246 2789 fidelium

704 2834 843 2907 plebi
867 2832 1139 2903 proximus
1159 2839 1209 2881 et
1235 2828 1617 2896 superpositus.
1644 2827 1778 2879 llinc
1802 2835 1853 2879 et
1881 2826 2158 2893 Psalmista
2182 2827 2247 2878 de

700 2924 794 2979 ιιιο
818 2923 1027 2977 dixerat
1056 2935 1070 2971 :
1106 2918 1171 2971 Et
1193 2920 1288 2970 erit
1334 2926 1579 2984 tauquam
1624 2913 1839 2981 lignum,
1876 2914 2014 2982 quod
2039 2915 2249 2981 pluma-

697 3023 809 3066 tuas
853 3019 929 3065 est
974 3023 1119 3062 secus
1159 3006 1405 3058 decursus
1448 3017 1702 3070 aquarum
1744 2999 1915 3071 (Psal.
1953 3015 1999 3063 ι,
2048 3004 2135 3069 li);
2192 3000 2244 3053 id

699 3110 803 3165 est,
838 3115 932 3169 per
976 3096 1284 3167 mysterium
1312 3091 1693 3147 incarnationis
1738 3092 1839 3145 erit
1861 3092 2062 3160 positus
2092 3090 2248 3158 juxta

698 3194 877 3263 lapsus
898 3188 1241 3244 detinentium
1273 3184 1611 3255 populorum.
1643 3181 1840 3236 Platea:
1881 3196 2026 3246 vero,
2066 3182 2247 3235 latitu-

701 3284 863 3338 dines
881 3282 1159 3349 designare
1194 3278 1406 3331 solent:
1450 3277 1502 3330 id
1547 3284 1656 3340 est,
1689 3284 1745 3329 et
1786 3273 1991 3342 amplas
2031 3288 2256 3327 conver-

702 3363 957 3436 sationes,
989 3373 1040 3423 in
1063 3370 1254 3437 quibus
1283 3367 1581 3435 spatiantur
1609 3364 1697 3431 qui
1734 3364 1838 3415 vita
1884 3372 2010 3416 sunt
2036 3362 2258 3417 inferio-

704 3478 791 3518 res
810 3470 864 3515 et
890 3458 1102 3521 labiles;
1137 3464 1194 3508 ut
1214 3470 1350 3523 aqua
1376 3463 1430 3507 et
1452 3454 1634 3505 mundi
1658 3452 1791 3504 Litas
1820 3451 2095 3519 regiones:
2129 3449 2253 3519 quia

705 3552 891 3610 Graece
910 3551 1099 3608 πλατος
1125 3548 1318 3599 dicitur
1351 3545 1591 3597 latitudo.
1651 3527 1664 3540 ’

776 3639 1069 3709 Sequitur:
1099 3635 1243 3689 Sicut
1295 3634 1681 3686 cinnamomum
1723 3639 1769 3684 et
1806 3628 2092 3681 balsamum
2140 3644 2261 3680 aro-

709 3727 965 3784 matisuns
994 3725 1203 3776 odorem
1230 3722 1367 3773 dedi.
1401 3719 1792 3771 Cinmmtomum
1823 3717 2016 3769 dicitur
2037 3731 2100 3769 eo
2122 3716 2259 3783 quod

702 3808 891 3873 cortex
914 3816 1025 3882 ejus
1057 3814 1108 3865 in
1133 3812 1343 3864 modum
1368 3823 1551 3862 canna:
1574 3808 1642 3859 sit
1666 3806 1927 3858 rotundus
1946 3816 1997 3857 et
2022 3805 2255 3873 gracilis.

708 3905 800 3960 Est
828 3904 969 3956 enim
1003 3899 1314 3952 brevissima
1337 3894 1615 3948 arbuscula
1642 3894 1818 3961 virgas
1844 3892 2120 3961 proferens
2140 3908 2260 3960 gra-

707 3993 994 4048 cilissimas
1016 4006 1076 4044 ac
1118 3987 1404 4057 pretiosas.
1441 3986 1572 4038 Nam
1603 3984 1652 4036 id
1677 3983 1810 4049 ejus,
1850 3982 1989 4051 quod
2032 3982 2085 4033 in
2115 3996 2260 4033 cras-

704 4081 955 4145 situdine,
984 4080 1033 4133 itl
1060 4089 1140 4132 est
1190 4076 1569 4145 grossittuline,
1610 4073 1944 4136 extenditur,
1989 4069 2260 4138 despectui

707 4182 823 4237 est;
850 4170 993 4239 quod
1042 4184 1169 4224 vero
1212 4166 1460 4236 gracilius
1487 4165 1817 4233 provenerit,
1857 4162 2111 4216 eximium
2158 4170 2256 4216 εει.

712 4259 1103 4315 Cinnamomum
1144 4271 1274 4325 ergo
1319 4255 1619 4321 signiticare
1657 4252 1868 4304 videtur
1912 4249 2261 4304 humilitatem

2274 3064 2322 3121 Ω

2343 1849 2639 1903 bitatiouem
2683 1860 2869 1907 meum,
2917 1853 2964 1897 et
3010 1843 3159 1912 quasi
3212 1841 3500 1894 balsamum
3543 1852 3645 1891 non
3687 1838 3898 1888 mittunt

2343 1940 2473 1993 odor
2493 1954 2655 1991 meus.
2699 1934 2890 1989 Storax
2918 1949 3038 1989 esse
3066 1933 3237 1986 fertur
3271 1930 3433 1984 arbor
3460 1927 3750 1991 odorifera,
3778 1942 3902 1995 quae

2343 2026 2484 2081 sicut
2527 2026 2732 2080 arundo
2781 2039 2912 2078 cava
2963 2031 3045 2077 est
3075 2022 3241 2086 intus,
3269 2031 3325 2076 et
3350 2038 3518 2077 succo
3539 2022 3729 2092 plena;
3763 2031 3818 2077 et
3842 2024 3902 2078 in

2314 2117 2585 2181 Christo,
2631 2116 2727 2184 qui
2772 2122 2856 2168 est
2897 2113 3097 2182 lignum
3146 2114 3267 2166 vitae
3306 2113 3652 2175 odoriferam,
3698 2112 3901 2166 habitat
3981 2168 3988 2172 _

2344 2209 2509 2262 omnis
2537 2206 2802 2276 plenitudo
2838 2202 3153 2259 Divinitatis‘
3179 2204 3518 2273 corporaliter
3548 2204 3689 2274 (Col.
3733 2220 3791 2268 ιι,
3818 2204 3898 2272 9).

2344 2297 2639 2351 Galbanum
2670 2297 2874 2358 dicunt,
2924 2292 3227 2349 confectum
3275 2308 3339 2351 ex
3385 2293 3713 2348 aromatieis.
3755 2294 3819 2346 Et
3847 2294 3902 2346 in

2343 2385 2560 2440 Christo
2580 2393 2662 2439 est
2681 2384 2918 2437 omnium
2943 2383 3295 2452 spiritualium
3319 2384 3571 2436 virtutum
3594 2383 3904 2437 omnimola

2346 2474 2634 2545 plenitudo.
2672 2472 2874 2543 Ungula
2903 2487 3117 2542 quoque
3143 2472 3336 2526 dicitur
3361 2471 3429 2525 ab
3454 2480 3741 2542 unguento.
3772 2472 3902 2541 quia

2350 2564 2613 2631 praecipua
2644 2572 2727 2616 est
2759 2561 2824 2615 ad
2856 2561 3216 2630 unguendum,
3262 2568 3316 2615 et
3336 2560 3573 2629 designat
3606 2559 3905 2631 spiritalem

2348 2652 2640 2707 Salvatoris
2687 2652 3015 2715 unctionem,
3060 2651 3125 2704 de
3170 2666 3273 2718 qua
3321 2648 3557 2706 Joannes
3606 2653 3721 2705 ait:
3755 2648 3925 2705 Sicut

2348 2742 2520 2795 unctio
2569 2742 2682 2810 ejus
2734 2741 2878 2793 docet
2913 2756 2997 2793 vos
3036 2740 3100 2791 de
3132 2733 3365 2792 omnibus
3409 2738 3457 2806 (Ι
3486 2738 3645 2792 Joan.
3673 2755 3739 2803 ll,‘
3782 2740 3902 2811 97').

2348 2830 2505 2885 Gutta
2552 2846 2677 2884 vero
2721 2830 2925 2898 species
2964 2843 3082 2881 esse
3119 2828 3445 2881 medicorum
3493 2820 3802 2897 perhibetur
3827 2830 3933 2895 ad:

2349 2927 2611 2972 tumorem
2649 2918 2942 2971 sanandum
2986 2917 3200 2981 idonea,
3240 2927 3293 2969 et
3318 2918 3383 2969 ad
3416 2917 3905 2985 deprimendum'et
3956 2969 3962 2972 .

2347 3006 2787 3074 exstinguendum
2821 3019 3080 3059 venenum
3110 3021 3123 3056 :
3155 3011 3211 3058 et
3237 3003 3507 3074 signiﬁcat
3536 2992 3904 3061 humilitatem

2353 3100 2591 3167 Domini,
2612 3114 2731 3167 qua:
2770 3097 3156 3152 medicinaliter
3183 3106 3337 3151 sanat
3370 3106 3629 3151 tumorem
3654 3088 3907 3153 elationis

2355 3188 2514 3258 158
2538 3200 2756 3251 nostrae,
2807 3196 2862 3241 et
2906 3188 3084 3241 omnia
3135 3188 3384 3241 vitiorum
3418 3202 3619 3241 venena
3662 3187 3902 3255 perimit.

2352 3278 2579 3331 Libauus
2608 3286 2691 3331 est
2714 3278 2856 3341 thus,
2904 3285 2953 3328 et
2990 3268 3169 3344 potius
3209 3278 3369 3329 arbor
3415 3276 3586 3329 tlmris
3630 3276 3905 3330 Christum

2357 3367 2666 3435 designans,
2704 3366 2790 3437 qui
2843 3366 3047 3434 lignum
3092 3375 3173 3419 est
3204 3367 3343 3428 vitae,
3388 3376 3442 3420 et
3475 3367 3708 3419 fructum
3738 3367 3908 3437 gignit

2358 3455 2705 3518 odoriferam,
2730 3454 2819 3523 qui
2868 3455 2972 3507 Deo
3003 3464 3268 3508 cremetur
3299 3455 3349 3508 in
3375 3455 3713 3509 sacriﬁcium.
3746 3454 3912 3509 Liba-

2359 3561 2452 3598 nas
2485 3534 2584 3598 non
2615 3546 2841 3607 incisus;
2871 3554 3059 3613 sponte
3110 3544 3312 3614 profert
3362 3560 3425 3599 ex
3472 3560 3529 3599 se
3559 3546 3683 3599 thus
3709 3546 3910 3613 adesa:

2360 3633 2483 3696 tius,
2537 3632 2736 3686 incisus
2784 3647 2911 3686 vero
2960 3634 3295 3701 compellitur
3348 3633 3595 3701 proferre
3640 3633 3761 3687 thus
3798 3648 3911 3688 non

2360 3722 2494 3774 tanti
2529 3722 2753 3776 odoris:
2801 3733 2854 3777 et
2900 3724 3145 3779 Christus
3198 3734 3254 3778 ιιι
3290 3723 3519 3779 Libanus
3568 3741 3669 3777 non
3712 3726 3916 3791 incisus

2358 3816 2547 3893 sponte
2579 3808 2745 3861 edidit
2774 3812 2952 3863 omnia
3015 3827 3132 3879 qua:
3176 3812 3226 3864 in
3261 3828 3421 3866 carne
3452 3817 3635 3883 gessit,
3681 3816 3913 3885 ideoque

2358 3895 2552 3949 melius
2590 3897 2853 3952 redoleas.
2908 3900 3014 3953 Nos
3056 3908 3271 3985 lautem,
3316 3911 3374 3954 ut
3420 3904 3620 3959 incisus
3654 3905 3905 3970 Libanus,

2360 3997 2498 4053 smpe
2534 3986 2955 4053 cogimur‘invili
3001 3988 3194 4041 bonum
3243 3989 3421 4043 facere
3456 3995 3597 4062 quod
3647 3995 3747 4048 vile
3796 4006 3908 4063 cst,

2360 4084 2413 4128 et
2442 4090 2625 4143 parum
2675 4078 2935 4132 redoleas.
2983 4077 3106 4131 lliee
3159 4080 3367 4143 omnia,
3418 4096 3534 4149 quae
3577 4099 3719 4138 nune
3763 4086 3909 4142 dicta

2361 4174 2504 4226 sunt,
2538 4165 2589 4217 id
2635 4175 2734 4227 est,
2762 4176 2961 4229 storax,
3009 4168 3282 4235 galbanus,
3333 4184 3396 4223 ac
3424 4173 3639 4240 ungula,
3666 4183 3713 4226 et
3740 4186 3910 4243 gutta,

2362 4268 2458 4306 nec
2479 4269 2582 4306 non
2610 4264 2664 4307 et
2688 4254 3200 4323 Libanusmptimum
3224 4257 3350 4309 dant
3372 4258 3609 4323 odorem,
3634 4271 3688 4316 et
3712 4262 3913 4331 lutum,

711 4349 932 4413 Christi,
978 4362 1135 4414 quam
1178 4344 1465 4413 praedicant
1504 4343 1798 4411 Scriptura:
1843 4355 2030 4403 canna,
2088 4340 2138 4392 id
2182 4346 2264 4392 cst
2296 4378 2339 4431 ο
2366 4341 2415 4394 in
2446 4357 2550 4409 quo
2578 4350 2720 4406 sunt,
2758 4343 2877 4395 inde
2921 4345 3118 4411 replent
3148 4363 3162 4397 :
3188 4344 3264 4398 sic
3287 4355 3342 4399 et
3370 4346 3612 4403 Christus
3649 4352 3809 4406 odore
3847 4369 3917 4409 ac

714 4439 946 4501 calamo,
968 4436 1140 4495 factae,
1167 4450 1284 4502 qua:
1296 4434 1470 4499 virgas
1491 4432 1659 4500 gignit
1682 4430 2131 4498 gracilissimaset
2145 4444 2265 4497 pre-

717 4532 903 4591 tiosas,
942 4526 991 4580 id
1022 4534 1125 4587 est,
1167 4530 1378 4576 sanctos
1401 4520 1694 4587 disciplinis
1729 4518 2095 4588 spiritualibus
2122 4524 2268 4570 exte-

718 4598 937 4680 nuatos,
959 4614 1053 4683 qui
1082 4613 1317 4665 membra
1368 4617 1492 4663 sunt
1518 4607 1653 4675 ejus.
1685 4607 1814 4660 Nam
1844 4606 2145 4676 spirituales
2169 4608 2268 4661 viri

718 4711 769 4763 in
804 4722 867 4761 eo
895 4715 1018 4759 sunt
1057 4701 1305 4772 pretiosi;
1348 4698 1595 4753 carnales
1624 4707 1798 4750 autem
1842 4698 2106 4751 habentur
2137 4712 2266 4750 con-

718 4794 956 4862 temptui.
996 4790 1297 4844 Balsamum
1337 4801 1549 4857 quoque
1598 4785 2037 4855 pretiosissimum
2068 4794 2171 4848 est,
2217 4793 2272 4838 ct

719 4892 1088 4939 consecratum
1130 4879 1191 4934 ιιι
1214 4880 1468 4939 chrisma,
1512 4890 1622 4946 quo
1643 4890 1831 4930 omnes
1854 4874 2145 4929 Christiani
2172 4890 2270 4927 un-

721 4972 916 5039 simur.
943 4980 997 5024 et
1035 4970 1303 5038 significat
1336 4978 1391 5021 et
1414 4966 1687 5021 Christum
1727 4973 1779 5017 et
1820 4965 2124 5017 unctionem
2153 4962 2272 5031 Spi-

727 5062 859 5115 ritus
874 5059 1020 5127 ejus;
1051 5060 1114 5112 de
1142 5066 1245 5126 qua
1270 5058 1499 5113 Joannes
1520 5060 1635 5111 ait:
1672 5054 1771 5110 Vos
1802 5058 2093 5108 unctionem
2118 5055 2271 5108 habe-

723 5152 789 5205 tis
811 5166 841 5201 a
872 5158 1073 5210 sancto,
1105 5158 1149 5200 et
1174 5149 1330 5200 nostis
1355 5150 1526 5200 omnia
1558 5149 1603 5210 (Ι
1632 5143 1789 5197 Junii.
1825 5160 1882 5208 it,
1907 5143 2018 5209 20).
2060 5142 2275 5197 Utrum-

722 5254 827 5307 que
860 5254 1005 5301 vero,
1036 5237 1087 5291 id
1135 5244 1214 5291 est
1244 5246 1296 5289 et
1340 5238 1718 5288 cinnamomum
1750 5245 1795 5286 et
1836 5234 2142 5297 balsamum,
2176 5234 2276 5286 mi-

725 5329 973 5385 rabiliter
1001 5330 1229 5392 redolet;
1256 5338 1309 5380 et
1339 5329 1586 5389 maxime,
1626 5327 1747 5377 dum
1790 5327 1909 5393 quis
1932 5342 1994 5379 eo
2023 5326 2275 5377 :It'Ottl‘dll-

728 5434 903 5477 zatur.
963 5422 1112 5476 Unde
1169 5435 1309 5475 nunc
1356 5420 1505 5473 odori
1551 5420 1828 5487 utriusque
1876 5417 2276 5471 aroinatizuutis

728 5516 943 5569 odorem
989 5528 1142 5566 suum
1201 5512 1449 5565 Christus
1508 5508 1770 5561 similatur
1815 5525 1826 5559 :
1872 5507 1992 5575 quia
2051 5508 2172 5557 dum
2225 5506 2273 5558 in

729 5603 873 5657 etnni
897 5615 1052 5672 gente
1078 5613 1131 5659 et
1176 5603 1392 5657 natione
1436 5600 1717 5654 credentes
1760 5598 1896 5667 dono
1919 5596 1996 5650 sui
2047 5596 2276 5665 Spiritus

2365 4428 2543 4482 calore
2562 4444 2659 4482 suo
2702 4438 2941 4498 vaporat.
2972 4432 3338 4497 habitationem
3370 4450 3522 4487 suam
3550 4454 3563 4488 2
3606 4439 3726 4505 quia
3760 4456 3915 4493 ruen-

2368 4527 2471 4571 tem
2509 4534 2666 4586 quam
2692 4519 2980 4586 inhabitat,
3005 4521 3183 4575 calore
3204 4537 3313 4575 suae
3337 4523 3638 4580 dilectionis
3666 4537 3717 4580 et
3746 4531 3916 4583 odore

2368 4623 2475 4661 suae
2502 4609 2802 4663 sanctitatis
2832 4609 3017 4678 replet.
3065 4609 3217 4665 alens
3243 4610 3417 4675 enim,
3460 4627 3578 4680 qua:
3614 4629 3716 4667 non
3752 4620 3920 4671 sentit

2368 4702 2581 4755 olorem
2612 4700 2770 4753 istum
2794 4708 2848 4755 et
2873 4702 3129 4766 calorem,
3157 4703 3378 4756 necdum
3409 4704 3607 4759 Christi
3635 4714 3717 4759 est
3759 4706 3917 4763 habio

2369 4787 2625 4841 iaculum.
2666 4786 2968 4841 Balsamum
3014 4805 3164 4856 vero,
3192 4793 3276 4845 cui
3314 4791 3490 4859 liquor
3529 4793 3663 4847 alius
3703 4810 3805 4849 non
3834 4808 3919 4853 est

2369 4878 2661 4942 itiiniisms,
2690 4880 2859 4947 magis
2882 4879 3082 4934 redolet
3111 4896 3125 4933 :
3156 4880 3277 4949 quia
3299 4880 3504 4935 Christi
3525 4878 3799 4947 sanctitas,
3825 4886 3919 4942 cui

2371 4966 2570 5020 nullum
2600 4981 2831 5034 unquam
2863 4978 3137 5036 peccatum
3164 4970 3449 5025 immisceri
3483 4973 3677 5039 potuit,
3706 4975 3919 5029 suavio-

2373 5070 2485 5110 rem
2515 5072 2675 5125 quam
2699 5059 2876 5112 επιειί
2907 5061 3078 5113 sancti
3101 5061 3297 5130 prarbet
3322 5062 3565 5115 odorem.

2445 5146 2743 5215 Sequitur:
2773 5146 2886 5216 Ego
2940 5151 3089 5218 quasi
3140 5151 3451 5203 terebinthus
3503 5152 3707 5205 extendi
3744 5168 3923 5209 ramos

2373 5253 2527 5299 meos,
2561 5247 2606 5289 et
2634 5241 2763 5291 rami
2793 5241 2890 5293 mei
2914 5240 3124 5295 honoris
3155 5254 3199 5294 et
3227 5246 3427 5311 gratim.
3474 5243 3801 5300 Tercbimhus
3838 5216 3921 5304 έδι

2375 5329 2533 5379 arbor
2558 5345 2765 5397 magna,
2796 5342 2849 5384 et
2880 5332 3119 5400 ingentes
3150 5332 3448 5403 multosque
3480 5350 3655 5388 ramos
3685 5337 3924 5405 undique

2377 5420 2719 5484 protendens,
2743 5437 2859 5488 qua'
2888 5424 3111 5474 resinam
3143 5422 3310 5489 gignit
3344 5426 3687 5478 aromaticatn
3714 5434 3769 5479 et
3809 5442 3923 5479 me-

2378 5507 2680 5570 dicinalem,
2716 5512 3069 5577 omnibusque
3101 5512 3286 5588 resinis
3314 5514 3430 5566 aliis
3456 5516 3882 5583 prtestantiorem
3903 5533 3921 5568 :

2378 5607 2429 5650 ct
2464 5596 2709 5653 Christus
2746 5600 2885 5652 velut
2927 5601 3090 5656 arbor
3119 5602 3396 5670 immensa,
3446 5604 3729 5672 diseipulos
3770 5619 3921 5667 suos.
