4240 6196
363 150 467 205 595

1424 132 1728 190 HOMILIE
1759 134 1843 188 ET
1876 124 2471 187 EXHORTATIONES.

3459 126 3566 183 δτι

363 258 517 332 quasi
549 269 728 311 ramos
755 251 993 309 extendit
1026 249 1082 305 in
1123 246 1311 305 omnes
1340 247 1520 302 mundi
1553 214 1923 317 partesp'l‘hoi
1949 245 1997 306 Α
2022 220 2305 311 consequi;
2354 254 2477 295 cum
2533 238 2646 308 ipse
2703 236 2949 294 Christus
2998 236 3071 293 sit
3122 237 3320 294 veritas
3344 218 3423 294 "et
3470 242 3579 297 vita

362 366 506 405 mam
554 356 609 402 et
635 344 1089 401 Bartholomaeum
1134 338 1187 393 in
1242 337 1470 404 Indiam,
1515 337 1823 394 Matthtcum
1864 336 1920 391 in

2022 331 2202 405 (loan.
2245 345 2376 398 xlv).
2408 328 2639 398 Ideoque
2682 338 2738 384 et
2784 329 2950 383 omnis
2984 345 3098 398 spes
3142 330 3334 385 vitaeet
3378 331 3581 388 virtutis

363 436 721 506 Ethiopiam,
750 432 1009 487 Joannem
1039 430 1094 482 in
1139 427 1343 493 Asiam,
1390 427 1656 482 Andream
1693 434 1748 483 et
1798 426 1924 481 Pbi-
2020 428 2107 475 est.
2146 420 2200 474 in
2228 433 2326 481 eo;
2360 416 2483 486 quia
2530 418 2743 471 nonnisi
2770 433 2868 485 per
2911 433 3033 473 eum
3082 418 3202 487 quis
3230 428 3375 473 recte
3403 429 3583 489 sperat

364 526 564 595 lippum
596 523 648 576 in
683 516 976 591 Scythiam.
1010 516 1226 570 Petrum
1263 516 1320 575 in
1358 515 1581 581 Italiam,
1612 515 1843 569 I‘aultnn
1867 515 1921 569 in

367 611 713 683 Hispaniam,
741 618 796 662 et
830 615 1053 663 caeteros
1079 606 1131 659 in
1167 614 1389 660 caeteras
1418 607 1563 662 orbis
1593 605 1797 676 plagas.
1828 604 1924 660 Vel

366 704 529 763 rami.
554 717 695 772 quos
728 697 988 759 extendit,
1016 710 1179 765 opera
1204 705 1349 761 sunt,
1381 712 1501 766 quae
1535 698 1587 751 in
1614 711 1777 751 carne
1809 710 1925 765 ges-

365 795 456 847 sit.
498 788 562 845 Et
596 805 664 844 ex
695 788 800 851 his,
845 794 900 840 et
926 787 1198 855 operibus,
1244 787 1328 840 vel
1369 786 1669 856 discipulis,
1719 783 1929 854 profert

369 883 483 951 ipse
516 880 750 934 resinam
782 876 1039 945 spiritalis
1070 877 1278 948 gratiae,
1312 891 1430 945 qua:
1456 876 1734 929 medeatur
1754 872 1931 928 enmi-

368 975 489 1037 bus,
519 980 573 1025 et
602 969 946 1040 praestantior
983 968 1054 1023 sit
1090 967 1357 1021 universis
1378 963 1853 1035 praedicationibus
1878 970 1932 1017 et

367 1064 535 1133 gestis
569 1060 895 1117 ‘l‘estamenti
942 1058 1169 1114 Veteris.
1201 1058 1267 1111 Et
1308 1056 1438 1109 rami
1466 1052 1582 1120 ejus
1610 1061 1742 1107 sunt
1767 1052 1930 1106 Itona-

370 1154 444 1206 ris
468 1162 520 1206 et
548 1153 769 1220 gratia:
799 1151 921 1219 quia
943 1157 999 1202 et
1020 1145 1260 1215 (iscipuli
1292 1141 1427 1210 ejus,
1458 1150 1514 1195 et
1550 1149 1703 1196 actus
1729 1139 1922 1208 ipsius,

370 1242 528 1297 valde
556 1251 680 1295 sttnt
706 1238 1047 1295 honorabiles
1062 1245 1117 1291 et
1142 1234 1403 1303 gratiosi;
1430 1231 1685 1301 quoniam
1701 1238 1758 1284 et
1776 1228 1932 1282 laude

326 1322 343 1335 ”
369 1330 518 1399 digni
554 1337 698 1395 sunt,
733 1339 787 1383 et
813 1326 946 1382 Novi
986 1324 1316 1380 Testamenti
1362 1322 1589 1393 gratiam
1625 1318 1961 1397 hominibus,

372 1421 625 1476 all‘erunt.
936 1470 937 1475 η
1173 1428 1181 1435 ‘

2020 510 2188 564 vitam
2208 508 2445 567 beatam,
2480 514 2533 559 et
2561 504 2981 559 immortalitatis
3016 505 3133 576 eius
3158 507 3409 560 virtutem
3439 507 3584 562 inve-

2023 597 2160 658 nire,
2189 606 2244 650 et
2282 594 2535 648 virtutem
2563 592 2795 662 aliquam
2842 596 2992 648 bona:
3034 594 3455 651 conversationis
3490 594 3582 650 hac

1990 752 1997 753 γ
2024 688 2153 743 bere
2177 694 2373 755 potest.

2096 790 2352 865 Stiquitdr
2380 810 2395 846 :
2438 792 2678 846 Transite
2699 792 2766 846 ad
2796 808 2873 845 me
2903 809 3074 847 omnes
3100 794 3187 863 qui
3222 793 3584 862 concupiscitis
3652 830 3654 833 τ
3710 794 3721 817 ³

2026 902 2127 951 me,
2150 896 2198 939 et
2238 902 2269 938 a
2290 884 2710 955 generationibus
2740 883 2865 937 meis
2891 882 3191 951 intplemini.
3229 883 3472 938 Nonnulli
3500 898 3583 937 sa-

2028 974 2308 1044 pientiam,
2329 988 2449 1043 quae
2487 972 2735 1027 Christus
2760 978 2861 1035 est,
2895 955 3301 1038 concupiscunt;
3330 973 3421 1027 sed
3466 972 3585 1041 qui-

2040 1064 2261 1119 busdam
2292 1063 2627 1131 steculariom
2661 1075 2840 1115 rerum
2863 1058 3154 1131 obstaculis
3180 1060 3494 1124 retinentur,
3517 1074 3588 1116 ne

2030 1156 2097 1211 ad
2124 1170 2242 1210 eam
2264 1155 2501 1217 veniant,
2540 1165 2770 1220 eamque
2817 1164 2912 1219 per
2956 1124 3256 1216 religiosam
3302 1162 3585 1202 conversa-
3628 1151 3641 1167 '

2031 1246 2229 1312 tionem
2254 1243 2684 1315 appreltendant.
2711 1240 2863 1308 Stepe
2886 1237 3114 1293 enim'lit
3142 1247 3201 1291 ut
3225 1237 3349 1291 dum
3380 1235 3500 1306 quis
3525 1235 3591 1290 ad

2030 1336 2336 1407 religiosam
2363 1336 2527 1397 vitam
2550 1346 2609 1387 se
2632 1338 2953 1386 convertere
2978 1330 3177 1398 regitat
3196 1368 3211 1390 ,
3235 1337 3293 1381 et
3322 1326 3593 1381 Christum

2031 1427 2206 1495 sequi,
2246 1423 2474 1479 obsistat
2498 1422 2547 1475 ei
2574 1429 2629 1474 et
2657 1431 2819 1489 prava
2843 1418 3175 1471 consuetudo
3201 1415 3450 1471 vitiorum
3476 1412 3592 1483 quis

446 1513 739 1583 Sequitur:
770 1511 887 1581 Ego
933 1511 1085 1580 quasi
1125 1510 1238 1564 vitis
1284 1505 1592 1576 fructiﬁcavi
1628 1504 1979 1583 suavitatem"

2037 1518 2135 1570 bus
2165 1512 2420 1567 delectari
2448 1509 2603 1575 solet,
2627 1518 2682 1563 et
2709 1525 2860 1563 amor
2885 1517 3189 1578 parentum,
3212 1515 3305 1559 aut
3332 1503 3595 1575 conjugis,

727 1560 739 1565 -
776 1560 880 1581 ηυγ
936 1560 1079 1580 νη.-
1284 1560 1296 1576 ,
1341 1560 1347 1561 ,
1441 1560 1453 1575 ,

372 1602 594 1655 odoris:
628 1617 676 1655 et
701 1600 857 1664 ﬂores
901 1599 1000 1653 ntei
1036 1598 1234 1667 {ructus
1282 1596 1492 1649 honoris
1537 1605 1586 1648 et
1631 1591 1934 1647 honestatis.
1962 1560 2009 1623 Β

387 1693 521 1747 Vitis
549 1695 603 1748 in
634 1701 776 1746 terra
804 1692 1039 1762 plantata
1066 1688 1312 1759 producit
1339 1701 1405 1741 ex
1424 1700 1482 1740 se
1507 1684 1773 1754 palmites,
1796 1690 1851 1735 et
1871 1695 1939 1734 ex

382 1782 470 1837 his
499 1782 727 1836 fructum
755 1796 771 1835 :
808 1790 862 1833 et
884 1778 1131 1834 Christus
1166 1775 1489 1851 resurgendo
1516 1780 1570 1825 et
1608 1767 1939 1823 ascendendo

377 1873 648 1944 plantatus
671 1873 722 1924 in
748 1880 889 1925 terra
910 1868 1223 1931 viventium,
1246 1872 1464 1918 sanctos
1486 1859 1582 1927 qui
1614 1865 1741 1913 sunt
1769 1871 1940 1929 mem-

379 1964 476 2019 bra
502 1962 637 2031 ejus,
668 1961 814 2015 velut
839 1959 1084 2029 palmites
1110 1960 1172 2009 ex
1209 1969 1267 2008 se
1296 1952 1486 2023 gignit,
1515 1959 1656 2031 ct‘cx
1686 1950 1772 2004 his
1799 1949 1850 2001 in
1883 1961 1941 2001 se

380 2028 722 2104 manentibus
750 2028 979 2100 fraetum
1024 2042 1204 2112 operis
1249 2039 1371 2094 boni
1412 2028 1671 2109 produ'cit.
1702 2035 1853 2090 Unde
1889 2042 1944 2088 et

379 2141 461 2194 ait
486 2139 625 2192 illis:
659 2137 807 2193 Sicut
857 2134 1052 2205 palntes
1091 2149 1191 2186 non
1239 2140 1400 2200 potest
1450 2129 1585 2197 ferre
1634 2126 1863 2195 fructum
1911 2141 1944 2177 a

380 2233 679 2298 semetipso,
714 2228 814 2282 nisi
856 2225 1101 2282 manserit
1147 2226 1200 2277 in
1231 2224 1370 2287 vite;
1400 2222 1473 2275 sic
1506 2235 1597 2272 nec
1620 2233 1725 2282 vos,
1758 2216 1856 2269 nisi
1889 2216 1946 2268 in

386 2339 470 2378 me
490 2320 786 2374 ntanseritis
814 2319 995 2387 (Joan.
1026 2332 1117 2379 xv,
1145 2314 1221 2383 4).
1258 2310 1571 2368 Fructilicat
1590 2323 1720 2378 ergo
1748 2308 1801 2359 in
1828 2304 1944 2360 eis:

384 2411 513 2481 quia
549 2408 805 2477 quidquid
826 2407 898 2459 illi
928 2407 1064 2460 bene
1093 2411 1278 2474 agunt,
1301 2402 1415 2469 ipse
1454 2398 1606 2461 facit,
1644 2406 1699 2451 et
1734 2396 1797 2450 cit
1826 2393 1948 2462 eius

387 2500 569 2555 radice
596 2497 765 2566 surgit
813 2496 1024 2555 fructus
1060 2492 1238 2562 operis
1273 2491 1505 2545 illorum.
1552 2488 1620 2541 Et
1660 2484 1952 2542 fructiﬁcat

384 2587 692 2642 suavitatem
724 2583 898 2637 odoris
916 2598 947 2636 .:
985 2580 1113 2650 quia
1136 2578 1342 2632 fructus
1372 2590 1627 2645 operum,
1658 2588 1778 2643 quae
1824 2571 1951 2626 facit

388 2679 443 2733 in
472 2678 570 2739 eis.
600 2675 779 2730 suavis
803 2674 936 2727 odor
963 2681 1047 2725 est
1064 2669 1219 2725 bona!
1239 2664 1529 2736 Opinionis,
1559 2664 1682 2717 dum
1710 2661 1949 2715 videntes

389 2767 508 2823 haec
533 2765 780 2819 homines
809 2762 1109 2833 gloriﬁcant
1136 2758 1257 2812 inde
1283 2757 1512 2818 Patrem,
1540 2754 1632 2823 qui
1662 2761 1748 2806 est
1766 2739 1817 2805 in
1846 2765 1951 2805 ca:-

386 2855 478 2909 lis.
510 2854 575 2908 Et
594 2855 748 2922 ﬂores
784 2852 897 2918 eius
929 2857 1053 2905 sunt
1079 2848 1279 2917 {ructus
1299 2844 1511 2899 honoris
1546 2840 1901 2917 etgitonestatis
1927 2850 1947 2889 :

389 2943 517 3012 quia
542 2956 723 3011 opera,
754 2956 874 3009 qua:
902 2939 954 2991 in
988 2938 1073 2991 his
1119 2933 1463 3004 proponendo
1512 2932 1754 3003 inchoat,
1783 2928 1953 2983 hono-

393 3030 640 3086 rabiliter
689 3037 747 3082 et
788 3028 1011 3081 honeste
1054 3034 1417 3085 consummat;
1474 3014 1835 3086 honoremque
1863 3031 1957 3085 per

394 3121 513 3175 haec
566 3128 620 3172 et
669 3096 1008 3170 honesttitcm
1060 3112 1167 3165 illis
1202 3110 1458 3180 grandem
1504 3114 1740 3179 praestat.
1774 3103 1958 3159 Flores

394 3206 540 3262 enim
566 3213 692 3260 sunt
725 3213 847 3259 vota
894 3210 947 3257 et
972 3200 1247 3272 promissa
1275 3216 1290 3253 :
1322 3198 1524 3268 fructus
1554 3205 1732 3251 autem
1776 3194 1962 3263 imple-

397 3299 571 3352 tiones
593 3295 980 3366 promissorum
1011 3307 1106 3361 per
1138 3290 1525 3353 exhibitionem
1555 3299 1799 3355 operum.
1831 3282 1963 3336 Flo-

396 3405 481 3443 res
531 3401 658 3457 ergo
703 3394 1013 3441 sanctorum
1067 3388 1191 3436 sunt
1247 3379 1487 3447 fructus:
1539 3375 1665 3444 quia
1719 3372 1961 3427 membra

395 3479 602 3535 Christi
640 3477 780 3548 quod
812 3481 1025 3549 vovent,
1067 3470 1325 3533 reddunt;
1352 3465 1491 3537 quod
1517 3464 1858 3536 promittunt,
1885 3460 1962 3515 l'a-

394 3569 573 3625 ciunt.
920 3565 923 3568 ’
968 3624 971 3627 _

369 3677 377 3683 ’
473 3657 731 3725 Sequitur
756 3670 772 3709 :
810 3654 920 3723 Ego
943 3661 1109 3706 mater
1144 3648 1375 3717 pulchrae
1402 3644 1717 3709 dilectionis,
1744 3652 1791 3697 et
1815 3643 1969 3697 timo-

401 3748 499 3810 ris,
531 3755 577 3799 et
607 3744 890 3813 agnitionis
928 3751 975 3795 et
1007 3750 1200 3794 sancta:
1230 3736 1357 3805 spei.
1398 3734 1463 3788 In
1489 3749 1571 3786 nte
1598 3731 1768 3801 gratia
1798 3731 1968 3784 omnis

404 3836 523 3890 uiue
560 3842 607 3887 et
637 3831 890 3891 veritatis,
922 3831 979 3881 in
1020 3844 1100 3880 me
1126 3826 1293 3879 omnis
1322 3840 1434 3891 spes
1480 3821 1605 3891 [al.,
1633 3820 1738 3891 via]
1780 3820 1899 3873 vitta
1920 3828 1969 3873 et

403 3919 628 3974 uirtutis.
660 3915 956 3984 Sapientia,
996 3929 1114 3983 qua:
1142 3921 1224 3966 est
1251 3910 1520 3972 Christus,
1559 3916 1643 3961 est
1673 3918 1839 3961 mater
1856 3906 1972 3975 pul-

406 4011 549 4065 chra:
575 4008 904 4062 dilectionis:
935 4005 1060 4075 quia
1088 4003 1427 4058 dilectionem
1475 3999 1663 4070 gignit,
1711 4013 1817 4052 non
1855 4007 1971 4055 tur-

406 4114 556 4171 pem,
579 4099 677 4169 sed
694 4098 1007 4167 pulchram;
1034 4109 1137 4148 non
1162 4092 1517 4150 indecentem,
1543 4089 1636 4143 sed
1663 4088 1969 4152 honestam;

409 4204 520 4243 non
542 4187 902 4250 libidinosam,
932 4184 1027 4237 sed
1052 4190 1278 4237 castam.
1329 4179 1395 4233 Et
1419 4187 1587 4231 mater
1613 4177 1833 4237 timoris,
1864 4175 1969 4229 sci-

410 4264 541 4332 πὲρι
570 4276 743 4330 lilialis
768 4274 850 4327 vel
878 4273 1032 4338 casti,
1075 4271 1200 4341 quia
1250 4267 1561 4339 principium
1605 4266 1875 4335 sapientia:
1899 4266 1971 4318 ti-

409 4382 529 4420 mor
557 4365 761 4418 Dontini
781 4361 951 4431 (Psal.
973 4377 1064 4425 cx,
1094 4358 1213 4427 l0);
1267 4369 1324 4413 et
1375 4365 1583 4410 castum
1612 4355 1704 4410 Dei
1726 4355 1972 4410 timorem

411 4452 587 4524 gignit
620 4452 839 4521 pulchra
873 4451 1107 4512 dilectio,
1136 4449 1289 4517 cujus
1318 4445 1546 4517 genitrix
1573 4456 1653 4501 est
1684 4444 1969 4512 sapientia.

416 4542 485 4595 Et
514 4541 816 4610 agnitionis,
866 4538 990 4605 quia
1026 4535 1234 4589 Patrem
1284 4550 1431 4588 uento
1470 4533 1608 4587 novit
1637 4532 1737 4584 nisi
1784 4530 1828 4583 F
1831 4532 1974 4595 ilius,

412 4643 464 4685 et
493 4631 577 4684 cui
630 4629 847 4684 voluerit
893 4626 1068 4679 Filius
1107 4624 1332 4679 revelare
1367 4622 1579 4694 (Matth.
1612 4638 1688 4686 XI,
1716 4621 1829 4691 27).
1876 4622 1975 4688 Qui

419 4723 549 4776 item
576 4721 709 4775 dixit
736 4738 749 4773 :
780 4718 968 4773 Palam
997 4718 1059 4771 de
1082 4713 1241 4769 Patre
1268 4713 1589 4769 annuntiabo
1618 4713 1760 4767 vobis
1791 4710 1975 4783 (Joan.

418 4825 532 4877 xvi,
571 4811 686 4876 25).
717 4809 807 4864 Sic
830 4808 971 4863 enim
1014 4805 1310 4875 Sapientia,
1342 4818 1459 4872 qua
1491 4810 1572 4855 est
1598 4800 1782 4864 Filius,
1811 4809 1979 4853 mater

419 4912 504 4957 est
528 4903 824 4973 agnitionis.
854 4899 919 4953 Et
942 4911 1137 4954 sanctce
1174 4900 1321 4966 spei:
1354 4897 1478 4965 quia
1507 4910 1657 4965 spem
1686 4894 1754 4947 de
1780 4891 1979 4947 sanctis

423 4994 586 5048 rebus
614 4991 823 5047 nonnisi
850 4991 1096 5044 Christus
1136 4988 1320 5057 gignit.
1358 4987 1555 5041 Sancta
1584 4985 1724 5040 enim
1752 4998 1874 5052 spes
1898 4989 1983 5035 est

425 5083 752 5153 adipiscendi
788 5096 1006 5150 regnum
1056 5078 1147 5132 Dei
1173 5086 1227 5132 et
1261 5077 1526 5147 justitiam
1565 5074 1681 5143 ejus
1712 5092 1725 5126 :
1762 5082 1818 5127 et
1842 5073 1984 5127 banc

426 5184 553 5225 vera
581 5171 673 5225 dat
696 5168 979 5237 sapientia,
1030 5168 1084 5221 in
1121 5181 1224 5235 qua
1256 5174 1339 5220 est
1365 5164 1535 5234 gratia
1582 5162 1746 5216 omnis
1790 5161 1907 5214 vitae
1937 5167 1985 5213 et

431 5259 676 5322 ueritatis,
702 5259 827 5327 quia
870 5255 971 5309 nisi
1004 5271 1097 5322 per
1122 5256 1369 5324 gratiam,
1400 5269 1518 5323 qua:
1542 5260 1626 5307 est
1672 5252 1725 5305 in
1772 5251 1873 5304 hac
1900 5264 1988 5302 sa-

430 5348 653 5422 pientia,
691 5347 741 5401 id
783 5354 866 5400 cst
907 5345 959 5398 in
990 5343 1222 5407 Christo,
1258 5344 1432 5398 nullus
1465 5343 1626 5397 vitam
1675 5347 1985 5409 perpetuam

2038 1620 2132 1660 seu
2188 1590 2440 1665 ﬁliorum,
2484 1590 2547 1656 et
2593 1601 3025 1670 possessionum,
3077 1597 3190 1652 sive
3236 1594 3596 1651 blandimenta

2039 1693 2333 1750 carnalium
2390 1691 2708 1753 amicorum,
2761 1699 2816 1745 et
2880 1690 3055 1757 aliqua
3103 1686 3426 1755 hujusmodi.
3475 1684 3599 1739 Ideo

2038 1799 2165 1841 vera
2187 1782 2445 1853 sapientia
2466 1780 2619 1848 jubet
2656 1789 2712 1833 ut
2737 1793 2944 1844 omnes,
2993 1776 3083 1845 qui
3110 1766 3230 1830 eam
3260 1784 3438 1829 mente
3469 1788 3597 1829 cou-

2042 1874 2345 1943 cupiscunt,
2387 1878 2667 1926 transeant
2697 1878 2922 1923 cunctos
2964 1865 3266 1935 hujusmodi
3310 1864 3522 1927 obices;
3547 1870 3603 1917 et

2040 1965 2107 2041 ad
2130 1966 2321 2035 ipsam,
2357 1961 2481 2015 dum
2513 1960 2658 2025 licet,
2692 1959 2877 2041 venire
2918 1956 3204 2019 festinent;
3237 1961 3292 2008 et
3318 1962 3603 2023 postquam

2041 2038 2107 2111 ad
2137 2069 2256 2110 eam
2285 2052 2548 2117 venerint,
2576 2065 2681 2103 non
2708 2037 3022 2103 remaneant
3046 2041 3604 2111 vacui,sedimplean-

2042 2152 2132 2198 tur
2155 2129 2723 2211 generationibus‘ejus,
2760 2135 2938 2201 idest,
2970 2134 3216 2188 sensibus
3242 2127 3608 2200 intelligentia

2045 2246 2102 2292 et
2146 2233 2467 2306 prudentiae,
2516 2245 2580 2283 ac
2610 2227 2900 2282 virtutibus
2924 2240 3062 2295 quas
3086 2211 3348 2295 generare
3375 2219 3511 2276 solet
3550 2217 3605 2289 in

2046 2325 2131 2381 his
2158 2321 2248 2392 qui
2274 2321 2341 2375 ad
2371 2334 2431 2375 se
2453 2326 2731 2372 venerunt.

2118 2429 2411 2499 Sequitur:
2451 2422 2678 2498 Spiritus
2699 2421 2836 2474 enim
2864 2432 3007 2472 meas
3029 2430 3182 2484 super
3216 2412 3314 2467 mel
3338 2410 3528 2474 dulcis,
3555 2417 3607 2464 el

2046 2520 2324 2573 lttereditas
2358 2531 2471 2569 mea
2498 2494 2658 2579 super
2690 2509 2790 2563 ntel
2825 2520 2872 2562 et
2904 2508 3099 2576 faeum.
3138 2503 3389 2557 Memoria
3418 2516 3529 2554 mea
3557 2499 3637 2561 in:

2047 2606 2399 2677 generationes
2429 2600 2763 2655 mentorum.
2787 2597 2906 2650 ltlco
2934 2593 3314 2648 transeundum
3336 2588 3505 2644 estad
3528 2588 3611 2643 di-

2049 2681 2224 2748 vin.'.m
2265 2692 2608 2761 sapientiam,
2644 2687 2866 2741 calcatis
2897 2683 3263 2740 didicultat‘um
3303 2678 3615 2746 obstaculis,

2049 2786 2173 2857 quia
2212 2784 2429 2855 spiritus
2473 2780 2608 2850 ejus,
2640 2781 2799 2849 quem
2847 2777 3073 2845 inspirat
3113 2768 3511 2826 transeuntibus
3547 2767 3615 2825 ad

1977 2885 2019 2941 C
2051 2893 2132 2942 se,
2160 2885 2241 2957 est
2266 2874 2423 2930 melle
2453 2872 2688 2935 dulcior;
2717 2878 2765 2923 et
2804 2867 3080 2921 hwreditas
3124 2860 3467 2930 sempiternae
3490 2858 3615 2912 bea-

2058 2949 2325 3031 titudinis,
2359 2980 2524 3034 quam
2565 2962 2645 3016 eis
2686 2957 3027 3030 praeparavit,
3076 2961 3297 3022 superat
3329 2949 3612 3005 dulcedine

2057 3057 2157 3135 ntel
2180 3068 2227 3111 et
2254 3053 2450 3125 fav'unt.
2490 3051 2595 3106 Mel
2643 3051 2800 3117 dicit,
2829 3057 3046 3117 pr0pter
3086 3045 3293 3098 animas
3324 3041 3615 3109 justorutn,

2061 3126 2209 3217 quae.
2238 3143 2557 3215 corporibus
2610 3140 2796 3195 soluta:
2840 3137 2950 3205 jam
3005 3132 3264 3187 assistunt
3316 3125 3620 3198 conspectui

2062 3215 2246 3308 gloriae
2270 3231 2615 3295 Conditoris,‘
2648 3237 2703 3284 et
2728 3229 2866 3281 data
2913 3234 3032 3279 sunt
3061 3222 3165 3276 illis
3208 3217 3432 3289 singula:
3474 3215 3621 3270 stola

2058 3326 2194 3380 alba:
2210 3326 2395 3393 (Apoc.
2415 3338 2486 3386 vt,
2511 3321 2597 3390 ll)
2622 3333 2640 3371 :
2668 3319 2844 3372 l‘avum
2864 3330 3009 3377 vero,
3033 3321 3249 3382 propter
3265 3310 3484 3370 electos,
3507 3314 3624 3375 post

2064 3414 2513 3471 resurrectionem
2546 3420 2652 3465 tam
2680 3409 2731 3463 in
2776 3407 3115 3475 corporibus,
3141 3417 3299 3471 quam
3328 3401 3380 3454 in
3416 3399 3625 3452 anima-
3694 3386 3697 3387 ⁷

2062 3505 2166 3560 bus
2199 3504 2253 3557 in
2290 3515 2520 3570 superno
2564 3512 2729 3567 regno
2774 3492 2986 3556 beatos,
3027 3490 3244 3560 quando
3268 3488 3378 3554 jam
3407 3487 3624 3539 interra

2064 3613 2161 3651 sua
2198 3592 2430 3663 duplicia
2462 3587 2790 3661 possidebunt
2837 3583 2973 3655 (Isa.
3012 3597 3123 3644 ut,
3153 3580 3235 3647 7);
3276 3577 3316 3633 F
3321 3591 3453 3630 avus
3477 3575 3623 3629 enim

2066 3693 2150 3739 est
2203 3680 2306 3737 mel
2357 3679 2410 3734 in
2459 3692 2615 3744 cera,
2650 3674 2960 3744 signiﬁcans
3008 3669 3244 3735 animam
3288 3667 3623 3735 incorpore;

2070 3775 2209 3830 sicut
2237 3770 2345 3826 mel
2388 3769 2517 3827 asine
2566 3780 2693 3821 cera
2746 3764 2981 3817 animam
3011 3760 3127 3813 sine
3159 3771 3405 3826 corpore.
3436 3754 3543 3809 Sed
3571 3761 3628 3808 et

2069 3862 2318 3919 memoria
2346 3857 2621 3928 sapientia:
2645 3854 2803 3908 istius
2823 3852 2927 3905 erit
2948 3846 3003 3902 in
3030 3846 3387 3918 generationes
3411 3840 3631 3898 steculo-

2071 3968 2208 4018 rum,
2240 3951 2363 4021 quia
2393 3948 2510 4001 laus
2549 3945 2665 4012 ejus
2694 3940 3002 4013 perenniter
3046 3939 3114 3992 ab
3162 3936 3350 3990 electis
3378 3935 3632 3989 decanta-

2072 4044 2237 4108 bitur,
2273 4051 2326 4096 et
2352 4040 2691 4093 adhaerentes
2724 4032 2825 4087 sibi
2852 4030 3014 4085 faciet
3043 4028 3281 4101 ejusdem
3304 4025 3476 4079 laudis
3507 4037 3632 4084 esse

2038 4147 2043 4151 ‘
2062 4130 2379 4202 participes.

2003 4205 2046 4259 Β
2143 4238 2435 4308 Sequitur:
2469 4233 2575 4311 Qui
2602 4231 2759 4287 edunt
2809 4246 2912 4297 me,
2966 4228 3137 4281 adhuc
3163 4226 3428 4287 ‘esuricnt;
3463 4231 3508 4276 et
3546 4220 3637 4291 qui

2073 4330 2252 4384 bibunt
2278 4344 2378 4391 me,
2404 4326 2575 4379 adhuc
2602 4324 2796 4377 sitient.
2834 4320 2934 4389 Qui
2963 4318 3141 4375 cordis
3170 4331 3265 4370 ore
3295 4313 3631 4367 dulcedinem

2072 4433 2215 4473 vera:
2248 4414 2524 4487 sapientia:
2571 4420 2807 4483 gustant,
2836 4417 3040 4487 quanto
3087 4406 3201 4474 ejus
3229 4409 3622 4473 saporetn'sen-

2076 4509 2238 4572 tiuut,
2273 4468 2419 4560 ἶςίηιο
2448 4502 2698 4571 magisin
2743 4468 3013 4555 desiderio
3057 4500 3174 4568 ejus
3217 4494 3557 4558 ardescunt;
3584 4502 3643 4550 et

2080 4606 2283 4666 quanto
2315 4599 2434 4665 plus
2460 4593 2524 4646 de
2555 4592 2656 4645 hoc
2682 4598 2808 4660 potu
2852 4587 3062 4650 bibent,
3091 4580 3241 4640 tanto
3280 4582 3488 4637 avidius
3512 4587 3635 4636 eum

2080 4689 2295 4744 sitiunt.
2339 4684 2474 4739 Nam
2506 4679 2814 4751 spirituales
2860 4676 3064 4732 delicite
3108 4689 3230 4729 cum
3272 4674 3557 4736 habentur,
3587 4671 3640 4724 in

2044 4770 2049 4773 ’
2081 4776 2348 4833 desiderio
2396 4780 2549 4835 sunt;
2592 4778 2849 4836 tantoque
2872 4781 2903 4819 a
2929 4763 3245 4819 comedente
3270 4759 3499 4831 amplius
3518 4773 3645 4814 esu-

2083 4869 2321 4931 riuntur,
2366 4869 2572 4933 quanto
2623 4867 2679 4914 et
2729 4857 2797 4911 ab
2837 4854 3110 4910 esuriente
3168 4849 3642 4920 amplius-cm

2082 4958 2297 5022 duntur.
2384 4948 2387 4955 ’
2416 4948 2424 4955 ’
3201 5005 3204 5009 ,
3460 4952 3463 4953 ⁷

2153 5065 2447 5134 Sequitur:
2478 5060 2581 5126 Qui
2612 5059 2760 5112 audit
2794 5073 2896 5123 me,
2929 5072 3031 5110 non
3065 5052 3412 5123 confundetur
3477 5056 3526 5102 et
3547 5047 3640 5118 qui

2082 5129 2362 5227 operantur
2384 5154 2439 5206 in
2462 5168 2559 5216 me,
2600 5166 2705 5204 non
2731 5147 3037 5217 peccabur‘u.
3077 5144 3179 5208 Qui
3207 5139 3477 5195 Christum
3506 5129 3638 5193 Obe-

2080 5220 2292 5299 dienter
2340 5240 2507 5304 audit,
2566 5254 2669 5292 non
2713 5234 3079 5303 confundetur,
3124 5230 3174 5283 id
3210 5235 3292 5282 est
3356 5240 3462 5279 non
3512 5220 3639 5279 cru?-

2082 5332 2298 5391 bescet:
2332 5330 2457 5400 quia
2484 5344 2604 5383 cum
2648 5329 2852 5407 honore
2897 5335 3089 5388 magno
3135 5318 3239 5372 erit
3268 5316 3333 5370 ad
3363 5315 3643 5369 dexteram

432 5452 530 5497 seu
553 5436 831 5493 Veritatem
858 5432 1306 5489 incommutabilis
1334 5432 1446 5501 ejus
1482 5429 1827 5486 beatitudinis
1847 5427 1989 5484 valet
2085 5424 2199 5505 ejus
2235 5425 2291 5481 in
2314 5422 2537 5493 judicio.
2575 5420 2637 5474 Et
2674 5419 2760 5487 qui
2806 5422 3087 5484 operantur
3118 5410 3170 5464 in
3202 5424 3290 5477 eo,
3323 5424 3423 5463 non
3462 5421 3642 5476 pecca-
