4240 6222
624 117 729 177 sas
785 138 791 143 ν

982 119 1040 177 S.
1080 88 1370 173 ANSEthI
1407 104 1751 172 CANTUAR.
1792 112 2107 171 ARCIIIEI’.
2139 112 2289 169 OPP.
2325 114 2502 170 PARS
2540 113 2603 168 ll.
2638 142 2698 154 --
2731 68 3092 174 PARENET.
3133 111 3221 167 ET
3259 85 3497 170 A‘SCET.

3734 114 3847 174 395

630 220 801 295 bunt:
838 240 961 307 quia
1001 248 1159 292 omne
1202 247 1371 304 opus,
1416 233 1558 303 quod
1604 233 1896 288 secundum
1932 245 2053 285 eum
2105 231 2180 291 tit,
2211 230 2257 288 Λ
2290 228 2375 282 tiae
2404 220 2549 282 enim
2581 226 3203 295 inmemmisericordia;
3239 226 3619 284 misericordia:
3651 229 3844 295 virtus,

623 336 777 383 caret
806 340 963 396 pecca
974 332 1044 379 to.

698 418 952 487 Sequitur
976 431 990 469 :
1028 413 1132 480 Qui
1160 415 1424 470 ducidant
1455 432 1553 481 me,
1578 415 1735 469 vitam
1762 422 2006 465 cisternam
2029 410 2187 465 liabe-

626 509 773 562 bunt.
811 505 1096 559 Elucidant
1130 500 1469 574 sapientiam,
1502 503 1591 571 qui
1638 502 1705 555 ob
1755 498 2045 555 salubriter
2085 498 2182 554 de-

626 594 937 649 clarandam
984 593 1181 649 Christi
1237 593 1481 649 notitiam
1523 590 1832 665 Scripturas
1872 587 2183 657 explanant,

629 685 722 753 qui
764 684 937 754 ipsum
980 683 1251 740 Christum
1301 682 1387 751 pie
1416 681 1728 749 praedicant,
1779 679 1868 747 qui
1897 691 2019 733 eum
2065 677 2185 732 luce

624 790 849 831 suorum
881 788 1100 843 operum
1132 770 1461 839 gloriﬁcent;
1505 778 1555 823 et
1605 769 1726 824 ideo
1752 768 1908 822 vitam
1938 776 2185 821 (rtemann

625 864 904 925 habebunt,
937 862 985 914 id
1014 869 1093 915 est
1116 859 1293 928 ipsum
1318 858 1624 923 Christum;
1654 857 1779 927 quia
1811 856 1901 911 hic
1921 865 2004 911 est
2027 869 2187 909 verus

630 951 792 1015 Deus,
828 960 883 1006 et
912 950 1020 1004 vita
1048 958 1290 1005 interna;
1886 946 1893 975 :

1108 1061 1265 1132 159
1293 1051 1573 1117 notum
1609 1060 1672 1113 ιιι

570 1168 585 1181 ’
624 1177 679 1231 liv
709 1191 1039 1231 evauccuuu
1078 1190 1347 1229 saccuouu
1388 1156 1749 1229 Manna-mu:
1786 1171 1972 1226 Videns
2012 1170 2188 1224 turbas

694 1268 849 1322 Iesus
873 1268 1101 1321 ascendit
1124 1268 1175 1320 in
1192 1277 1435 1341 montem.
1463 1264 1529 1318 Et
1566 1281 1682 1319 cum
1713 1264 1947 1332 sedisset,
1977 1263 2189 1319 docebat

694 1357 973 1425 discipulos
998 1373 1116 1411 suos
1141 1356 1316 1410 dicens
1343 1372 1363 1411 :
1389 1355 1541 1409 Beati
1569 1370 1819 1427 pauperes
1853 1355 2062 1424 spiritu,
2082 1363 2188 1410 etc.

695 1446 910 1518 (Matth.
931 1462 986 1511 v,
1020 1446 1098 1518 Ι..)

2278 320 2491 389 iustitia
2516 326 2619 374 est.

2356 408 2505 463 Beati
2537 407 2731 462 mundo
2760 410 2933 463 corde.
2966 406 3223 464 Muntlitia
3246 408 3425 484 cordis
3457 416 3611 464 sexto
3630 405 3847 479 ponitur

2283 492 2425 566 loco,
2454 508 2514 554 ut
2540 498 2702 553 homo
2748 508 2902 553 sexto
2932 500 3018 554 die
3046 500 3294 555 conditus
3326 514 3425 570 per
3467 499 3606 553 hanc
3636 499 3849 552 mundi-

2286 589 2413 643 tiam
2442 594 2719 655 recuperet
2743 586 2836 640 Dei
2873 587 3176 656 imaginem,
3207 602 3365 657 quam
3395 586 3573 656 caligo
3594 585 3851 639 vitiorum

2285 677 2481 733 delevit
2512 693 2535 743 ς
2561 686 2621 755 ut
2645 691 2675 731 a
2713 675 2940 746 strepitu
2975 676 3327 731 humanarum
3352 675 3733 746 cegitatitmum
3758 686 3847 728 se-

2286 778 2482 835 motus,
2507 770 2668 825 corde
2689 768 2896 823 mundo
2914 774 2969 822 et
3005 767 3237 837 imagine
3264 765 3356 821 Dei
3393 765 3701 829 reformata,
3724 770 3853 833 qua:

2286 860 2381 915 Dei
2410 868 2534 915 sunt
2576 866 2782 912 tantum
2828 857 3046 927 cogitet,
3086 864 3141 910 et
3180 853 3376 909 divinis
3421 854 3705 923 praeceptis
3750 866 3852 922 per

2286 948 2466 1004 omnia
2500 960 2559 1003 se
2588 946 2840 1016 applicet.
2880 944 3031 999 Beati
3063 944 3290 1013 paciﬁci.
3318 942 3428 997 Pax
3468 942 3593 1012 jure
3623 942 3852 1011 septimo

2286 1040 2503 1109 ponitur
2526 1037 2663 1092 loco.
2680 1036 2968 1105 Postquam
2999 1035 3143 1091 enim
3172 1034 3335 1089 homo
3362 1036 3429 1089 ad
3456 1032 3558 1088 hoc
3580 1032 3851 1102 promovit

2287 1143 2425 1194 sese,
2439 1136 2497 1182 ut
2524 1127 2844 1197 contemptis
2867 1125 3117 1183 omnibus
3134 1139 3252 1203 quae
3268 1123 3451 1179 mundi
3474 1132 3618 1189 sunt,
3640 1130 3843 1177 aeterna

2291 1232 2495 1278 tantum
2520 1221 2740 1292 diligere
2761 1228 2815 1275 et
2848 1220 3085 1289 cogitare
3113 1217 3303 1288 possit,
3333 1206 3476 1286 quOd
3519 1212 3850 1283 contempla-

2290 1314 2519 1369 tivorum
2557 1320 2665 1375 est;
2700 1309 2839 1364 nihil
2877 1308 3019 1363 aliud
3064 1314 3232 1363 restat
3279 1304 3383 1365 nisi
3428 1313 3487 1358 ut
3515 1303 3707 1367 Deum,
3756 1300 3887 1371 qui"

2290 1418 2417 1458 vera
2456 1416 2561 1471 pas
2604 1409 2689 1456 est
2727 1413 2897 1469 quam
2916 1396 3407 1467 contemplabatur,
3438 1390 3717 1464 pueritiam
3756 1392 3855 1446 ha-

2255 1508 2261 1514 "
2292 1493 2436 1549 beat.

696 1554 847 1609 Beati
879 1570 1128 1625 pauperes
1168 1554 1372 1623 spiritu,
1413 1554 1506 1622 qui
1555 1569 1662 1608 non
1701 1554 2041 1621 necessitate,
2080 1552 2186 1608 sed

2293 1544 2454 1638 wvilis
2474 1581 2636 1652 igitur
2663 1556 2865 1650 septem
2881 1574 3152 1647 praedictis
3173 1575 3429 1630 virtutum
3452 1572 3708 1643 gradibus
3721 1584 3856 1625 corr-

620 1651 818 1713 _devota
858 1648 1154 1712 voluntate,
1195 1648 1519 1721 contemptis
1552 1647 1821 1711 omnibus,
1847 1647 1954 1702 Deo
1979 1647 2182 1701 vivunt.

626 1737 751 1792 llam
778 1746 1065 1806 paupertas
1088 1737 1222 1790 duas
1245 1736 1407 1792 habet
1434 1743 1652 1806 partes:
1676 1736 2068 1793 abdicationem
2097 1748 2185 1789 re-

625 1842 769 1893 rum,
800 1826 897 1881 etsi
930 1826 1230 1881 habeantur
1257 1840 1362 1880 non
1390 1826 1517 1891 sibi,
1545 1827 1638 1882 sed
1673 1827 1740 1881 ad
1773 1842 1913 1894 opus
1934 1826 2183 1896 pietatis;

624 1923 681 1981 et
721 1915 1100 1970 contritionem
1147 1913 1391 1983 spiritus,
1434 1923 1492 1969 ut
1518 1914 1750 1985 seipsum
1783 1914 2015 1970 abdicet.
2062 1914 2186 1972 llaec

626 2006 820 2070 virtus,
868 2004 1076 2060 scilicet
1127 2013 1438 2074 paupertas,
1457 2002 1579 2073 jure
1608 1998 1776 2073 prima
1806 2004 2047 2073 ponitur,
2084 2017 2188 2071 qua

625 2111 733 2151 non
764 2095 1094 2163 praecedente
1117 2108 1221 2147 non
1252 2094 1426 2148 valent
1459 2088 1577 2163 qua:
1614 2101 1913 2167 sequuntur
1937 2110 1953 2147 :
1977 2101 2031 2148 et
2065 2093 2190 2149 licet

626 2186 830 2253 absque
855 2182 1203 2251 sequentibus
1230 2181 1522 2251 perfectum
1552 2195 1654 2238 non
1682 2181 1847 2238 faciat
1883 2181 2185 2247 hominem;

626 2285 806 2331 tamen
836 2280 1175 2343 promeretur
1209 2273 1408 2339 auxilio
1441 2272 1637 2327 divinas
1677 2272 1861 2342 gratia:
1905 2272 2192 2327 beatitudi-

627 2379 774 2420 nem.
798 2363 905 2419 Sed
949 2364 1071 2433 quia
1119 2372 1301 2432 posset
1345 2362 1545 2418 habere
1591 2376 1811 2417 suarum
1848 2376 2025 2417 rerum
2066 2360 2194 2418 eon-

634 2464 914 2526 temptum,
945 2464 999 2510 et
1025 2456 1199 2509 adhuc
1246 2470 1312 2509 ex
1359 2454 1649 2526 fragilitate
1677 2446 1858 2512 carnis
1890 2470 2195 2511 commove-

618 2554 784 2599 .retnr
815 2558 911 2613 per
964 2543 1195 2612 aliquam
1240 2544 1637 2611 contumeliam,
1684 2545 2004 2615 subjungit:
2044 2545 2194 2599 Beati

630 2638 800 2690 mites.
834 2636 977 2702 Quos
1008 2634 1214 2690 scilicet
1268 2635 1346 2688 ira
1389 2635 1473 2689 vel
1516 2634 1713 2703 aliquid
1747 2636 1850 2690 tale
1884 2651 1987 2690 non
2012 2634 2189 2699 allicit,

634 2722 728 2780 sed
763 2725 852 2793 qui
886 2726 1064 2779 omnia
1104 2724 1475 2792 aequanimiter
1514 2725 1801 2779 sustinent.
1841 2723 1952 2779 liae
1995 2725 2194 2780 virtute

627 2813 876 2869 laudatur
902 2812 1111 2882 Moyses
1142 2829 1155 2865 :
1188 2810 1346 2879 hujus
1379 2814 1530 2881 quasi
1555 2828 1763 2883 magna:
1790 2802 2107 2883 magistrum
2134 2829 2192 2869 se

628 2901 761 2956 facit
782 2902 895 2970 ipse
921 2899 1185 2965 Christus,
1229 2900 1412 2956 dicens
1442 2917 1455 2953 :
1490 2902 1679 2956 Discite
1713 2919 1743 2955 a
1775 2919 1852 2969 nte
1882 2903 2005 2972 quia
2052 2904 2191 2956 mitis

631 3009 746 3047 sunt
779 3001 825 3046 et
875 2992 1085 3045 ﬁutnilis
1117 2992 1267 3045 corde
1291 2984 1505 3059 (Matth.
1530 3009 1607 3059 XI,
1633 2992 1748 3063 29).
1801 2992 1930 3051 Haec
1956 2995 2195 3063 possidet

631 3096 813 3136 veram
845 3089 1060 3134 terram.
1087 3079 1223 3134 Nota
1252 3094 1540 3149 congruam
1571 3081 1960 3138 ascensionem.
1986 3082 2194 3139 Primus

633 3172 778 3228 enim
804 3180 886 3226 est
908 3179 1243 3240 contemptus
1267 3170 1465 3236 szeculi,
1488 3172 1573 3227 cui
1595 3172 1717 3241 jure
1744 3174 1943 3227 aeterna
1971 3174 2193 3243 promit-
2244 3200 2245 3205 π

636 3268 842 3314 tuntur.
867 3258 1112 3314 Secundo
1149 3257 1267 3314 leco
1298 3260 1513 3328 ponitur
1549 3262 1919 3325 mansuetudo,
1958 3277 2075 3331 quae
2105 3277 2194 3316 ve-

638 3364 752 3404 ram
792 3358 1157 3419 paupertatem
1196 3358 1477 3403 conservat
1497 3358 1552 3404 et
1588 3351 1775 3414 munit,
1803 3354 1869 3404 ne
1897 3365 2003 3419 quo
2039 3353 2195 3405 modo

636 3439 921 3508 inquietari
947 3439 1128 3507 possit.
1164 3438 1342 3492 Tertio
1368 3437 1485 3511 lgco
1509 3440 1751 3506 sequitur
1776 3458 1792 3492 τ
1825 3439 1977 3493 Beati
2002 3442 2090 3509 qui
2113 3442 2193 3493 Iu-

636 3536 769 3599 gent‘
783 3543 811 3579 :‘
830 3535 1109 3597 postquam
1134 3542 1251 3595 qua:
1276 3527 1458 3581 mundi
1489 3538 1611 3582 sunt
1636 3543 1856 3597 prorsus
1882 3529 2190 3597 abjecitnus,

638 3631 921 3688 moresque
963 3618 1232 3685 improbos
1278 3618 1686 3680 mansuetudine
1737 3620 2189 3687 temperavimus,

637 3717 803 3763 restat
837 3708 990 3762 nobis
1022 3708 1201 3774 lugere
1226 3722 1322 3774 pro
1350 3709 1582 3775 peccatis
1607 3710 1909 3775 prmteritis,
1951 3711 2086 3777 quod
2117 3718 2196 3763 est

642 3798 900 3866 irriguum
933 3796 1183 3861 inferius;
1208 3804 1259 3850 et
1300 3812 1393 3865 pro
1420 3798 1683 3852 desiderio
1722 3800 1907 3867 patriae
1937 3800 2196 3865 coelesus,

643 3888 890 3956 quodest
917 3887 1169 3957 irriguum
1200 3886 1443 3965 superius
1474 3888 1605 3942 :sed
1642 3887 1866 3942 inferius
1908 3889 2093 3944 sordes
2122 3890 2201 3943 ia-

644 3990 732 4033 vat
759 3989 1066 4049 prtesentes,
1083 3981 1323 4049 superius
1350 3981 1562 4050 quidem
1581 3981 1825 4036 accendit
1855 3981 1976 4035 vitae
2012 3982 2201 4036 fututa:

564 4138 567 4139 ν
646 4081 931 4124 amatores

652 4276 825 4330 modis
844 4275 1105 4343 justitiam
1128 4273 1341 4327 decerni
1363 4286 1513 4326 zeum
1541 4283 1742 4326 natura:
1770 4282 1962 4327 nostrae
1984 4289 2075 4330 sua
2099 4288 2211 4327 scr—

655 4381 874 4429 vamus;
900 4380 1019 4419 cum
1050 4364 1292 4433 proximo
1321 4361 1546 4415 faciams
1571 4362 1710 4430 quod
1735 4363 1886 4417 nobis
1917 4364 2032 4416 ﬁeri
2056 4364 2209 4416 volu-

652 4470 798 4519 mus;
834 4470 953 4508 cum
1004 4453 1133 4518 Deo,
1186 4467 1303 4521 qua:
1345 4451 1435 4507 Dei
1482 4459 1625 4512 sunt,
1674 4451 2041 4518 persolvimus.
2083 4451 2213 4517 Quae

651 4546 856 4614 iustitia
888 4558 993 4598 non
1026 4543 1181 4613 plane
1214 4542 1265 4595 in
1305 4542 1459 4594 nobis
1490 4540 1754 4607 impletur,
1786 4541 1953 4593 donec
1982 4540 2122 4594 Deus
2142 4541 2210 4594 sit

659 4638 838 4691 omnia
871 4636 921 4687 in
964 4636 1246 4698 oumibus;
1279 4640 1559 4701 propterea
1595 4630 1775 4700 posuit
1820 4632 2037 4697 esurire,
2086 4648 2211 4694 non,

660 4726 863 4779 satiari.
889 4724 1163 4777 Amatores
1192 4723 1331 4776 enim
1362 4720 1469 4774 veri
1497 4720 1618 4774 boni
1656 4735 1865 4788 semper
1887 4720 2092 4788 sitiunt,
2119 4735 2217 4775 nec

661 4816 741 4868 eis
764 4810 952 4866 sullicit
987 4810 1122 4878 quod
1157 4810 1285 4878 justi
1315 4818 1457 4864 sunt.

731 4900 880 4953 Beati
902 4899 1271 4953 misericordes.
1303 4897 1666 4953 Misericordia
1699 4898 1764 4952 de
1798 4898 2218 4966 praecedentibus

664 4974 940 5051 nascitur;
969 4986 1091 5054 quia
1124 5000 1225 5039 non
1272 4994 1355 5039 est
1402 4999 1522 5039 vera
1556 4985 1851 5053 compassio
1876 4985 2216 5048 miscrorum,

667 5076 766 5130 nisi
789 5074 1122 5144 praecesserit
1146 5088 1269 5127 vera
1294 5083 1578 5143 paupertas
1598 5089 1830 5141 veraque
1862 5075 2220 5139 humilitas,et

667 5167 768 5220 nisi
798 5172 1139 5220 mansuescat
1186 5150 1396 5217 animus
1440 5163 1721 5229 subiacens
1752 5164 1948 5217 divinis
1992 5164 2219 5232 legibus,

668 5257 768 5311 nisi
799 5256 1018 5324 incipiat
1042 5258 1268 5311 aliorum
1313 5270 1468 5311 casus
1500 5253 1692 5309 deﬂere
1725 5263 1779 5308 et
1811 5255 2070 5321 justitiam
2101 5269 2222 5307 esu-

672 5346 777 5398 rire
808 5364 823 5398 :
857 5348 919 5400 de
950 5349 1140 5415 quibus
1169 5347 1415 5401 omnibus
1447 5359 1568 5415 vera
1600 5344 1959 5397 misericordia
2002 5357 2222 5411 genera-

658 5425 774 5488 'tur.
796 5434 924 5490 Nota
951 5440 1084 5504 quod
1110 5442 1242 5492 hanc
1265 5439 1515 5492 virtutem
1537 5434 1738 5502 justiti!
1766 5432 2015 5496 przrccdit
2060 5430 2222 5483 iuui-

2286 1673 2431 1744 gruit
2458 1669 2790 1743 septiformis
2828 1668 3072 1738 operatio
3098 1665 3271 1722 sancti
3310 1664 3543 1733 Spiritus
3569 1662 3636 1718 de
3663 1675 3770 1730 quo
3799 1660 3855 1712 in

2287 1764 2421 1819 lsaia
2448 1762 2641 1831 legitur
2671 1778 2685 1814 :
2710 1758 3005 1829 Requiescet
3032 1771 3186 1825 super
3219 1770 3336 1815 eum
3378 1752 3591 1823 spiritus
3620 1749 3880 1827 Domini,

2287 1855 2500 1924 spiritus
2521 1851 2788 1922 sapientia:
2814 1859 2859 1903 et
2880 1846 3189 1912 intellectus,
3213 1844 3425 1913 spiritus
3440 1838 3642 1894 consilii
3668 1845 3716 1892 et
3746 1837 3856 1906 [οτι

2288 1940 2541 2003 titudint’s,
2574 1940 2788 2008 spiritus
2825 1936 3052 1990 scientia:
3078 1944 3125 1988 et
3162 1931 3390 1999 pietatis,
3412 1938 3461 1983 et
3499 1926 3710 1997 replebit
3736 1941 3856 1980 eum

2288 2032 2501 2101 spiritus
2521 2029 2720 2084 timoris
2742 2024 2949 2081 Domini
2971 2020 3106 2091 (Isa.
3135 2037 3212 2085 st,
3236 2020 3315 2091 2).
3346 2016 3454 2073 Sed
3476 2015 3563 2069 ille
3584 2029 3614 2069 ιι
3642 2028 3860 2070 summa

2290 2120 2497 2190 incipit,
2526 2118 2615 2174 hic
2644 2117 2715 2172 ab
2758 2117 2868 2171 imo
2891 2131 2907 2181 ;
2931 2114 3006 2168 ibi
3048 2114 3271 2167 docetur
3297 2107 3466 2164 Filius
3504 2104 3601 2160 Dei
3630 2103 3698 2158 ad
3748 2103 3856 2156 ima

2292 2213 2668 2283 descensurus,
2690 2207 2780 2262 hic
2800 2206 2962 2260 homo
2989 2203 3056 2257 de
3082 2200 3215 2256 imis
3231 2200 3297 2254 ad
3326 2196 3741 2253 similitudinem,
3760 2191 3859 2283 Diri

2296 2282 2644 2357 ascensurus.
2675 2297 2730 2351 l‘n
2761 2294 2847 2350 his
2876 2290 3131 2363 gradibus
3156 2289 3362 2359 primus
3397 2294 3481 2342 est
3526 2282 3733 2339 timoris
3752 2282 3862 2348 spi-

2299 2392 2450 2454 ritus,
2477 2388 2570 2457 qui
2600 2385 2739 2441 beue
2767 2381 3059 2437 humilibus
3092 2375 3359 2447 congruit,
3393 2374 3460 2429 de
3486 2372 3683 2442 quibus
3720 2368 3859 2457 dici-

2298 2492 2385 2537 tur
2410 2495 2425 2533 :
2457 2456 2606 2532 Beati
2632 2488 2881 2545 pauperes
2898 2468 3103 2538 spiritu.
3130 2465 3224 2520 Est
3242 2465 3384 2519 enim
3414 2463 3575 2517 timor
3596 2462 3707 2545 iste
3726 2456 3864 2545 lilia-

2299 2570 2388 2631 lis,
2417 2569 2482 2621 de
2506 2579 2613 2635 quo
2634 2544 2828 2617 dicitur
2854 2575 2867 2610 :
2900 2556 3120 2611 Initium
3156 2551 3422 2620 sapientia:
3465 2548 3623 2602 timor
3652 2544 3863 2635 Domini
3930 2558 3931 2561 η

2299 2656 2473 2728 (Psat.
2500 2631 2587 2716 ex,
2610 2650 2720 2719 10).
2758 2647 2946 2701 Timor
2979 2641 3187 2698 Domini
3218 2639 3344 2728 facit
3369 2642 3735 2728 contemptum
3761 2631 3864 2728 hu-

2293 2719 2381 2816 jus
2409 2742 2612 2804 mundi,
2648 2750 2713 2794 et,
2741 2735 3012 2798 hominem
3039 2727 3339 2785 voluntarie
3370 2737 3657 2796 pauperem
3692 2719 3864 2775 beati—

2220 2855 2264 2917 c
2296 2839 2474 2917 tudine
2496 2833 2674 2889 ditari.
2704 2828 2856 2885 Unde
2883 2838 3110 2917 superna
3134 2821 3305 2917 gratia
3331 2818 3493 2917 saluti
3516 2823 3725 2917 nostrae-
3738 2826 3862 2914 pro:

2294 2914 2483 2982 videns
2512 2922 2811 2979 orationem
2862 2914 3017 2970 nobis
3044 2910 3302 2974 contulit,
3331 2910 3383 2962 in
3421 2920 3527 2977 qua
3560 2902 3862 2981 septiforusi

2294 3032 2453 3088 prece
2504 3004 3163 3082 spirltum‘septiformem
3209 3012 3486 3069 possemus
3525 2998 3862 3088 “impetrare:

2300 3082 2361 3163 ut
2405 3102 2658 3171 suffragio
2691 3098 2881 3170 gratia:
2915 3090 3244 3165 septiformis
3275 3094 3480 3157 septem
3524 3082 3867 3154 supradictas

2297 3198 2528 3253 virtutes
2579 3200 2949 3257 assequamur,
2998 3192 3053 3237 et
3083 3196 3181 3251 per
3224 3194 3317 3235 eas
3361 3179 3429 3232 ad
3478 3175 3867 3231 beatitudinem

2294 3287 2596 3359 pertingere
2615 3291 2950 3353 merea_mur.-
2963 3273 3097 3326 Dum
3128 3272 3182 3325 in
3230 3270 3413 3356 ultima
3439 3274 3593 3336 parte
3626 3262 3866 3320 orationi

2295 3357 2587 3433 Dominicis
2609 3369 2862 3437 petimus,
2890 3364 3051 3417 libera
3085 3376 3179 3415 nos
3200 3376 3230 3412 α
3251 3358 3415 3425 malo,
3441 3357 3689 3413 videmur
3706 3368 3869 3429 orare

2293 3474 2354 3519 ut
2410 3456 2508 3532 per
2542 3458 2786 3528 spiritum
2852 3452 3063 3507 timeris
3120 3448 3329 3503 Domini
3380 3446 3598 3502 recedat
3627 3458 3657 3498 a
3705 3441 3869 3498 nobis

2297 3553 2474 3609 omnis
2520 3560 2695 3603 tumor
2719 3542 2997 3605 elationis,
3030 3549 3084 3594 et
3128 3538 3381 3593 succedat
3408 3533 3687 3599 humilitas
3725 3546 3872 3611 verre

2295 3628 2647 3712 paupertatis,
2680 3635 2767 3689 cui
2813 3633 2969 3686 detur
2996 3613 3270 3684 beatitudo
3308 3627 3430 3679 vita:
3455 3623 3710 3679 cwlestis.

2367 3726 2649 3783 Secundus
2680 3731 2761 3778 est
2785 3723 2999 3791 spiritus
3022 3720 3247 3788 pietatis,
3286 3717 3376 3785 qui
3424 3713 3644 3775 mitibus
3672 3725 3875 3767 conve-

2305 3820 2389 3874 nit
2413 3835 2425 3871 :
2453 3818 2543 3887 qui
2575 3815 2722 3870 enim
2756 3815 2842 3883 pie
2883 3812 3061 3866 vivere
3099 3808 3311 3878 quaerit,
3346 3814 3587 3860 sanctam
3626 3802 3874 3872 Scriptu-

2300 3924 2413 3963 ram
2456 3905 2762 3969 meditatur,
2794 3900 3039 3969 etvquod
3078 3888 3310 3952 non’dum
3350 3891 3599 3963 intelligit
3641 3888 3744 3945 neu
3790 3905 3875 3944 re-

2300 3995 2599 4068 prehendit,
2622 4006 2787 4061 quare
2806 4004 2903 4043 nec
2945 3986 3144 4042 resistit
3181 4002 3195 4037 :
3225 3983 3366 4053 quod
3397 3992 3480 4037 est
3512 3981 3703 4068 mitem,
3729 3978 3873 4033 ﬁeri.

2309 4086 2438 4152 Quae
2466 4084 2637 4137 virtus
2666 4087 2724 4133 ut
2768 4075 3020 4132 continua
3058 4081 3324 4137 servetur,
3350 4078 3471 4125 orat
3498 4083 3565 4124 ne
3592 4069 3646 4123 in
3695 4067 3878 4121 iuteu-
3960 4098 3963 4105 ι

714 4183 867 4237 Beati
894 4184 984 4253 qui
1004 4183 1236 4235 esuriant
1268 4190 1315 4234 et
1341 4182 1519 4235 sitiunt
1538 4181 1827 4256 justitiam.
1874 4180 2007 4236 Nota
2039 4179 2215 4237 tiibus
2242 4169 2285 4228 Ῑ)
2314 4175 2511 4229 ιὶοηοηὶ
2539 4169 2841 4223 inducam”-

2381 4261 2565 4317 Tertio
2593 4259 2711 4315 loco
2737 4255 2958 4325 ponitur
2985 4251 3199 4320 spiritus
3234 4248 3481 4311 scientitc,
3506 4246 3596 4315 qui
3619 4245 3879 4302 convenit

2310 4352 2634 4426 lugentibus,
2670 4348 2795 4417 quia
2830 4345 3005 4400 sciunt
3029 4343 3138 4411 jam
3165 4340 3359 4409 quibus
3390 4337 3546 4392 malis
3589 4345 3882 4391 teneantur

2313 4446 2473 4502 vincti
2501 4460 2521 4507 ;~
2554 4456 2671 4511 qua:
2708 4445 2991 4505 antequam
3033 4434 3083 4487 in
3114 4429 3411 4500 Scripturis
3437 4427 3677 4495 legerent
3705 4432 3877 4493 appe-

2315 4538 2516 4596 tebant,
2546 4541 2599 4585 et
2629 4532 2746 4584 ideo
2780 4527 2845 4580 ad
2869 4525 3095 4594 patriam
3120 4522 3414 4591 suspirant.
3441 4516 3510 4571 Et
3538 4525 3597 4570 ut
3620 4515 3721 4569 illa:
3748 4529 3880 4584 pro-

2315 4630 2419 4682 sint
2445 4627 2721 4691 laci-ymte,
2755 4623 2905 4672 orent
2934 4622 2986 4669 et
3021 4614 3201 4668 dicant
3233 4629 3245 4665 :
3278 4610 3489 4663 Dimitte
3522 4607 3665 4661 nobis
3701 4604 3879 4659 debita

2318 4724 2516 4776 nostra,
2545 4717 2769 4780 peccata
2795 4704 3021 4769 scilicet,
3049 4703 3245 4772 quibus
3267 4701 3587 4763 detinemur,
3619 4704 3676 4749 ut
3717 4694 3877 4749 liberi

2318 4803 2384 4857 ad
2411 4800 2635 4870 patriam
2675 4796 2976 4852 redeamus.
3334 4808 3339 4814 ·

2386 4889 2587 4955 Quarto
2614 4887 2729 4941 loco
2755 4884 2992 4939 succedit
3020 4881 3232 4951 spiritus
3266 4876 3602 4946 fortitudinis,
3622 4874 3711 4943 qui
3746 4887 3876 4928 esu-

2320 4980 2581 5037 rientibus
2610 4986 2664 5031 et
2698 4975 2997 5030 sitientibus
3029 4970 3289 5042 justitiam
3329 4967 3601 5037 congruit;
3632 4966 3755 5033 quia
3781 4964 3877 5032 qui

2318 5083 2503 5123 verum
2537 5065 2839 5121 desiderant
2864 5057 3407 5131 gaudium,‘laborant
3433 5055 3578 5109 retlci
3605 5054 3746 5109 veris
3773 5052 3874 5106 bo-

2320 5159 2404 5213 nis
2434 5156 2570 5210 unde
2594 5154 2855 5209 esuriunt.
2879 5151 2982 5205 Sed
3016 5149 3105 5203 illa
3135 5146 3373 5213 esuries,
3397 5152 3455 5199 ut
3482 5143 3548 5198 ad
3571 5142 3876 5211 satietatem

2320 5250 2608 5318 pertingat,
2646 5244 2864 5298 fulcitur
2892 5241 3079 5310 spiritu
3112 5236 3463 5301 fortitudinis,
3511 5247 3580 5288 ne
3622 5232 3877 5286 lassescat

2324 5341 2373 5393 in
2407 5338 2491 5390 via
2529 5345 2620 5390 'ct
2650 5335 2768 5388 ideo
2814 5347 3029 5387 oramus
3060 5351 3071 5384 :
3102 5330 3295 5384 Panem
3340 5337 3572 5381 nostrum
3616 5318 3875 5391 quotidia-

2327 5447 2443 5482 num
2470 5428 2533 5481 tltt
2569 5425 2708 5479 nobis
2739 5422 2906 5477 hodie.

3808 5876 3809 5881 η
3858 5844 3874 5875 ’ί
3976 5860 3999 5881 ιγ

3752 5878 4169 6123 im

3892 5142 3986 5471 ί
