4240 6242
613 315 717 375 899

962 260 1019 372 S.
1051 310 1345 371 ANSELMI
1386 310 1731 370 CANTHAR.
1761 280 2078 366 ARCHIEP.
2120 304 2269 364 Oi‘P.
2310 307 2486 364 PARS
2516 307 2577 364 ll.
2609 338 2636 350 -

1792 308 2078 366 tRCHlEP.
2120 304 2269 364 Oi‘P.
2310 307 2486 364 PARS
2516 307 2577 364 ll.
2609 336 2680 351 —-
2704 307 3073 366 ΡΑΒΔΕΝΕΤ.
3113 308 3201 365 ΕΤ
3224 308 3466 367 ASCET.

3718 311 3828 370 600

681 429 937 500 Sequitur
966 446 985 481 :
1010 428 1209 492 Quarta
1234 436 1403 479 autem
1429 425 1604 496 vigilia
1634 426 1798 479 noctis
1822 424 1952 479 venit
1970 422 2040 475 ad
2069 437 2177 483 eos,
2207 424 2253 481 Α
2272 430 2355 473 est
2384 422 2475 480 eis,
2517 422 2692 476 dicens
2714 438 2734 476 :
2765 420 2958 476 Habete
2979 420 3260 489 fiduciam;
3302 420 3412 488 Ego
3436 437 3569 485 sunt,
3596 423 3753 478 nolite
3777 428 3848 480 tia

615 516 888 573 ambulans
909 532 1065 582 supra
1092 529 1255 567 mare.
1277 514 1409 569 Cum
1440 530 1544 569 nox
1575 515 1852 569 duodecim
1890 514 2050 567 horas
2076 510 2171 562 ha-

616 606 757 666 beat,
781 614 835 657 et
872 614 1101 671 quatuor
1122 602 1385 656 militares
1411 588 1642 679 vigilias.
1676 601 1844 654 tribus
1879 598 2027 674 horis
2050 594 2173 647 uni-

614 695 804 761 cuique
841 691 1032 761 vigiliac
1062 684 1556 760 deputatis,quarta
1582 688 1758 757 vigilia
1790 686 1962 753 noctis
1989 693 2170 737 extre-

612 784 774 838 mitas
798 793 881 837 est
911 785 1105 836 noctis.
1140 782 1253 836 Nox
1301 796 1427 834 vero
1467 780 1714 832 tenebras
1767 773 2169 828 tribulationum

611 882 666 929 et
688 888 934 927 errorum
961 888 1024 927 ac
1049 873 1297 925 vitiorum
1329 880 1380 922 et
1407 867 1642 937 pericula
1690 863 2043 921 tentationum
2076 864 2171 916 de-

609 962 803 1030 signat.
838 962 893 1017 lu
927 972 1109 1031 quarta
1140 974 1267 1026 ergo
1304 958 1477 1026 vigilia
1513 958 1712 1019 noctis,
1749 958 1850 1010 hoc
1875 956 1960 1011 eat
1987 958 2037 1009 in
2075 971 2172 1009 ex-

520 1040 524 1045 .
611 1050 879 1103 tremitate
905 1046 1310 1117 persecutionis,
1333 1062 1452 1116 qua:
1473 1046 1563 1099 diu
1588 1046 1687 1099 sub
1714 1046 1937 1115 paganis
1958 1044 2171 1112 regibus

609 1138 949 1203 eﬂ'erbuerat,
973 1137 1217 1192 veleirca
1257 1136 1416 1192 linem
1449 1134 1730 1203 cuiuslibet
1779 1134 2042 1205 gravioris
2076 1134 2177 1187 ad-

608 1226 897 1289 versitatis,
941 1228 1075 1280 venit
1115 1224 1274 1281 Iesus
1308 1227 1374 1280 ad
1432 1240 1576 1279 suos.
1610 1225 1677 1278 Et
1728 1226 1861 1277 venit
1896 1222 2169 1277 ambulans

604 1332 763 1383 supra
797 1331 961 1382 mare,
994 1316 1045 1371 id
1074 1326 1155 1371 est
1183 1316 1397 1371 calcans
1423 1328 1608 1368 mune:
1646 1313 2045 1366 tribulatiomun
2073 1311 2173 1365 llu-
2222 1366 2225 1371 ,

603 1393 747 1467 ct'us,
776 1412 832 1456 et
852 1417 1041 1457 omnes
1072 1412 1308 1456 tumores
1340 1402 1519 1454 rutundi
1560 1400 1658 1453 sub
1689 1400 1913 1469 pedibus
1942 1400 2167 1464 habens,

530 1514 539 1527 υ
604 1501 899 1555 omnesque
937 1472 1275 1543 celsitudines
1317 1487 1493 1542 scrcnli
1541 1500 1808 1557 premens.
1846 1487 1985 1555 Quid
2026 1488 2171 1541 enim

602 1577 770 1630 maris
787 1577 1145 1641 nomine,nisi
1186 1578 1238 1631 in
1268 1578 1527 1632 bonorum
1565 1592 1695 1631 nece
1724 1578 1955 1637 szeviens
1987 1578 2167 1631 nmndi

570 1663 766 1731 thujus
818 1666 1122 1719 amaritudo
1170 1667 1482 1735 designatur
1515 1665 1541 1719 ἲ
1581 1664 1752 1734 Super
1800 1663 1991 1720 ﬂuctus
2041 1680 2169 1735 ergo

2277 522 2437 561 mere.
2465 508 2570 560 Aut
2593 510 2740 561 enim
2763 524 2859 577 per
2898 509 3162 562 intentam
3185 508 3590 577 aspirationem,
3631 518 3723 562 aut
3746 524 3846 578 per

2278 596 2608 664 Scripturas,
2638 609 2857 668 aut-per
2884 600 3518 671 prmdicatores'l‘oquitur
3554 602 3667 656 suis
3690 602 3838 657 talia.

2276 683 2474 746 Nolite,
2510 688 2701 754 inqttit,
2751 690 3014 753 diliidere,
3045 692 3136 744 sed
3164 691 3415 757 ﬁduciam
3449 690 3648 757 habete,
3686 690 3840 744 nolite

2272 789 2652 842 expavescere,
2681 777 2773 829 sed
2793 778 3041 846 impavidi
3059 788 3239 836 estote
3266 797 3279 832 :
3304 766 3427 853 quia
3454 776 3564 853 Ego
3590 795 3724 841 sum,
3747 777 3841 846 qui

2274 861 2375 915 ista
2404 863 2647 929 praedixi,
2664 873 2719 917 et
2739 880 2879 919 nunc
2907 881 2966 918 ea
2992 865 3129 919 facit)
3156 882 3252 933 pro
3272 854 3465 922 vestris
3486 867 3800 921 utilitatibus
3819 883 3844 932 ι

2272 958 2327 1005 ει
2362 949 2482 1005 ideo
2509 966 2727 1006 necesse
2751 961 2834 1006 est
2865 960 2923 1007 ut
2949 952 3097 1023 liattt.
3134 952 3246 1021 Ego
3291 971 3430 1015 sum,
3468 958 3559 1024 qui”.
3588 971 3692 1011 non
3722 969 3846 1010 mu-

2275 1050 2388 1104 tor,‘
2415 1052 2470 1095 et
2511 1040 2667 1110 cujus
2694 1041 2857 1097 verba
2886 1058 2992 1097 nm
3027 1051 3329 1106 transeunt,
3363 1044 3457 1097 sed
3501 1043 3857 1112 permanent,

2270 1137 2325 1205 et
2355 1129 2515 1184 rebus
2543 1130 2854 1200 explentur;
2894 1131 2982 1199 qui
3036 1132 3101 1184 ad
3140 1128 3356 1201 Moysen
3387 1130 3495 1184 dixi
3528 1150 3542 1184 :
3572 1131 3683 1200 Ego
3722 1148 3845 1185 sum

2268 1218 2365 1290 qui
2379 1234 2493 1270 sum
2526 1216 2721 1285 (Exod.
2752 1219 2934 1289 ωλι)
2956 1260 2971 1283 .
3000 1234 3063 1273 ac
3082 1220 3307 1288 praecepi
3327 1219 3375 1272 ei
3407 1236 3421 1272 :
3450 1218 3536 1273 Sic
3556 1221 3695 1273 ches
3713 1220 3839 1288 ﬁliis

2269 1307 2481 1361 Israel:
2510 1306 2610 1372 Qui
2633 1318 2730 1372 est,
2766 1309 2906 1361 misit
2953 1325 3032 1362 me
3060 1310 3129 1362 ad
3176 1325 3264 1363 vos
3310 1307 3521 1378 (lbid.).
3552 1309 3658 1362 Res
3694 1310 3841 1363 enim

2269 1395 2541 1464 qualibet,
2574 1396 2621 1449 si
2662 1395 2938 1466 imitabilis
2964 1405 3068 1460 est,
3115 1412 3220 1451 non
3267 1412 3396 1452 vere
3440 1406 3540 1450 est.
3582 1395 3703 1455 Non
3753 1406 3837 1451 est

2268 1484 2410 1539 enim
2438 1485 2508 1539 ibi
2522 1499 2702 1539 verum
2715 1500 2850 1549 esse,
2872 1486 2963 1541 ubi
2981 1496 3063 1541 est
3076 1496 3129 1540 et
3143 1501 3249 1540 non
3266 1500 3408 1540 esse.
3421 1485 3826 1556 Nam'quidquid

2268 1575 2463 1628 mutari
2502 1584 2697 1643 potest,
2736 1586 3022 1639 mutatum,
3074 1585 3276 1631 nonest
3308 1577 3447 1644 quod
3486 1585 3628 1631 erat.
3669 1578 3747 1630 Ac
3777 1577 3841 1631 in

2268 1664 2515 1728 veritate,
2541 1679 2661 1731 quae
2688 1673 2889 1731 manet,
2932 1666 3157 1734 mutatio
3184 1681 3287 1719 non
3323 1676 3425 1730 est,
3477 1668 3576 1719 nec
3609 1676 3839 1735 praeter-

600 1754 767 1837 maris
816 1754 1072 1809 Dominus
1130 1757 1366 1811 ambulat
1402 1757 1611 1825 :quia,
1645 1772 1766 1811 cum
1817 1772 1877 1812 se
1928 1757 2173 1826 procellae
2206 1770 2249 1829 Β
2278 1752 2407 1805 itum
2439 1763 2529 1805 aut
2580 1752 2839 1819 futurum,
2878 1756 2970 1809 sed
3000 1755 3170 1809 solum
3204 1770 3460 1823 praesens,
3507 1764 3563 1809 et
3610 1757 3713 1809 hoc
3752 1756 3837 1808 in-

600 1844 995 1910 persecutionis
1041 1846 1283 1915 erigunt,
1317 1844 1693 1901 miraculorum
1717 1844 1834 1913 ejus
1863 1845 2170 1915 obstupefa-

600 1934 781 1986 ctione
806 1931 1144 2001 franguntur.
1176 1935 1275 1999 Qui
1306 1936 1447 1989 enim
1472 1945 1713 1991 tumores
1747 1938 1992 1989 humanae
2022 1950 2173 1989 vesa-

602 2016 711 2073 nia:
754 2019 981 2090 mitigat,
1014 2022 1165 2090 quasi
1191 2034 1401 2077 erectas
1423 2022 1481 2075 in
1513 2024 1725 2077 cumulo
1772 2026 1941 2077 undas
1976 2023 2167 2078 calcat.

602 2102 734 2159 Nam
760 2121 879 2159 eum
913 2122 1114 2162 morem
1141 2124 1295 2162 suum
1325 2109 1594 2179 gentilitas
1621 2111 1822 2165 destrui
1867 2126 2015 2164 norm
2044 2127 2171 2164 eon-

600 2196 924 2249 versationis
972 2198 1351 2265 praedicatione
1394 2198 1767 2266 conspiceret;
1816 2213 1937 2251 cum
1986 2199 2168 2253 mundi

599 2284 758 2352 hujus
782 2286 974 2341 divites
992 2287 1208 2341 elatioui
1227 2303 1335 2341 suae
1363 2290 1634 2343 contraire
1666 2288 1803 2341 facta
1835 2303 2164 2357 pauperum;

597 2386 723 2426 cum
770 2376 1041 2443 sapientes
1104 2376 1287 2430 surculi
1328 2378 1601 2432 adversari
1650 2377 1751 2431 sibi
1796 2377 2166 2446 imperitorum

589 2460 762 2520 verba
790 2467 1181 2535 pensarent.in
1231 2453 1620 2539 persecutionis
1670 2477 2042 2534 tempestatem
2086 2477 2171 2521 tu-

596 2566 873 2628 muerunt.
902 2557 1008 2611 Sed
1034 2557 1125 2625 qui
1153 2559 1436 2611 verborum
1460 2558 1781 2613 adversitatc
1804 2558 2074 2617 commoti,
2101 2556 2169 2611 ad

598 2645 994 2716 persecutionis
1034 2646 1300 2713 procellas
1332 2646 1598 2708 insiliunt,
1631 2646 1926 2715 signorum,
1951 2654 2005 2699 ut
2035 2646 2170 2700 dixi-

600 2746 745 2797 mus,
770 2732 1122 2788 admiratione
1148 2742 1536 2803 temperantur.
1567 2735 1665 2787 Tot
1700 2749 1827 2801 ergo
1866 2736 1916 2787 in
1951 2735 2031 2788 bis
2066 2735 2167 2788 liu-

596 2822 777 2876 ctibus
810 2822 1067 2877 Dominus
1091 2836 1307 2893 gressus
1341 2822 1516 2890 posuit
1538 2830 1667 2891 quot
1707 2824 1951 2891 superbis
1989 2837 2167 2892 persc-

597 2910 877 2964 cntoribus
915 2910 1172 2964 miracula
1210 2910 1464 2964 ostendit.

663 2998 953 3067 Sequitur:
979 2999 1044 3052 Et
1065 3000 1290 3052 videntes
1310 2992 1426 3053 eum
1447 3016 1605 3067 supra
1628 3015 1771 3053 mare
1792 3000 2163 3068 ambulantem,

2274 1842 2742 1911 corruptibiliter:
2773 1844 2915 1924 quod
2960 1845 3012 1896 in
3044 1852 3291 1896 creatura
3332 1858 3435 1897 non
3486 1854 3591 1896 est.
3619 1844 3837 1898 Discute

2272 1931 2417 1984 enim
2458 1946 2640 1986 rerum
2670 1934 3019 2000 mutationes,
3049 1941 3101 1987 et
3147 1932 3424 1986 invenies:
3465 1931 3563 1984 fuit
3608 1940 3661 1985 et
3706 1932 3831 1985 erit.

2271 2019 2689 2089 Cogita'Deum,
2728 2030 2783 2075 ct
2822 2023 3056 2083 invenies
3088 2033 3195 2075 :est
3234 2020 3322 2074 ubi
3365 2021 3464 2089 fuit
3501 2030 3550 2073 et
3589 2024 3683 2073 erit
3713 2034 3843 2075 esse

2271 2126 2375 2164 non
2428 2112 2616 2179 possit.
2667 2112 2831 2167 Recte
2880 2128 3008 2182 ergo
3048 2112 3295 2166 Christus
3316 2149 3343 2175 ,.
3364 2111 3455 2180 qui
3497 2119 3579 2166 est
3628 2120 3833 2181 teterua

2271 2209 2327 2254 et
2359 2201 2815 2256 incommutabilis
2852 2202 3090 2265 veritas,
3135 2202 3264 2255 dicit
3290 2201 3402 2255 suis
3442 2200 3577 2254 inter
3603 2201 3830 2255 munda-

2269 2304 2366 2343 nas
2407 2290 2778 2346 tribulatioues
2831 2291 3209 2347 ﬂuctuantibus
3249 2308 3263 2344 :
3306 2289 3418 2360 Ego
3464 2308 3612 2356 sum,
3676 2291 3834 2348 nolite

2269 2379 2466 2431 timere.
3637 2396 3649 2431 ς

2341 2466 2631 2535 Sequitur:
2665 2468 2995 2536 Respondeas
3020 2477 3193 2521 autem
3221 2466 3407 2524 Petrus
3429 2510 3444 2535 ,
3489 2469 3621 2523 dixit
3662 2485 3682 2524 :
3722 2468 3833 2524 Do-

2269 2556 2427 2621 mine,
2453 2557 2499 2608 si
2523 2566 2578 2609 tu
2602 2572 2675 2618 es,
2691 2557 2820 2626 jube
2855 2573 2935 2610 me
2960 2559 3130 2610 venire
3166 2558 3235 2609 ad
3275 2569 3323 2611 te
3349 2573 3507 2627 super
3540 2574 3723 2619 aquas.
3751 2558 3832 2614 At:

2269 2646 2376 2713 ipse
2412 2646 2527 2698 ait:
2573 2643 2712 2699 Veni.
2758 2645 2948 2701 Petrus
2976 2647 3216 2701 ordinem
3255 2649 3666 2716 praedicatorum
3691 2648 3833 2702 desi-

2268 2743 2427 2802 gnat;
2460 2749 2614 2800 aane
2641 2749 2769 2787 vero
2818 2750 2920 2788 non
2960 2735 3132 2788 solum
3184 2736 3558 2789 tribulationes
3583 2776 3598 2800 ,
3646 2738 3739 2792 sed
3769 2746 3829 2792 et

2267 2821 2490 2889 populos
2534 2822 2862 2889 signiﬁcant.
2905 2824 2987 2889 Si,
3028 2824 3217 2892 inquit,
3248 2833 3304 2875 tu
3332 2840 3409 2883 es,
3438 2825 3483 2878 si
3526 2835 3582 2879 tu
3616 2826 3831 2879 incom-

2265 2902 2539 2966 mutabilis
2574 2925 2881 2979 permanes;
2904 2912 3053 2981 jube,
3083 2913 3204 2981 quia
3230 2911 3402 2981 juss‘io
3439 2922 3527 2967 tua
3557 2922 3642 2967 est
3660 2914 3839 2969 virtus

2270 2997 2693 3077 eﬂiciens;'jube
2723 3012 2804 3055 me
2837 2994 3001 3071 supen
3035 3018 3219 3071 aquas,
3260 3002 3311 3056 id
3338 3012 3421 3057 est
3452 3017 3610 3072 super
3636 3003 3832 3060 ﬂuctus

589 3088 787 3147 turbati
806 3089 1192 3156 sunt,dicentes
1215 3091 1337 3159 quin
1358 3090 1665 3157 phantasma
1680 3099 1842 3153 est;et
1858 3107 1966 3159 pne
1985 3092 2167 3145 timore
2193 3074 2239 3137 C
2270 3074 2658 3141 unmdanarutn
2692 3090 3091 3144 tribulationum
3121 3099 3175 3144 et
3198 3105 3358 3158 super
3385 3091 3630 3160 populos,
3654 3093 3834 3148 venire

590 3180 962 3235 clamauerunt.
983 3175 1140 3233 Jesus
1172 3177 1367 3231 transit
1400 3165 1615 3232 calcans
1644 3178 1861 3240 ﬂuctus;
1891 3189 1945 3232 et
1987 3191 2163 3239 tamen

592 3277 757 3323 tanta:
784 3277 907 3323 sunt
938 3269 1332 3335 tribulationes,
1370 3276 1428 3320 ut
1466 3268 1629 3322 etiam
1662 3269 1761 3338 ipsi
1799 3270 1890 3338 qui
1918 3272 2162 3327 credide-

598 3364 728 3410 runt
753 3356 808 3410 in
854 3354 1065 3420 Jesum,
1092 3364 1144 3409 et
1193 3360 1460 3410 conantur
1500 3369 1849 3425 perseverare
1889 3372 2059 3426 usque
2109 3360 2162 3413 in

594 3445 787 3507 linem,
817 3445 1132 3515 plerumque
1174 3446 1457 3501 turbentur
1480 3454 1535 3500 et
1570 3455 1930 3515 expavescunt
1976 3462 2044 3501 ne
2072 3449 2165 3504 de-

594 3533 812 3587 ﬁciant:
831 3532 1073 3600 Christo,
1098 3534 1337 3601 inquam,
1361 3531 1552 3589 fluctus
1573 3534 1838 3597 calcante,
1872 3534 1926 3589 id
1953 3544 2034 3588 est
2064 3551 2165 3589 sa:-

500 3690 503 3693 λ
592 3623 707 3679 culi
739 3623 1061 3679 ambitiones
1103 3633 1158 3677 et
1195 3624 1504 3678 altitudines
1529 3624 1884 3693 deprimente,
1932 3638 2163 3693 expave-

591 3720 753 3766 scunt
796 3711 1106 3767 Christiani.
1149 3711 1341 3767 Merito
1375 3714 1540 3783 igitur
1566 3713 1795 3768 Domino
1821 3713 1871 3764 in
1910 3710 2164 3768 ﬂuctibus

592 3799 909 3855 ambulante
968 3802 1263 3873 timuerqu
1314 3802 1560 3872 discipuli
1598 3819 1613 3855 :
1645 3804 1773 3873 quia
1825 3801 2160 3866 Christiani,

591 3891 840 3959 quamvis
891 3890 1154 3946 habentes
1180 3906 1330 3961 spem
1362 3892 1415 3945 in
1464 3892 1647 3945 futuro
1693 3891 1916 3955 saeculo,
1946 3891 2162 3960 quando

588 3978 777 4032 vident
822 3978 1047 4047 deprimi
1091 3978 1428 4033 altitudinem
1476 3978 1636 4046 hujus
1673 3979 1882 4045 saeculi,
1915 3994 2163 4038 nonnun-

590 4081 754 4135 quam
791 4068 1077 4123 turbantur
1104 4068 1168 4121 de
1196 4068 1522 4122 contritione
1563 4082 1753 4121 rerum.
1778 4068 2161 4133 humanarum,

591 4168 695 4208 nec
727 4169 756 4206 a
808 4155 917 4209 Deo
968 4154 1082 4209 ﬁeri
1136 4155 1274 4210 lianc
1324 4156 1688 4221 arbitrantur,
1726 4158 1821 4212 sed
1868 4158 1937 4212 ab
1983 4155 2158 4213 hoste.

592 4236 812 4293 Turbati
828 4251 949 4301 sunt
983 4257 1126 4311 ergo,
1149 4244 1374 4297 dicentes
1399 4244 1523 4314 quia
1556 4245 1864 4311 phantasnta
1888 4253 1965 4301 est
1980 4262 2001 4303 :
2029 4261 2166 4318 quo-

2264 3176 2334 3227 ad
2370 3187 2452 3242 te;
2483 3185 2541 3230 ut
2569 3187 2623 3229 et
2649 3193 2747 3247 ego
2778 3180 2869 3232 tibi
2902 3179 3318 3233 incommutabili
3346 3178 3649 3243 adhaerens,
3698 3181 3831 3237 llam

2265 3264 2745 3329 incommutabilis,
2779 3269 3186 3337 participatione
3221 3267 3485 3323 ﬁrmitatis
3512 3277 3636 3324 tum.
3658 3269 3823 3325 Vadit

2264 3354 2405 3407 enim
2428 3369 2588 3422 super
2610 3356 2994 3421 tribulationes,
3017 3357 3107 3425 qui
3134 3373 3237 3411 non
3267 3368 3547 3427 superatur
3568 3370 3658 3411 aut
3687 3374 3830 3415 mer-

2265 3442 2408 3511 gitur
2432 3442 2499 3495 ab
2524 3443 2637 3507 eis,
2668 3443 2759 3496 sed
2790 3442 2967 3497 calcati
2988 3453 3042 3497 et
3084 3455 3299 3513 superat
3344 3461 3438 3501 cas
3476 3464 3490 3501 :
3525 3447 3661 3500 sicut
3696 3446 3834 3517 legi-

2264 3547 2382 3585 tuus
2413 3533 2536 3599 quia
2580 3532 2680 3585 sub
2711 3532 2983 3601 Stephano
3022 3533 3158 3586 facta
3197 3544 3279 3586 est
3308 3535 3393 3587 illa
3436 3536 3737 3601 tribulatio,
3771 3538 3832 3590 in

2264 3637 2366 3690 qua
2399 3622 2511 3689 ipse
2548 3636 2647 3689 pro
2682 3621 2897 3676 Christo
2934 3624 3142 3691 primus
3181 3624 3419 3677 animam
3452 3641 3605 3678 suam
3649 3627 3830 3693 posuit

2264 3710 2399 3780 (Act.
2431 3712 2547 3777 vn).
2585 3710 2690 3764 Sed
2722 3718 2780 3762 et
2815 3725 2975 3779 super
3003 3712 3225 3780 populos
3251 3713 3395 3765 vadit
3422 3714 3488 3767 ad
3527 3714 3833 3780 Christum,

2247 3798 2350 3867 ‘qui
2380 3797 2610 3868 regendo
2647 3797 3013 3854 multitudines
3042 3800 3271 3853 ﬁdelium
3308 3802 3482 3855 tendit
3511 3803 3578 3855 ad
3601 3818 3833 3874 regnum

2261 3885 2559 3960 cmlorum._

2332 3962 2586 4047 Sequitur
2613 3995 2627 4031 :
2661 3976 2729 4032 Et
2758 3978 3070 4032 descendens
3103 3975 3287 4034 Petrus
3311 3980 3374 4033 de
3419 3981 3678 4046 navicula,
3705 4000 3829 4037 am-

2262 4065 2471 4120 bulabat
2500 4084 2656 4137 super
2677 4084 2863 4136 aquas,
2904 4079 2957 4121 ut
2983 4068 3173 4122 veniret
3200 4070 3270 4122 atl
3311 4069 3513 4123 Iesum.
3547 4070 3658 4126 Hoc
3680 4087 3833 4143 eom-

2260 4154 2461 4225 pletum
2484 4163 2567 4208 est
2588 4165 2644 4209 et
2667 4156 2983 4223 completur,
3013 4150 3135 4209 dum
3160 4158 3327 4211 sancti
3362 4159 3738 4225 praedicatores
3756 4161 3834 4217 ad

2261 4252 2475 4300 exteras
2515 4253 2699 4312 gentes
2740 4246 3043 4298 mittuntur.
3086 4246 3273 4300 Petrus
3317 4249 3462 4301 enim
3492 4249 3555 4301 de
3584 4250 3831 4307 navicula

591 4329 743 4384 niam
769 4330 893 4383 dum
922 4332 1473 4390 considerautmundi
1502 4337 1725 4406 gloriam
1749 4339 1940 4402 sterni,
1978 4349 2030 4394 et
2063 4355 2161 4395 sae.
2195 4400 2225 4406 _
2264 4336 2566 4401 descendit,
2596 4334 2806 4403 quoties
2834 4334 3055 4401 quilibet
3077 4347 3294 4389 sanctus
3317 4335 3506 4391 doctor
3529 4338 3595 4391 de
3616 4339 3833 4404 gremio

592 4414 855 4471 cularium
885 4417 1173 4473 stationum
1200 4400 1528 4477 altitudines
1546 4424 1724 4493 dejici,
1754 4400 2161 4499 mundanosque
2195 4400 2237 4455 θ
2264 4424 2451 4478 matris
2479 4400 2751 4484 Ecclesia.
2772 4400 2863 4477 ubi
2894 4422 3066 4476 fuerat
3094 4424 3468 4494 educalnsmia
3497 4400 3827 4483 condescen-

590 4504 786 4560 ﬂuctus
815 4506 1039 4573 calcari,
1067 4510 1386 4579 plerumque
1419 4512 1706 4567 turbantur
1734 4514 1802 4568 de
1828 4517 2007 4570 mundi
2036 4531 2157 4585 per-

588 4596 974 4653 cussionibus:
1014 4600 1143 4666 quia
1195 4598 1432 4652 nondum
1486 4601 1787 4670 intelligunt
1836 4602 2000 4656 Deum
2054 4604 2154 4659 ista

586 4686 788 4753 facere,
820 4688 914 4743 sed
941 4698 1132 4757 putant
1169 4689 1418 4758 Spiritum
1451 4689 1608 4756 hujus
1642 4693 1821 4745 mundi
1861 4693 2158 4760 phantasti-

587 4793 731 4844 cum,
764 4779 816 4831 id
861 4787 943 4832 est
981 4778 1261 4832 subdolum
1281 4776 1704 4843 Satanam,talia
1746 4780 1798 4833 in
1828 4780 2023 4835 mundo
2063 4798 2158 4850 ge-

588 4885 730 4933 rere,
770 4872 923 4941 161
952 4881 1000 4924 et
1029 4888 1137 4939 pra:
1166 4872 1352 4924 timore
1379 4871 1617 4925 clamant
1638 4873 1834 4925 turbati
1861 4873 1928 4925 ad
1976 4874 2153 4926 Domi-

587 4974 741 5013 num.
774 4959 879 5012 Sed
917 4961 1255 5027 postmodum
1302 4961 1615 5032 diligentius
1649 4962 1985 5017 attendentes
2027 4978 2153 5032 ape-

586 5050 735 5102 riunt
777 5048 1153 5116 Evangelium,
1193 5051 1438 5118 aperiunt
1484 5050 1791 5119 Scripturas
1834 5052 2062 5115 divinas,
2098 5060 2154 5105 et

586 5143 870 5195 iuVeniuut
898 5142 967 5194 ibi
996 5143 1093 5195 ista
1124 5144 1299 5197 omnia
1335 5144 1603 5213 praedicta.
1639 5152 1694 5199 et
1723 5144 2155 5198 animadvertunt

582 5232 712 5300 quia
742 5247 845 5285 non
881 5232 1058 5286 inanis
1078 5242 1132 5286 et
1154 5234 1450 5289 umbratilis
1474 5236 1564 5290 ille
1583 5236 1823 5306 spiritus,
1855 5235 1943 5303 qui
1968 5250 2149 5288 verum

584 5334 706 5372 esse
739 5319 988 5387 perdidit,
1018 5320 1112 5373 sed
1139 5335 1297 5375 verus
1340 5321 1591 5377 Dominus
1640 5323 1765 5377 facit
1808 5324 1940 5403 haec,
1971 5332 2023 5376 et
2055 5323 2150 5375 de-

584 5407 775 5493 primit
814 5409 1156 5465 celsitudines
1205 5410 1405 5475 muli,
1433 5420 1488 5464 ut
1530 5412 1596 5464 ab
1631 5412 1922 5468 humilibus
1950 5411 2148 5481 glorifi—

584 5508 759 5576 cetttr.

662 5585 814 5643 Unde
858 5602 911 5645 ct
941 5602 1063 5659 apte
1101 5593 1343 5649 subditur
1376 5610 1386 5645 :
1417 5591 1704 5659 Statimque
1746 5590 1897 5644 Iesus
1951 5590 2148 5642 locutus

2262 4515 2410 4570 sione
2431 4518 2662 4583 perrexit
2702 4514 2769 4567 ad
2797 4514 2944 4577 illos,
2973 4514 3061 4582 qui
3097 4514 3226 4567 loris
3250 4525 3440 4581 erant,
3472 4523 3530 4569 ut
3571 4516 3649 4571 eis
3677 4517 3826 4582 viam

2261 4603 2451 4659 salutis
2480 4603 2801 4656 ostenderet.
2830 4603 2895 4655 Et
2915 4602 3203 4678 ambulavit
3224 4619 3377 4669 super
3407 4619 3591 4671 aquas,
3618 4602 3742 4658 dum
3764 4617 3825 4660 ει

2261 4691 2637 4745 tribulationes
2686 4693 2987 4759 superando
3036 4690 3306 4756 calcaret,
3350 4701 3404 4744 et
3456 4691 3826 4750 multitudines

2261 4781 2533 4836 hominum
2559 4780 2770 4833 Christo
2792 4781 3009 4834 credere
3034 4779 3234 4834 faciens
3262 4779 3360 4833 sibi
3384 4780 3660 4836 subderet.
3685 4782 3824 4836 Am-

2260 4870 2482 4933 bulavit,
2533 4870 2772 4936 inquam,
2805 4885 2910 4922 non
2957 4869 3105 4922 stetit
3134 4886 3155 4922 :
3185 4869 3306 4937 quia
3361 4862 3573 4938 semper
3596 4886 3658 4925 ea
3697 4872 3831 4942 quae

2261 4969 2408 5013 retro
2440 4969 2565 5012 sunt
2591 4958 2797 5026 longius
2826 4957 3050 5027 fugiens,
3077 4960 3142 5011 ad
3171 4976 3232 5012 ea
3259 4975 3377 5028 qua:
3408 4971 3532 5029 ante
3559 4973 3618 5015 se
3646 4965 3829 5033 magis

2260 5064 2324 5103 ac
2353 5050 2521 5118 magis
2556 5063 2612 5102 se
2658 5050 2943 5116 promovit,
2968 5058 3022 5103 et
3073 5036 3401 5117 qnotidianis
3429 5051 3681 5104 virtutum
3729 5053 3820 5105 in-

2261 5139 2553 5192 crementis
2592 5138 2839 5207 profecit.
2873 5140 2936 5192 Et
2976 5141 3086 5193 lucc
3114 5140 3292 5194 omnia
3339 5141 3487 5209 egit,
3533 5143 3825 5198 ut.venirel

2259 5229 2328 5281 ad
2355 5228 2534 5282 Jesum
2556 5268 2574 5292 ,
2617 5230 2706 5296 qui
2746 5238 2828 5283 est
2863 5228 3111 5282 Salvator
3138 5236 3193 5282 et
3223 5229 3418 5282 veritas
3464 5230 3824 5301 incommuta-

2256 5318 2415 5383 bilis;
2456 5327 2723 5387 quatenus
2761 5333 2881 5371 eum
2916 5318 3329 5385 apprehendens
3348 5328 3400 5372 et
3437 5318 3489 5372 ei
3525 5304 3824 5393 iuhterens,

2261 5425 2437 5463 veram
2466 5418 2670 5462 teneret
2702 5408 2752 5459 in
2777 5421 2842 5460 eo
2872 5409 3097 5461 salutem
3123 5419 3175 5462 et
3203 5410 3823 5465 incommutabilitatem;

2332 5499 2585 5565 Sequitur
2627 5516 2639 5547 :
2682 5496 2871 5549 Videas
2921 5515 3033 5551 vero
3077 5510 3276 5552 ventum
3316 5501 3561 5566 validum,
3602 5501 3821 5566 timuit;

2259 5599 2304 5644 et
2345 5605 2459 5641 rum
2510 5588 2733 5655 cepisset
2775 5591 2963 5657 mergi,
3005 5590 3241 5644 clamavit
3288 5591 3509 5646 dicens:
3548 5590 3818 5657 Domine,
