4240 6190
402 284 494 338 σοι
580 285 583 287 “

1474 275 1777 335 ΙὶΟΜΙΗᾸΞ
1817 280 1902 334 ΕΤ
1943 280 2535 336 EXIlOllTATlONl-IS.

3501 285 3609 342 σοί

405 393 597 448 salvum
640 409 719 447 me
749 392 853 462 fac.
892 389 1106 446 Validus
1135 399 1327 444 ventus
1349 431 1366 455 ,
1410 391 1697 446 vehemens
1735 400 1958 445 conatus
1986 392 2029 452 Α
2059 391 2385 461 singulorum
2414 393 2596 448 evenit
2641 393 2846 461 privata
2895 395 3196 461 calamitas,
3232 405 3357 450 tunc
3398 404 3612 465 putatur

402 486 697 538 damnouum
738 489 822 536 est
847 482 912 533 ad
962 479 1239 532 excitanda
1277 478 1436 531 corda
1474 480 1771 545 hominum,
1817 478 1959 532 velut

294 618 309 633 .
402 589 570 642 aquas
624 572 787 625 maris
821 571 875 623 in
927 570 1346 638 inquietudinem
1392 572 1777 638 persecutionis
1826 571 1957 624 lide—

400 660 566 723 lium;
608 660 690 712 vel
719 658 783 709 ad
813 655 1144 709 suadendum
1190 655 1402 709 fortiter
1445 657 1663 711 malum.
1688 657 1785 722 Qui
1817 658 1960 710 scili-

401 759 486 802 cet
516 756 707 798 ventus
736 744 887 797 ﬂabit
937 754 1061 797 tunc
1108 742 1333 805 validus,
1379 746 1591 810 quando
1622 744 1851 798 Satanas
1905 744 1956 797 in

402 836 514 892 suis
538 834 742 887 viribus
769 842 1012 885 extremo
1059 841 1297 900 tempore
1335 840 1521 885 contra
1548 833 1723 902 justus
1753 832 1960 886 relaxa-
2007 854 2013 865 ·

402 926 565 980 bitur.
595 924 744 990 Quod
770 924 822 976 in
850 924 949 976 bac
977 923 1235 976 sententia
1269 937 1411 975 nunc
1434 921 1699 991 designari
1731 922 1955 985 videtur,

403 1014 525 1084 quia
551 1014 760 1079 Petrus,
797 1013 887 1081 qui
916 1022 997 1066 est
1025 1013 1155 1066 ordo
1182 1012 1608 1081 praedicantium,
1650 1012 1823 1067 videns
1844 1028 1961 1066 ven-

404 1112 511 1155 tum
556 1103 778 1155 calidum
807 1103 1046 1157 timuisse
1088 1103 1340 1156 refertur.
1373 1102 1504 1167 Quis
1550 1104 1694 1156 enim
1724 1101 1809 1155 vel
1844 1116 1962 1171 per-

405 1194 671 1249 fecturum
708 1192 816 1247 non
851 1194 1079 1259 timebit,
1104 1195 1317 1262 quando
1346 1195 1445 1247 sub
1488 1194 1817 1247 Antichristo
1859 1192 1962 1245 im-

405 1284 578 1337 manis
609 1284 694 1336 illa
720 1285 1019 1352 persecutio
1051 1285 1246 1353 ubique
1273 1282 1516 1337 fervebit.
1543 1283 1760 1337 Timens
1786 1289 1964 1335 autem

403 1374 625 1440 incipiet
657 1358 1048 1439 aliquantulum
1100 1373 1267 1440 mergi
1304 1389 1317 1425 :
1366 1372 1489 1442 quia
1524 1380 1741 1441 propter
1776 1372 1965 1426 horro-

403 1478 517 1517 rem
546 1463 842 1517 atrocitatis
889 1462 1293 1531 suppliciorum,
1322 1477 1441 1530 quae
1487 1462 1689 1517 sanctis
1728 1460 1967 1515 inferen-

405 1562 523 1619 tur,
556 1563 609 1606 et
639 1563 858 1622 propter
893 1536 1298 1607 admirationem
1332 1552 1600 1607 fallaciam
1652 1554 1923 1621 signorum
1948 1592 1963 1616 ,

403 1658 523 1709 qum
552 1658 648 1710 per
674 1657 935 1710 sequaces
959 1642 1270 1696 Antichristi
1303 1643 1425 1696 ﬂent
1444 1683 1458 1708 ,
1490 1642 1876 1712 aliquantulum
1908 1643 1963 1697 in

404 1733 567 1786 corde
598 1746 694 1784 suo
716 1731 1003 1794 ﬂuctuans,
1021 1734 1088 1787 ab
1113 1734 1346 1788 inferiori
1381 1742 1534 1803 parte
1558 1735 1749 1788 animae
1770 1735 1966 1789 sentiet

404 1808 629 1889 aliquid,
676 1835 783 1888 quo
828 1821 927 1874 nisi
967 1822 1166 1875 Christi
1198 1823 1415 1876 dextera
1469 1824 1763 1885 levaverit,
1813 1822 1967 1876 facile
2005 1897 2008 1900 .

406 1924 551 1969 tutus
598 1915 836 1983 demergi
880 1916 1070 1983 possit.
1124 1913 1230 1967 Sed
1294 1915 1429 1983 quia-
1472 1916 1678 1968 electus
1706 1914 1852 1979 erit,
1900 1913 1967 1967 ad

402 2003 678 2059 Christum
706 2004 960 2077 clamabit
989 2020 1003 2057 :
1043 2003 1283 2065 Domine,
1316 2002 1517 2055 salvum
1558 2019 1637 2055 me
1660 2003 1765 2070 fac,
1802 2011 1856 2057 et
1889 2002 1968 2059 sic

402 2107 469 2147 eo
500 2080 847 2146 subveniente
893 2092 1149 2160 erigetur.
1198 2090 1314 2143 Erit
1363 2092 1499 2143 enim
1538 2099 1657 2144 tunc
1701 2090 1965 2143 tribulatio

402 2202 596 2253 magna
624 2185 795 2253 qualis
830 2184 1048 2252 nonfuit
1071 2188 1133 2236 ab
1172 2184 1321 2237 initio
1341 2194 1592 2236 creatura:
1610 2200 1776 2251 usque
1792 2185 1962 2250 modo,

402 2290 567 2341 neque
589 2277 697 2340 lict.
719 2273 785 2325 Et
814 2274 913 2326 nisi
945 2274 1154 2326 breviati
1183 2274 1395 2341 fuissent
1424 2273 1531 2325 dies
1561 2274 1658 2334 illi,
1692 2289 1794 2325 non
1822 2273 1964 2340 fieret

401 2361 549 2415 salua
587 2363 751 2414 omnis
781 2378 901 2415 caro
930 2375 948 2413 :
980 2363 1067 2415 sed
1097 2373 1301 2429 propter
1346 2361 1556 2438 electos,
1602 2362 1969 2414 breviabuntur

402 2448 517 2501 dies
551 2448 630 2502 illi
651 2448 861 2519 (Matth.
889 2465 1036 2511 xstv,
1057 2449 1147 2511 2|,
1182 2449 1294 2516 22).

480 2538 632 2593 Uade
667 2548 721 2592 et
764 2539 851 2591 hic
903 2548 1027 2606 apte
1074 2538 1319 2606 sequitur
1359 2555 1371 2590 :
1433 2536 1498 2588 Et
1536 2537 1779 2589 continuo
1814 2536 1968 2591 Iesus

402 2628 684 2685 extendens
712 2644 921 2681 manum
946 2627 1273 2695 apprehendit
1300 2634 1499 2689 eum,et
1524 2627 1597 2677 ait
1616 2625 1730 2679 illi:
1747 2626 1968 2680 Modica:

402 2718 554 2785 ﬁdei,
575 2732 742 2779 quare
761 2716 1011 2768 dubitasti
1030 2718 1056 2767 .’
1082 2717 1201 2770 Gito
1227 2701 1373 2767 enim
1407 2714 1656 2768 Salvator
1682 2716 1969 2784 unicuique

403 2804 627 2856 suorum
664 2800 913 2854 extendet
936 2815 1148 2853 manum
1176 2800 1429 2854 salutaris
1464 2800 1670 2863 auxilii,
1702 2801 1826 2868 quia
1860 2819 1963 2856 non

403 2888 665 2963 patietur,
692 2901 785 2941 eos
833 2888 1027 2941 tentari
1068 2902 1231 2956 supra
1271 2889 1321 2940 id
1356 2888 1497 2956 quod
1528 2887 1669 2941 ferre
1719 2897 1968 2955 poterunt

2058 491 2250 534 ventus
2288 482 2542 559 adversus
2565 520 2578 545 ,
2608 491 2660 535 et
2696 483 2764 535 ibi
2813 494 3028 551 putatur
3076 486 3400 541 invocandus
3434 486 3610 541 Deus:

2059 569 2270 637 quando
2300 580 2474 624 autem
2518 569 2794 639 temporali
2828 571 3080 627 felicitate
3113 574 3365 629 sazcultun
3388 575 3610 641 arridet,

2059 658 2212 726 quasi
2241 669 2469 735 non,est
2495 668 2683 714 ventus
2721 663 3043 713 contrarius.
3074 661 3187 716 Noli
3231 664 3354 719 hinc
3380 665 3610 717 interro-

2060 763 2187 817 gare
2229 750 2481 817 temporis
2524 750 2964 817 tranquillitatem
3009 752 3143 804 :sed
3169 752 3433 824 interroga
3466 764 3612 809 tuam

2060 836 2424 906 cupiditatem.
2450 836 2584 892 Vide
2614 838 2656 892 si
2692 840 3051 909 tranquillitas
3080 850 3163 893 est
3188 841 3243 894 in
3299 850 3348 895 te
3378 859 3392 894 :
3424 840 3539 898 vide
3567 843 3628 898 si-

2061 943 2164 1008 non
2187 936 2237 979 te
2265 927 2539 980 subvertat
2563 939 2749 982 ventus
2774 930 3017 984 interior.
3046 930 3249 999 Magnae
3276 931 3419 984 enim
3449 933 3619 986 virtuo

2063 1018 2131 1072 tis
2156 1026 2239 1073 est
2267 1032 2388 1071 cum
2412 1016 2665 1070 felicitate
2706 1017 2915 1082 luctari,
2946 1034 3011 1072 ne
3039 1019 3257 1084 illiceal,
3284 1036 3350 1076 ne
3374 1034 3618 1073 corrum-

2059 1115 2176 1176 pat,
2190 1120 2255 1159 ne
2275 1105 2551 1160 subvertat
2573 1104 2659 1157 illa
2678 1104 2919 1160 felicitas.
2942 1107 3093 1161 Disce
3109 1108 3317 1161 calcare
3327 1107 3617 1172 saeculum;

2061 1207 2327 1253 memento
2354 1198 2518 1252 fidere
2545 1196 2596 1251 in
2628 1197 2862 1251 Christo.
2887 1197 2951 1250 Et
2981 1198 3025 1250 si
3058 1208 3232 1251 motus
3253 1208 3333 1252 est
3353 1212 3447 1266 pes
3474 1207 3617 1260 tuus,

2063 1289 2107 1342 si
2141 1274 2434 1348 titubas,'si
2467 1286 2641 1355 aliqua
2690 1282 2795 1339 non
2827 1301 3069 1356 superas,
3099 1287 3143 1339 si
3173 1288 3339 1356 mergi
3387 1285 3576 1355 incipis
3602 1326 3618 1352 ,

2062 1378 2301 1432 exclama
2330 1378 2394 1429 ad
2419 1376 2639 1434 Jesunt:
2674 1363 2911 1441 Domine,
2941 1376 3140 1430 salvum
3182 1394 3261 1430 me
3302 1378 3405 1444 fac.
3442 1378 3497 1429 In
3522 1377 3620 1429 Pe-

2069 1473 2150 1518 tro
2209 1464 2385 1532 itaque
2440 1467 2735 1518 communis
2794 1465 3033 1519 oumium
3087 1474 3332 1518 nostrum
3382 1463 3624 1518 conside-

2066 1552 2231 1606 randa
2267 1550 2507 1605 conditio
2529 1562 2629 1613 est,
2671 1560 2729 1603 ut
2761 1552 2805 1604 si
2855 1567 2953 1605 nos
2980 1552 3030 1604 in
3062 1552 3240 1621 aliquo
3270 1552 3623 1605 tentationutn

2048 1648 2254 1695 ventus
2280 1645 2504 1691 conatur
2531 1637 2949 1700 subvertere,vel
2973 1638 3111 1691 unda
3134 1638 3494 1707 submergere,
3514 1637 3623 1691 cla-

1997 1705 2039 1764 B
2068 1742 2276 1781 menius
2302 1727 2368 1779 ad
2402 1725 2691 1779 Christum.
2720 1723 2963 1795 Porriget
2992 1727 3081 1781 ille
3103 1705 3437 1792 manuue—et
3469 1733 3624 1780 eruet

2065 1817 2132 1872 de
2155 1814 2439 1886 profundo.

2137 1905 2425 1975 Sequitur:
2451 1904 2515 1958 Et
2553 1922 2668 1960 cunt
2697 1907 3007 1960 ascendisset
3056 1908 3114 1959 in
3159 1906 3481 1972 naviculam,
3513 1922 3623 1960 ces-

2064 1999 2196 2051 savit
2234 2006 2433 2053 ventus.
2467 1997 2519 2051 ln
2553 1998 2638 2052 die
2686 1998 2980 2050 novissimo
3026 1999 3281 2053 ascendet
3333 2000 3384 2052 in
3432 2011 3623 2051 navem

2066 2086 2345 2151 Ecclesiae;
2384 2085 2507 2156 quia
2540 2095 2664 2141 tunc
2691 2087 2897 2141 sedebit
2942 2086 3306 2155 supersedeo)
3334 2088 3627 2161 Maiestatis

2063 2192 2174 2231 suae
2198 2175 2411 2242 (Matth.
2442 2176 2564 2244 xxv)
2593 2193 2744 2245 :qute
2764 2177 2917 2231 sedes
2950 2194 3051 2231 non
3076 2178 3508 2231 inconvenienter
3538 2179 3627 2232 in-

2066 2266 2317 2335 telligitur
2346 2265 2603 2320 Ecclesia.
2638 2266 2769 2319 Nam
2806 2268 2961 2336 162
2987 2268 3080 2336 qui
3124 2283 3219 2337 per
3264 2268 3419 2321 fidem
3446 2278 3499 2322 et
3531 2271 3623 2325 bo-

2065 2369 2187 2408 nam
2215 2355 2580 2435 operationem
2613 2369 2754 2407 nunc
2781 2370 2995 2425 semper
3017 2356 3278 2409 inhabitat
3302 2356 3624 2422 Ecclesium,

2065 2447 2179 2515 ipse
2205 2456 2333 2505 tunc
2368 2462 2462 2515 per
2495 2462 2604 2505 sua:
2626 2447 2811 2515 gloria:
2842 2446 3325 2501 manifestationem
3359 2448 3625 2517 ingredie-

2069 2544 2156 2589 tur
2200 2534 2516 2589 Ecclesiam.
2548 2534 2614 2587 Et
2644 2543 2768 2587 tunc
2811 2534 3045 2587 cessabit
3084 2543 3273 2589 ventus
3301 2552 3314 2587 :
3344 2536 3469 2602 quia
3518 2540 3627 2590 dat-

2067 2638 2252 2677 mones
2295 2622 2514 2677 ulterius
2554 2639 2659 2676 non
2710 2621 2982 2679 habebunt
3013 2630 3334 2691 potestatem
3385 2622 3631 2679 ﬂammas

2069 2717 2419 2771 tentatiouum
2469 2716 2552 2770 rel
2595 2715 2984 2783 commotiones
3022 2700 3423 2767 tribulationum
3474 2713 3630 2767 emil-

2067 2816 2179 2861 tere
2206 2815 2392 2861 contra
2425 2820 2564 2860 eam.
2595 2806 2747 2860 Tunc
2772 2806 2913 2860 enim
2944 2813 3133 2874 pacata
3160 2804 3208 2858 ei
3243 2805 3400 2859 crimt
3424 2792 3627 2869 onzn'a,

2065 2906 2120 2951 et
2145 2897 2344 2965 quieta.

407 2973 461 3043 (ι
489 2973 609 3027 Cor.
641 2973 718 3043 ι).
750 2972 816 3026 ΕΙ,
838 2974 1128 3043 quemlibet
1159 2988 1347 3027 eorum
1376 2974 1632 3029 velociter
1666 2977 1973 3047 apprchen-r
1993 3019 2039 3078 Ο
2073 3038 2079 3044 ,
2139 2987 2431 3055 Sequitur:
2466 2984 2569 3051 Qui
2592 2993 2760 3077 atrum
2793 2986 2846 3038 in
2896 2983 3132 3037 nauicula
3159 2994 3326 3050 erant,
3355 2994 3622 3051 venerunt,

300 3125 315 3134 .
406 3077 522 3140 del,
556 3075 610 3128 id
657 3084 759 3138 est,
800 3073 1030 3140 quadam
1071 3074 1123 3125 vi
1172 3072 1338 3125 divini
1396 3073 1645 3139 adjutorii
1690 3079 1969 3127 assumens

405 3164 614 3219 tenebit
656 3171 710 3217 et
736 3163 945 3229 eripiet.
977 3160 1221 3224 Modiam,
1255 3162 1444 3227 inquit,
1474 3162 1619 3229 fidei,
1642 3178 1801 3229 quare
1823 3163 1974 3214 dubi-

408 3252 573 3306 tasti?
597 3248 763 3316 Cujus
790 3250 921 3321 fides
962 3250 1014 3302 in
1052 3248 1138 3302 illa
1169 3249 1519 3303 tribulatione
1542 3265 1647 3303 non
1682 3250 1970 3315 titubabit;

409 3322 649 3411 quandox
675 3348 900 3408 martyr,
929 3339 1019 3406 qui
1073 3353 1170 3407 pro
1200 3339 1415 3392 Christo
1463 3340 1775 3408 sanguinem
1818 3355 1972 3395 suum

409 3429 623 3490 fundet,
668 3428 802 3480 nihil
831 3428 1103 3495 signorum
1128 3426 1306 3481 facere
1332 3418 1523 3495 poterit
1547 3470 1561 3493 ,
1586 3438 1641 3482 et
1666 3439 1788 3481 ante
1812 3430 1974 3494 ips'us

411 3516 599 3571 oculos
626 3525 795 3570 tortor
819 3516 982 3583 ipsius
997 3517 1142 3585 signa
1171 3516 1324 3571 faciet
1347 3518 1368 3569 ?
1394 3517 1680 3572 Pcnsemus
1702 3534 1831 3587 ergo
1854 3536 1973 3588 qua:

410 3607 520 3661 erit
545 3606 791 3659 humana:
823 3605 1017 3658 mentis
1046 3605 1133 3658 illa
1182 3606 1425 3660 tentatio.
1458 3604 1622 3670 Cujus
1671 3608 1812 3659 enim
1849 3617 1972 3661 tunc

411 3696 589 3747 virtus
615 3710 717 3747 non
762 3694 830 3745 ab
878 3693 993 3760 ipso
1030 3693 1408 3759 cogitationum
1451 3692 1614 3746 fundo
1658 3694 1970 3761 quatiatur;

412 3786 630 3853 quando
678 3783 766 3851 qui
828 3783 1007 3848 ﬂagris
1060 3782 1301 3847 cruciat,
1369 3782 1637 3837 miraculis
1692 3787 1972 3838 coruscat?

415 3875 587 3929 Tanta
640 3874 832 3941 quippe
887 3880 1011 3925 tunc
1058 3881 1243 3924 contra
1284 3870 1457 3938 justos
1502 3872 1868 3926 Antichristus
1920 3882 1975 3927 et

418 3958 647 4018 ministri
679 3962 791 4029 ejus
814 3962 1092 4029 iniquitate
1112 3969 1168 4015 ct
1199 3961 1319 4015 dolo
1344 3960 1694 4025 eﬂ'renantur,
1723 3972 1779 4013 ut
1809 3963 1973 4015 etiam

415 4054 710 4107 electorum
742 4052 901 4105 corda
931 4066 1035 4104 non
1063 4050 1269 4103 modico
1292 4063 1487 4117 pavore
1510 4047 1792 4102 feriantur.
1825 4047 1976 4103 Unde

417 4138 679 4206 scriptum
716 4148 799 4191 est
826 4155 839 4189 :
869 4136 953 4188 Ita
984 4147 1037 4188 ut
1079 4125 1134 4189 in
1159 4151 1384 4189 errorem
1413 4135 1749 4199 inducantur,
1780 4135 1826 4189 si
1858 4136 1975 4203 ﬁeri

378 4226 381 4231 λ
416 4235 600 4295 potest,
628 4226 781 4279 etiam
818 4225 961 4278 electi
987 4224 1198 4292 (Matth.
1225 4239 1369 4289 xstv,
1391 4222 1503 4293 24).
1544 4224 1696 4289 Quod
1731 4224 1975 4278 videlicet

2071 3085 2117 3128 et
2155 3076 2496 3127 adoraverunt
2525 3072 2640 3127 eum
2666 3113 2682 3137 ,
2716 3073 2941 3126 dicentes
2968 3086 2986 3123 :
3021 3072 3151 3127 Vere
3200 3072 3249 3124 F
3251 3072 3371 3126 ilius
3410 3073 3504 3127 Dei
3548 3089 3622 3129 es.

2075 3163 2173 3229 Qui
2207 3163 2258 3215 in
2289 3162 2526 3227 Ecclesia
2557 3163 2783 3216 lldeliter
2811 3163 2954 3216 inter
2982 3162 3243 3231 procellas
3274 3164 3627 3218 tentationum

2075 3250 2332 3304 accedent
2376 3250 2671 3320 gaudentes
2719 3250 2786 3302 ad
2818 3264 2961 3315 eum,
2990 3258 3044 3303 et
3088 3263 3208 3303 eum
3248 3234 3363 3317 ipso
3406 3265 3630 3321 regnum

2074 3337 2189 3404 ejus
2223 3336 2483 3391 intrantes
2509 3337 2808 3390 adorabunt
2834 3351 2979 3400 eum,
3011 3350 3075 3389 ac
3113 3337 3493 3405 perpetualiter
3520 3337 3635 3391 lauw

2074 3427 2282 3488 dantes,
2324 3426 2516 3478 Filium
2545 3426 2633 3477 Dei
2671 3426 2936 3479 veraciter
2972 3426 3113 3480 hunc
3154 3441 3273 3480 esse
3302 3425 3629 3481 clamabunt.

2074 3517 2221 3570 Tunc
2250 3515 2391 3568 enim
2425 3514 2516 3567 fiet
2545 3514 2685 3581 quod
2714 3514 2780 3565 de
2810 3513 2995 3581 electis
3036 3530 3065 3567 a
3107 3524 3279 3569 morte
3303 3516 3633 3571 resuscitatis

2072 3605 2268 3659 dicitur
2301 3621 2315 3655 :
2349 3602 2530 3655 Veniet
2565 3604 2729 3675 omnis
2768 3618 2914 3666 caro,
2959 3612 3017 3655 ut
3058 3604 3239 3657 adoret
3282 3620 3457 3657 coram
3498 3606 3633 3674 faeie

2072 3708 2205 3753 mea,
2232 3692 2355 3744 dicit
2407 3690 2656 3743 Dominus
2685 3689 2819 3759 (lsa.
2846 3705 2990 3757 uvr,
3020 3688 3130 3759 25).
3183 3691 3249 3744 Et
3276 3692 3399 3744 item
3418 3709 3449 3744 κε
3481 3692 3631 3746 Beati

2071 3781 2158 3847 qui
2208 3779 2442 3831 habitant
2488 3777 2737 3830 in.domo
2784 3787 2872 3829 tua
2917 3791 2934 3828 :
2986 3779 3038 3831 in
3090 3779 3283 3832 uacula
3321 3779 3633 3855 stet-uiarum

2074 3866 2360 3918 laudabunt
2401 3875 2448 3917 te
2477 3862 2646 3934 (Psal.
2697 3880 2926 3930 Lxxxm,
2968 3864 3054 3935 5).
3107 3858 3239 3920 Nam
3272 3882 3428 3936 quem
3478 3868 3634 3922 corde

2075 3954 2421 4008 crediderunt
2455 3953 2524 4004 ad
2565 3952 2852 4022 justitiam,
2886 3971 2974 4009 ore
3011 3966 3185 4009 autem
3219 3956 3452 4011 confessi
3505 3964 3635 4011 sunt

2075 4041 2144 4093 ad
2188 4039 2405 4103 salutem
2435 4038 2608 4109 (Rom.
2643 4055 2697 4102 κ,
2727 4040 2840 4108 l0),
2882 4041 3023 4095 hunc
3071 4044 3232 4096 corde
3264 4044 3518 4096 videbunt
3563 4043 3634 4097 ad

2074 4128 2263 4193 vitam,
2284 4136 2338 4181 et
2366 4143 2460 4181 ore
2491 4127 2780 4181 laudabunt
2811 4130 2875 4183 ad
2918 4131 3141 4198 gloriam
3161 4172 3175 4194 ,
3201 4131 3631 4200 contemplantes

2074 4217 2301 4286 qualiter
2344 4230 2374 4269 a
2405 4216 2563 4271 Patre
2600 4217 2672 4269 sit
2712 4217 3052 4273 ineﬂ'abiliter
3096 4220 3328 4289 genitus,
3359 4236 3480 4274 eum
3522 4235 3636 4289 quo

420 4315 635 4375 dicitur,
680 4329 783 4367 non
806 4314 928 4382 quia
954 4313 1107 4367 electi
1133 4313 1307 4367 casuri
1334 4314 1462 4375 sint,
1497 4314 1588 4367 sed
1616 4314 1739 4380 quia
1766 4313 1973 4381 magnis
2004 4322 2051 4381 ι)
2077 4304 2209 4357 VM!
2240 4298 2423 4373 1‘98"“
2472 4304 2525 4357 in
2580 4305 2784 4359 υηίῑαιθ
2827 4306 3060 4374 Spiritus
3095 4309 3265 4362 sane“
3310 4309 3482 4375 Πευεν
3535 4322 3634 4377 Per

424 4405 720 4461 terroribus
753 4405 898 4459 velut
942 4405 1142 4468 casuri,
1171 4406 1279 4458 sint
1311 4403 1648 4472 trepidaturi.
1678 4403 1974 4473 Notandum

421 4492 584 4547 etiam
615 4492 737 4559 quia
768 4491 879 4544 btec
908 4488 1159 4545 ﬂuctuum
1198 4489 1502 4553 commotio,
1531 4498 1584 4541 et
1606 4487 1747 4542 Petri
1785 4489 1977 4542 tituba-

350 4610 353 4611 ν
424 4584 523 4649 tio,
553 4582 635 4634 vel
664 4581 946 4634 mersionis
981 4579 1278 4641 inchoatio,
1323 4579 1482 4630 etiam
1514 4586 1694 4630 nostro
1742 4588 1978 4645 tempore

418 4672 571 4739 juxta
600 4670 927 4738 spiritualem
958 4683 1169 4720 sensum
1191 4667 1428 4735 quotidie
1456 4668 1653 4736 agitur.
1680 4666 1978 4735 Unicuique

424 4765 567 4818 enim
621 4777 715 4815 sua
765 4762 1044 4828 cupiditas,
1083 4769 1164 4812 est
1214 4768 1518 4827 tempestas.
1566 4759 1728 4812 Amas
1788 4760 1976 4823 Deum,

424 4851 665 4905 ambulas
694 4866 853 4918 super
875 4866 1043 4914 ntacc,
1065 4851 1164 4902 sub
1187 4834 1408 4917 pedibus
1441 4854 1541 4903 tuis
1567 4849 1745 4903 saeculi
1778 4858 1974 4902 tumor.

422 4942 587 4994 Amas
614 4939 865 4993 δλυοιιιιιιη
890 4979 905 5003 ,
954 4939 1201 4992 absorbet
1229 4948 1278 4991 te
1312 4956 1324 4990 :
1360 4950 1626 4992 amatores
1671 4940 1812 4992 enim
1854 4952 1978 4992 suos

424 5045 615 5083 vorare
646 5032 810 5092 novit,
839 5045 943 5083 non
968 5039 1200 5097 portare.
1233 5028 1337 5082 Sed
1365 5044 1484 5080 cum
1515 5028 1733 5085 ﬂuctuat
1777 5028 1979 5097 cupidi-

428 5128 538 5172 tate
584 5134 673 5172 cor
706 5128 873 5182 tuum,
909 5128 965 5171 ut
992 5120 1172 5171 vincas
1204 5129 1348 5171 tuam
1385 5117 1750 5185 cupiditatem,
1791 5117 1977 5170 invoca

426 5209 626 5263 Christi
660 5209 1022 5262 Diviuitatem.
1068 5207 1230 5262 Putas
1267 5209 1410 5261 enim
1444 5218 1567 5260 tunc
1593 5217 1809 5260 ventum
1861 5221 1980 5261 csse

429 5298 775 5359 contrarium,
805 5302 1015 5366 quando
1046 5296 1199 5365 hujus
1248 5296 1423 5351 sceculi
1466 5296 1633 5365 surgit
1662 5296 1976 5358 adversitas,

429 5390 486 5436 et
529 5398 633 5436 non
682 5386 841 5438 etiam
888 5388 1099 5453 quando
1146 5387 1410 5440 blanditur
1461 5386 1801 5454 prosperitas.
1847 5385 1977 5438 Nam

431 5472 644 5539 quando
689 5473 822 5527 bella
852 5513 866 5538 ,
916 5475 1129 5543 quando
1184 5476 1457 5540 tumultus,
1504 5479 1715 5545 quando
1767 5474 1975 5541 fames,

432 5562 648 5631 quando
684 5565 1008 5637 pestilentia,
1040 5567 1250 5636 quando
1276 5568 1468 5636 cuique
1512 5565 1783 5621 hominum
1817 5567 1975 5622 etiam

2075 4394 2253 4446 omnia
2279 4391 2471 4447 saecula
2496 4392 2833 4448 szeculorunt.
2858 4394 3051 4448 Amen.

2088 4488 2105 4509 λ’
2656 4481 2934 4538 ΗΟΜΙῌΑ
2979 4482 3067 4537 ιν.

2075 4568 2129 4622 lu
2167 4584 2797 4637 cvmceuuesecuauuu
2836 4571 3156 4624 Mur-nsunt
3185 4587 3199 4623 :
3234 4569 3359 4622 Post
3385 4571 3493 4621 dics
3517 4586 3628 4631 sex,

2146 4662 2422 4726 assumpsit
2459 4658 2612 4712 Jesus
2661 4659 2894 4719 Petrum,
2935 4669 2981 4711 et
3011 4658 3265 4711 Iacobum
3293 4668 3339 4711 et
3371 4657 3629 4713 Joannem

2126 4751 2357 4819 fratrem
2407 4749 2517 4818 ejus
2549 4765 2567 4801 :
2614 4760 2662 4803 et
2698 4752 2843 4802 (luxit
2877 4750 2992 4801 illos
3021 4750 3073 4802 in
3110 4760 3327 4801 montent
3371 4749 3630 4803 excelsum

2146 4857 2403 4904 seorsum;
2430 4851 2475 4892 et
2501 4840 2899 4908 transﬁguratus
2920 4849 2991 4892 est
3022 4848 3138 4892 ante
3186 4854 3291 4892 eos.
3317 4839 3383 4892 Et
3410 4838 3631 4907 reliqua.

2148 4932 2357 5003 (Matth.
2396 4932 2548 4999 xvtt.)

2147 5020 2279 5084 Quia
2308 5019 2553 5072 Salvator
2590 5026 2773 5073 noster
2803 5018 3008 5072 electos
3038 5032 3163 5071 suos
3194 5032 3290 5087 per
3321 5016 3481 5084 hujus
3506 5018 3633 5071 vitae

2077 5111 2287 5164 labores
2316 5110 2380 5163 ad
2410 5108 2584 5172 illam,
2612 5123 2729 5177 quae
2759 5107 2995 5161 laborem
3027 5107 3214 5169 nescit,
3249 5108 3411 5159 vitam
3437 5104 3632 5160 futurae

2078 5202 2415 5258 beatitudinis
2450 5201 2787 5255 introducere
2822 5198 3116 5267 disposuit;
3144 5199 3298 5251 modo
3334 5212 3430 5265 per
3457 5195 3634 5250 Evan-

2077 5296 2270 5364 gelium
2321 5307 2475 5345 suum
2529 5291 2753 5343 sudores
2802 5290 3157 5343 certaminum
3217 5286 3633 5355 temporalium,

2080 5383 2232 5438 modo
2257 5382 2484 5451 palmam
2513 5379 2849 5447 prmmiorum
2875 5377 3124 5431 describit
3169 5384 3487 5428 :eternorum
3510 5414 3524 5435 ,
3552 5383 3631 5434 ut,

2080 5474 2300 5536 scilicet,
2334 5472 2528 5524 auditis
2556 5485 2784 5537 agonum
2814 5468 3250 5529 necessitatibus,
3289 5465 3637 5520 meminerint

2079 5563 2176 5618 sibi
2198 5562 2433 5632 requiem
2457 5560 2509 5614 in
2540 5559 2643 5615 hac
2673 5560 2781 5615 vita
2813 5573 2915 5613 non
2955 5569 3071 5611 esse
3100 5553 3416 5624 petendam;
3454 5554 3634 5609 audita
