4240 6214
572 208 677 265 605

887 205 943 259 s.
985 201 1278 259 ANSELMI
1311 200 1654 257 caurum.
1696 195 2005 251 .tl‘tClllEl‘.
2046 194 2192 249 om).
2237 192 2407 248 mus
2448 193 2484 247 ll
2540 154 2601 231 σέ
2638 166 3000 263 minamur.
3034 192 3380 248 urascnr.

3662 197 3769 252 6οι

575 333 787 373 rursum
814 313 1088 369 dulcedine
1127 311 1314 365 futurus
1345 310 1714 368 beatitudinis,
1753 306 1919 359 levius
1957 306 2127 360 ferant
2157 307 2198 362 Α
2227 315 2299 358 est
2327 314 2493 355 autent
2526 313 2635 371 post
2660 304 2768 356 lucc
2794 306 2938 356 verba
2964 306 3070 371 fere
3108 304 3213 358 dies
3241 314 3375 368 octo,
3406 314 3452 358 et
3497 312 3772 376 assumpsit

577 409 715 464 mala
752 404 1074 461 transeuntis
1098 444 1111 468 ,
1143 418 1261 472 qua:
1294 404 1446 456 benis
1494 408 2125 470 speraveruutremune-

576 499 741 553 randa
767 494 1057 565 perpetuis.
1081 477 1214 547 Cum
1252 493 1393 546 enim
1435 504 1555 545 suas
1577 502 1899 556 suorumque
1928 488 2125 556 passio-

577 603 671 642 nes
696 586 853 655 paulo
900 584 1145 654 superius
1173 582 1598 651 prmnttnliussel,
1640 579 1714 633 ait
1747 596 1760 631 :
1796 576 1966 630 Filius
1994 577 2124 630 enim

575 676 795 730 hominis
824 686 1066 729 venturus
1092 683 1164 726 est
1194 675 1246 725 in
1273 669 1637 740 glorial’atris
1670 669 1753 720 sui
1788 684 1905 721 cum
1935 664 2126 735 angelis

576 767 686 818 suis
712 779 729 815 :
760 777 806 817 et
839 774 959 816 tunc
988 763 1161 816 reddet
1207 761 1481 827 unicuique
1511 758 1791 811 secundum
1829 772 1982 823 opera
2015 755 2127 821 ejus

578 852 792 923 (Matth.
833 846 1044 918 “,27).
1078 848 1175 902 Ubi
1216 856 1459 916 poterant
1491 844 1733 915 discipuli
1766 845 1817 897 in
1847 843 1958 898 suis
1985 840 2127 909 cogi-

579 942 867 995 tationibus
890 941 1064 993 dicere
1090 952 1103 990 :
1136 936 1473 991 Oceisionem
1497 945 1543 990 cl
1579 944 1801 989 mortem
1834 947 1971 986 nunc
1995 930 2127 984 dicis

574 1046 692 1085 esse
713 1038 1021 1089 venturam;
1063 1026 1202 1099 quod
1236 1035 1411 1079 autem
1438 1026 1702 1094 promittis
1731 1022 2031 1081 adfuturum
2076 1028 2127 1072 te

572 1119 627 1171 in
668 1118 837 1185 gloria
879 1113 1057 1169 Patris
1104 1130 1224 1169 cum
1256 1115 1563 1185 angelorum
1597 1110 1903 1166 ministeriis
1930 1119 1985 1163 et
2031 1124 2123 1176 po-

574 1213 771 1259 testate
824 1206 1047 1275 iudicis,
1098 1204 1200 1259 hoc
1254 1205 1306 1257 in
1362 1215 1594 1271 tempora
1639 1201 1794 1266 longa
1833 1197 2124 1254 dili‘eretur.

574 1293 880 1349 Prtevidens
911 1294 1072 1363 igitur
1098 1291 1428 1347 occultorum
1471 1290 1713 1359 cognitor
1758 1288 1886 1358 quid
1914 1297 2129 1356 possent

571 1383 828 1452 obiicere,
858 1393 1175 1453 przesentem
1208 1380 1453 1435 timorem
1493 1379 1739 1449 prtcsenti
1766 1377 2128 1445 compensavit

574 1475 811 1542 praemio.
855 1472 1140 1540 Subiunxit
1186 1470 1329 1525 enim
1384 1488 1399 1523 :
1443 1470 1606 1523 Anten
1649 1468 1765 1522 dico
1800 1468 1968 1531 vobis,
2008 1476 2126 1520 sunt

571 1563 783 1631 quidam
809 1562 873 1616 de
911 1563 992 1614 h7c
1020 1561 1292 1625 stantibus,
1318 1560 1405 1629 qui
1444 1576 1546 1613 non
1573 1560 1846 1629 gustabunt
1890 1566 2123 1619 mortem,

2228 388 2458 457 Petrum,
2484 400 2528 444 et
2558 391 2811 444 Joannem
2841 404 2885 445 et
2911 392 3185 455 Iacobum,
3214 403 3259 445 et
3289 394 3515 446 ascendit
3548 395 3604 446 in
3632 411 3775 447 mort-

2227 490 2323 534 tem
2355 490 2406 532 ut
2436 491 2603 532 oraret
2630 479 2779 547 (Luc.
2809 497 2885 545 tx,
2910 481 3019 548 28).
3048 479 3349 534 Secundum
3378 495 3534 550 quem
3575 478 3774 535 Lucam

2226 578 2411 623 octava
2445 569 2528 621 die
2572 570 2826 623 Dominus
2854 570 3169 647 promissam
3200 570 3389 625 futura:
3434 572 3777 647 beatitudinis

2226 659 2447 730 gloriam
2478 658 2753 728 discipulis
2778 660 2896 715 ideo
2928 644 3308 725 manifestavit,
3343 670 3402 715 ut
3430 644 3643 715 ostensa
3672 677 3780 716 cte—

2228 749 2377 805 lestis
2422 750 2549 803 vita:
2601 750 2881 809 dulcedine
2929 759 3241 805 cunctorum
3284 752 3373 819 qui
3424 753 3562 805 hanc
3596 752 3778 806 audire

2227 851 2442 911 possent
2465 881 2479 904 ,
2509 840 2671 895 corda
2718 840 3008 906 refoveret,
3035 850 3091 895 et
3134 843 3412 896 octonario
3437 842 3641 895 dierum
3674 840 3776 895 nu-

2228 945 2376 984 mero
2406 945 2584 983 verum
2608 931 2854 999 gaudium
2880 940 3115 1000 tempore
3142 932 3544 988 resurrectionis
3565 935 3779 988 doceret

2227 1038 2346 1078 esse
2373 1032 2670 1076 venturum.
2693 1021 2821 1076 Nam
2846 1032 2893 1078 et
2938 1025 3048 1091 ipse
3073 1033 3260 1079 octava
3283 1024 3390 1090 die,
3420 1024 3522 1080 hoc
3552 1034 3633 1078 est
3656 1032 3777 1093 post

2228 1122 2430 1166 sextam
2463 1112 2703 1176 Sabbati,
2743 1128 2845 1183 qua
2865 1128 3078 1168 crucem
3106 1114 3376 1179 ascendit;
3412 1129 3473 1167 ac
3497 1115 3775 1183 septimam

2229 1204 2470 1267 Sabbati,
2500 1219 2603 1272 qua
2638 1205 2688 1257 in
2738 1204 2980 1273 sepulcro
3023 1206 3246 1274 quievit,
3285 1220 3314 1260 a
3347 1205 3572 1260 mertuis
3602 1219 3778 1259 resur-

2228 1294 2367 1346 rexit
2394 1311 2408 1346 :
2436 1305 2490 1347 et
2516 1310 2614 1348 nos
2645 1302 2764 1362 post
2799 1310 2890 1349 sex
2927 1295 3083 1363 hujus
3110 1296 3289 1350 smeuli
3336 1304 3542 1365 aetates,
3578 1296 3629 1348 in
3660 1296 3777 1362 qui-

2226 1384 2325 1436 bus
2374 1398 2471 1450 pro
2506 1384 2730 1438 Domino
2777 1384 2984 1438 labores
3044 1385 3351 1449 toleramus,
3383 1400 3446 1437 ac
3494 1384 3775 1452 septimam

2227 1473 2535 1527 sabbatismi
2567 1474 2885 1535 animarum,
2909 1488 3028 1541 qua:
3076 1474 3289 1527 interim
3334 1474 3384 1526 in
3424 1472 3526 1525 alia
3554 1472 3657 1525 vita
3688 1487 3777 1541 ge-

2227 1562 2381 1624 ritur,
2406 1572 2595 1640 octava
2618 1561 2858 1630 profecto
2879 1569 3040 1615 :etate
3080 1573 3439 1628 resurgemus.
3463 1558 3597 1613 Nam
3637 1561 3777 1629 quod

573 1650 736 1704 donec
770 1650 968 1703 videant
1009 1649 1176 1716 ﬁlium
1205 1648 1427 1700 hominis
1458 1646 1733 1700 venientem
1777 1647 1831 1698 in
1859 1660 2012 1714 regno
2034 1656 2126 1697 suo
2160 1617 2200 1675 Β
2230 1652 2525 1714 Mattheus,
2556 1630 2639 1706 vel
2670 1652 2835 1705 etiam
2864 1650 3090 1711 Marcus,
3114 1651 3396 1704 Dominum
3419 1660 3532 1719 ροει
3552 1667 3643 1704 σεχ
3668 1651 3777 1703 die;

570 1736 1037 1804 (ilattlt.xvt,28).
1061 1736 1137 1789 Ac
1163 1736 1206 1790 si
1230 1734 1430 1790 diceret
1451 1735 1663 1801 :Qualis
1691 1742 1944 1789 venturus
1972 1741 2051 1788 est
2077 1734 2127 1786 in

568 1826 693 1889 ﬁne,
725 1828 846 1882 talis
872 1828 939 1882 ob
982 1825 1412 1883 incredulitatem
1444 1835 1675 1880 vestram
1716 1824 1961 1893 prmsenti
1996 1833 2129 1877 tent-

568 1934 700 1988 pore
724 1920 1199 1984 demonstrabitur,
1214 1919 1514 1974 videntibus
1538 1912 1996 1990 [al.,viventibus]
2026 1916 2125 1978 Itis,

568 2010 661 2078 qui
709 2010 796 2064 ltic
836 2010 1117 2081 assistunt.
1147 2008 1279 2062 Nam
1324 2010 1445 2075 quia
1480 2009 1739 2062 incertum
1768 2015 1847 2068 est
1881 2003 2127 2056 omnibus

574 2106 787 2165 tempus
812 2097 1128 2151 universalis
1152 2095 1360 2165 iudicii,
1405 2095 1712 2162 incertaque
1743 2090 1965 2159 singulis
1994 2090 2123 2143 liora

571 2184 654 2237 sui
685 2185 884 2246 exitus,
924 2193 976 2237 et
1010 2193 1219 2253 poterat
1246 2183 1396 2251 longa
1437 2182 1603 2235 videri
1634 2196 1868 2250 pneseus
1912 2177 2125 2233 afﬂictio

573 2274 934 2327 nescientibus
970 2273 1184 2343 quando
1210 2274 1421 2341 requies
1459 2278 1718 2343 promissa
1763 2271 1988 2325 veniret.
2020 2267 2123 2321 Vo-

571 2363 669 2417 luit
716 2366 833 2432 pius
882 2364 1133 2434 Magister
1179 2365 1442 2433 aliquibus
1474 2363 1852 2441 discipulorum
1904 2374 2121 2413 suorum

574 2453 751 2506 adhuc
781 2451 832 2505 in
859 2459 999 2505 terra
1030 2452 1343 2521 degentibus
1373 2460 1583 2506 aeternae
1606 2449 1972 2520 promissionis
2001 2462 2128 2518 gau-

571 2539 660 2591 dia
706 2547 1153 2607 prmmonstrare;
1188 2548 1453 2608 quatenus
1481 2548 1536 2594 et
1578 2539 1700 2607 ipsi,
1734 2538 1823 2607 qui
1847 2537 2123 2599 vidissent,

571 2636 627 2679 et
651 2643 839 2681 omnes
861 2628 949 2696 qui
980 2630 1161 2682 audire
1193 2628 1615 2698 posscnt,levius
1642 2628 1861 2682 adversa
1892 2641 2124 2696 prmseu—

574 2714 649 2766 tia
697 2714 1012 2781 tolerarent,
1051 2718 1268 2770 reducto
1305 2719 1497 2783 saepius
1538 2716 1604 2769 ad
1655 2722 1886 2768 mentem
1934 2713 2123 2765 futurae

576 2802 942 2856 retributionis
981 2819 1220 2870 munere,
1263 2805 1404 2872 quod
1438 2811 1829 2871 exspectarent.
1864 2802 2019 2866 Sunt,
2046 2801 2123 2855 in-

2231 1744 2665 1812 transﬁguratum
2715 1742 2865 1805 dicit,
2893 1756 2991 1796 nec
3027 1742 3214 1795 ordine
3244 1742 3519 1809 temporis,
3560 1755 3665 1795 nec
3694 1756 3779 1794 ra-

2233 1831 2372 1885 tione
2403 1831 2639 1899 mysterii
2673 1831 2938 1899 discrepat
2960 1845 2988 1881 a
3014 1829 3158 1884 Luca
3188 1830 3277 1897 qui
3306 1840 3418 1883 octo
3465 1831 3576 1883 dies
3606 1831 3775 1897 ponit.

2228 1920 2361 1985 Quia
2395 1920 2679 1975 Mattlueus'
2711 1930 2897 1973 narrat
2926 1918 3130 1974 medios
3162 1928 3365 1973 tantum
3396 1918 3529 1983 dies,
3558 1920 3698 1973 unde
3722 1914 3779 1974 et

2226 2009 2467 2062 absolute
2512 2019 2624 2077 post
2660 2025 2751 2062 sex
2792 2009 2899 2061 dies
2952 2008 3150 2061 factum
3205 2017 3628 2071 commemorat;
3690 2010 3777 2064 bie

2224 2104 2400 2150 autem
2431 2096 2681 2164 printum,
2713 2110 2817 2165 quo
2852 2096 2964 2151 lucc
2994 2096 3246 2151 Dominus
3270 2096 3546 2165 promisit;
3577 2107 3632 2152 et
3656 2098 3778 2152 ulti-

2227 2199 2511 2252 mum,an
2532 2199 2623 2238 sua
2639 2184 2899 2252 promissa
2925 2185 3232 2253 complevit,
3266 2185 3524 2256 adiungit,
3551 2186 3776 2266 ideoqite

2229 2277 2577 2342 temperatius
2617 2275 2840 2343 loquens
2881 2276 2986 2343 fere
3014 2273 3123 2330 dies
3150 2285 3261 2330 octo
3284 2277 3453 2345 ponit.
3483 2277 3549 2331 Et
3595 2278 3646 2331 in
3687 2293 3776 2331 ra-

2230 2364 2372 2418 tione
2402 2365 2646 2434 ntystica,
2679 2364 2763 2419 ille
2788 2377 2902 2432 post
2930 2382 3020 2419 sex
3050 2368 3228 2421 mundi
3251 2376 3433 2422 :clates
3467 2369 3666 2423 sanctis
3708 2369 3776 2421 ab

2228 2456 2370 2508 omni
2405 2455 2584 2509 labore
2622 2456 3021 2524 quiescendum,
3068 2457 3155 2511 ltic
3192 2467 3371 2512 autem
3407 2466 3596 2513 octavo
3640 2467 3777 2511 tem-

2228 2558 2356 2613 pore
2377 2544 2616 2612 designat
2646 2560 2764 2598 esse
2800 2545 3201 2612 resurgendum.
3245 2545 3375 2598 Tres
3402 2554 3580 2598 autem
3617 2546 3778 2599 disci-

2225 2634 2377 2703 pulos
2424 2632 2677 2685 Dominus
2727 2632 3045 2705 assumpsit,
3098 2634 3291 2700 quibus
3332 2633 3774 2701 gloriﬁeationem

2224 2737 2373 2777 suam
2402 2712 2730 2784 ostenderet,
2762 2721 2841 2775 vel
2877 2722 3000 2789 quia
3041 2722 3130 2789 qui
3169 2737 3309 2775 nunc
3370 2720 3527 2775 fidem
3573 2730 3777 2776 sancta:

2226 2811 2506 2866 Trinitatis
2529 2810 2579 2864 itt
2617 2810 2879 2865 citaritate
2903 2819 3212 2879 operantem
3248 2820 3467 2864 servant
3489 2810 3776 2880 integram,

569 2893 703 2960 quit.
735 2892 895 2961 aliqui
927 2894 1013 2953 hic.
1052 2904 1277 2961 stantes,
1309 2897 1395 2965 qui
1434 2912 1534 2949 ηοιι
1564 2894 1840 2964 gustabunt
1882 2902 2118 2958 mortem.
2150 2920 2197 2978 ο
2228 2911 2354 2954 tunc
2402 2902 2467 2953 de
2497 2900 2613 2967 ejus
2663 2898 2895 2952 revelata
2936 2899 3142 2952 visione
3186 2899 3494 2967 perenniter
3523 2900 3773 2963 laetatur;

567 2986 732 3035 donec
752 2986 954 3038 videant
975 2985 1142 3053 ﬁlium
1176 2986 1398 3040 hominis
1426 2986 1703 3054 venientem
1728 2984 1785 3053 in
1814 2997 1967 3054 regno
2008 2997 2123 3033 suo.

578 3071 874 3128 Venientem
904 3075 1095 3144 quippe
1132 3076 1186 3128 in
1232 3091 1385 3142 regno
1412 3090 1504 3126 suo
1542 3050 1788 3127 iiderunt
1814 3051 1932 3123 eum
1968 3070 2128 3123 disci-

572 3160 682 3229 puli
718 3165 819 3221 sui,
858 3164 947 3229 qui
999 3163 1050 3215 in
1090 3178 1151 3216 ea
1200 3163 1446 3216 claritate
1476 3162 1725 3215 viderunt
1758 3159 2040 3230 fulgentem
2073 3158 2124 3211 in

575 3257 774 3313 monte,
806 3249 857 3301 in
884 3266 986 3319 qua
1018 3250 1453 3319 peractojudicio
1480 3250 1545 3305 ab
1572 3249 1818 3303 omnibus
1845 3247 2045 3302 sanctis
2073 3246 2126 3300 in

576 3353 734 3405 regno
768 3355 862 3392 suo
891 3340 1178 3394 videbitur.

648 3426 902 3494 Sequitur
932 3429 1071 3481 enim
1094 3429 1144 3481 in
1175 3428 1477 3497 cvangelica
1503 3427 1810 3483 narratione
1846 3426 1896 3479 id
1926 3427 1991 3481 de
2018 3441 2125 3494 quo

578 3513 718 3581 loqui
755 3514 993 3571 volumus
1059 3516 1124 3568 Et
1153 3526 1266 3584 post
1287 3518 1395 3570 dies
1417 3532 1525 3582 sex,
1554 3516 1827 3584 assumpsit
1848 3514 2002 3570 Jesus
2028 3515 2125 3568 Pe-

574 3620 733 3667 mtm,
763 3614 811 3656 et
835 3604 1089 3657 Iacobum
1107 3645 1121 3669 ,
1149 3616 1195 3657 et
1221 3592 1474 3659 Joannem
1506 3606 1721 3675 fratrem
1748 3606 1883 3672 ejus,
1903 3614 1949 3658 et
1980 3604 2125 3657 duxit

572 3690 690 3745 illos
724 3693 778 3746 in
802 3705 1021 3744 montem
1047 3693 1298 3745 excelsum
1323 3691 1736 3757 seorsum.Quod
1762 3702 1872 3759 post
1888 3691 1995 3743 dies
2016 3707 2123 3754 sex,

581 3795 643 3831 ex
678 3794 783 3846 quo
829 3779 1073 3846 promisit
1102 3780 1376 3846 discipulis
1422 3780 1721 3835 claritatem
1773 3794 1883 3832 suae
1908 3778 2128 3832 visionis

578 3866 837 3921 Dominus
864 3865 1119 3933 ostendit,
1163 3869 1425 3938 signiﬁcat
1472 3877 1687 3923 sanctos
1726 3868 1778 3921 in
1820 3868 1904 3921 die
1942 3866 2129 3934 iudicii

588 3972 812 4026 regnum
855 3968 1220 4027 percepturos,
1276 3960 1414 4028 quod
1466 3960 1543 4014 eis
1592 3962 1846 4028 promisit,
1894 3959 1983 4027 qui
2028 3975 2129 4013 non

574 4049 840 4114 mentitur,
888 4047 1048 4114 Deus,
1079 4060 1196 4102 ante
1233 4060 1462 4117 tempora
1502 4049 1777 4103 stecularia
1824 4048 1949 4119 (Tit.
1980 4063 2019 4111 ι,
2048 4048 2125 4117 2).

576 4136 829 4204 Tempora
858 4138 1052 4207 quippe
1102 4138 1373 4191 swcularia
1397 4178 1411 4203 ,
1446 4153 1537 4192 sex
1581 4138 1829 4193 aetatibus
1857 4145 2123 4191 constant.

2231 2991 2309 3044 vel
2355 2990 2477 3058 quia
2522 2998 2629 3042 tres
2666 2996 2788 3041 sunt
2839 2987 3051 3041 ordines
3106 2986 3339 3040 ﬁdelium
3390 2987 3442 3040 in
3495 2986 3774 3053 Ecclesia,

2227 3079 2317 3147 qui
2351 3078 2447 3132 soli
2490 3077 2555 3131 ad
2581 3078 2717 3131 banc
2743 3076 3001 3131 visionem
3030 3076 3311 3143 pervenire
3339 3085 3668 3141 mereantur,
3696 3078 3780 3129 vi-

2228 3168 2439 3233 delicet,
2468 3166 2759 3235 praepositi,
2794 3174 2849 3219 et
2898 3166 3252 3229 continentes,
3292 3175 3451 3232 atque
3484 3164 3775 3234 coniugati.

2227 3257 2478 3325 Quisquis
2522 3257 2663 3310 enim
2710 3256 2761 3309 in
2788 3248 2992 3323 'aliq'tto
3038 3254 3195 3308 trium
3240 3254 3461 3308 istorum
3514 3254 3776 3327 graduum

2228 3349 2474 3401 inventus
2498 3362 2601 3415 non
2632 3345 2820 3409 fuerit,
2854 3345 2919 3398 ad
2956 3345 3208 3414 gaudium
3237 3344 3458 3398 visionis
3488 3330 3644 3413 huius
3670 3357 3776 3397 non

2226 3437 2530 3505 pertinebit.
2560 3434 2750 3488 Petrus
2772 3449 3022 3503 namque,
3049 3446 3268 3504 propter
3292 3436 3575 3504 primatum
3599 3450 3777 3499 suum,

2226 3524 2477 3593 prtelatos
2531 3522 2784 3577 Ecclesiae
2832 3523 3073 3591 designat
3109 3523 3383 3578 :Joannes
3421 3535 3599 3579 autem
3624 3564 3639 3588 ,
3684 3526 3779 3593 qui

2225 3612 2581 3682 permansisse
2628 3613 2778 3682 virgo
2825 3612 3173 3681 perhibetur,
3223 3614 3442 3667 caelibes
3483 3629 3547 3668 ac
3593 3614 3777 3668 mundi

2229 3712 2624 3773 contemptores
2650 3712 3025 3771 praemonstrat
3052 3721 3065 3758 :
3090 3702 3319 3758 Iacobus
3350 3719 3499 3767 vero,
3528 3705 3615 3772 qui
3645 3720 3777 3773 snp-

2228 3791 2494 3858 plantator
2514 3790 2728 3854 dicitur,
2753 3792 3060 3860 coniugales
3092 3802 3146 3845 et
3175 3792 3371 3849 mundo
3397 3792 3539 3846 licite
3566 3800 3781 3846 utentes

2231 3878 2511 3945 signiﬁcat.
2529 3879 2622 3933 llic
2636 3893 2765 3948 ergo
2789 3879 2958 3933 tribus
2974 3880 3265 3947 discipulis,
3291 3874 3384 3950 per
3394 3896 3528 3950 quos
3542 3882 3779 3936 universi

2232 3968 2570 4035 designantur
2593 3969 2768 4035 eiecti,
2799 3970 3054 4024 Dominus
3081 3970 3303 4039 gloriam
3342 3987 3494 4026 suam
3531 3954 3778 4027 ostensu-

2231 4074 2322 4112 rus
2346 4059 2396 4110 in
2425 4069 2643 4111 montem
2673 4074 2765 4113 eos
2791 4060 2933 4112 ducit
2958 4059 3231 4124 excelsum,
3275 4070 3333 4114 ut
3361 4062 3549 4116 doceat
3588 4078 3780 4118 omnes

2230 4148 2317 4215 qui
2363 4148 2495 4199 hanc
2526 4147 2705 4201 videre
2743 4147 3065 4213 desiderant,
3108 4165 3210 4202 non
3267 4150 3323 4203 in
3350 4150 3549 4205 inlimis
3593 4150 3777 4221 iacere

576 4223 781 4288 Quibus
821 4226 1108 4293 completis
1132 4266 1147 4289 ,
1179 4228 1397 4281 audient
1430 4242 1457 4279 a
1491 4228 1714 4282 Domino
1745 4246 1757 4280 :
1803 4226 2003 4291 Venite,
2044 4227 2126 4281 be-
2158 4243 2204 4297 ι)
2232 4234 2607 4303 voluptatibus,
2642 4251 2744 4289 non
2792 4235 3057 4289 illecebris
3082 4240 3284 4291 servire
3308 4240 3642 4306 carnalibus,
3669 4224 3775 4295 non

578 4315 768 4368 nedicti
795 4315 968 4369 Patris
992 4319 1119 4380 mei;
1141 4319 1392 4385 possidete
1413 4312 1651 4387 paratum
1678 4320 1815 4372 vobis
1854 4335 2063 4388 regnum
2094 4338 2125 4373 a

574 4407 938 4460 constitutione
966 4408 1145 4459 mundi
1167 4406 1378 4475 (Matth.
1406 4424 1530 4471 xxv,
1556 4408 1665 4478 54).
1708 4407 1933 4463 Possunt
1961 4410 2122 4463 etiam

574 4512 665 4551 sea:
694 4496 803 4551 dies
843 4498 1119 4565 promissa.-
1145 4498 1433 4552 Dominica:
1455 4498 1674 4554 visionis
1697 4512 1746 4553 et
1778 4500 1977 4569 gloriae,
2007 4502 2127 4570 per;

576 4588 861 4640 rectionem
908 4591 1168 4641 bonorum
1216 4602 1436 4656 operum
1464 4587 1764 4658 designare,
1792 4590 1907 4645 sine
1934 4593 2126 4660 quibus

575 4676 643 4732 ad
672 4678 1136 4747 coutcmplandam
1159 4678 1465 4733 Conditoris
1506 4680 1585 4732 sui
1620 4680 1946 4748 maiestatem
1978 4682 2126 4749 quis-

574 4780 680 4835 que
707 4783 812 4821 non
859 4769 1003 4822 valet
1044 4770 1344 4837 pervenire.
1395 4770 1530 4837 Quia
1571 4772 1713 4825 enim
1744 4773 1997 4827 Dominus
2031 4787 2125 4827 sex

575 4858 766 4911 diebus
798 4873 975 4911 rerum
1017 4868 1315 4913 creaturam
1360 4860 1645 4925 formavit,
1677 4871 1730 4916 et
1774 4865 1996 4931 septima
2049 4880 2128 4917 re-

575 4948 781 5015 quievit
805 4949 871 5000 ab
898 4950 1147 5013 operibus
1192 4952 1304 5005 suis
1334 4950 1484 5019 (Gen.
1524 4969 1561 5016 ι,
1611 4956 1701 5022 ιι);
1728 4962 1893 5008 recte
1920 4969 2015 5023 per
2038 4971 2129 5008 sex

575 5042 686 5093 dies
714 5054 877 5108 opera
910 5040 1068 5109 bona,
1102 5043 1292 5109 quibus
1318 5044 1382 5097 ad
1429 5045 1668 5113 requiem
1709 5047 1985 5114 pervenire
2037 5047 2128 5099 dc-

575 5129 788 5193 bemus,
832 5129 1224 5197 exprimuntur.
1253 5132 1316 5184 Et
1341 5134 1463 5201 quia
1501 5134 1591 5202 qui
1636 5134 1802 5187 Deum
1836 5134 2044 5199 videre,
2073 5142 2127 5187 ct

579 5219 644 5270 ad
683 5219 904 5286 gloriam
950 5219 1121 5273 beata:
1154 5224 1557 5279 resurrectionis
1602 5225 1903 5292 pertingere
1934 5239 2128 5279 concu-

580 5307 760 5372 piscit,
795 5308 950 5363 debet
973 5323 1132 5376 agere
1158 5311 1294 5365 bona
1336 5327 1452 5381 quae
1496 5315 1669 5379 novit;
1704 5325 1848 5370 recte
1882 5325 1994 5383 post
2020 5316 2128 5369 dies

582 5409 695 5455 sex,
741 5396 959 5463 gloriam
992 5400 1073 5453 sui
1122 5402 1267 5469 regni
1317 5416 1475 5470 quam
1519 5405 1797 5472 Spopondit
1834 5404 2126 5473 discipulis,

584 5478 829 5537 Salvator
852 5488 1097 5542 ostendit.
1129 5489 1297 5547 Lucas
1330 5502 1503 5548 tamen
1536 5494 1609 5550 sic
1637 5495 1878 5561 scripsit:
1906 5493 2122 5548 Factum

2232 4324 2460 4379 terrenis
2515 4325 2788 4378 adlucrere
2837 4324 3246 4393 cupiditatibus;
3300 4328 3393 4380 sed
3451 4338 3774 4384 aeternorum

2226 4430 2409 4469 amore
2434 4417 2498 4468 ad
2529 4430 2758 4484 superna
2800 4430 3012 4484 semper
3057 4416 3213 4485 erigi,
3243 4425 3295 4469 et
3338 4417 3591 4484 angelica:
3622 4419 3778 4487 163

2228 4505 2519 4570 munditia},
2552 4506 2781 4572 pietatis,
2814 4516 2868 4559 et
2897 4506 3043 4573 pacis
3076 4514 3130 4560 et
3152 4506 3473 4571 dilectionis,
3495 4515 3549 4559 et
3568 4494 3777 4561 bonita-

2229 4596 2319 4657 tis,
2346 4605 2396 4653 et
2420 4595 2639 4663 iustitia:
2671 4596 2857 4659 vitam,
2884 4604 3139 4663 quantum
3184 4596 3495 4651 mortalibus
3526 4596 3779 4664 possibile

2226 4693 2328 4749 est,
2366 4699 2575 4753 semper
2611 4684 2805 4737 imitari
2854 4686 3078 4748 debere,
3125 4686 3275 4753 iuxta
3327 4686 3723 4754 illud'Apostoli
3754 4700 3774 4737 :

2231 4772 2427 4826 Nostra
2471 4783 2639 4827 autem
2687 4774 3004 4848 conversatio
3038 4773 3090 4824 in
3132 4774 3269 4825 cwlis
3298 4784 3391 4827 est.
3437 4772 3583 4826 Unde
3618 4775 3777 4827 etiam

2226 4865 2533 4917 salvatorem
2578 4874 2925 4931 exspectamus
2982 4862 3255 4916 Dominum
3317 4873 3545 4917 nostrum
3594 4864 3777 4916 Jesttm

2228 4952 2509 5017 Christum,
2538 4952 2625 5021 qui
2671 4950 2965 5017 reformabit
2995 4966 3178 5018 corpus
3222 4951 3525 5003 humilitatis
3565 4959 3774 5014 nostrte,

2229 5040 2815 5111 conﬁguratumcorpori
2829 5040 3079 5093 claritatis
3092 5056 3199 5092 sum
3211 5038 3450 5109 (Philipp.
3469 5057 3502 5093 tt
3514 5056 3525 5092 ι
3538 5040 3774 5108 ,20,l2).

2228 5131 2550 5185 Ostensurus
2573 5128 2795 5197 gloriam
2823 5142 2932 5181 suae
2962 5126 3272 5193 Maiestatis,
3295 5130 3348 5180 in
3372 5127 3778 5183 montem'disci-

2229 5221 2378 5291 pulos
2405 5222 2563 5283 ducit,
2589 5226 2645 5271 ut
2668 5218 2875 5271 discant
2916 5218 3034 5286 ipsi,
3062 5218 3267 5271 discant
3292 5231 3475 5270 omnes
3500 5217 3590 5284 qtti
3637 5217 3778 5270 Itane

2228 5314 2420 5375 uidere
2448 5311 2654 5374 sitiunt,
2687 5324 2789 5361 non
2836 5322 2952 5360 eam
2989 5307 3087 5361 sibi
3125 5308 3175 5360 in
3224 5306 3377 5375 huius
3421 5307 3597 5361 saeculi
3648 5322 3777 5374 pro-

2235 5401 2413 5464 fundo,
2447 5400 2539 5453 sed
2575 5399 2624 5451 in
2657 5412 2816 5465 regno
2847 5412 3088 5465 superna:
3124 5396 3467 5450 beatitudinis
3489 5411 3604 5450 csse
3626 5410 3780 5462 qua:-

2238 5491 2472 5557 rcndam,
2500 5500 2548 5544 ct
2578 5491 2819 5544 studeant
2857 5488 2996 5558 digni
3030 5488 3138 5542 fieri
3174 5487 3454 5543 ascendere
3476 5488 3525 5539 in
3558 5496 3780 5540 montem
