4240 6194
196 30 435 116 ’π

446 99 545 160 605

1510 101 1810 159 nouum.
1856 105 1935 159 ετ
1980 104 2571 167 nxuonrmosss.
2637 92 2652 109 '

3559 126 3661 184 600

446 210 681 277 Domini,
720 218 775 265 et
811 217 955 265 stare
984 210 1035 263 in
1063 209 1175 264 loco
1203 219 1381 262 sancto
1417 212 1549 279 ejus.
1573 214 1640 267 Et
1671 214 1807 268 bene
1849 231 2008 269 evau-
2034 220 2084 278 Α
2110 219 2400 288 debanlur;
2448 227 2539 279 sed
2587 242 2652 281 co
2709 239 2937 283 montem
2981 242 3214 303 peteme,
3259 252 3397 291 "om
3434 206 3663 294 ἐπίπονα

445 301 655 372 gelista,
686 316 809 355 cum
854 300 1080 355 dixisset
1127 300 1252 368 quia
1310 300 1461 353 duxit
1514 302 1631 356 illos
1678 305 1732 357 in
1782 317 2003 358 montem

442 391 720 453 excelsum,
762 390 967 444 addidit
1001 407 1230 443 seorsum
1261 404 1277 441 :
1309 392 1431 459 quia
1472 390 1602 460 justi
1629 404 1681 449 et
1728 406 1855 449 tunc
1883 410 2004 449 cum

444 496 728 550 pravorum
761 478 955 534 vicinia
989 489 1325 551 premuntur,
1373 483 1550 537 animo
1593 494 1771 541 tamen
1803 495 1913 541 toto
1941 502 2006 541 ac

443 569 638 624 mentis
671 570 986 634 intentione,
1028 579 1085 625 et
1118 586 1338 639 operum
1388 577 1729 630 exsecutione
1769 577 2004 645 separati

446 668 571 715 sunt
600 660 668 715 ab
695 659 820 726 illis,
857 670 912 715 et
941 661 993 715 in
1023 660 1201 735 futuro
1246 677 1466 733 prorsus
1511 666 1671 735 etiam
1700 681 1922 735 corpore
1950 675 2006 723 et

444 748 563 802 loco
614 749 1037 818 segregabuntur
1072 750 1140 805 ab
1180 750 1293 814 eis,
1334 753 1547 821 quando
1586 754 1864 809 abscundet
1918 771 2003 811 eos

445 836 698 893 Dominus
723 840 777 894 in
817 840 994 895 abdito
1024 840 1194 896 vultus
1237 844 1320 899 sui
1350 861 1382 896 α
1420 844 1809 898 conturbatione
1839 844 2003 898 homi-

446 947 589 996 num,
615 940 662 985 et
682 940 907 1001 proteget
948 926 1003 985 iis
1034 932 1366 987 tabernaculo
1395 950 1510 987 suo.
1554 934 1681 1000 Qui,
1704 935 1853 1003 juxta
1899 934 2004 989 Lu-

443 1035 587 1087 cam,
612 1021 857 1077 ascendit
888 1023 939 1076 in
987 1031 1226 1077 montem
1257 1032 1535 1087 oraturus,
1560 1034 1615 1079 et
1646 1025 1723 1079 sic
1747 1024 2003 1080 transfor-

444 1108 674 1164 mandas
700 1127 713 1161 :
743 1110 868 1178 quia
892 1110 944 1163 in
984 1110 1105 1165 caeli
1135 1120 1399 1167 secretam
1432 1112 1797 1178 altitudinem,
1822 1126 1880 1169 ut
1915 1130 2001 1172 ve-

444 1212 540 1265 rus
576 1198 818 1253 Pontifex
848 1239 864 1263 ,
920 1202 1164 1257 ascendit
1221 1217 1316 1271 pro
1367 1202 1479 1258 suis
1528 1204 2001 1273 interpellaturus,

444 1302 705 1359 suamque
756 1292 978 1359 gloriam
1032 1292 1114 1347 eis
1167 1292 1241 1347 ibi
1304 1292 1782 1362 manifestaturus;
1834 1307 1889 1352 et
1946 1296 2003 1352 ut

442 1380 751 1435 ostenderet
773 1381 899 1450 quia
940 1383 1030 1451 qui
1072 1383 1287 1438 beatam
1332 1386 1778 1441 resurrectionem
1808 1402 2002 1456 exspe-

443 1475 616 1534 ctant,
664 1477 717 1524 et
747 1484 925 1540 regem
971 1470 1025 1525 in
1072 1471 1263 1528 decore
1296 1487 1395 1528 suo
1433 1473 1613 1530 videre
1652 1475 1952 1531 desiderant
1982 1518 1997 1543 ,

2107 313 2363 369 refulscre
2382 334 2393 368 :
2410 319 2554 385 quia,
2581 320 2718 375 sicut
2742 319 2974 376 Joannes
3025 325 3275 394 loquitur,
3296 345 3431 382 nunc
3454 330 3663 398 quidem

2102 402 2200 485 ﬁlii
2234 404 2326 458 Dei
2359 422 2563 469 sumus,
2611 410 2701 462 sed
2735 410 2962 464 nondum
3006 417 3242 482 apparuit
3275 418 3401 485 quid
3427 418 3661 472 erinms:

2104 483 2295 547 scimus
2320 505 2490 549 autem
2520 500 2790 575 quia,.cum
2814 503 3135 569 apparuerit,
3168 506 3361 560 similes
3377 508 3423 560 ei
3442 507 3659 573 erimus,

2104 585 2348 653 qugniam
2399 586 2677 643 videbimus
2726 606 2841 641 cum
2879 590 3033 644 sicuti
3077 604 3149 645 est
3181 594 3230 663 (I
3284 594 3441 649 Joan.
3475 612 3557 660 Ill,
3583 598 3662 665 2).

2106 672 2257 729 Unde
2288 674 2423 729 bene
2464 675 2672 732 Marcus
2715 679 2778 732 de
2815 680 3016 735 eisdem
3058 684 3392 739 vestimentis
3432 687 3505 739 ait
3538 687 3663 755 quia

2102 764 2242 833 facta
2268 774 2387 821 sunt
2418 765 2766 832 splendentia,
2802 771 3127 841 candidaque
3172 774 3346 835 nimis,
3381 773 3511 826 velut
3544 778 3656 840 nix,

2100 854 2277 924 qualia
2314 854 2444 922 fullo
2463 871 2618 924 super
2650 867 2839 912 terram
2895 878 2993 913 non
3032 872 3191 928 potest
3232 864 3456 917 candida
3495 865 3665 933 facere

2104 945 2299 1013 (Marc.
2345 962 2495 1009 xvm,
2528 947 2606 1015 2).
2653 948 2785 1015 Quia
2827 951 2965 1018 quod
2999 936 3247 1007 omnibus
3301 963 3468 1023 patet,
3510 969 3667 1009 nemo

2100 1046 2183 1090 est
2211 1037 2297 1105 qui
2322 1036 2440 1091 sine
2464 1040 2814 1108 corruptione
2837 1050 2891 1095 et
2914 1041 3099 1096 dolore
3129 1043 3308 1097 vivere
3330 1045 3495 1113 possit
3516 1061 3669 1113 super

2101 1136 2313 1191 terram,
2340 1144 2498 1183 nemo
2524 1139 2619 1197 est
2652 1128 2743 1199 qui
2778 1132 2895 1186 sine
2950 1140 3156 1188 attactu
3194 1133 3415 1202 alicujus
3460 1136 3667 1202 peccati

2102 1218 2283 1294 vivere
2308 1228 2468 1286 queat
2521 1237 2677 1289 super
2719 1231 2932 1276 terram.
2978 1222 3081 1277 Sed
3126 1224 3268 1293 quod
3314 1224 3466 1292 fullo,
3511 1224 3563 1277 id
3588 1234 3672 1279 cst

2102 1306 2291 1362 doetor
2312 1308 2637 1374 animarum,
2661 1311 2774 1364 sive
2795 1313 3078 1369 munda‘tor
3092 1314 3285 1383 aliquis
3310 1316 3389 1369 sui
3426 1314 3668 1382 corporis

2101 1398 2528 1468 eximius,super
2550 1409 2764 1463 terram,
2789 1418 2889 1453 non
2922 1412 3106 1468 potest,
3144 1403 3402 1459 Dominus
3425 1404 3583 1459 faciet
3613 1405 3667 1457 in

2105 1484 2261 1551 coelo,
2291 1490 2582 1540 emundans
2622 1486 2933 1553 Ecclesium,
2973 1498 3172 1544 vestem
3222 1491 3467 1547 videlicet
3493 1507 3667 1555 suam,

443 1572 625 1617 mente
674 1563 725 1616 in
760 1564 990 1620 excelsis
1042 1566 1307 1633 habitare,
1336 1583 1401 1623 ac
1446 1568 1717 1657 continuis
1754 1570 2004 1647 precibus
2032 1560 2076 1617 Β
2104 1576 2169 1627 ab
2197 1577 2337 1628 omni
2377 1577 2766 1643 inquinamento
2799 1579 2969 1633 carnis
3004 1590 3050 1632 et
3094 1582 3328 1649 spiritus,
3371 1582 3591 1650 insuper
3614 1590 3671 1637 ct

444 1650 694 1706 insistere
720 1652 965 1708 debeant.

518 1738 776 1808 Sequitur
810 1763 822 1798 ι
855 1741 923 1796 Et
968 1742 1371 1813 transﬁguratus
1416 1755 1489 1799 est
1530 1755 1651 1800 ante
1671 1763 1779 1801 eos.
1820 1747 1888 1800 Et
1928 1764 2006 1801 re-

444 1829 705 1895 splenduit
738 1830 899 1898 facies
930 1831 1045 1901 ejus
1066 1834 1195 1886 sicut
1220 1834 1327 1898 sol;
1365 1836 1661 1889 vestimenta
1692 1848 1862 1890 autem
1892 1838 2004 1907 ejus

444 1920 587 1986 facta
608 1930 726 1973 sunt
756 1921 900 1986 alba,
932 1922 1063 1976 sicut
1094 1924 1204 1977 nix.
1239 1924 1407 1980 Lucas
1434 1941 1559 1981 vero
1585 1926 1714 1981 dicit
1738 1926 1835 1979 :Et
1864 1928 2005 1995 facta

441 2015 544 2072 est,
572 2005 695 2060 dum
722 1998 914 2073 ordret,
936 2010 1126 2078 species
1161 2010 1329 2065 vultus
1356 2012 1468 2079 eius
1501 2014 1687 2079 altera,
1715 2026 1761 2068 et
1792 2016 2003 2070 vestitus

442 2098 559 2166 ejus
614 2097 763 2152 albus
806 2101 1065 2169 refulgens
1108 2100 1258 2171 (Luc.
1309 2118 1381 2165 tu,
1434 2103 1547 2173 29).
1581 2104 2004 2175 Trans/iguratus

445 2197 627 2245 autem
658 2190 912 2245 Dominus
940 2201 1065 2246 ante
1114 2193 1427 2263 discipulos,
1456 2205 1510 2249 et
1538 2196 1591 2249 in
1631 2196 1797 2249 altera
1829 2198 2007 2267 specie

442 2278 632 2334 vultus
662 2294 949 2349 apparens,
979 2294 1082 2333 non
1113 2279 1337 2335 formam
1371 2283 1588 2337 humani
1609 2284 1851 2352 corporis
1876 2284 2009 2337 ami-

443 2369 543 2434 sit,
592 2370 685 2425 sed
724 2386 876 2425 suam
905 2386 1233 2441 suorumque
1262 2372 1701 2443 glorificationem
1741 2386 2006 2443 praemon-

444 2446 660 2513 stravit.
690 2458 854 2513 Facta
895 2469 969 2514 est
995 2460 1137 2516 enim
1166 2464 1355 2531 species
1385 2462 1555 2516 vultus
1595 2464 1711 2531 ejus
1740 2463 1927 2527 altera,
1957 2464 2007 2518 id

440 2558 551 2614 est,
596 2548 814 2603 alterius
853 2550 1069 2620 gloria},
1108 2553 1320 2621 quando
1364 2552 1674 2621 resplenduit
1734 2555 1865 2607 sicut
1906 2553 2002 2607 sol.

440 2636 633 2705 Cujus,
652 2637 888 2702 scilicet,
918 2638 1217 2708 splendoris
1241 2649 1295 2694 et
1322 2640 1503 2711 glorise
1529 2641 1744 2697 claritas
1772 2642 1837 2695 ad
1854 2651 2006 2695 natu-

442 2743 564 2783 ram
609 2738 871 2798 suscepta:
920 2730 1268 2784 humanitatis
1322 2731 1626 2801 specialiter
1667 2732 2003 2800 pertinebat.

440 2816 579 2871 Nam
607 2818 751 2871 illam
780 2818 943 2885 ipsius
971 2819 1271 2873 Diviuitatis
1293 2818 1611 2873 iuell'abilem
1638 2830 1691 2874 et
1718 2822 2004 2876 inaccessi-

439 2904 605 2960 bilem
627 2906 908 2969 visionem,
926 2921 1043 2974 qua:
1065 2907 1117 2959 in
1136 2916 1390 2960 a-ternam
1412 2902 1577 2960 vitam
1604 2908 1775 2961 beatis
1804 2909 2001 2961 mundo

442 2994 609 3049 corde
643 3003 909 3059 servatur,
940 2994 1086 3048 nullo
1112 2995 1270 3049 modo
1316 2994 1563 3063 discipuli
1593 2996 1802 3049 mortali
1830 2997 2003 3050 adhuc

445 3097 615 3139 carne
659 3084 980 3139 circumdati
1050 3092 1297 3153 poterant
1348 3085 1563 3139 intueri.
1628 3085 1683 3138 ln
1729 3085 1829 3140 hac
1878 3102 2006 3155 ergo

444 3174 926 3245 transfiguratione
970 3172 1233 3229 Dominus
1274 3185 1329 3231 et
1374 3177 1456 3231 sui
1500 3176 1739 3245 corporis
1784 3176 2003 3245 gloriam

447 3280 557 3335 qua
588 3280 686 3333 per
713 3266 1166 3322 resurrectionem
1197 3276 1316 3320 erat
1338 3266 1708 3321 illustrandum
1737 3283 2003 3337 prmmon-

442 3353 664 3419 stravit,
691 3364 746 3409 et
769 3354 1062 3409 electorum
1093 3354 1331 3409 omnium
1357 3364 1572 3423 quantae
1598 3355 1857 3409 claritatis
1885 3366 2005 3423 post

442 3444 895 3498 resurrectionem
919 3442 1094 3497 l'utura
1120 3444 1226 3503 sint
1254 3458 1479 3513 corpora
1503 3444 1843 3511 praemonuit.
1870 3443 2001 3498 Nam

442 3543 500 3588 et
529 3535 594 3588 de
620 3534 724 3588 illis
750 3535 883 3588 alias
911 3535 987 3588 ait
1019 3553 1032 3587 :
1068 3534 1210 3587 Tunc
1242 3534 1377 3601 justi
1416 3533 1682 3603 fulgebunt
1717 3536 1849 3587 sicut
1891 3535 2001 3601 sol,

443 3623 505 3676 in
530 3622 689 3694 regn’o.
711 3622 887 3676 Patris
922 3638 1097 3676 eorum
1136 3621 1349 3689 (Matth.
1390 3637 1508 3685 xm,
1551 3622 1665 3691 s5).
1712 3624 1776 3677 Et
1823 3625 1910 3678 hic
1949 3625 2001 3679 in

443 3712 749 3780 exemplum
775 3710 964 3766 futurae
1007 3711 1410 3766 clarillcatiouis
1460 3711 1647 3781 ipsius,
1692 3712 2003 3782 resplenduit

444 3801 607 3867 facies
632 3801 744 3869 ejus
769 3801 899 3853 sicut
929 3800 1026 3854 sol.
1056 3799 1171 3855 Non
1200 3802 1321 3869 quia
1356 3801 1565 3866 Domni,
1608 3814 1662 3856 et
1697 3812 2001 3859 sanctorum

445 3904 589 3957 ejus,
615 3890 837 3959 mqualis
863 3891 1035 3960 possit
1056 3906 1174 3946 esse
1204 3890 1420 3946 claritas
1446 3902 1499 3947 et
1529 3893 1727 3962 gloria;
1761 3896 1852 3948 sed
1879 3897 2004 3964 quia

444 3978 581 4034 nihil
610 3980 721 4033 sole
759 3980 976 4038 clarius.
1000 3981 1181 4037 videre
1225 3982 1472 4034 novimus
1507 3996 1521 4033 :
1556 3997 1659 4035 non
1697 3983 1865 4038 solum
1897 3983 2005 4038 Do.

445 4069 608 4133 mini,
638 4068 730 4123 sed
767 4078 821 4122 et
850 4078 1155 4149 sanctorum
1190 4070 1243 4124 in
1268 4071 1657 4125 resurrectione
1682 4071 1849 4141 gloria
1880 4072 2007 4127 solis

447 4159 685 4229 aspectui
714 4171 1073 4228 comparatur,
1108 4162 1232 4229 quia
1266 4160 1464 4215 clarius
1486 4162 1597 4217 sole
1622 4163 1842 4233 aliquid,
1866 4164 2005 4219 unde

443 4250 749 4317 exemplum
775 4250 991 4303 daretur
1026 4251 1353 4317 hominibus,
1387 4252 1607 4305 minime
1651 4254 1824 4321 potuit
1859 4253 2005 4319 inve-

443 4339 571 4393 niri.
616 4338 911 4393 Possumus
948 4340 1110 4394 etiam
1146 4355 1240 4408 per
1297 4339 1486 4394 faciem
1548 4340 1661 4407 ejus
1708 4342 2003 4411 intelligere

352 4460 355 4463 -
446 4437 765 4499 praesentem
797 4437 851 4483 et
890 4429 1226 4485 manifestam
1256 4432 1615 4499 cognitionem
1660 4434 2004 4486 humanitatis

448 4522 636 4589 ipsius.
665 4520 997 4603 Resplenduit
1022 4536 1149 4590 ergo
1172 4524 1302 4575 sicut
1328 4522 1407 4576 sol
1428 4524 1586 4591 facies
1617 4526 1727 4592 ejus
1752 4540 1773 4576 :
1798 4525 1917 4593 quia
1952 4525 2002 4577 in

448 4608 541 4661 illo
574 4622 822 4676 superare
844 4608 1190 4661 beatitudinis
1216 4623 1381 4677 regno
1408 4611 1610 4665 sanctis
1656 4612 1903 4665 omnibus
1932 4610 2003 4663 ita

446 4700 808 4769 resplendebit
834 4702 991 4755 unico
1014 4714 1086 4754 ac
1120 4702 1373 4769 singulari
1405 4703 1688 4771 splendore
1711 4703 2003 4758 clarissima

445 4789 607 4843 etiam
637 4791 990 4845 immanitatis
1020 4792 1135 4861 ejus
1162 4795 1560 4861 contemplatio,
1587 4795 1715 4846 sicut
1747 4793 1823 4846 sol
1851 4794 2002 4846 unica

444 4888 500 4933 et
536 4880 792 4948 singulari
838 4881 1084 4935 claritate
1113 4890 1328 4949 superat
1361 4882 1557 4953 omnia
1594 4899 1711 4951 qua:
1733 4884 2004 4951 corporeis

446 4970 615 5023 oculis
640 4969 815 5023 lucida
843 4964 1108 5024 videntur".
1147 4970 1459 5024 Vestimenta
1500 4982 1669 5025 autem
1706 4974 1841 5041 ejus,
1887 4988 2005 5042 quae

446 5059 577 5111 sicut
607 5062 695 5113 nia:
738 5060 984 5113 albediue
1024 5061 1304 5125 refulserc,
1358 5078 1460 5115 non
1502 5064 1793 5132 incongrue
1829 5064 2002 5118 sancti

450 5147 562 5215 ejus
586 5149 877 5218 figuraliter
900 5150 1773 5220 intelliguntur,Apostolodicente
1801 5172 1813 5207 :
1842 5153 2005 5219 Quot-

447 5250 567 5307 quot
594 5241 839 5308 baptizati
865 5242 1288 5305 estis,C/:ristum
1317 5244 1556 5297 induistis
1576 5243 1767 5314 (Colat.
1796 5247 1999 5315 ttt,‘27).

448 5328 595 5393 Qum,
647 5330 871 5397 scilicet,
925 5332 1246 5397 vestimenta,
1299 5334 1413 5402 ipso
1476 5335 1614 5389 inter
1665 5336 1907 5392 homines
1951 5338 2001 5391 in

456 5417 609 5473 terris
640 5430 1009 5487 conversante,
1044 5422 1291 5492 despcrta
1322 5425 1653 5494 aliorumque
1706 5427 1895 5481 similia
1924 5428 1998 5483 vi-

2105 1671 2306 1718 seterna
2335 1666 2515 1719 carnis
2537 1676 2588 1720 et
2611 1666 2832 1736 spiritus
2858 1669 3143 1723 beatudine
3169 1686 3230 1725 ac
3254 1672 3371 1726 luce
3400 1672 3664 1726 rcliciens.

2176 1753 2428 1823 Sequitur
2454 1769 2468 1807 :
2495 1755 2558 1807 Et
2580 1772 2694 1809 ecce
2720 1770 3066 1825 apparuerunt
3088 1760 3189 1813 illis
3218 1761 3421 1829 Moyses
3442 1773 3487 1813 et
3520 1760 3667 1813 Elias

2107 1856 2223 1895 cum
2258 1858 2318 1895 eo
2351 1842 2634 1912 loquentes.
2684 1842 2858 1899 Lucas
2889 1843 3001 1898 hcce
3035 1846 3245 1913 plenius
3280 1846 3567 1915 exposuit:
3600 1845 3667 1897 Et

2105 1945 2219 1983 ecce
2252 1930 2356 1983 duo
2385 1931 2478 1985 viri
2508 1931 2854 2000 loquebantur
2881 1950 2997 1988 cum
3021 1935 3133 1988 illo.
3169 1933 3334 1988 Erant
3383 1935 3587 2004 Moyses
3620 1944 3668 1987 et

2104 2017 2258 2072 Elias
2286 2021 2379 2073 visi
2427 2021 2483 2074 in
2526 2005 2894 2089 majestate,-et
2937 2024 3178 2078 dicebant
3229 2041 3491 2079 excessum
3536 2022 3668 2093 ejus,

2105 2125 2254 2177 quem
2279 2109 2623 2176 completurus
2647 2124 2756 2165 erat
2781 2115 2833 2166 in
2862 2113 3157 2168 Jerusalem
3171 2115 3317 2183 (Luc.
3347 2132 3422 2179 Ix,
3451 2114 3667 2181 50,51).

2108 2196 2316 2266 Moyses
2339 2207 2393 2251 ct
2424 2199 2586 2262 Elias,
2618 2203 2707 2269 qui
2754 2203 2916 2257 locuti
2955 2213 3081 2257 sunt
3110 2204 3163 2257 in
3196 2212 3378 2259 monte
3410 2220 3529 2258 cum
3562 2204 3667 2256 Do.

2107 2282 2276 2347 mino,
2300 2294 2346 2335 et
2376 2285 2610 2337 dicebant
2639 2303 2903 2341 excessum
2948 2290 3084 2358 ejus,
3127 2306 3278 2359 quem
3322 2292 3667 2358 completurus

2108 2380 2218 2422 erat
2248 2370 2302 2423 in
2329 2370 2641 2435 Jerusalem,
2674 2373 2724 2426 id
2759 2383 2863 2440 est,
2892 2376 3197 2443 passionem
3222 2391 3284 2429 ac
3313 2377 3663 2430 resurrectio-

2109 2473 2230 2512 nem
2260 2457 2393 2525 ejus,
2416 2461 2633 2515 oracula
2674 2462 2804 2533 legis
2837 2478 2900 2518 ac
2952 2464 3333 2534 prophetarum
3364 2464 3667 2532 designant,

2106 2563 2225 2617 qum
2252 2549 2306 2603 in
2333 2549 2560 2605 Domino
2581 2552 2867 2621 completa,
2896 2564 2949 2608 et
2995 2570 3137 2609 nunc
3176 2555 3346 2609 doctis
3374 2556 3671 2624 quibusque

2104 2643 2310 2704 patent,
2359 2647 2413 2690 et
2464 2639 2517 2692 in
2568 2638 2749 2694 futuro
2788 2642 3127 2697 manifestius
3180 2645 3442 2712 patebunt
3483 2644 3670 2697 electis

2105 2726 2381 2781 Omnibus.
2404 2728 2502 2795 Qui
2543 2728 2679 2782 bene
2709 2731 2805 2783 visi
2839 2732 2892 2786 in
2940 2733 3211 2799 majestate
3245 2732 3511 2793 dicuntur,
3543 2733 3667 2799 quia

2106 2819 2234 2867 tunc
2280 2815 2515 2884 apertius
2564 2815 2829 2870 videbitur
2864 2829 3061 2886 quanta
3112 2806 3356 2872 veritatis
3408 2819 3666 2887 dignitate

2109 2902 2289 2956 omnis
2331 2902 2633 2958 divinorum
2674 2905 3006 2973 cloquiorum
3048 2912 3156 2961 'non
3210 2907 3381 2961 solum
3436 2922 3666 2968 sensus.

2106 2992 2198 3045 sed
2224 3000 2277 3045 et
2302 3006 2481 3047 sermo
2502 2993 2661 3047 fuerit
2688 2995 2940 3062 prolatus.
2967 2996 3254 3050 Possumus
3267 3012 3526 3048 excessum
3554 2995 3668 3063 ejus

2108 3077 2408 3149 intelligere
2434 3080 2737 3148 specialiter
2758 3081 3135 3137 exultationem
3162 3083 3508 3136 humanitatis
3528 3082 3666 3152 ejus,

2107 3170 2474 3243 quagexcessit
2504 3170 2706 3234 omnia,
2737 3172 2875 3225 sicut
2902 3172 3055 3226 docet
3085 3171 3371 3241 Apostolus
3394 3172 3577 3225 dicens
3604 3171 3671 3225 de

2106 3259 2308 3314 Patre:
2347 3258 2413 3313 Ut
2455 3260 2632 3314 sciatis
2676 3277 2790 3330 qua:
2825 3263 2891 3315 sit
2922 3261 3325 3331 -supereminens
3368 3262 3671 3331 magnitudo

2108 3348 2309 3401 virtutis
2355 3348 2489 3417 ejus,
2536 3365 2693 3417 quam
2738 3360 2984 3417 operatur
3031 3351 3085 3402 in
3126 3349 3364 3414 Christo,
3412 3352 3669 3404 suscitans

2104 3436 2253 3490 illum
2278 3453 2309 3489 a
2336 3438 2576 3500 mortuis,
2604 3446 2651 3490 et
2680 3439 2997 3493 constituens
3046 3440 3115 3493 ad
3152 3441 3416 3495 dexteram
3443 3457 3594 3495 suam
3614 3441 3669 3494 in

2105 3528 2413 3593 caelestibus,
2441 3545 2599 3598 supra
2630 3546 2827 3583 onmem
2862 3531 3231 3603 principamm,
3256 3513 3301 3585 et
3324 3541 3666 3600 potestatem,

2104 3625 2152 3668 et
2182 3617 2447 3681 virtutem,
2484 3628 2530 3670 et
2558 3616 2988 3684 dominationem,
3013 3629 3060 3673 et
3101 3620 3249 3675 omne
3296 3637 3482 3675 nomen
3523 3620 3661 3690 quod

2105 3708 2420 3773 nominatur,
2446 3724 2547 3761 non
2576 3707 2741 3761 soluat
2769 3709 2821 3761 in
2844 3712 2937 3763 hoc
2952 3709 3167 3776 sa’culo,
3191 3712 3278 3764 sed
3307 3721 3353 3764 et
3382 3711 3436 3764 in
3466 3711 3668 3778 futuro;

2104 3805 2150 3849 et
2187 3798 2360 3850 omnia
2388 3797 2601 3866 subjecit
2626 3798 2719 3850 sub
2757 3798 2970 3866 pedibus
3010 3799 3126 3868 ejus
3152 3797 3365 3869 (Ephes.
3391 3814 3431 3862 ι.
3457 3798 3665 3865 1831).
3748 3868 3751 3871 ν

2105 3884 2205 3943 llic
2226 3898 2311 3942 est
2332 3902 2587 3943 excessus
2612 3887 2919 3944 Mcdiatoris
2944 3888 3034 3943 Dei
3057 3899 3109 3943 et
3136 3884 3408 3943 hominum
3436 3882 3667 3944 bOmiuis

2105 3976 2229 4031 Jesu
2259 3976 2482 4031 Christi.
2517 3976 2688 4043 Quem
2737 3992 3015 4032 excessum
3061 3979 3184 4031 licet
3215 3975 3372 4032 Pater
3412 3984 3667 4047 operatus

2107 4066 2205 4129 sit,
2239 4068 2354 4136 ipse
2375 4075 2552 4121 tamen
2604 4067 2897 4121 secundum
2938 4066 3233 4122 divinitatis
3261 4067 3551 4136 potentiam
3584 4067 3666 4120 ni-

2033 4197 2082 4255 D
2110 4156 2398 4213 hilominus
2420 4166 2671 4226 operatus
2694 4166 2797 4223 est,
2820 4167 2978 4227 atque
3004 4158 3304 4225 complevit.
3334 4156 3666 4225 stcunque

2108 4248 2247 4304 enim
2276 4248 2430 4302 Pater
2443 4248 2639 4317 fecerit,
2654 4250 2762 4302 Ita'c
2775 4258 2820 4303 et
2833 4247 3013 4302 Filius
3032 4246 3267 4303 similiter
3279 4248 3403 4317 facit
3417 4245 3470 4317 (1
3475 4264 3594 4302 oan.
3609 4262 3662 4312 v,

2107 4340 2215 4409 t9).
2237 4338 2299 4391 Et
2316 4338 2754 4408 complevitillum
2771 4340 2821 4392 in
2844 4354 3073 4409 superna
3090 4337 3404 4404 Jerusalem,
3420 4337 3505 4391 ubi
3523 4352 3664 4391 sem-

2106 4446 2201 4499 per
2214 4432 2420 4484 viuctur
2433 4446 2536 4499 pax
2553 4429 2662 4495 Dei,
2677 4448 2793 4499 qua:
2804 4440 3072 4497 exsuperat
3085 4445 3283 4483 omnem
3296 4443 3497 4482 sensum
3512 4428 3663 4499 (Plii-

2104 4519 2231 4589 lipp.
2248 4522 2377 4592 ΝΠ)
2394 4522 2495 4576 Sed
2510 4522 2633 4576 etin
2649 4535 2703 4576 sa
2714 4524 2849 4576 uctis
2863 4520 2973 4574 suis
2985 4532 3232 4585 inagnum
3247 4532 3509 4572 excessum
3524 4531 3664 4571 com-

2103 4602 2508 4691 plebitquamlp
2526 4615 2907 4685 postjudicium
2923 4628 3015 4667 vos
3033 4627 3199 4681 usque
3213 4610 3277 4664 ad
3290 4610 3662 4665 celsitudinem

2106 4717 2342 4775 paterna:
2368 4704 2589 4758 visionis
2620 4704 2868 4757 elevabit.
2901 4700 3052 4755 Hunc
3085 4700 3262 4768 itaque
3287 4714 3548 4752 excessum
3571 4713 3663 4753 ca-

2105 4794 2233 4863 pitis
2261 4803 2312 4847 et
2356 4794 2720 4847 membrorum
2765 4792 2817 4845 in
2852 4790 3070 4845 civitate
3101 4788 3279 4859 magni
3332 4787 3473 4857 regis
3512 4802 3662 4843 com-

2107 4882 2369 4952 plendum‘
2400 4881 2608 4951 Moyses
2656 4890 2709 4936 et
2764 4880 2910 4933 Elias
2965 4879 3200 4933 dicebant
3228 4896 3240 4935 :
3273 4879 3395 4948 quia
3440 4877 3662 4948 gloriam

2106 4972 2453 5026 exaltatiouis
2477 4972 2675 5026 Christi
2704 4980 2758 5025 et
2790 4969 3042 5025 Ecclesia:
3076 4956 3437 5039 praedixerunt
3464 4966 3663 5036 jugitcr

2104 5062 2187 5117 lex
2231 5072 2285 5116 et
2323 5063 2616 5131 prophetaa.
2645 5060 2931 5131 Subjuugit
2957 5068 3138 5114 autem
3172 5060 3273 5114 hoc
3327 5058 3443 5111 loco
3490 5056 3663 5109 Lucas

2104 5154 2474 5216 solus,'diceus
2494 5169 2508 5205 :
2531 5148 2714 5205 Petrus
2738 5162 2935 5215 vero,et
2969 5150 3195 5219 quicum
3229 5147 3316 5201 illo
3342 5154 3509 5209 erant,
3542 5160 3663 5212 gra-

2106 5244 2209 5298 ‘vati
2240 5251 2385 5295 erant
2412 5256 2610 5293 somno.
2642 5240 2705 5292 Et
2736 5240 3031 5309 evigilantes
3074 5239 3307 5290 riderunt
3339 5235 3661 5303 majestatcns

2105 5336 2236 5404 ejus,
2260 5343 2305 5386 ct
2333 5333 2463 5385 duos
2494 5334 2627 5386 viros
2654 5334 2741 5403 qui
2771 5335 2975 5387 stabant
3004 5347 3117 5384 cum
3147 5329 3235 5382 illo
3265 5327 3415 5399 (Luc.
3437 5342 3511 5388 ις,
3545 5324 3657 5391 39.).

2106 5427 2237 5483 Nam
2255 5425 2356 5480 istc
2389 5423 2555 5492 solus,
2584 5425 2673 5493 qui
2705 5425 2871 5478 octavi
2898 5423 2998 5477 dici
3029 5422 3353 5477 mentionem
3380 5416 3659 5489 prtemisit,
