4190 6236
970 6 1073 19 ῖς,
1118 10 1257 23 7⁸⁸477-
1294 14 1323 21 ν,
1370 16 1429 25 ,74
1470 18 1477 19 κ

519 169 623 223 607

720 208 731 224 .
772 132 782 143 “
873 174 932 230 s.
972 174 1264 229 ANSELSII
1301 174 1648 234 caurum.
1680 179 1994 236 ARClllEP.
2038 177 2188 233 uer.
2234 179 2987 245 musa—rammer.
3030 190 3118 245 ετ
3151 192 3393 252 Αεοετ.

3643 203 3745 264 608

522 302 665 342 nunc
695 287 927 358 speciem
953 291 1360 344 resurrectionis
1385 293 1656 347 describit.
1688 295 1820 349 Nam
1846 297 1897 350 in
1926 297 2085 351 Petro
2114 294 2158 352 A
2189 292 2373 348 beatus
2393 293 2604 362 Petrus.
2643 300 2694 353 in
2716 317 2781 360 eo
2816 304 2957 374 quod
2981 306 3187 361 caelesti
3231 314 3627 371 conversationi
3662 328 3745 373 ta-

520 386 578 430 et
607 377 771 431 sociis
800 376 936 443 ejus,
961 388 1015 430 ut
1049 394 1208 447 supra
1232 380 1432 436 dictum
1459 391 1559 448 est,
1590 400 1776 440 omnes
1799 387 2082 457 designan-

522 474 611 518 tur
658 463 833 529 electi,
882 466 973 533 qui
1015 482 1311 535 gravantur
1377 489 1606 538 somno,
1659 476 1784 529 dum
1856 493 2079 547 corpora

519 569 704 609 eorum
730 556 780 609 in
812 559 1030 611 tumulis
1063 576 1238 629 usque
1267 564 1331 616 ad
1366 566 1520 618 linem
1547 568 1724 621 smcali
1755 570 2029 623 dormiunt
2062 585 2076 624 :

515 640 610 697 sed
641 642 692 696 in
718 645 803 699 die
834 651 1249 705 resurrectionis
1270 653 1683 722 evigilabunt,et
1710 658 1773 709 ad
1798 642 2077 714 videndam

512 745 770 803 perpetuo
818 737 1041 806 gloriam
1084 740 1383 805 maiestatis
1440 746 1555 813 ejus
1618 748 2073 803 sublimabuntur.

510 821 617 901 Sed
644 833 697 878 et
730 826 864 879 duos
897 827 1039 883 viros
1068 838 1279 885 stantes
1332 848 1453 887 cum
1508 822 1577 889 eo
1604 836 1877 902 videbunt,
1914 840 1962 892 id
1992 850 2075 893 cst

510 915 791 971 veritatem
829 933 1017 973 sensus
1056 908 1190 1005 legis
1217 932 1271 977 ct
1310 925 1712 993 praphetarum,
1756 943 1873 996 qua:
1918 930 2071 983 istam

508 1004 945 1062 clariﬁcationem
995 1004 1511 1079 prmduntiaverunt.
1564 1016 1654 1070 Vel
1700 1035 1879 1071 somno
1927 1030 2072 1073 erant

507 1098 704 1162 gravati
727 1113 744 1150 .'
769 1101 892 1168 quia
915 1102 1168 1171 splendor
1193 1104 1745 1174 incmnprehcnsibilis
1771 1108 2070 1164 divinitatis

508 1185 703 1255 premit
738 1191 971 1253 quodam
1005 1192 1148 1247 velut
1176 1197 1323 1264 gravi
1350 1198 1583 1263 pondere
1607 1214 1797 1251 sensus
1830 1201 2071 1267 corporis

508 1279 699 1353 nostri.
728 1277 795 1333 Et
816 1282 1119 1350 evigilantes
1146 1285 1381 1337 viderunt
1407 1286 1727 1354 majestalem
1764 1289 1877 1358 ejus
1903 1304 1923 1343 :
1946 1293 2069 1359 quia
2112 1276 2115 1281 I

507 1367 600 1435 qui
652 1384 898 1424 somnum
943 1373 1182 1440 corporis
1225 1388 1254 1426 a
1298 1389 1396 1428 suo
1446 1378 1613 1430 corde
1656 1381 1974 1457 excutiunt,
2016 1391 2071 1436 et

507 1469 688 1512 mente
713 1460 899 1531 vigiles
929 1462 1084 1541 llunt,
1109 1465 1173 1519 ad
1215 1466 1390 1521 lucem
1419 1462 1675 1539 superate
1708 1473 1934 1527 visiodis
1961 1476 2069 1530 cle-

505 1558 718 1604 vantnr.

2184 381 2466 437 hernacula
2499 386 2740 443 facienda
2773 395 2995 460 putavit,
3035 396 3309 452 nesciebat
3354 403 3483 470 quid
3528 406 3741 461 diceret.

2182 472 2236 525 In
2267 473 2350 526 illa
2376 489 2606 543 nataque
2630 479 2867 537 cmlcstis
2892 484 3013 538 vitae
3036 485 3204 555 gloria
3231 489 3420 546 domus
3440 498 3745 555 necessaria

2181 580 2284 617 non
2313 568 2435 630 erit,
2475 568 2562 620 ubi
2591 608 2618 623 ..
2646 571 2840 627 divina:
2887 578 3355 645 contemplationis
3406 584 3525 639 luce
3562 589 3739 644 omnia

2180 654 2514 721 paciﬁcante,
2545 673 2675 711 aura
2708 662 3051 720 adversitatis
3081 660 3303 735 alicujus
3329 672 3562 728 timenda
3597 676 3741 733 nulla

2180 745 2494 808 remanebit,
2544 757 2776 804 testante
2807 753 3063 823 Apostolo
3103 756 3329 832 Joanne,
3360 762 3449 830 qui
3502 763 3740 832 ejusdem

2179 847 2422 902 superum.
2470 837 2708 894 civitatis
2754 841 3055 900 claritatem
3108 830 3418 905 describens
3476 830 3550 906 ait
3597 855 3742 912 inter

2178 921 2280 975 alia
2321 942 2333 975 :
2372 920 2438 976 Et
2484 926 2727 992 templum
2774 930 2880 984 ‘non
2916 932 3019 986 vidi
3064 938 3116 988 in
3166 953 3257 1001 ea;
3312 939 3567 996 Dominus
3602 944 3741 1000 enim

2177 1012 2492 1079 omnipotens
2507 1015 2748 1083 templum
2763 1018 2902 1071 illius
2918 1032 3016 1085 est,
3033 1032 3079 1091 et
3095 1023 3273 1093 Agnus
3298 1027 3480 1094 (Apoc.
3497 1044 3607 1096 ιιι,

2176 1099 2457 1157 Nesciebat
2483 1119 2613 1174 ergo
2646 1108 2771 1175 quid
2803 1111 3015 1173 diceret,
3057 1114 3157 1181 qni-
3196 1127 3373 1170 mente
3397 1099 3734 1188 excesserat;

2173 1190 2297 1257 quia
2328 1191 2378 1244 in
2411 1193 2568 1246 domo
2596 1194 2789 1262 Patris,
2814 1213 2931 1267 qua:
2959 1201 3010 1253 in
3044 1203 3196 1257 ctelis
3226 1214 3328 1269 est,
3363 1208 3552 1262 domus
3577 1225 3738 1265 manu

2176 1278 2312 1333 laeta
2356 1286 2659 1338 necessaria
2706 1303 2811 1340 non
2869 1289 2959 1343 sit.
3001 1290 3288 1347 Nesciebat
3340 1296 3466 1364 quid
3523 1284 3736 1362 diceret,

2173 1370 2262 1437 qui
2304 1370 2579 1426 Christum
2611 1375 2663 1428 in
2716 1377 2801 1430 illa
2845 1379 3090 1435 claritate
3139 1398 3352 1452 semper
3400 1387 3471 1441 ibi
3505 1390 3739 1446 retinere

2173 1461 2374 1526 volens,
2443 1480 2549 1517 non
2601 1468 2871 1536 cogitabat
2925 1475 3049 1541 quia
3105 1476 3300 1529 salvari
3360 1482 3588 1535 numdus
3632 1484 3736 1539 nisi

2108 1617 2143 1645 ᾖ
2174 1562 2346 1606 morte
2366 1553 2563 1609 Christi
2581 1573 2683 1610 non
2701 1570 2932 1627 poterat.
2963 1563 3245 1619 Nesciebat
3269 1564 3397 1637 quid
3416 1566 3626 1637 diceret,
3643 1575 3735 1645 qui

578 1639 833 1707 Sequitur
845 1656 863 1692 :
878 1642 1204 1711 Respondeas
1223 1656 1392 1701 autem
1412 1649 1616 1715 Petrus,
1633 1653 1763 1706 dixit
1775 1655 1845 1706 ad
1856 1655 2031 1709 Jesum
2046 1672 2065 1709 :

2132 1634 2370 1710 ioblitus
2420 1654 2503 1698 est
2552 1662 2772 1717 regnum
2815 1651 3069 1705 sanctisa
3102 1630 3486 1717 Detninognon
3541 1630 3738 1718 alicubi

500 1724 741 1807 Domine,
768 1729 955 1783 bonum
982 1744 1057 1785 est
1089 1750 1181 1788 nos
1203 1737 1286 1789 hic
1307 1754 1436 1792 esse.
1475 1738 1535 1794 Si
1564 1743 1655 1807 vis,
1707 1744 1962 1810 faciamus
1986 1747 2069 1800 llic

500 1806 602 1868 tria
634 1806 990 1887 tabernacula,
1036 1826 1129 1878 tibi
1159 1843 1341 1890 unum,
1387 1829 1558 1898 Moysi
1606 1849 1785 1898 unum,
1839 1845 1887 1888 et
1934 1834 2067 1889 Elite

504 1921 666 1959 unum
698 1921 715 1960 :
747 1909 811 1963 Et
856 1912 968 1966 lure
1009 1915 1171 1969 etiam
1210 1916 1401 1983 Lucas,
1443 1935 1563 1975 cum
1616 1922 1681 1975 de
1709 1923 1914 1977 duobus
1940 1926 2067 1979 viris

505 1990 836 2065 loqueretur.
866 2004 944 2063 sic
970 2004 1045 2056 ait
1075 2024 1087 2057 :
1122 2005 1187 2059 Et
1221 2007 1417 2073 factum
1446 2019 1547 2072 est,
1587 2025 1704 2061 cum
1747 2000 2063 2066 discederent

501 2085 566 2138 ab
594 2084 703 2149 illo,
734 2090 805 2140 ait
839 2089 1022 2144 Petrus
1044 2093 1112 2145 ad
1143 2093 1323 2148 Iesum
1355 2109 1374 2145 :
1409 2095 1731 2165 Prteceptor,
1766 2100 1956 2153 bonum
1989 2109 2061 2154 est

500 2191 593 2227 nos
615 2176 698 2228 hic
736 2194 878 2241 esse;
917 2179 1175 2247 faciamus
1211 2184 1314 2235 tria
1339 2184 1693 2248 tabernacula,
1735 2205 1894 2242 unum
1937 2192 2059 2257 tibi,

495 2281 659 2319 unum
712 2267 901 2335 Moysi,
948 2280 995 2323 et
1048 2288 1210 2325 unum
1260 2273 1435 2331 Elim:
1462 2278 1691 2330 nesciens
1715 2279 1839 2345 quid
1873 2279 2062 2333 diceret

469 2380 475 2386 -
496 2353 646 2422 (Luc.
665 2371 740 2421 rx,
758 2357 867 2427 '53).
886 2358 1148 2415 Discessio
1164 2362 1359 2431 Moysis
1371 2375 1420 2417 et
1441 2365 1565 2419 Elim
1579 2381 1606 2418 a
1620 2366 1851 2429 Christo,
1867 2383 2063 2422 secun-

499 2443 627 2496 dum
654 2446 781 2498 illud
812 2447 1155 2518 intelligenda
1184 2462 1288 2515 est,
1317 2453 1475 2525 165
1493 2457 1635 2523 quod
1664 2457 2059 2525 aitApostolus,

495 2535 622 2603 quia
645 2552 760 2590 cum
785 2541 972 2593 venerit
993 2525 1132 2610 quod
1149 2545 1432 2612 perfectura
1455 2534 1551 2607 est,
1578 2549 1907 2601 evacuabitur
1924 2550 2063 2617 quod

494 2641 561 2678 ea:
581 2637 728 2693 parte
752 2639 825 2681 est
846 2628 896 2695 (1
919 2628 1041 2685 Cor.
1066 2647 1199 2696 xm,
1224 2633 1333 2701 10).
1369 2634 1605 2688 Recedet
1641 2636 1784 2690 enim
1819 2638 2058 2692 doctrina

494 2713 631 2787 legis
680 2725 734 2771 et
782 2720 1189 2787 prophetarum,
1225 2722 1315 2776 ubi
1361 2708 1726 2777 manilestatio
1755 2712 1947 2779 divinae
1977 2727 2056 2779 vi-

492 2785 662 2858 sionis
704 2785 909 2861 sancds
957 2812 1288 2877 apparuerit.
1332 2809 1522 2866 Petrus
1552 2828 1680 2867 vero
1726 2814 1793 2868 ad
1824 2831 1909 2880 ea,
1942 2832 2061 2885 qua:

490 2897 762 2969 cernebat,
792 2900 1065 2967 respondit
1087 2900 1321 2955 :Bonum
1338 2912 1411 2957 est
1441 2920 1533 2957 nos
1559 2904 1641 2958 hic
1662 2922 1793 2970 esse,
1813 2906 2061 2977 virosque

484 2985 598 3053 jam
628 2985 966 3043 discedentes
988 2990 1240 3058 cupiebat
1270 2991 1341 3045 ibi
1378 2994 1615 3047 retinere
1637 3009 1773 3048 nova
1808 2995 2061 3049 taberna-

490 3073 736 3129 culorum
770 3080 1193 3133 constructione.
1225 3080 1359 3133 Nam
1387 3082 1509 3149 quia
1535 3097 1642 3150 quo
1665 3080 1895 3151 ainplius
1913 3084 2064 3151 quis-

492 3176 599 3230 que
625 3163 744 3223 vita:
775 3164 1013 3220 cmlestis
1054 3167 1391 3222 dulcedinem
1430 3169 1699 3237 degustat,
1738 3186 1805 3225 eo
1832 3171 2061 3242 amplius

494 3252 702 3308 fastidit
724 3257 901 3309 omnia
928 3270 1046 3324 qua:
1067 3257 1351 3327 placebant
1382 3260 1433 3313 in
1460 3260 1655 3315 intimis
1679 3279 1693 3314 :
1719 3263 1912 3321 merito
1950 3264 2063 3331 ipse

493 3359 639 3396 nunc
666 3345 773 3421 visa
807 3346 1016 3400 Domini
1043 3356 1097 3401 et
1136 3359 1443 3403 sanctorum
1478 3349 1593 3418 ejus
1641 3352 1939 3421 majestate,
1979 3369 2060 3407 re-

494 3438 655 3496 pente
683 3413 879 3485 cuncta
921 3448 1039 3501 qua:
1079 3443 1303 3489 noverat
1339 3445 1553 3491 terrena
1598 3438 1950 3500 obliviscitur,
2006 3449 2061 3493 et

494 3516 624 3571 solis
653 3520 735 3573 his
776 3536 896 3588 qua:
940 3522 1150 3577 videbat
1197 3524 1495 3579 delectatur
1541 3528 1843 3591 adhaerere;
1878 3530 2057 3597 ibique

490 3624 611 3661 cum
641 3608 766 3663 Jesu
793 3619 940 3679 optat
967 3610 1229 3675 habitare.
1256 3615 1344 3667 ubi
1375 3615 1712 3671 manifestata
1739 3618 1853 3686 ejus
1884 3618 2053 3687 gloria

488 3684 718 3765 letatur,
748 3700 932 3757 dicens
971 3716 986 3755 :
1024 3702 1266 3766 Domine,
1310 3704 1497 3758 bonum
1542 3716 1616 3759 est
1663 3722 1755 3759 nos
1806 3708 1888 3760 hic
1925 3725 2053 3762 esse.

488 3788 623 3856 Quia
652 3805 837 3844 revera
877 3792 1052 3846 solum
1081 3794 1335 3849 hominis
1386 3796 1583 3849 bonum
1624 3809 1708 3849 est
1756 3797 1954 3850 intrare
2002 3798 2057 3850 in

484 3879 738 3947 gaudium
765 3880 972 3936 Domini
1006 3882 1111 3943 sui,
1140 3891 1195 3938 et
1218 3883 1353 3947 huic
1381 3884 1791 3953 contemplanda
1819 3884 1869 3937 in
1899 3892 2058 3938 teter-

488 3984 616 4022 num
641 3971 917 4025 assistere.
952 3971 1102 4027 Unde
1133 3972 1325 4027 merito
1354 3973 1490 4026 nihil
1520 3988 1753 4039 unquam
1784 3974 1895 4026 veri
1932 3975 2057 4029 boni

489 4056 744 4112 habuisse
770 4059 1043 4127 putandus
1069 4068 1171 4123 est,
1195 4060 1302 4122 cui,
1332 4068 1482 4112 reatu
1509 4074 1609 4112 suo
1636 4060 1905 4128 exigente,
1931 4076 2058 4116 con-

491 4147 648 4217 tingit
690 4162 962 4213 tamquam
1009 4148 1092 4201 sui
1123 4146 1317 4202 faciem
1369 4148 1553 4202 videre
1582 4148 1881 4203 Creatoris.
1905 4150 2055 4217 Quod

2169 1740 2452 1798 terrarum,
2482 1738 2571 1789 sed
2594 1736 2647 1789 in
2676 1738 2827 1792 caelis
2854 1754 2972 1793 esse
3000 1745 3318 1809 promissum
3350 1762 3363 1799 :
3398 1756 3497 1802 nec
3530 1765 3725 1805 recor-

2167 1820 2323 1875 datus
2372 1835 2454 1877 est
2490 1838 2548 1878 se
2592 1840 2825 1896 suosque
2881 1832 3217 1898 coapostolos
3276 1836 3487 1889 mortali
3534 1840 3712 1894 adhuc

2166 1925 2329 1964 carne
2368 1913 2757 1984 circumseptos
2799 1917 3118 1975 immortalis
3166 1923 3288 1977 vitae
3329 1933 3527 1980 statum
3544 1921 3736 1981 subire

2166 2010 2269 2048 non
2312 2012 2490 2064 posse.

2235 2082 2735 2153 SequitttrzAdlmc
2778 2106 2837 2145 eo
2887 2092 3146 2160 loquente,
3195 2114 3311 2150 ecce
3354 2100 3514 2154 nubes
3555 2101 3731 2160 lucida

2164 2171 2481 2227 obumbravit
2503 2191 2610 2229 eos.
2638 2176 2706 2230 Et
2736 2194 2850 2232 ecce
2880 2198 2977 2235 vos:
2996 2183 3060 2236 de
3087 2184 3241 2248 nube,
3271 2187 3446 2241 dicens
3480 2202 3501 2241 ἔ
3531 2189 3630 2245 llic
3654 2200 3734 2247 est

2164 2259 2335 2315 Filius
2368 2280 2515 2331 meus
2538 2266 2777 2332 dilectus,
2836 2272 2888 2322 in
2928 2289 3028 2341 quo
3071 2275 3194 2333 mihi
3238 2275 3361 2329 bene
3394 2282 3682 2347 complacai
3704 2300 3728 2348 ,-

2164 2351 2331 2420 ipsum
2356 2355 2550 2409 audite.
2581 2355 2753 2411 Lucas
2788 2360 2947 2412 etiam
2980 2361 3088 2415 ita:
3123 2362 3249 2417 lltvc
3288 2377 3460 2421 autem
3519 2370 3610 2424 illo
3647 2370 3731 2425 lo-

2162 2453 2365 2509 quente,
2390 2443 2633 2510 facta,est
2661 2447 2839 2511 nubes,
2868 2459 2915 2502 et
2941 2451 3258 2506 obumbravit
3288 2472 3406 2518 eos;
3458 2468 3505 2511 et
3551 2460 3731 2514 timue-

2163 2539 2282 2581 runt
2327 2530 2638 2585 intrantibus
2668 2533 2773 2587 illis
2816 2536 2867 2589 in
2904 2538 3107 2591 nubent.
3158 2540 3225 2593 Et
3272 2558 3367 2595 vox
3392 2543 3532 2611 facta
3561 2548 3726 2602 estde

2163 2621 2313 2684 nube,
2344 2621 2520 2674 dicens
2553 2640 2572 2676 :
2610 2622 2711 2676 llic
2742 2635 2814 2678 est
2860 2625 2907 2678 F
2910 2627 3029 2679 ilius
3072 2645 3215 2683 meus
3264 2632 3505 2700 dilectus,
3553 2636 3726 2704 ipsum

2162 2709 2339 2761 audite
2364 2708 2513 2777 (Luc.
2549 2726 2624 2772 ιχ,
2648 2711 2759 2779 54).
2785 2712 2919 2779 Quia
2950 2707 3143 2770 Petrus
3178 2718 3519 2774 tabernacula
3546 2721 3723 2779 facere

2161 2799 2452 2865 qumrebat,
2494 2800 2710 2854 obtecta
2763 2802 2952 2857 lucida:
2991 2807 3146 2860 nubis
3181 2817 3263 2861 est
3318 2810 3623 2866 admonitus
3669 2815 3724 2868 in

2165 2887 2253 2941 illa
2285 2891 2404 2943 vita:
2442 2890 2675 2945 caelestis
2726 2892 3057 2949 habitatione
3104 2898 3298 2952 domos
3346 2914 3451 2954 non
3492 2900 3607 2956 fore
3636 2918 3728 2957 ne-

2166 2982 2449 3043 cessarias,
2492 2981 2583 3034 ubi
2632 2984 2812 3035 omnia
2870 2984 3131 3041 Dominus
3170 2998 3368 3043 :eterna
3417 3006 3529 3045 sua:
3587 2993 3723 3051 lucis

2164 3068 2575 3124 obumbratione
2603 3073 2863 3139 protegit;
2906 3076 2994 3140 qui
3024 3075 3190 3131 lucem
3219 3078 3413 3131 habitat
3443 3083 3725 3140 inae-cessio

2164 3158 2327 3237 bilem
2361 3157 2425 3227 (⁸1
2471 3158 2604 3212 Tim.
2632 3176 2681 3215 νι
2714 3203 2729 3226 ,
2766 3161 2898 3230 16).
2941 3163 3063 3218 Haec
3118 3165 3261 3218 enim
3318 3168 3475 3222 nubes
3521 3171 3719 3237 lucida,

2162 3264 2281 3317 quae
2315 3236 2455 3304 nunc
2486 3265 2649 3320 super
2675 3252 3130 3331 discipulosjfacta
3155 3266 3253 3319 est,
3305 3267 3351 3309 et
3400 3259 3724 3316 obumbravit

2161 3359 2267 3405 eos,
2293 3351 2376 3395 est
2402 3342 2489 3395 illa
2520 3342 2609 3395 lux
2637 3332 3043 3408 inaccessibilis,
3087 3346 3138 3399 in
3174 3362 3278 3415 qua
3311 3346 3450 3403 Deus
3488 3349 3719 3405 habitat.

2160 3428 2287 3495 Quae
2320 3431 2711 3486 iuacces‘sibilis
2736 3442 2819 3486 est
2849 3432 3052 3505 viribus
3076 3436 3295 3499 nostris,
3327 3437 3418 3489 sed
3447 3438 3723 3515 acceditur

2159 3519 2225 3572 ad
2278 3534 2396 3571 eam
2431 3520 2746 3573 muneribus
2783 3521 2993 3575 divinis.
3063 3521 3268 3591 Moyses
3311 3525 3722 3589 enin1,.accessit

2156 3608 2227 3658 ad
2273 3607 2543 3675 caligmem
2598 3607 2650 3659 in
2693 3624 2796 3676 qua
2846 3619 2959 3661 erat
3008 3609 3142 3663 Deus
3188 3610 3401 3679 (Exod.
3450 3628 3554 3677 xx,
3599 3611 3714 3682 2|).

2156 3692 2289 3746 Nam
2320 3694 2404 3747 illa
2430 3694 2620 3762 caligo,
2648 3704 2702 3748 et
2733 3696 2830 3749 ista
2866 3696 3057 3763 nubes,
3106 3708 3267 3766 atque
3312 3700 3398 3769 illa
3437 3700 3547 3765 lux,
3576 3700 3719 3756 idem
3794 3730 3800 3735 -

2156 3792 2297 3838 sunt.
2322 3784 2456 3850 Quia
2485 3795 2540 3838 et
2566 3786 2743 3839 omnis
2785 3786 2949 3840 etiam
2995 3802 3255 3855 corporea
3312 3789 3422 3853 lux,
3454 3806 3575 3859 qua:
3603 3806 3721 3861 pra:

2156 3872 2432 3927 nimietate
2480 3872 2741 3929 claritatis
2796 3890 2901 3929 non
2963 3884 3139 3945 potest
3186 3878 3379 3947 aspici,
3419 3888 3561 3931 recte
3614 3893 3714 3933 ca-

2156 3962 2261 4034 ligo
2290 3974 2343 4018 et
2370 3965 2754 4020 inaccessibilis
2787 3966 2891 4020 dici
2928 3976 3123 4035 potest,
3176 3968 3315 4021 sicut
3358 3977 3412 4021 et
3440 3967 3719 4023 oculorum

2156 4063 2459 4109 nostrorum
2493 4058 2856 4111 reverberatio
2908 4060 3100 4127 probat
3135 4059 3187 4111 in
3226 4068 3442 4127 aspectu
3474 4059 3623 4114 solis.
3645 4059 3723 4115 De

2157 4145 2261 4200 hac
2300 4148 2439 4199 nube
2491 4156 2545 4199 et
2587 4146 2706 4201 luce
2739 4149 2940 4201 dictum
2995 4158 3077 4203 est
3119 4149 3170 4201 in
3211 4149 3394 4202 Exodo
3445 4151 3669 4219 mystice
3698 4169 3717 4205 :

491 4237 538 4291 si
566 4237 753 4291 beatus
787 4236 978 4291 Petrus
1024 4238 1375 4307 gloriﬁcatam
1425 4238 1625 4293 Christi
1666 4238 2054 4297 humanitatem

2160 4232 2372 4302 Operuit
2401 4235 2558 4313 nubes
2583 4236 2972 4290 tabernaculum
3004 4238 3301 4301 testimonii,
3336 4248 3384 4291 et
3415 4238 3580 4307 gloria
3609 4238 3721 4294 Do-

491 4327 886 4398 contemplatus
925 4338 1072 4383 tanto
1108 4328 1335 4383 allicitur
1382 4332 1597 4401 gaudio,
1654 4340 1712 4384 ut
1753 4332 2052 4389 nullatenus

490 4415 560 4469 ab
583 4416 697 4482 ejus
740 4417 932 4470 intuitu
975 4418 1101 4471 velit
1126 4422 1333 4472 secerni
1392 4438 1404 4472 :
1456 4420 1581 4488 quid
1639 4432 1888 4487 putamus
1929 4438 2047 4478 esse

489 4506 843 4561 beatitudinis
879 4507 945 4561 iis
978 4510 1066 4577 qui
1120 4509 1423 4563 Divinitatis
1454 4508 1571 4577 ejus
1598 4511 1931 4567 altitudinem
1972 4516 2051 4570 vi-

490 4598 616 4650 dere
642 4598 971 4653 meruerint?
1012 4599 1077 4652 Et
1107 4600 1150 4653 si
1191 4616 1311 4654 cum
1344 4601 1549 4654 duobus
1597 4611 1797 4655 tantum
1825 4606 2046 4671 sanctis,

491 4688 671 4758 Moyse
721 4690 927 4743 scilicet
966 4700 1033 4765 et1
1068 4691 1216 4757 Elia,
1274 4684 1702 4761 transﬁguratam
1755 4693 1806 4747 in
1864 4706 2043 4752 monte

490 4780 723 4833 hominis
763 4780 961 4835 Christi
1013 4783 1249 4852 speciem
1296 4784 1481 4838 videre
1526 4785 1722 4838 bonum
1762 4788 2049 4842 maximum

492 4868 665 4931 duxit,
704 4870 823 4939 quis
887 4887 1065 4927 sermo
1114 4874 1385 4943 explicare
1434 4884 1489 4930 et
1530 4876 1649 4943 quis
1698 4890 1885 4932 sensus
1914 4881 2053 4934 valet

491 4960 948 5028 comprehendere
977 4972 1175 5030 quanta
1226 4964 1335 5018 sint
1371 4966 1564 5036 gaudia
1590 4964 1877 5032 justorum,
1929 4986 2051 5024 cum

491 5049 780 5101 accesserit
809 5049 879 5100 ad
910 5047 1033 5103 Sion
1061 5061 1308 5117 montem,
1343 5064 1396 5108 et
1442 5056 1510 5108 ad
1547 5056 1801 5110 civitatem
1844 5059 1941 5112 Dei
1982 5061 2055 5113 vi-

491 5140 675 5201 ventis,
694 5136 987 5192 Jerusalem
1014 5140 1283 5205 scelestem,
1310 5154 1356 5196 et
1383 5136 1664 5199 multorum
1696 5147 1912 5216 millium
1944 5152 2051 5201 An-

494 5226 723 5293 gelorum
755 5227 1096 5294 frequentiam
1129 5228 1313 5297 (Hebr.
1338 5248 1437 5295 xu,
1468 5232 1593 5300 2‘2);
1630 5235 2056 5304 ipsumquccivi-

499 5315 625 5369 tatis
663 5314 905 5382 ejusdem
959 5318 1222 5373 artiﬁcem
1272 5330 1325 5373 et
1355 5324 1684 5376 conditorem
1726 5323 1909 5389 Deum,
1952 5340 2054 5377 non

500 5418 595 5472 per
628 5407 900 5471 speculum
932 5418 985 5463 et
1023 5410 1074 5462 in
1112 5410 1394 5474 aenigmate
1424 5411 1561 5465 sicut
1602 5428 1763 5477 nunc,
1798 5416 1890 5466 sed
1923 5413 2058 5467 facie

502 5508 568 5546 ao
620 5492 810 5548 lacicm
840 5500 1253 5568 conspexerint?
1294 5499 1343 5571 (I
1387 5500 1507 5558 Cor.
1553 5518 1669 5567 xui,
1717 5501 1825 5569 12.)
1857 5502 2055 5556 Tamen

2156 4326 2282 4380 ntini
2311 4328 2533 4397 implevit
2562 4327 2712 4389 illud,
2744 4345 2834 4381 nec
2859 4340 3057 4399 poterat
3078 4328 3279 4398 Moyses
3307 4330 3505 4396 ingredi
3528 4337 3719 4382 tectum

2153 4417 2380 4485 fwderis,
2404 4418 2534 4472 nube
2559 4420 2814 4487 aperiente
2850 4421 3041 4477 omnia.
3083 4430 3129 4473 et
3181 4420 3452 4487 majestate
3496 4419 3711 4488 Domini

2152 4483 2452 4561 coruscanti:
2483 4483 2677 4577 (Exod.
2712 4525 2800 4562 ιι..
2833 4509 2924 4575 5‘2,
2952 4510 3062 4577 55).
3090 4510 3163 4562 De
3194 4483 3294 4561 hac
3318 4483 3566 4562 similiter
3584 4519 3637 4562 et
3658 4483 3716 4563 in

2156 4600 2311 4652 tertio
2365 4598 2565 4667 Regum
2614 4599 2751 4651 libro
2794 4600 3051 4667 scriptmn
3101 4609 3178 4652 est
3215 4617 3227 4650 :
3264 4598 3467 4650 Ncbulu
3494 4598 3719 4667 implevit

2152 4689 2361 4741 domum
2397 4688 2601 4740 Domini
2653 4697 2698 4738 et
2746 4703 2843 4738 non
2888 4698 3128 4755 poterant
3168 4687 3457 4739 sacerdotes
3490 4700 3629 4740 stare
3667 4697 3719 4742 et

2153 4776 2450 4828 ministrare
2484 4784 2692 4842 propter
2723 4774 2962 4825 nebulam
2995 4793 3012 4828 :
3047 4774 3342 4841 impleverat
3382 4776 3517 4827 enim
3549 4773 3719 4842 gloria

2154 4867 2366 4919 Domini
2398 4866 2606 4917 domum
2630 4863 2858 4916 Domini.
2884 4862 3024 4915 Tunc
3050 4865 3122 4914 ait
3147 4859 3392 4916 Salomon
3413 4878 3432 4915 :
3460 4848 3714 4918 Domitius

2155 4958 2287 5009 dixit
2315 4967 2368 5009 ut
2399 4956 2652 5008 habitaret
2679 4956 2731 5007 in
2761 4953 2944 5007 nebula
2967 4952 3083 5022 (111
3102 4952 3227 5022 Reg.
3252 4970 3366 5017 vm,
3390 4954 3477 5019 10,
3497 4954 3602 5023 l2).
3640 4953 3721 5009 De

2157 5046 2257 5099 hac
2282 5053 2335 5098 et
2364 5046 2696 5098 venerandus
2716 5045 2873 5097 Pater
2901 5044 3184 5112 Dionysius
3216 5044 3310 5107 ait,
3334 5044 3474 5097 sicut
3502 5053 3557 5096 et
3586 5043 3717 5098 alibi

2160 5139 2537 5193 meminimus:
2575 5136 2759 5188 Divina
2802 5135 2977 5205 caligo
3019 5143 3100 5188 est
3134 5134 3505 5189 inaccessibile
3536 5134 3719 5189 lumen

2159 5230 2211 5283 in
2235 5244 2339 5297 quo
2367 5230 2608 5282 habitare
2639 5227 2776 5279 Deus
2802 5225 3340 5290 dicitur,ctinvisibili
3368 5239 3433 5277 eo
3451 5225 3723 5280 existente

2160 5328 2378 5389 propter
2407 5316 2896 5385 superemineutem
2928 5316 3256 5376 claritatem,
3282 5324 3336 5367 et
3360 5312 3721 5368 lttacccssibili

2160 5410 2344 5463 eodem
2378 5423 2471 5478 per
2502 5406 3031 5475 suptuexcellentiam
3056 5406 3516 5474 supercssentialis
3564 5404 3721 5458 lumi-

2162 5517 2287 5555 num
2322 5498 2664 5554 manationis.
2707 5496 2760 5550 In
2790 5498 2891 5551 hoc
2927 5496 2996 5551 sit
3032 5496 3205 5550 omnis
3261 5494 3423 5550 Deum
3475 5493 3619 5549 scire
3662 5502 3720 5548 ct
