4190 6188
421 259 517 320 ωτι

420 371 603 425 videre
624 367 838 436 dignus,

423 473 546 513 vere
567 471 725 519 super
747 454 1003 507 visionem
1027 456 1081 511 et
1102 442 1458 513 cognitionem
1482 436 1653 487 lactus
1673 433 1772 483 hoc
1796 430 1967 494 ipsum

422 560 765 615 cognoscens,
786 542 916 609 ‘quia
944 545 1065 605 post
1087 531 1263 587 omnia
1291 536 1372 580 est
1402 522 1670 578 sensiliilia
1699 527 1752 572 et
1780 512 1970 567 intelli-

424 602 628 705 gibilia,
659 642 707 686 el
732 602 1020 700 prophetia:
1053 622 1257 678 videns,
1274 613 1527 669 Mirabilis
1550 612 1686 680 facta
1710 615 1781 658 est
1803 602 1969 656 scien-

426 724 498 775 tia
526 734 615 775 tua
640 735 703 772 ea:
742 734 819 770 me
845 730 861 765 :
889 712 1179 778 confortulu
1208 715 1302 765 est,
1324 713 1370 754 ct
1418 718 1518 753 non
1558 709 1731 765 potero
1754 691 1820 743 ad
1861 704 1974 741 eam

428 805 601 877 (Psal.
628 776 1083 865 cxxxvni,6).llis
1113 794 1251 846 beati
1276 787 1511 856 Dionysii
1544 795 1647 837 lam
1666 776 1976 850 ponderosis

427 896 604 950 verbis
634 901 889 946 consonat
919 899 971 940 ct
997 884 1161 939 David
1188 884 1373 934 dicens
1403 879 1467 930 de
1503 873 1729 927 Domino
1753 886 1775 920 ις
1795 866 1975 933 Caligo

434 983 525 1034 sub
546 981 756 1049 pedibus
778 979 963 1045 ejus,et
979 972 1205 1026 ascendit
1228 982 1380 1035 super
1396 961 1672 1019 cherubim,
1691 967 1734 1010 et
1761 953 1977 1006 volavit:

430 1069 612 1125 volavit
636 1084 790 1134 super
808 1040 998 1134 pennas
1023 1071 1305 1116 uentorum.
1332 1050 1398 1106 Et
1426 1052 1596 1120 posuit
1635 1046 1869 1101 tenebras
1897 1040 1980 1093 la-

432 1160 649 1213 tibulum
672 1173 820 1213 suum
843 1154 1012 1224 (Psal.
1038 1168 1167 1210 xvii.
1193 1150 1281 1212 l0,
1307 1148 1391 1210 ll,
1419 1143 1525 1209 l2).
1547 1140 1726 1207 Caligo
1755 1146 1984 1201 namque

432 1259 517 1304 est
542 1250 591 1303 ei
641 1248 738 1301 sub
791 1222 1025 1315 pedibus,
1077 1243 1202 1309 quia
1236 1254 1339 1293 non
1382 1251 1445 1290 ea
1477 1232 1718 1287 claritate
1744 1228 1810 1280 ab
1846 1222 1986 1278 infe-

398 1339 667 1393 .rioribus
704 1337 963 1399 cernitur,
1016 1350 1120 1401 qua
1165 1332 1216 1383 in
1255 1324 1619 1395 superioribus
1663 1317 1986 1373 dominatur.

433 1426 675 1478 Ascendit
717 1424 858 1478 enim
900 1435 1054 1489 super
1092 1416 1351 1471 cherubim
1390 1422 1436 1465 et
1461 1409 1687 1465 volavit:
1711 1402 1985 1459 Clierubim

436 1498 635 1580 quippe
688 1509 961 1579 plenitudo
1014 1505 1252 1560 scientiae
1301 1500 1531 1561 dicitur;
1565 1494 1788 1564 proinde
1832 1504 1992 1558 super

435 1600 820 1670 plenitudinem
853 1596 1089 1651 scientire
1121 1590 1433 1646 ascendisse
1463 1584 1774 1657 perhibetur
1801 1588 1855 1633 et
1885 1593 1987 1640 vos-

440 1688 600 1753 lasse,
652 1689 794 1757 quia,
826 1684 1122 1751 majestatis
1172 1680 1287 1749 ejus
1343 1674 1713 1731 celsitudinem
1770 1661 2066 1723 scientiaB

440 1780 584 1835 nulla
615 1754 1035 1847 comprehendit.
1088 1771 1290 1826 Volaeit
1340 1754 1670 1836 crgo,'quia
1727 1754 1882 1828 longe
1939 1757 1993 1810 in

442 1869 605 1924 altum
633 1871 699 1922 ab
751 1867 1022 1921 intellectu
1063 1873 1244 1916 nostro
1292 1874 1350 1912 se
1376 1856 1575 1924 rapuit.
1617 1851 1817 1906 Votavit
1843 1861 1997 1915 super

442 1975 635 2031 pennas
659 1965 941 2019 ventorum,
972 1954 1094 2021 quia
1124 1949 1401 2005 scientiam
1446 1941 1774 1999 transcendit
1799 1940 1998 1991 anima-

444 2026 585 2100 rum.
621 2044 687 2096 Et
710 2043 877 2113 posuit
925 2038 1166 2095 tenebras"
1187 2034 1460 2089 latibulum
1502 2047 1677 2093 animi,
1714 2029 1836 2096 quia
1873 2026 1997 2079 dum

447 2137 673 2202 caligine
724 2142 920 2187 nostra:
944 2128 1271 2184 inﬁrmitatis
1313 2126 1685 2185 obseuramur,
1713 2132 1808 2187 per
1846 2117 1998 2184 igne-

448 2225 676 2280 rantiain
701 2231 936 2275 nostram
963 2218 1111 2271 nobis
1133 2213 1494 2273 absconditur,
1525 2224 1592 2262 ne
1616 2222 1646 2259 a
1672 2206 1823 2259 nobis
1845 2202 2000 2256 modo

450 2313 505 2366 in
535 2323 734 2365 :eterna
762 2318 816 2362 et
857 2307 1041 2362 intima
1086 2304 1333 2357 claritate
1365 2300 1614 2352 videatur
1638 2333 1652 2347 .
1698 2292 1880 2345 Posuit
1921 2300 1996 2342 te-

453 2403 637 2455 nebras
680 2399 952 2451 latibulum
994 2409 1166 2454 suum,
1198 2390 1319 2459 quia
1348 2388 1399 2441 in
1431 2386 1545 2453 ejus
1584 2381 1887 2455 cognitione
1911 2392 2003 2430 ca-

458 2490 590 2558 ligat
619 2490 763 2542 acies
800 2485 994 2539 mentis
1014 2483 1276 2535 universa:
1302 2474 1578 2530 rationalis
1600 2480 1880 2531 creaturae,
1913 2480 2007 2533 pa-

455 2551 680 2647 rumque
703 2575 841 2628 videt
864 2587 980 2627 esse
1003 2566 1259 2640 quidquid
1281 2565 1347 2618 de
1366 2579 1430 2618 eo
1452 2560 1592 2614 valet
1618 2568 1927 2627 agnoscere,
1944 2551 2009 2605 ad

458 2665 916 2736 ceinparationem
942 2673 1127 2733 eorum
1166 2670 1285 2727 quae
1322 2655 1388 2707 tle
1430 2653 1542 2720 ipso
1580 2664 1638 2703 se
1663 2644 1826 2700 sentit
1858 2643 2010 2711 igno-

458 2731 601 2812 rare;
650 2752 825 2805 Nubes
865 2759 911 2802 et
956 2749 1122 2815 caligo
1164 2748 1217 2797 in
1265 2744 1484 2796 circuitu
1529 2736 1832 2806 ejus:quia
1884 2731 2015 2782 latet

460 2847 515 2901 in
559 2844 786 2913 quadam
841 2835 1167 2890 obscuritate
1198 2824 1852 2896 incomprclicnsibilitatis
1879 2833 2017 2893 suae,

460 2947 559 2987 nec
610 2926 825 2997 agnosci
870 2930 1043 2993 potest
1088 2935 1116 2972 a
1159 2926 1426 2977 creatura,
1475 2912 1577 2966 nisi
1605 2919 1858 2977 quantum
1905 2903 2015 2957 vult

463 3021 722 3077 revelare.
764 3016 820 3068 lu
885 3016 1023 3067 hanc
1070 3011 1249 3076 itaque
1310 3004 1493 3057 uubc'm
1564 3002 1827 3054 intrantes
1892 3010 2015 3063 apo-

465 3108 584 3165 stoli
649 3109 952 3166 timuerunt,
980 3100 1105 3169 quia
1147 3096 1450 3169 quicunque
1510 3092 1576 3144 ad
1635 3090 1725 3142 Dei
1772 3094 2013 3141 eontem-

465 3182 752 3268 plationcm
810 3190 887 3243 sic
944 3166 1248 3256 proﬁciunt,
1318 3166 1378 3233 ut
1427 3193 1549 3232 eum
1615 3177 1673 3243 in,
1716 3170 2016 3240 hujusmodi

380 3286 399 3291 ’
470 3287 615 3342 nube
652 3281 995 3340 obscuritatis
1057 3289 1375 3331 arcanorum
1426 3270 1539 3335 ejus
1588 3266 1826 3327 videant,
1898 3276 2020 3314 cum

471 3382 838 3445 magnomietu
888 3366 1199 3424 reverentia:
1256 3363 1308 3415 id
1356 3358 1579 3412 faciunt.
1628 3353 1777 3407 Unde
1838 3358 1894 3404 et
1940 3364 2025 3403 se-

472 3467 715 3537 rapliim,
762 3461 851 3530 qui
895 3474 1016 3512 eum
1062 3453 1216 3523 primi
1258 3453 1616 3518 cognoscunt,
1688 3441 1874 3494 faciem
1913 3437 2026 3503 ejus

476 3528 729 3625 et-pedes
756 3528 952 3612 velant,
982 3556 1036 3600 et
1072 3542 1258 3597 mediis
1295 3541 1391 3592 alis
1419 3537 1597 3590 volant
1625 3537 1729 3585 :'ut
1769 3528 2028 3595 intellga-

476 3659 597 3700 mus
620 3641 742 3709 quia
769 3646 823 3691 et
848 3648 953 3690 tam
981 3631 1225 3689 sublimis
1256 3631 1387 3683 ordo
1415 3622 1843 3679 beatissimorum
1874 3616 2030 3685 spiri-

478 3744 629 3789 tuum
653 3730 865 3785 timidus
890 3736 971 3780 est
1005 3727 1147 3778 circa
1176 3720 1397 3774 celsiora
1435 3724 1487 3769 et
1513 3709 1855 3781 prol'undiora
1889 3707 2028 3760 divi-

481 3838 670 3880 narum
702 3821 983 3878 visionum,
1014 3826 1068 3867 et
1090 3810 1427 3864 mediocriter
1453 3806 1518 3858 ad
1542 3803 1758 3856 deiticas
1784 3798 2033 3851 screntias

482 3913 762 3968 attollitur.
793 3910 864 3961 De
906 3906 1157 3975 praedicta
1204 3916 1329 3952 vero
1361 3898 1491 3949 nube
1520 3895 1666 3947 venit
1693 3908 1791 3945 vox
1840 3888 2033 3951 Patris,

485 4006 668 4060 dicens
697 4002 761 4054 de
785 3998 999 4052 Christo
1027 4011 1042 4047 :
1084 3991 1181 4043 llic
1207 4000 1278 4041 cst
1314 3986 1483 4038 Filius
1509 4000 1670 4043 meus,
1695 3982 1817 4048 quia
1844 3980 1907 4031 di:
1939 3979 2037 4031 im-

485 4105 669 4147 mensa
741 4071 1065 4142 obscuritate
1137 4079 1326 4131 divina:
1394 4067 2039 4141 incomprehensihilitatis

488 4178 731 4253 procedit
759 4176 824 4229 ad
852 4190 948 4227 nos
977 4172 1083 4225 alta
1116 4169 1302 4222 notitia
1334 4160 1692 4234 generationis
1729 4155 2039 4225 sempiterni

488 4249 608 4327 iilii
632 4269 745 4331 Dei,
772 4267 1002 4333 inquam
1032 4275 1129 4314 nec
1164 4258 1373 4328 genitor
1406 4262 1488 4307 est
1519 4251 1697 4321 genito
1734 4249 1898 4323 pri“,
1941 4259 2039 4297 nec

503 4360 710 4431 genitus
740 4356 977 4425 genitore
997 4348 1303 4420 posterior:
1327 4344 1448 4414 quia
1494 4347 1702 4395 constat
1748 4346 1802 4391 et
1832 4336 2043 4387 Patrem

496 4449 818 4518 sempiterno
831 4444 1097 4514 genuisse,
1111 4450 1160 4493 et
1174 4437 1363 4490 Filium
1380 4431 1702 4501 sempiterne
1716 4437 1894 4480 natum
1910 4438 2045 4478 esse.

506 4540 613 4596 Sed
628 4540 777 4607 cujus
791 4536 1041 4605 fulgorem
1057 4531 1250 4586 mentis
1264 4528 1403 4581 acies
1419 4525 1652 4578 nondum
1667 4520 1826 4587 Capit,
1839 4533 2051 4585 genera-

501 4632 685 4687 tionem
701 4629 812 4697 ejus
826 4627 939 4697 quis
962 4622 1217 4677 enarrabit
1235 4620 1257 4673 ?
1278 4619 1412 4689 (Isa.
1441 4631 1553 4677 Llll,
1573 4613 1651 4683 8.)
1676 4611 1809 4677 Quia
1830 4624 1952 4661 vero
1969 4621 2051 4659 re-

504 4723 874 4793 splendentem
898 4716 1015 4769 Filii
1041 4711 1269 4768 hominis
1292 4709 1478 4762 faciem
1498 4702 1716 4773 apostoli
1732 4713 1951 4754 cernere
1962 4696 2052 4749 de-

505 4814 831 4875 aiderahaut,
849 4807 1016 4861 adluit
1038 4806 1193 4858 Pater
1208 4804 1257 4854 in
1281 4815 1428 4861 voce,
1449 4799 1645 4851 docens
1668 4791 1909 4845 eumdem
1936 4801 2056 4840 csse

507 4903 703 4961 Filium
731 4917 885 4955 suum
912 4898 1189 4955 dilectum;
1223 4900 1280 4943 ut
1306 4891 1571 4945 discerent
1615 4884 1683 4937 ab
1713 4877 2058 4936 humanitatis

506 4996 624 5065 ejus
651 4992 840 5061 gloria.
892 5003 1052 5058 quam
1095 4984 1366 5046 videbant,
1415 4980 1481 5032 ad
1532 4972 1831 5031 divinitatis
1869 4969 2055 5038 ipsius,

512 5100 630 5155 qua:
654 5082 874 5151 aequalis
900 5089 950 5134 et
972 5070 1437 5133 consubstantialis
1464 5077 1545 5122 est
1572 5066 1666 5131 illi,
1699 5059 2058 5129 contemplan-

517 5175 636 5229 dam
688 5172 958 5241 suspirare
1023 5160 1379 5236 praesentiam.
1435 5159 1587 5223 Quod
1640 5165 1817 5208 autem
1873 5152 1948 5203 ait
1996 5148 2061 5202 de

516 5262 667 5322 Filio,
693 5262 745 5312 in
771 5276 869 5323 quo
898 5258 1017 5309 mihi
1048 5256 1168 5306 bene
1195 5248 1504 5316 complacui,
1532 5245 1630 5296 hoc
1658 5250 1739 5294 cst
1760 5241 1898 5308 quod
1924 5238 2059 5289 idem

520 5351 683 5406 Filius
723 5350 843 5402 alibi
891 5356 1143 5399 testatur:
1179 5341 1278 5404 Qui
1334 5354 1411 5389 me
1452 5334 1587 5388 misit
1614 5348 1813 5383 mecum
1870 5338 1964 5391 est,
2019 5337 2065 5378 et

524 5457 622 5495 nou
654 5436 890 5505 relinquit
925 5450 1001 5484 me
1043 5431 1228 5489 solum,
1272 5430 1392 5496 quia
1438 5441 1528 5494 ego
1564 5438 1679 5491 qua:
1715 5419 1909 5488 placita
1944 5423 2063 5468 sunt

524 5534 573 5590 ci
598 5534 731 5603 {ario
752 5541 947 5594 scmpcr
975 5523 1153 5595 (Joau.
1186 5536 1303 5585 vm,
1326 5518 1435 5585 29).
1476 5511 1605 5567 Nam
1644 5511 1854 5579 quando
1880 5509 1941 5561 tlc
1975 5507 2070 5561 ho-

1481 229 1783 293 llOMlLl/E
1824 226 1907 281 ΕΤ
1946 215 2536 276 EXllORTATlONES.

883 375 1000 416 eum
1058 374 1159 411 non
1197 332 1433 408 videndo.
1454 360 1627 413 neque
1677 351 1959 408 cognosco,
1993 339 2039 397 Α
2068 327 2298 384 min'hns
2324 326 2456 380 dixit
2498 342 2511 377 :

3503 196 3611 254 σω

2555 321 2775 375 Punite!
2807 334 2884 371 me
2908 315 3087 385 fecisse
3114 310 3263 375 (Ceu.
3293 323 3368 372 vr,
3401 310 3457 377 Ἰ)
3499 324 3611 372 eos,

2068 417 2219 486 quasi
2259 410 2570 480 sibimetipsi
2619 407 2886 475 displicuit
2935 405 2986 457 in
3051 399 3439 470 peccatoribus,
3481 410 3615 462 quos

2071 510 2374 561 creaverat.
2405 502 2457 555 ln
2488 500 2601 553 sola
2624 506 2798 549 autem
2825 493 3109 561 Unigcnito
3136 490 3233 543 sibi
3258 485 3615 555 complacuit:

2076 593 2230 664 165
2256 593 2377 661 quia
2424 591 2564 643 hunc
2618 588 2758 639 inter
2799 584 3040 635 homines
3093 580 3363 633 hominem
3406 586 3620 628 creasse
3684 558 3687 559 ⁷

2073 694 2329 767 eumpon
2374 674 2621 745 paenituit
2671 671 2815 725 omni
2859 670 3033 729 modo,
3092 669 3144 719 in
3191 681 3296 734 quo
3341 671 3623 732 peccatum

2075 749 2275 823 nullu'm
2330 765 2549 826 invenit,
2597 770 2819 829 propter
2868 756 3009 823 tpiod
3063 769 3121 806 se
3180 749 3622 819 reprehenderet,

2077 855 2225 924 quasi
2274 866 2370 921 per
2410 848 2809 921 prenitentiam;
2871 843 2963 896 sed
3018 840 3394 909 plenitudinem
3465 836 3627 888 totius

2079 923 2405 1005 sanctitatis,
2464 954 2582 1007 qua:
2620 936 2722 989 sibi
2774 932 2931 986 valde
2987 927 3328 995 complacuit.
3378 926 3443 976 Et
3487 923 3629 991 quod

2080 1032 2340 1103 adjnnvit,
2370 1031 2536 1097 ipsum
2577 1026 2775 1088 audite,
2831 1019 3103 1075 admonuit
3131 1032 3251 1071 eum
3284 1029 3402 1068 csse
3432 1014 3496 1066 dc
3526 1028 3633 1080 quo

2081 1123 2422 1193 supradictus
2454 1118 2661 1187 Moyses
2694 1111 2966 1182 populum,
2996 1110 3078 1163 cui
3112 1108 3280 1177 legem
3309 1105 3471 1164 dedit,
3497 1115 3635 1169 prm-

2084 1214 2354 1275 monebat,
2401 1209 2525 1278 quia
2574 1204 2877 1275 prophetam
2916 1200 3052 1254 vobis
3089 1195 3355 1251 suscitabit
3390 1176 3670 1245 Dominus.

2090 1303 2223 1357 Deus
2248 1312 2405 1355 vester
2425 1300 2488 1351 de
2522 1295 2774 1365 fratribus
2827 1292 3009 1346 vestris
3052 1299 3309 1358 tanquam.
3331 1301 3431 1347 me,
3470 1283 3639 1350 ipsum

2088 1390 2308 1443 audietis
2335 1388 2489 1456 juxta
2526 1384 2699 1439 omnia
2731 1394 3048 1449 quazcunque
3086 1375 3288 1428 locutus
3328 1373 3482 1441 fuerit
3507 1370 3644 1423 vobis

2092 1479 2268 1549 (Deut.
2295 1493 2447 1539 xviii,
2480 1476 2588 1545 15).
2630 1472 2813 1541 Neque
2840 1471 2981 1525 cnim
3022 1469 3241 1537 Moysen
3269 1473 3322 1518 et
3369 1463 3562 1524 Eliam,
3593 1460 3647 1514 id

2094 1579 2176 1624 est
2203 1568 2369 1638 legem
2410 1575 2461 1620 et
2494 1565 2807 1635 prophetas,
2842 1560 3013 1614 audiri
3060 1566 3236 1620 velat;
3267 1555 3358 1633 sed
3398 1550 3647 1607 omnibus

2095 1658 2179 1711 his
2204 1629 2530 1710 auditionem
2574 1629 2722 1713 liilii,
2756 1650 2847 1717 qui
2893 1648 3062 1714 legem
3097 1629 3477 1712 ct-proplietas
3504 1639 3649 1693 venit

2094 1746 2401 1814 adimplere,
2424 1739 2810 1811 prazlerendam
2834 1737 3090 1799 insi-mat,
3118 1734 3428 1799 cunctisque
3451 1730 3651 1782 veteris

2097 1834 2435 1890 instrumenti
2464 1833 2602 1902 typis
2622 1842 2675 1885 et
2703 1828 3079 1897 muigmatibus
3123 1824 3297 1877 lucem
3326 1820 3651 1889 evangelica:

2098 1923 2340 1977 veritatis
2368 1918 2796 1990 anteponendam
2830 1916 3059 1968 intimat.

2169 2012 2421 2081 Sequitur
2456 2010 2599 2065 solus
2644 2008 2922 2061 Mattlueus
2948 2044 2963 2070 ,
3020 2004 3240 2056 dicens:
3278 2000 3341 2052 Et
3388 1998 3655 2051 audientes

2099 2101 2336 2169 discipuli
2390 2100 2679 2153 ceciderunt
2742 2098 2795 2149 in
2838 2095 3024 2163 [aciem
3084 2107 3230 2144 suam
3279 2098 3325 2141 et
3379 2089 3656 2141 timuerunt

2102 2190 2269 2261 valde.
2308 2188 2548 2241 llumana
2603 2185 2859 2254 fragilitas
2907 2189 3249 2248 conspectum
3292 2176 3509 2245 majoris
3546 2177 3661 2243 gloc

2101 2277 2194 2331 ri:e
2248 2260 2387 2329 ferre
2435 2290 2538 2327 non
2585 2260 2840 2334 sustinet,
2896 2276 3114 2335 totoque
3170 2266 3349 2318 animo
3404 2278 3466 2315 ac
3536 2276 3659 2315 cor-

2102 2382 2231 2437 pore
2280 2367 2694 2421 contrernisccns
2741 2364 2807 2416 ad
2852 2371 3049 2415 terram
3098 2359 3314 2413 decidit.
3360 2357 3664 2422 Omnesque
3736 2412 3743 2421 ,

2106 2454 2306 2518 sancti,
2337 2469 2457 2506 cum
2481 2454 2533 2505 in
2568 2451 2660 2536 Dei
2691 2451 2893 2504 visione
2922 2449 3207 2518 proﬁciunt
3230 2488 3245 2512 ,
3267 2456 3468 2515 quanto
3493 2445 3665 2514 nmgis

2108 2542 2413 2597 Divinitatis
2436 2532 2655 2594 interna
2677 2538 3011 2611 conspiciunt
3036 2578 3052 2601 ,
3091 2545 3236 2589 tanto
3260 2535 3429 2603 magis
3455 2549 3512 2587 se
3535 2532 3665 2587 nihil

2111 2645 2229 2685 esse
2260 2637 2602 2699 cognoscent.
2651 2627 2844 2680 Audita
2884 2640 3012 2695 ergo
3062 2623 3155 2677 Dei
3206 2638 3374 2687 voce,
3402 2623 3589 2678 Petrus
3618 2631 3675 2677 et

2115 2720 2243 2775 socii
2279 2719 2392 2779 ejus
2414 2721 2464 2769 in
2497 2717 2683 2785 faciem
2708 2730 2855 2768 suam
2886 2712 3210 2773 reciderunt,
3254 2711 3377 2778 quia
3427 2710 3671 2778 quunvis

2115 2809 2273 2861 homo
2302 2806 2368 2858 ad
2400 2803 2736 2873 intelligenda
2766 2800 3011 2854 sublimia
3044 2799 3281 2859 levetur,
3329 2813 3393 2851 ex
3432 2808 3677 2851 contem-

2115 2894 2348 2964 platione
2374 2902 2551 2945 tamen
2583 2890 2877 2957 majestatis
2908 2889 3003 2942 Dei
3033 2888 3393 2941 inlirmitatem
3424 2902 3533 2939 suae
3552 2901 3680 2944 con-

2043 2982 2086 3041 C
2118 2982 2333 3037 ditionis
2361 2979 2623 3048 intelligit.
2677 2978 2912 3047 thuasi
2949 2985 3146 3029 statum
3194 2990 3296 3029 non
3350 2974 3547 3037 habet,
3586 2972 3677 3040 qui

2118 3088 2176 3127 se
2206 3065 2329 3125 ante
2359 3071 2449 3124 Dei
2478 3070 2662 3123 oculos
2687 3083 2806 3122 esse
2837 3067 3106 3136 pulverem
3152 3056 3471 3121 et'cincrem
3510 3064 3675 3116 videt.

2117 3163 2416 3215 Audierant
2444 3161 2586 3213 enim
2619 3173 2801 3211 vocem
2829 3156 3001 3209 Patris
3024 3195 3039 3221 ,
3085 3155 3210 3222 quia
3237 3171 3300 3207 ex
3328 3153 3441 3219 ejus
3472 3152 3678 3205 revela-

2124 3249 2266 3301 tione
2297 3254 2660 3314 cognoverunt
2681 3242 2872 3296 Filium
2894 3242 2939 3294 ei
2956 3240 3172 3311 prof-sus
3196 3240 3471 3308 :cqualem.
3498 3240 3677 3291 omnia

2126 3346 2391 3392 tenentem
2416 3376 2432 3401 ,
2464 3334 2642 3387 omnia
2668 3333 2971 3401 implentem
2993 3370 3005 3393 ,
3033 3331 3210 3384 omnia
3235 3328 3682 3396 circumplectcn-

2130 3438 2264 3491 tem,
2293 3426 2474 3480 omnia
2494 3425 3032 3492 superexcedentem,
3086 3420 3267 3474 omnia
3304 3420 3688 3482 sustinentem,

2128 3518 2323 3585 ubique
2353 3525 2517 3570 totum
2536 3555 2554 3580 ,
2582 3512 3101 3579 incircmnscriptum
3128 3533 3146 3575 -,
3175 3520 3228 3562 et
3281 3510 3689 3586 incomprehcn;

2130 3609 2338 3662 siliilem
2367 3625 2379 3658 :
2411 3616 2456 3658 et
2487 3605 2775 3658 ceciderunt
2804 3603 2856 3654 in
2883 3600 3067 3668 [aciem
3095 3639 3109 3661 ,
3139 3601 3260 3666 quia
3294 3608 3441 3652 tanto
3466 3598 3601 3665 apud
3632 3612 3693 3650 se

2132 3699 2183 3751 in
2214 3699 2323 3750 suis
2370 3695 2780 3764 cogitationibus
2822 3692 3153 3751 consternati
3192 3699 3314 3744 sunt
3339 3732 3352 3755 ,
3383 3699 3584 3757 qua;.to
3614 3690 3693 3744 cis

2134 3789 2259 3842 illud
2282 3789 2448 3841 altum
2470 3795 2586 3840 erat
2611 3785 2750 3853 quod
2775 3782 3082 3836 audiebant.
3131 3782 3209 3835 Ac
3235 3790 3478 3833 naturam
3514 3790 3567 3833 et
3596 3794 3692 3835 ex-

2136 3878 2432 3933 cellentiam
2464 3874 2731 3950 Uuigeniti
2772 3871 2863 3925 Dei
2912 3872 3209 3939 cogitantes
3252 3878 3606 3938 cxpaverunt,
3637 3876 3693 3922 et

2136 3968 2261 4021 vilia
2289 3967 2353 4021 de
2382 3981 2439 4019 se
2467 3970 2749 4019 senserunt
2777 3961 2828 4014 in
2860 3975 2923 4014 eo
2954 3961 3093 4029 quod
3133 3958 3654 4027 eimiprcliemlebant
3676 3997 3695 4018 ,

2140 4060 2266 4111 dum
2305 4056 2552 4124 supernis
2582 4053 2915 4106 intenderent
2940 4089 2955 4113 ,
2981 4064 3098 4118 qua:
3125 4048 3192 4101 ab
3211 4049 3289 4101 cis
3320 4045 3697 4115 comprrhcadi

2142 4162 2242 4200 non
2275 4154 2540 4215 poterant.
2573 4143 2705 4194 llinc
2731 4149 2782 4193 et
2808 4138 3147 4225 Ειροῑιίοιᾷάε
3173 4135 3417 4204 pennatis
3454 4133 3697 4188 animali;

2142 4239 2239 4290 bus
2261 4236 2369 4288 ait:
2422 4231 2550 4287 Cum
2591 4234 2731 4300 [ieret
2780 4245 2876 4282 vox
2908 4222 3503 4295 super’ﬁomarucntum,
3554 4222 3694 4292 quod

2072 4310 2119 4367 θ
2146 4336 2253 4379 erat
2279 4340 2430 4391 super
2450 4332 2601 4390 Caput
2642 4337 2717 4372 eoi
2731 4335 2816 4371 um
2840 4356 2853 4380 ,
2887 4316 3109 4377 stabant,
3137 4324 3182 4367 et
3206 4310 3563 4365 subiiiittebant
3582 4311 3693 4361 ala:

2150 4431 2271 4467 sua:
2301 4412 2514 4482 (Ezcch,
2548 4427 2597 4473 ι,
2631 4406 2743 4475 25).
2777 4406 3038 4458 Animalia
3071 4415 3298 4469 namque
3321 4411 3533 4453 sanctos
3562 4398 3733 4451 dcsi-i'

2153 4512 2334 4575 gnaut.
2370 4502 2431 4555 Et
2457 4497 2774 4554 ﬁrmamenti
2806 4496 3018 4563 nomine
3044 4491 3361 4560 exprimitur
3396 4489 3701 4541 incarnatus

2155 4592 2501 4663 Unigenitus,
2543 4602 2639 4656 per
2689 4586 2790 4637 hoc
2833 4583 2975 4652 quod
3021 4582 3072 4634 in
3114 4596 3179 4633 eo
3206 4589 3393 4630 natura
3426 4586 3604 4628 nostra
3633 4573 3701 4627 ad

2156 4683 2510 4738 aeternitatem
2546 4680 2753 4730 lirmata
2781 4682 2879 4727 est.
2934 4671 3017 4724 Fit
3060 4684 3186 4738 ergo
3220 4682 3314 4720 eoa:
3345 4680 3496 4733 super
3517 4666 3702 4729 ﬁrma-

2133 4783 2414 4837 ,meutum,
2443 4752 2561 4822 cuiu
2604 4768 2761 4819 Pater
2806 4765 2871 4815 de
2917 4760 3127 4813 Christo
3180 4756 3343 4810 dicit:
3378 4752 3477 4805 llic
3504 4760 3575 4804 est
3610 4748 3704 4802 Fi-

2155 4866 2255 4919 lius
2309 4879 2450 4915 meus
2514 4858 2767 4922 dilectus,
2816 4856 2867 4907 in
2912 4868 3009 4923 quo
3062 4850 3184 4902 milii
3220 4849 3343 4900 bene
3395 4841 3702 4912 complacui.

2122 4940 2125 4947 λ
2158 4956 2224 5009 Et
2252 4964 2389 5015 tunc,
2415 4948 2661 5001 animalia
2704 4953 2871 5007 stant,
2931 4940 3147 5007 alasque
3192 4935 3548 4991 submittunt:
3580 4931 3705 5000 quia

2159 5048 2327 5104 sancti
2375 5047 2574 5099 intenta
2627 5050 2801 5095 mente
2847 5036 3089 5104 supernis
3145 5031 3459 5093 intendunt,
3504 5038 3557 5081 et
3606 5027 3711 5079 vir-

2172 5152 2308 5194 tutes
2371 5152 2494 5191 suas
2557 5132 2851 5187 humiliant.
2907 5126 3063 5180 Stant
3108 5124 3288 5185 enim,
3322 5119 3707 5189 quandocum,

2170 5233 2256 5303 qui
2302 5243 2454 5296 super
2489 5234 2672 5292 caput,
2713 5222 2763 5273 id
2794 5227 2875 5272 est
2925 5233 3082 5285 super
3114 5226 3338 5279 mentes,
3374 5225 3544 5264 eorum
3594 5215 3707 5269 est,

2169 5326 2367 5377 intenta
2428 5314 2868 5383 contemplatione
2921 5309 3299 5367 considerant;
3364 5311 3413 5355 et
3458 5302 3568 5350 alas
3620 5298 3712 5348 tic-

2170 5416 2409 5475 ntiltunt,
2447 5407 2568 5475 quia
2624 5422 2729 5459 sua:
2784 5404 3005 5455 virtutes
3048 5400 3137 5451 eis
3161 5398 3430 5450 vilescunt,
3464 5392 3582 5441 dum
3606 5385 3711 5437 alta

2173 5515 2411 5571 Superum
2444 5490 3094 5562 iucompiclicnsihilitatis
3116 5484 3393 5553 aspiciunt.
3443 5477 3545 5531 Sed
3578 5484 3631 5527 et
3661 5474 3715 5526 in
