  <div class='ocr_page' id='page_1' title='image "/cluster/home/n/w/nwhite01/storage/ocr_20150623/158/uva.x000829800/309.png"; bbox 0 0 4190 6218; ppageno 0'>
   <div class='ocr_carea' id='block_1_1' title="bbox 516 305 611 360">
    <p class='ocr_par' dir='ltr' id='par_1_1' title="bbox 516 305 611 360">
     <span class='ocr_line' id='line_1_1' title="bbox 516 305 611 360; baseline 0.074 -6"><span class='ocrx_word' id='word_1_1' title='bbox 516 305 611 360; x_wconf 80' lang='lat' dir='ltr'><strong>Ml</strong></span> 
     </span>
    </p>
   </div>
   <div class='ocr_carea' id='block_1_2' title="bbox 880 272 2075 388">
    <p class='ocr_par' dir='ltr' id='par_1_2' title="bbox 880 272 2075 369">
     <span class='ocr_line' id='line_1_2' title="bbox 880 272 2075 369; baseline 0.007 -8"><span class='ocrx_word' id='word_1_2' title='bbox 880 306 937 362; x_wconf 87' lang='lat' dir='ltr'><strong>s.</strong></span> <span class='ocrx_word' id='word_1_3' title='bbox 976 272 1271 363; x_wconf 71' lang='lat' dir='ltr'><strong>ANSL‘Liti</strong></span> <span class='ocrx_word' id='word_1_4' title='bbox 1309 310 1657 366; x_wconf 66' lang='lat' dir='ltr'><strong>caurum.</strong></span> <span class='ocrx_word' id='word_1_5' title='bbox 1692 312 2007 368; x_wconf 79' lang='lat' dir='ltr'><strong>AitCiliEi&#39;.</strong></span> <span class='ocrx_word' id='word_1_6' title='bbox 2038 312 2075 369; x_wconf 86' lang='lat'>0</span> 
     </span>
    </p>
   </div>
   <div class='ocr_carea' id='block_1_3' title="bbox 2114 272 3352 388">
    <p class='ocr_par' dir='ltr' id='par_1_3' title="bbox 2114 313 3352 388">
     <span class='ocr_line' id='line_1_3' title="bbox 2114 313 3352 388; baseline 0.018 -22"><span class='ocrx_word' id='word_1_7' title='bbox 2114 315 2185 368; x_wconf 73' lang='lat' dir='ltr'><strong>&#39;P.</strong></span> <span class='ocrx_word' id='word_1_8' title='bbox 2230 316 2400 370; x_wconf 65' lang='lat' dir='ltr'><strong>PARS</strong></span> <span class='ocrx_word' id='word_1_9' title='bbox 2435 319 2497 373; x_wconf 89' lang='lat' dir='ltr'><strong>li.</strong></span> <span class='ocrx_word' id='word_1_10' title='bbox 2530 313 2591 360; x_wconf 59' lang='grc' dir='ltr'><strong>-ἐ</strong></span> <span class='ocrx_word' id='word_1_11' title='bbox 2608 321 2969 381; x_wconf 73' lang='grc' dir='ltr'><strong>ΡΛΠᾹΞΝΕΤ.</strong></span> <span class='ocrx_word' id='word_1_12' title='bbox 2998 327 3085 383; x_wconf 82' lang='lat' dir='ltr'><strong>ET</strong></span> <span class='ocrx_word' id='word_1_13' title='bbox 3114 331 3352 388; x_wconf 78' lang='lat' dir='ltr'><strong>ASCET.</strong></span> 
     </span>
    </p>
   </div>
   <div class='ocr_carea' id='block_1_4' title="bbox 3627 342 3728 396">
    <p class='ocr_par' dir='ltr' id='par_1_4' title="bbox 3627 342 3728 396">
     <span class='ocr_line' id='line_1_4' title="bbox 3627 342 3728 396; baseline 0 0"><span class='ocrx_word' id='word_1_14' title='bbox 3627 342 3728 396; x_wconf 82' lang='lat'><strong>6|‘2</strong></span> 
     </span>
    </p>
   </div>
   <div class='ocr_carea' id='block_1_5' title="bbox 513 417 3726 518">
    <p class='ocr_par' dir='ltr' id='par_1_5' title="bbox 513 417 3726 518">
     <span class='ocr_line' id='line_1_5' title="bbox 513 417 3726 518; baseline 0.012 -50"><span class='ocrx_word' id='word_1_15' title='bbox 513 433 579 472; x_wconf 90' lang='lat' dir='ltr'><strong>eo</strong></span> <span class='ocrx_word' id='word_1_16' title='bbox 630 418 767 487; x_wconf 67' lang='lat' dir='ltr'><strong>quod</strong></span> <span class='ocrx_word' id='word_1_17' title='bbox 795 418 986 472; x_wconf 86' lang='lat' dir='ltr'><strong>dicitur</strong></span> <span class='ocrx_word' id='word_1_18' title='bbox 1012 435 1025 470; x_wconf 83' lang='lat'><strong>:</strong></span> <span class='ocrx_word' id='word_1_19' title='bbox 1053 417 1155 470; x_wconf 87' lang='lat' dir='ltr'><strong>llic</strong></span> <span class='ocrx_word' id='word_1_20' title='bbox 1180 429 1253 472; x_wconf 85' lang='lat' dir='ltr'><strong>est</strong></span> <span class='ocrx_word' id='word_1_21' title='bbox 1286 418 1461 473; x_wconf 72' lang='lat' dir='ltr'><strong>Filius</strong></span> <span class='ocrx_word' id='word_1_22' title='bbox 1484 464 1497 489; x_wconf 82' lang='lat'><strong>,</strong></span> <span class='ocrx_word' id='word_1_23' title='bbox 1524 423 1599 485; x_wconf 32' lang='lat' dir='ltr'><strong>lin</strong></span> <span class='ocrx_word' id='word_1_24' title='bbox 1637 439 1735 491; x_wconf 83' lang='lat' dir='ltr'><strong>quo</strong></span> <span class='ocrx_word' id='word_1_25' title='bbox 1783 424 1908 475; x_wconf 74' lang='lat' dir='ltr'><strong>ini/ti</strong></span> <span class='ocrx_word' id='word_1_26' title='bbox 1948 424 2069 478; x_wconf 86' lang='lat' dir='ltr'><strong>bene</strong></span> <span class='ocrx_word' id='word_1_27' title='bbox 2098 429 2141 485; x_wconf 85' lang='lat' dir='ltr'><strong>A</strong></span> <span class='ocrx_word' id='word_1_28' title='bbox 2170 426 2340 494; x_wconf 82' lang='lat' dir='ltr'><strong>lisque</strong></span> <span class='ocrx_word' id='word_1_29' title='bbox 2370 425 2567 496; x_wconf 89' lang='lat' dir='ltr'><strong>Spiritu</strong></span> <span class='ocrx_word' id='word_1_30' title='bbox 2599 442 2787 487; x_wconf 73' lang='lat' dir='ltr'><strong>sancto</strong></span> <span class='ocrx_word' id='word_1_31' title='bbox 2816 437 3100 504; x_wconf 62' lang='lat' dir='ltr'><strong>apostolis,</strong></span> <span class='ocrx_word' id='word_1_32' title='bbox 3138 443 3424 508; x_wconf 70' lang='lat' dir='ltr'><strong>prmdicata</strong></span> <span class='ocrx_word' id='word_1_33' title='bbox 3453 455 3561 512; x_wconf 81' lang='lat' dir='ltr'><strong>est;</strong></span> <span class='ocrx_word' id='word_1_34' title='bbox 3597 467 3726 518; x_wconf 89' lang='lat' dir='ltr'><strong>qua-</strong></span> 
     </span>
    </p>
   </div>
   <div class='ocr_carea' id='block_1_6' title="bbox 513 505 2067 579">
    <p class='ocr_par' dir='ltr' id='par_1_6' title="bbox 513 505 2067 579">
     <span class='ocr_line' id='line_1_6' title="bbox 513 505 2067 579; baseline 0.007 -21"><span class='ocrx_word' id='word_1_35' title='bbox 513 506 799 574; x_wconf 79' lang='lat' dir='ltr'><strong>complacui</strong></span> <span class='ocrx_word' id='word_1_36' title='bbox 823 546 838 570; x_wconf 91' lang='lat'><strong>,</strong></span> <span class='ocrx_word' id='word_1_37' title='bbox 866 505 977 559; x_wconf 83' lang='lat' dir='ltr'><strong>ulns</strong></span> <span class='ocrx_word' id='word_1_38' title='bbox 1008 507 1346 573; x_wconf 88' lang='lat' dir='ltr'><strong>submittunt,</strong></span> <span class='ocrx_word' id='word_1_39' title='bbox 1387 512 1509 578; x_wconf 85' lang='lat' dir='ltr'><strong>quia</strong></span> <span class='ocrx_word' id='word_1_40' title='bbox 1551 512 1601 565; x_wconf 90' lang='lat' dir='ltr'><strong>in</strong></span> <span class='ocrx_word' id='word_1_41' title='bbox 1629 510 1740 579; x_wconf 88' lang='lat' dir='ltr'><strong>ejus</strong></span> <span class='ocrx_word' id='word_1_42' title='bbox 1764 513 2067 569; x_wconf 72' lang='lat' dir='ltr'><strong>innocentia</strong></span> 
     </span>
    </p>
   </div>
   <div class='ocr_carea' id='block_1_7' title="bbox 511 592 2067 667">
    <p class='ocr_par' dir='ltr' id='par_1_7' title="bbox 511 592 2067 667">
     <span class='ocr_line' id='line_1_7' title="bbox 511 592 2067 667; baseline 0.007 -23"><span class='ocrx_word' id='word_1_43' title='bbox 511 601 566 645; x_wconf 88' lang='lat' dir='ltr'><strong>ct</strong></span> <span class='ocrx_word' id='word_1_44' title='bbox 594 592 879 646; x_wconf 88' lang='lat' dir='ltr'><strong>sanctitate</strong></span> <span class='ocrx_word' id='word_1_45' title='bbox 910 593 1088 648; x_wconf 85' lang='lat' dir='ltr'><strong>vident</strong></span> <span class='ocrx_word' id='word_1_46' title='bbox 1137 594 1189 649; x_wconf 91' lang='lat' dir='ltr'><strong>in</strong></span> <span class='ocrx_word' id='word_1_47' title='bbox 1222 598 1435 663; x_wconf 88' lang='lat' dir='ltr'><strong>quantis</strong></span> <span class='ocrx_word' id='word_1_48' title='bbox 1485 598 1581 666; x_wconf 89' lang='lat' dir='ltr'><strong>ipsi</strong></span> <span class='ocrx_word' id='word_1_49' title='bbox 1629 600 1867 667; x_wconf 89' lang='lat' dir='ltr'><strong>quotidie</strong></span> <span class='ocrx_word' id='word_1_50' title='bbox 1894 602 2067 655; x_wconf 86' lang='lat' dir='ltr'><strong>delin-</strong></span> 
     </span>
    </p>
   </div>
   <div class='ocr_carea' id='block_1_8' title="bbox 510 684 2067 763">
    <p class='ocr_par' dir='ltr' id='par_1_8' title="bbox 510 684 2067 763">
     <span class='ocr_line' id='line_1_8' title="bbox 510 684 2067 763; baseline 0.011 -34"><span class='ocrx_word' id='word_1_51' title='bbox 510 688 716 747; x_wconf 81' lang='lat' dir='ltr'><strong>quant,</strong></span> <span class='ocrx_word' id='word_1_52' title='bbox 747 687 800 733; x_wconf 90' lang='lat' dir='ltr'><strong>et</strong></span> <span class='ocrx_word' id='word_1_53' title='bbox 827 695 984 748; x_wconf 88' lang='lat' dir='ltr'><strong>quam</strong></span> <span class='ocrx_word' id='word_1_54' title='bbox 1025 684 1223 751; x_wconf 88' lang='lat' dir='ltr'><strong>parum</strong></span> <span class='ocrx_word' id='word_1_55' title='bbox 1274 686 1338 739; x_wconf 87' lang='lat' dir='ltr'><strong>de</strong></span> <span class='ocrx_word' id='word_1_56' title='bbox 1389 684 1715 753; x_wconf 74' lang='lat' dir='ltr'><strong>perfectione</strong></span> <span class='ocrx_word' id='word_1_57' title='bbox 1762 690 2067 763; x_wconf 70' lang='lat' dir='ltr'><strong>sanctitatis</strong></span> 
     </span>
    </p>
   </div>
   <div class='ocr_carea' id='block_1_9' title="bbox 483 762 2066 847">
    <p class='ocr_par' dir='ltr' id='par_1_9' title="bbox 483 762 2066 847">
     <span class='ocr_line' id='line_1_9' title="bbox 483 762 2066 847; baseline 0.009 -28"><span class='ocrx_word' id='word_1_58' title='bbox 483 762 777 831; x_wconf 46' lang='lat' dir='ltr'><strong>thaheant;</strong></span> <span class='ocrx_word' id='word_1_59' title='bbox 809 777 862 822; x_wconf 89' lang='lat' dir='ltr'><strong>et</strong></span> <span class='ocrx_word' id='word_1_60' title='bbox 892 784 1104 826; x_wconf 87' lang='lat' dir='ltr'><strong>omnem</strong></span> <span class='ocrx_word' id='word_1_61' title='bbox 1137 772 1203 827; x_wconf 88' lang='lat' dir='ltr'><strong>de</strong></span> <span class='ocrx_word' id='word_1_62' title='bbox 1224 771 1333 828; x_wconf 86' lang='lat' dir='ltr'><strong>suis</strong></span> <span class='ocrx_word' id='word_1_63' title='bbox 1360 774 1562 837; x_wconf 83' lang='lat' dir='ltr'><strong>viribus</strong></span> <span class='ocrx_word' id='word_1_64' title='bbox 1595 768 2066 847; x_wconf 65' lang='lat' dir='ltr'><strong>praesumptionem</strong></span> 
     </span>
    </p>
   </div>
   <div class='ocr_carea' id='block_1_10' title="bbox 507 856 798 923">
    <p class='ocr_par' dir='ltr' id='par_1_10' title="bbox 507 856 798 923">
     <span class='ocr_line' id='line_1_10' title="bbox 507 856 798 923; baseline 0.003 -14"><span class='ocrx_word' id='word_1_65' title='bbox 507 856 798 923; x_wconf 84' lang='lat' dir='ltr'><strong>deponunt.</strong></span> 
     </span>
    </p>
   </div>
   <div class='ocr_carea' id='block_1_11' title="bbox 579 948 2087 1020">
    <p class='ocr_par' dir='ltr' id='par_1_11' title="bbox 579 948 2087 1020">
     <span class='ocr_line' id='line_1_11' title="bbox 579 948 2087 1020; baseline 0.008 -19"><span class='ocrx_word' id='word_1_66' title='bbox 579 948 839 1017; x_wconf 82' lang='lat' dir='ltr'><strong>Sequitur</strong></span> <span class='ocrx_word' id='word_1_67' title='bbox 886 949 1056 1005; x_wconf 89' lang='lat' dir='ltr'><strong>adiutc</strong></span> <span class='ocrx_word' id='word_1_68' title='bbox 1102 949 1412 1018; x_wconf 58' lang='lat' dir='ltr'><strong>Mattheus,</strong></span> <span class='ocrx_word' id='word_1_69' title='bbox 1450 954 1671 1011; x_wconf 89' lang='lat' dir='ltr'><strong>dicens:</strong></span> <span class='ocrx_word' id='word_1_70' title='bbox 1725 956 1791 1011; x_wconf 83' lang='lat' dir='ltr'><strong>Et</strong></span> <span class='ocrx_word' id='word_1_71' title='bbox 1848 960 2087 1020; x_wconf 84' lang='lat' dir='ltr'><strong>accessit,</strong></span> 
     </span>
    </p>
   </div>
   <div class='ocr_carea' id='block_1_12' title="bbox 505 1034 2062 1112">
    <p class='ocr_par' dir='ltr' id='par_1_12' title="bbox 505 1034 2062 1112">
     <span class='ocr_line' id='line_1_12' title="bbox 505 1034 2062 1112; baseline 0.007 -24"><span class='ocrx_word' id='word_1_72' title='bbox 505 1034 660 1089; x_wconf 82' lang='lat' dir='ltr'><strong>Jesus</strong></span> <span class='ocrx_word' id='word_1_73' title='bbox 690 1047 736 1089; x_wconf 82' lang='lat' dir='ltr'><strong>et</strong></span> <span class='ocrx_word' id='word_1_74' title='bbox 760 1037 920 1105; x_wconf 87' lang='lat' dir='ltr'><strong>tetigit</strong></span> <span class='ocrx_word' id='word_1_75' title='bbox 947 1051 1033 1089; x_wconf 87' lang='lat' dir='ltr'><strong>eos</strong></span> <span class='ocrx_word' id='word_1_76' title='bbox 1060 1077 1076 1104; x_wconf 92' lang='lat'><strong>,</strong></span> <span class='ocrx_word' id='word_1_77' title='bbox 1112 1036 1343 1108; x_wconf 72' lang='lat' dir='ltr'><strong>dixitque</strong></span> <span class='ocrx_word' id='word_1_78' title='bbox 1371 1040 1483 1095; x_wconf 86' lang='lat' dir='ltr'><strong>eis:</strong></span> <span class='ocrx_word' id='word_1_79' title='bbox 1517 1041 1721 1112; x_wconf 85' lang='lat' dir='ltr'><strong>Surgite</strong></span> <span class='ocrx_word' id='word_1_80' title='bbox 1744 1084 1760 1111; x_wconf 89' lang='lat'><strong>,</strong></span> <span class='ocrx_word' id='word_1_81' title='bbox 1811 1055 1858 1097; x_wconf 87' lang='lat' dir='ltr'><strong>et</strong></span> <span class='ocrx_word' id='word_1_82' title='bbox 1909 1046 2062 1099; x_wconf 82' lang='lat' dir='ltr'><strong>nolite</strong></span> 
     </span>
    </p>
   </div>
   <div class='ocr_carea' id='block_1_13' title="bbox 484 1123 2060 1197">
    <p class='ocr_par' dir='ltr' id='par_1_13' title="bbox 484 1123 2060 1197">
     <span class='ocr_line' id='line_1_13' title="bbox 484 1123 2060 1197; baseline 0.01 -24"><span class='ocrx_word' id='word_1_83' title='bbox 484 1124 700 1197; x_wconf 42' lang='lat' dir='ltr'><strong>.timere.</strong></span> <span class='ocrx_word' id='word_1_84' title='bbox 750 1123 828 1175; x_wconf 85' lang='lat' dir='ltr'><strong>Ad</strong></span> <span class='ocrx_word' id='word_1_85' title='bbox 858 1123 1145 1193; x_wconf 83' lang='lat' dir='ltr'><strong>discipulos</strong></span> <span class='ocrx_word' id='word_1_86' title='bbox 1174 1125 1227 1179; x_wconf 90' lang='lat' dir='ltr'><strong>in</strong></span> <span class='ocrx_word' id='word_1_87' title='bbox 1267 1127 1593 1185; x_wconf 78' lang='lat' dir='ltr'><strong>inﬁrmitatis</strong></span> <span class='ocrx_word' id='word_1_88' title='bbox 1614 1146 1723 1186; x_wconf 82' lang='lat' dir='ltr'><strong>suae</strong></span> <span class='ocrx_word' id='word_1_89' title='bbox 1749 1132 2060 1188; x_wconf 87' lang='lat' dir='ltr'><strong>confusione</strong></span> 
     </span>
    </p>
   </div>
   <div class='ocr_carea' id='block_1_14' title="bbox 498 1209 2060 1290">
    <p class='ocr_par' dir='ltr' id='par_1_14' title="bbox 498 1209 2060 1290">
     <span class='ocr_line' id='line_1_14' title="bbox 498 1209 2060 1290; baseline 0.008 -27"><span class='ocrx_word' id='word_1_90' title='bbox 498 1209 737 1277; x_wconf 76' lang='lat' dir='ltr'><strong>iacentes</strong></span> <span class='ocrx_word' id='word_1_91' title='bbox 763 1213 973 1266; x_wconf 70' lang='lat' dir='ltr'><strong>accessit</strong></span> <span class='ocrx_word' id='word_1_92' title='bbox 998 1229 1092 1283; x_wconf 91' lang='lat' dir='ltr'><strong>per</strong></span> <span class='ocrx_word' id='word_1_93' title='bbox 1118 1217 1347 1286; x_wconf 76' lang='lat' dir='ltr'><strong>gratiam</strong></span> <span class='ocrx_word' id='word_1_94' title='bbox 1368 1258 1382 1282; x_wconf 90' lang='lat'><strong>,</strong></span> <span class='ocrx_word' id='word_1_95' title='bbox 1413 1229 1459 1272; x_wconf 87' lang='lat' dir='ltr'><strong>et</strong></span> <span class='ocrx_word' id='word_1_96' title='bbox 1482 1222 1643 1290; x_wconf 76' lang='lat' dir='ltr'><strong>tetigit</strong></span> <span class='ocrx_word' id='word_1_97' title='bbox 1674 1238 1757 1275; x_wconf 85' lang='lat' dir='ltr'><strong>eos</strong></span> <span class='ocrx_word' id='word_1_98' title='bbox 1781 1236 1875 1289; x_wconf 88' lang='lat' dir='ltr'><strong>per</strong></span> <span class='ocrx_word' id='word_1_99' title='bbox 1894 1223 2060 1277; x_wconf 89' lang='lat' dir='ltr'><strong>virtu-</strong></span> 
     </span>
    </p>
   </div>
   <div class='ocr_carea' id='block_1_15' title="bbox 505 1300 2059 1379">
    <p class='ocr_par' dir='ltr' id='par_1_15' title="bbox 505 1300 2059 1379">
     <span class='ocr_line' id='line_1_15' title="bbox 505 1300 2059 1379; baseline 0.009 -27"><span class='ocrx_word' id='word_1_100' title='bbox 505 1312 644 1363; x_wconf 87' lang='lat' dir='ltr'><strong>tem,</strong></span> <span class='ocrx_word' id='word_1_101' title='bbox 671 1300 940 1371; x_wconf 80' lang='lat' dir='ltr'><strong>jussitque</strong></span> <span class='ocrx_word' id='word_1_102' title='bbox 966 1312 1018 1358; x_wconf 90' lang='lat' dir='ltr'><strong>ut</strong></span> <span class='ocrx_word' id='word_1_103' title='bbox 1043 1304 1107 1358; x_wconf 91' lang='lat' dir='ltr'><strong>ad</strong></span> <span class='ocrx_word' id='word_1_104' title='bbox 1134 1321 1296 1375; x_wconf 87' lang='lat' dir='ltr'><strong>opera</strong></span> <span class='ocrx_word' id='word_1_105' title='bbox 1312 1307 1469 1361; x_wconf 80' lang='lat' dir='ltr'><strong>fortia</strong></span> <span class='ocrx_word' id='word_1_106' title='bbox 1491 1319 1799 1379; x_wconf 81' lang='lat' dir='ltr'><strong>surgerent;</strong></span> <span class='ocrx_word' id='word_1_107' title='bbox 1830 1311 2059 1367; x_wconf 89' lang='lat' dir='ltr'><strong>ct‘timo-</strong></span> 
     </span>
    </p>
   </div>
   <div class='ocr_carea' id='block_1_16' title="bbox 500 1390 2055 1464">
    <p class='ocr_par' dir='ltr' id='par_1_16' title="bbox 500 1390 2055 1464">
     <span class='ocr_line' id='line_1_16' title="bbox 500 1390 2055 1464; baseline 0.008 -23"><span class='ocrx_word' id='word_1_108' title='bbox 500 1404 613 1443; x_wconf 84' lang='lat' dir='ltr'><strong>rem</strong></span> <span class='ocrx_word' id='word_1_109' title='bbox 647 1405 804 1459; x_wconf 88' lang='lat' dir='ltr'><strong>quem</strong></span> <span class='ocrx_word' id='word_1_110' title='bbox 834 1390 1073 1445; x_wconf 71' lang='lat' dir='ltr'><strong>Charitas</strong></span> <span class='ocrx_word' id='word_1_111' title='bbox 1120 1392 1302 1463; x_wconf 86' lang='lat' dir='ltr'><strong>ejicit,</strong></span> <span class='ocrx_word' id='word_1_112' title='bbox 1356 1395 1664 1463; x_wconf 87' lang='lat' dir='ltr'><strong>abjicerent.</strong></span> <span class='ocrx_word' id='word_1_113' title='bbox 1700 1396 1963 1464; x_wconf 81' lang='lat' dir='ltr'><strong>Accessit,</strong></span> <span class='ocrx_word' id='word_1_114' title='bbox 2007 1410 2055 1454; x_wconf 92' lang='lat' dir='ltr'><strong>et</strong></span> 
     </span>
    </p>
   </div>
   <div class='ocr_carea' id='block_1_17' title="bbox 498 1477 2052 1552">
    <p class='ocr_par' dir='ltr' id='par_1_17' title="bbox 498 1477 2052 1552">
     <span class='ocr_line' id='line_1_17' title="bbox 498 1477 2052 1552; baseline 0.01 -23"><span class='ocrx_word' id='word_1_115' title='bbox 498 1477 663 1544; x_wconf 79' lang='lat' dir='ltr'><strong>tetigit</strong></span> <span class='ocrx_word' id='word_1_116' title='bbox 692 1517 705 1538; x_wconf 87' lang='lat'><strong>,</strong></span> <span class='ocrx_word' id='word_1_117' title='bbox 735 1478 856 1545; x_wconf 85' lang='lat' dir='ltr'><strong>quia</strong></span> <span class='ocrx_word' id='word_1_118' title='bbox 886 1479 1201 1535; x_wconf 79' lang='lat' dir='ltr'><strong>illuminavit</strong></span> <span class='ocrx_word' id='word_1_119' title='bbox 1227 1491 1281 1535; x_wconf 90' lang='lat' dir='ltr'><strong>et</strong></span> <span class='ocrx_word' id='word_1_120' title='bbox 1303 1483 1523 1552; x_wconf 80' lang='lat' dir='ltr'><strong>adjuvit.</strong></span> <span class='ocrx_word' id='word_1_121' title='bbox 1554 1485 1795 1551; x_wconf 79' lang='lat' dir='ltr'><strong>Accedit,</strong></span> <span class='ocrx_word' id='word_1_122' title='bbox 1834 1489 1927 1543; x_wconf 87' lang='lat' dir='ltr'><strong>sed</strong></span> <span class='ocrx_word' id='word_1_123' title='bbox 1950 1506 2052 1545; x_wconf 92' lang='lat' dir='ltr'><strong>non</strong></span> 
     </span>
    </p>
   </div>
   <div class='ocr_carea' id='block_1_18' title="bbox 502 1565 2051 1645">
    <p class='ocr_par' dir='ltr' id='par_1_18' title="bbox 502 1565 2051 1645">
     <span class='ocr_line' id='line_1_18' title="bbox 502 1565 2051 1645; baseline 0.012 -31"><span class='ocrx_word' id='word_1_124' title='bbox 502 1565 700 1631; x_wconf 79' lang='lat' dir='ltr'><strong>tangit;</strong></span> <span class='ocrx_word' id='word_1_125' title='bbox 726 1566 1147 1635; x_wconf 82' lang='lat' dir='ltr'><strong>quandoquidem</strong></span> <span class='ocrx_word' id='word_1_126' title='bbox 1173 1584 1269 1637; x_wconf 84' lang='lat' dir='ltr'><strong>per</strong></span> <span class='ocrx_word' id='word_1_127' title='bbox 1282 1567 1397 1637; x_wconf 85' lang='lat' dir='ltr'><strong>ejus</strong></span> <span class='ocrx_word' id='word_1_128' title='bbox 1412 1572 1640 1641; x_wconf 74' lang='lat' dir='ltr'><strong>gratiam</strong></span> <span class='ocrx_word' id='word_1_129' title='bbox 1666 1574 2051 1645; x_wconf 88' lang='lat' dir='ltr'><strong>illuminamur,</strong></span> 
     </span>
    </p>
   </div>
   <div class='ocr_carea' id='block_1_19' title="bbox 500 1649 2049 1731">
    <p class='ocr_par' dir='ltr' id='par_1_19' title="bbox 500 1649 2049 1731">
     <span class='ocr_line' id='line_1_19' title="bbox 500 1649 2049 1731; baseline 0.012 -29"><span class='ocrx_word' id='word_1_130' title='bbox 500 1649 592 1703; x_wconf 89' lang='lat' dir='ltr'><strong>sed</strong></span> <span class='ocrx_word' id='word_1_131' title='bbox 618 1653 954 1721; x_wconf 74' lang='lat' dir='ltr'><strong>exigentibus</strong></span> <span class='ocrx_word' id='word_1_132' title='bbox 978 1655 1179 1711; x_wconf 80' lang='lat' dir='ltr'><strong>nostris</strong></span> <span class='ocrx_word' id='word_1_133' title='bbox 1200 1658 1405 1713; x_wconf 86' lang='lat' dir='ltr'><strong>meritis</strong></span> <span class='ocrx_word' id='word_1_134' title='bbox 1433 1674 1536 1715; x_wconf 92' lang='lat' dir='ltr'><strong>non</strong></span> <span class='ocrx_word' id='word_1_135' title='bbox 1561 1661 1897 1731; x_wconf 86' lang='lat' dir='ltr'><strong>adjuvamur.</strong></span> <span class='ocrx_word' id='word_1_136' title='bbox 1928 1665 2049 1719; x_wconf 85' lang='lat' dir='ltr'><strong>Ple-</strong></span> 
     </span>
    </p>
   </div>
   <div class='ocr_carea' id='block_1_20' title="bbox 2171 521 3720 600">
    <p class='ocr_par' dir='ltr' id='par_1_20' title="bbox 2171 521 3720 600">
     <span class='ocr_line' id='line_1_20' title="bbox 2171 521 3720 600; baseline 0.015 -32"><span class='ocrx_word' id='word_1_137' title='bbox 2171 524 2320 569; x_wconf 90' lang='lat' dir='ltr'><strong>tenus</strong></span> <span class='ocrx_word' id='word_1_138' title='bbox 2341 531 2524 571; x_wconf 86' lang='lat' dir='ltr'><strong>omnes</strong></span> <span class='ocrx_word' id='word_1_139' title='bbox 2547 521 2634 587; x_wconf 88' lang='lat' dir='ltr'><strong>qui</strong></span> <span class='ocrx_word' id='word_1_140' title='bbox 2666 525 3016 579; x_wconf 80' lang='lat' dir='ltr'><strong>sacramentis</strong></span> <span class='ocrx_word' id='word_1_141' title='bbox 3036 524 3150 597; x_wconf 80' lang='lat' dir='ltr'><strong>ejus</strong></span> <span class='ocrx_word' id='word_1_142' title='bbox 3175 527 3373 585; x_wconf 78' lang='lat' dir='ltr'><strong>initiari</strong></span> <span class='ocrx_word' id='word_1_143' title='bbox 3402 533 3720 600; x_wconf 85' lang='lat' dir='ltr'><strong>voluissent,</strong></span> 
     </span>
    </p>
   </div>
   <div class='ocr_carea' id='block_1_21' title="bbox 2167 605 3724 687">
    <p class='ocr_par' dir='ltr' id='par_1_21' title="bbox 2167 605 3724 687">
     <span class='ocr_line' id='line_1_21' title="bbox 2167 605 3724 687; baseline 0.015 -29"><span class='ocrx_word' id='word_1_144' title='bbox 2167 618 2275 659; x_wconf 90' lang='lat' dir='ltr'><strong>non</strong></span> <span class='ocrx_word' id='word_1_145' title='bbox 2332 605 2502 659; x_wconf 91' lang='lat' dir='ltr'><strong>solum</strong></span> <span class='ocrx_word' id='word_1_146' title='bbox 2560 607 2807 664; x_wconf 80' lang='lat' dir='ltr'><strong>cﬂ‘cctum</strong></span> <span class='ocrx_word' id='word_1_147' title='bbox 2870 616 3275 671; x_wconf 85' lang='lat' dir='ltr'><strong>resurrectionis</strong></span> <span class='ocrx_word' id='word_1_148' title='bbox 3326 632 3577 687; x_wconf 86' lang='lat' dir='ltr'><strong>creuere,</strong></span> <span class='ocrx_word' id='word_1_149' title='bbox 3631 630 3724 682; x_wconf 88' lang='lat' dir='ltr'><strong>sed</strong></span> 
     </span>
    </p>
   </div>
   <div class='ocr_carea' id='block_1_22' title="bbox 2166 696 3723 783">
    <p class='ocr_par' dir='ltr' id='par_1_22' title="bbox 2166 696 3723 783">
     <span class='ocr_line' id='line_1_22' title="bbox 2166 696 3723 783; baseline 0.013 -35"><span class='ocrx_word' id='word_1_150' title='bbox 2166 696 2326 750; x_wconf 89' lang='lat' dir='ltr'><strong>etiam</strong></span> <span class='ocrx_word' id='word_1_151' title='bbox 2383 697 2595 751; x_wconf 88' lang='lat' dir='ltr'><strong>modum</strong></span> <span class='ocrx_word' id='word_1_152' title='bbox 2646 705 3055 758; x_wconf 86' lang='lat' dir='ltr'><strong>resurrectionis</strong></span> <span class='ocrx_word' id='word_1_153' title='bbox 3114 706 3350 777; x_wconf 87' lang='lat' dir='ltr'><strong>ejusdem</strong></span> <span class='ocrx_word' id='word_1_154' title='bbox 3399 711 3467 763; x_wconf 88' lang='lat' dir='ltr'><strong>ab</strong></span> <span class='ocrx_word' id='word_1_155' title='bbox 3504 714 3588 767; x_wconf 90' lang='lat' dir='ltr'><strong>his</strong></span> <span class='ocrx_word' id='word_1_156' title='bbox 3632 717 3723 783; x_wconf 91' lang='lat' dir='ltr'><strong>qui</strong></span> 
     </span>
    </p>
   </div>
   <div class='ocr_carea' id='block_1_23' title="bbox 2164 783 3719 855">
    <p class='ocr_par' dir='ltr' id='par_1_23' title="bbox 2164 783 3719 855">
     <span class='ocr_line' id='line_1_23' title="bbox 2164 783 3719 855; baseline 0.014 -22"><span class='ocrx_word' id='word_1_157' title='bbox 2164 783 2437 847; x_wconf 81' lang='lat' dir='ltr'><strong>viderant,</strong></span> <span class='ocrx_word' id='word_1_158' title='bbox 2471 786 2767 851; x_wconf 84' lang='lat' dir='ltr'><strong>potuissent</strong></span> <span class='ocrx_word' id='word_1_159' title='bbox 2789 791 3055 855; x_wconf 77' lang='lat' dir='ltr'><strong>ediscere;</strong></span> <span class='ocrx_word' id='word_1_160' title='bbox 3095 809 3191 848; x_wconf 91' lang='lat' dir='ltr'><strong>nec</strong></span> <span class='ocrx_word' id='word_1_161' title='bbox 3236 810 3337 849; x_wconf 91' lang='lat' dir='ltr'><strong>non</strong></span> <span class='ocrx_word' id='word_1_162' title='bbox 3366 800 3719 855; x_wconf 74' lang='lat' dir='ltr'><strong>:eternitatem</strong></span> 
     </span>
    </p>
   </div>
   <div class='ocr_carea' id='block_1_24' title="bbox 2170 873 3721 951">
    <p class='ocr_par' dir='ltr' id='par_1_24' title="bbox 2170 873 3721 951">
     <span class='ocr_line' id='line_1_24' title="bbox 2170 873 3721 951; baseline 0.012 -25"><span class='ocrx_word' id='word_1_163' title='bbox 2170 873 2353 945; x_wconf 72' lang='lat' dir='ltr'><strong>divina:</strong></span> <span class='ocrx_word' id='word_1_164' title='bbox 2377 874 2669 930; x_wconf 82' lang='lat' dir='ltr'><strong>nativitatis</strong></span> <span class='ocrx_word' id='word_1_165' title='bbox 2689 919 2703 942; x_wconf 91' lang='lat'><strong>,</strong></span> <span class='ocrx_word' id='word_1_166' title='bbox 2734 894 2894 945; x_wconf 89' lang='lat' dir='ltr'><strong>quam</strong></span> <span class='ocrx_word' id='word_1_167' title='bbox 2919 896 2945 933; x_wconf 91' lang='lat' dir='ltr'><strong>a</strong></span> <span class='ocrx_word' id='word_1_168' title='bbox 2972 880 3133 936; x_wconf 84' lang='lat' dir='ltr'><strong>Patre</strong></span> <span class='ocrx_word' id='word_1_169' title='bbox 3161 885 3468 951; x_wconf 80' lang='lat' dir='ltr'><strong>audierant,</strong></span> <span class='ocrx_word' id='word_1_170' title='bbox 3512 893 3721 946; x_wconf 74' lang='lat' dir='ltr'><strong>cunctis</strong></span> 
     </span>
    </p>
   </div>
   <div class='ocr_carea' id='block_1_25' title="bbox 2162 963 3717 1045">
    <p class='ocr_par' dir='ltr' id='par_1_25' title="bbox 2162 963 3717 1045">
     <span class='ocr_line' id='line_1_25' title="bbox 2162 963 3717 1045; baseline 0.012 -29"><span class='ocrx_word' id='word_1_171' title='bbox 2162 963 2367 1030; x_wconf 87' lang='lat' dir='ltr'><strong>pariter</strong></span> <span class='ocrx_word' id='word_1_172' title='bbox 2407 965 2724 1019; x_wconf 79' lang='lat' dir='ltr'><strong>credendam</strong></span> <span class='ocrx_word' id='word_1_173' title='bbox 2771 977 2823 1021; x_wconf 89' lang='lat' dir='ltr'><strong>et</strong></span> <span class='ocrx_word' id='word_1_174' title='bbox 2866 972 3144 1039; x_wconf 74' lang='lat' dir='ltr'><strong>ornandam</strong></span> <span class='ocrx_word' id='word_1_175' title='bbox 3201 975 3299 1043; x_wconf 84' lang='lat' dir='ltr'><strong>ipsi</strong></span> <span class='ocrx_word' id='word_1_176' title='bbox 3348 979 3717 1045; x_wconf 71' lang='lat' dir='ltr'><strong>prccdicarcnt.</strong></span> 
     </span>
    </p>
   </div>
   <div class='ocr_carea' id='block_1_26' title="bbox 2163 1052 3717 1130">
    <p class='ocr_par' dir='ltr' id='par_1_26' title="bbox 2163 1052 3717 1130">
     <span class='ocr_line' id='line_1_26' title="bbox 2163 1052 3717 1130; baseline 0.012 -25"><span class='ocrx_word' id='word_1_177' title='bbox 2163 1052 2257 1107; x_wconf 86' lang='lat' dir='ltr'><strong>llis</strong></span> <span class='ocrx_word' id='word_1_178' title='bbox 2289 1070 2416 1109; x_wconf 85' lang='lat' dir='ltr'><strong>vero</strong></span> <span class='ocrx_word' id='word_1_179' title='bbox 2442 1057 2505 1110; x_wconf 89' lang='lat' dir='ltr'><strong>de</strong></span> <span class='ocrx_word' id='word_1_180' title='bbox 2557 1055 2784 1111; x_wconf 86' lang='lat' dir='ltr'><strong>lectione</strong></span> <span class='ocrx_word' id='word_1_181' title='bbox 2811 1059 3123 1130; x_wconf 84' lang='lat' dir='ltr'><strong>Evangeiica</strong></span> <span class='ocrx_word' id='word_1_182' title='bbox 3175 1065 3331 1119; x_wconf 89' lang='lat' dir='ltr'><strong>dictis</strong></span> <span class='ocrx_word' id='word_1_183' title='bbox 3353 1106 3368 1129; x_wconf 91' lang='lat'><strong>,</strong></span> <span class='ocrx_word' id='word_1_184' title='bbox 3419 1069 3717 1124; x_wconf 81' lang='lat' dir='ltr'><strong>addendum</strong></span> 
     </span>
    </p>
   </div>
   <div class='ocr_carea' id='block_1_27' title="bbox 2162 1144 3719 1226">
    <p class='ocr_par' dir='ltr' id='par_1_27' title="bbox 2162 1144 3719 1226">
     <span class='ocr_line' id='line_1_27' title="bbox 2162 1144 3719 1226; baseline 0.01 -31"><span class='ocrx_word' id='word_1_185' title='bbox 2162 1144 2371 1199; x_wconf 84' lang='lat' dir='ltr'><strong>videtur</strong></span> <span class='ocrx_word' id='word_1_186' title='bbox 2397 1145 2519 1214; x_wconf 87' lang='lat' dir='ltr'><strong>quia</strong></span> <span class='ocrx_word' id='word_1_187' title='bbox 2550 1146 2691 1200; x_wconf 84' lang='lat' dir='ltr'><strong>sicut</strong></span> <span class='ocrx_word' id='word_1_188' title='bbox 2728 1147 2777 1199; x_wconf 92' lang='lat' dir='ltr'><strong>in</strong></span> <span class='ocrx_word' id='word_1_189' title='bbox 2802 1162 2863 1201; x_wconf 86' lang='lat' dir='ltr'><strong>ea</strong></span> <span class='ocrx_word' id='word_1_190' title='bbox 2891 1148 3099 1217; x_wconf 79' lang='lat' dir='ltr'><strong>Moyses</strong></span> <span class='ocrx_word' id='word_1_191' title='bbox 3152 1161 3204 1206; x_wconf 89' lang='lat' dir='ltr'><strong>et</strong></span> <span class='ocrx_word' id='word_1_192' title='bbox 3254 1153 3397 1208; x_wconf 86' lang='lat' dir='ltr'><strong>Elias</strong></span> <span class='ocrx_word' id='word_1_193' title='bbox 3448 1156 3616 1226; x_wconf 80' lang='lat' dir='ltr'><strong>legem</strong></span> <span class='ocrx_word' id='word_1_194' title='bbox 3664 1168 3719 1211; x_wconf 88' lang='lat' dir='ltr'><strong>et</strong></span> 
     </span>
    </p>
   </div>
   <div class='ocr_carea' id='block_1_28' title="bbox 2156 1230 3712 1308">
    <p class='ocr_par' dir='ltr' id='par_1_28' title="bbox 2156 1230 3712 1308">
     <span class='ocr_line' id='line_1_28' title="bbox 2156 1230 3712 1308; baseline 0.011 -27"><span class='ocrx_word' id='word_1_195' title='bbox 2156 1230 2525 1299; x_wconf 82' lang='lat' dir='ltr'><strong>prepbetiam,</strong></span> <span class='ocrx_word' id='word_1_196' title='bbox 2575 1232 2653 1287; x_wconf 86' lang='lat' dir='ltr'><strong>sic</strong></span> <span class='ocrx_word' id='word_1_197' title='bbox 2696 1234 2949 1288; x_wconf 87' lang='lat' dir='ltr'><strong>Dominus</strong></span> <span class='ocrx_word' id='word_1_198' title='bbox 2992 1235 3146 1291; x_wconf 83' lang='lat' dir='ltr'><strong>.iesus</strong></span> <span class='ocrx_word' id='word_1_199' title='bbox 3178 1239 3519 1308; x_wconf 83' lang='lat' dir='ltr'><strong>Evangelium</strong></span> <span class='ocrx_word' id='word_1_200' title='bbox 3550 1244 3712 1298; x_wconf 82' lang='lat' dir='ltr'><strong>&#39;dcsi-</strong></span> 
     </span>
    </p>
   </div>
   <div class='ocr_carea' id='block_1_29' title="bbox 2157 1324 3714 1400">
    <p class='ocr_par' dir='ltr' id='par_1_29' title="bbox 2157 1324 3714 1400">
     <span class='ocr_line' id='line_1_29' title="bbox 2157 1324 3714 1400; baseline 0.012 -31"><span class='ocrx_word' id='word_1_201' title='bbox 2157 1331 2322 1386; x_wconf 76' lang='lat' dir='ltr'><strong>gnare</strong></span> <span class='ocrx_word' id='word_1_202' title='bbox 2348 1327 2555 1387; x_wconf 90' lang='lat' dir='ltr'><strong>potest;</strong></span> <span class='ocrx_word' id='word_1_203' title='bbox 2583 1330 2636 1375; x_wconf 89' lang='lat' dir='ltr'><strong>et</strong></span> <span class='ocrx_word' id='word_1_204' title='bbox 2668 1329 2844 1375; x_wconf 89' lang='lat' dir='ltr'><strong>tamen</strong></span> <span class='ocrx_word' id='word_1_205' title='bbox 2870 1324 2911 1376; x_wconf 89' lang='lat' dir='ltr'><strong>si</strong></span> <span class='ocrx_word' id='word_1_206' title='bbox 2952 1340 3012 1377; x_wconf 86' lang='lat' dir='ltr'><strong>ea</strong></span> <span class='ocrx_word' id='word_1_207' title='bbox 3042 1365 3057 1389; x_wconf 92' lang='lat'><strong>,</strong></span> <span class='ocrx_word' id='word_1_208' title='bbox 3087 1341 3205 1395; x_wconf 79' lang='lat' dir='ltr'><strong>qncc</strong></span> <span class='ocrx_word' id='word_1_209' title='bbox 3231 1338 3359 1383; x_wconf 88' lang='lat' dir='ltr'><strong>sunt</strong></span> <span class='ocrx_word' id='word_1_210' title='bbox 3381 1330 3432 1383; x_wconf 91' lang='lat' dir='ltr'><strong>in</strong></span> <span class='ocrx_word' id='word_1_211' title='bbox 3462 1329 3714 1400; x_wconf 88' lang='lat' dir='ltr'><strong>lectione,</strong></span> 
     </span>
    </p>
   </div>
   <div class='ocr_carea' id='block_1_30' title="bbox 2150 1402 3715 1489">
    <p class='ocr_par' dir='ltr' id='par_1_30' title="bbox 2150 1402 3715 1489">
     <span class='ocr_line' id='line_1_30' title="bbox 2150 1402 3715 1489; baseline 0.011 -30"><span class='ocrx_word' id='word_1_212' title='bbox 2150 1402 2429 1475; x_wconf 73' lang='lat' dir='ltr'><strong>potuerint</strong></span> <span class='ocrx_word' id='word_1_213' title='bbox 2454 1408 2647 1463; x_wconf 79' lang='lat' dir='ltr'><strong>alicubi</strong></span> <span class='ocrx_word' id='word_1_214' title='bbox 2677 1410 2849 1465; x_wconf 90' lang='lat' dir='ltr'><strong>minus</strong></span> <span class='ocrx_word' id='word_1_215' title='bbox 2886 1422 3068 1480; x_wconf 84' lang='lat' dir='ltr'><strong>aperte</strong></span> <span class='ocrx_word' id='word_1_216' title='bbox 3096 1416 3163 1469; x_wconf 89' lang='lat' dir='ltr'><strong>de</strong></span> <span class='ocrx_word' id='word_1_217' title='bbox 3191 1416 3355 1489; x_wconf 73' lang='lat' dir='ltr'><strong>vprbo</strong></span> <span class='ocrx_word' id='word_1_218' title='bbox 3393 1421 3715 1489; x_wconf 67' lang='lat' dir='ltr'><strong>evangelicae</strong></span> 
     </span>
    </p>
   </div>
   <div class='ocr_carea' id='block_1_31' title="bbox 2154 1494 3711 1569">
    <p class='ocr_par' dir='ltr' id='par_1_31' title="bbox 2154 1494 3711 1569">
     <span class='ocr_line' id='line_1_31' title="bbox 2154 1494 3711 1569; baseline 0.013 -23"><span class='ocrx_word' id='word_1_219' title='bbox 2154 1494 2549 1563; x_wconf 68' lang='lat' dir='ltr'><strong>praedicationis</strong></span> <span class='ocrx_word' id='word_1_220' title='bbox 2578 1499 2833 1569; x_wconf 82' lang='lat' dir='ltr'><strong>intelligi,</strong></span> <span class='ocrx_word' id='word_1_221' title='bbox 2866 1503 3141 1559; x_wconf 84' lang='lat' dir='ltr'><strong>referenda</strong></span> <span class='ocrx_word' id='word_1_222' title='bbox 3196 1514 3320 1560; x_wconf 90' lang='lat' dir='ltr'><strong>sunt</strong></span> <span class='ocrx_word' id='word_1_223' title='bbox 3365 1509 3430 1563; x_wconf 91' lang='lat' dir='ltr'><strong>ad</strong></span> <span class='ocrx_word' id='word_1_224' title='bbox 3481 1511 3711 1566; x_wconf 83' lang='lat' dir='ltr'><strong>Verbum</strong></span> 
     </span>
    </p>
   </div>
   <div class='ocr_carea' id='block_1_32' title="bbox 2155 1585 3716 1659">
    <p class='ocr_par' dir='ltr' id='par_1_32' title="bbox 2155 1585 3716 1659">
     <span class='ocr_line' id='line_1_32' title="bbox 2155 1585 3716 1659; baseline 0.012 -21"><span class='ocrx_word' id='word_1_225' title='bbox 2155 1585 2295 1654; x_wconf 87' lang='lat' dir='ltr'><strong>quod</strong></span> <span class='ocrx_word' id='word_1_226' title='bbox 2338 1601 2463 1642; x_wconf 89' lang='lat' dir='ltr'><strong>caro</strong></span> <span class='ocrx_word' id='word_1_227' title='bbox 2513 1588 2710 1643; x_wconf 84' lang='lat' dir='ltr'><strong>factum</strong></span> <span class='ocrx_word' id='word_1_228' title='bbox 2758 1602 2838 1659; x_wconf 85' lang='lat' dir='ltr'><strong>cst</strong></span> <span class='ocrx_word' id='word_1_229' title='bbox 2882 1600 2933 1647; x_wconf 87' lang='lat' dir='ltr'><strong>et</strong></span> <span class='ocrx_word' id='word_1_230' title='bbox 2988 1593 3249 1650; x_wconf 78' lang='lat' dir='ltr'><strong>habitavit</strong></span> <span class='ocrx_word' id='word_1_231' title='bbox 3300 1598 3353 1651; x_wconf 90' lang='lat' dir='ltr'><strong>in</strong></span> <span class='ocrx_word' id='word_1_232' title='bbox 3406 1602 3577 1655; x_wconf 91' lang='lat' dir='ltr'><strong>nobis.</strong></span> <span class='ocrx_word' id='word_1_233' title='bbox 3622 1602 3716 1656; x_wconf 84' lang='lat' dir='ltr'><strong>Ait</strong></span> 
     </span>
    </p>
   </div>
   <div class='ocr_carea' id='block_1_33' title="bbox 2152 1674 3715 1759">
    <p class='ocr_par' dir='ltr' id='par_1_33' title="bbox 2152 1674 3715 1759">
     <span class='ocr_line' id='line_1_33' title="bbox 2152 1674 3715 1759; baseline 0.01 -29"><span class='ocrx_word' id='word_1_234' title='bbox 2152 1690 2320 1745; x_wconf 79' lang='lat' dir='ltr'><strong>ergo:</strong></span> <span class='ocrx_word' id='word_1_235' title='bbox 2362 1674 2493 1731; x_wconf 82' lang='lat' dir='ltr'><strong>Sunt</strong></span> <span class='ocrx_word' id='word_1_236' title='bbox 2518 1679 2727 1747; x_wconf 79' lang='lat' dir='ltr'><strong>quidam</strong></span> <span class='ocrx_word' id='word_1_237' title='bbox 2770 1682 2832 1734; x_wconf 83' lang='lat' dir='ltr'><strong>de</strong></span> <span class='ocrx_word' id='word_1_238' title='bbox 2883 1683 2966 1735; x_wconf 82' lang='lat' dir='ltr'><strong>hic</strong></span> <span class='ocrx_word' id='word_1_239' title='bbox 3007 1685 3293 1751; x_wconf 76' lang='lat' dir='ltr'><strong>stantibus,</strong></span> <span class='ocrx_word' id='word_1_240' title='bbox 3340 1691 3427 1758; x_wconf 85' lang='lat' dir='ltr'><strong>qui</strong></span> <span class='ocrx_word' id='word_1_241' title='bbox 3468 1707 3571 1744; x_wconf 89' lang='lat' dir='ltr'><strong>non</strong></span> <span class='ocrx_word' id='word_1_242' title='bbox 3620 1708 3715 1759; x_wconf 79' lang='lat' dir='ltr'><strong>gu-</strong></span> 
     </span>
    </p>
   </div>
   <div class='ocr_carea' id='block_1_34' title="bbox 499 1742 3713 1832">
    <p class='ocr_par' dir='ltr' id='par_1_34' title="bbox 499 1742 3713 1832">
     <span class='ocr_line' id='line_1_34' title="bbox 499 1742 3713 1832; baseline 0.012 -39"><span class='ocrx_word' id='word_1_243' title='bbox 499 1754 725 1810; x_wconf 87' lang='lat' dir='ltr'><strong>rumque</strong></span> <span class='ocrx_word' id='word_1_244' title='bbox 749 1742 888 1795; x_wconf 89' lang='lat' dir='ltr'><strong>enim</strong></span> <span class='ocrx_word' id='word_1_245' title='bbox 921 1745 1161 1800; x_wconf 82' lang='lat' dir='ltr'><strong>videmus</strong></span> <span class='ocrx_word' id='word_1_246' title='bbox 1186 1762 1305 1816; x_wconf 65' lang='lat' dir='ltr'><strong>qua)</strong></span> <span class='ocrx_word' id='word_1_247' title='bbox 1333 1752 1535 1819; x_wconf 75' lang='lat' dir='ltr'><strong>agenda</strong></span> <span class='ocrx_word' id='word_1_248' title='bbox 1573 1762 1737 1821; x_wconf 89' lang='lat' dir='ltr'><strong>sunt,</strong></span> <span class='ocrx_word' id='word_1_249' title='bbox 1792 1755 1882 1810; x_wconf 88' lang='lat' dir='ltr'><strong>sed</strong></span> <span class='ocrx_word' id='word_1_250' title='bbox 1936 1758 2050 1814; x_wconf 79' lang='lat' dir='ltr'><strong>inec</strong></span> <span class='ocrx_word' id='word_1_251' title='bbox 2079 1761 2123 1821; x_wconf 85' lang='grc' dir='ltr'><strong>Β</strong></span> <span class='ocrx_word' id='word_1_252' title='bbox 2152 1742 2361 1817; x_wconf 75' lang='lat' dir='ltr'><strong>stabunt</strong></span> <span class='ocrx_word' id='word_1_253' title='bbox 2422 1776 2635 1820; x_wconf 86' lang='lat' dir='ltr'><strong>mortem</strong></span> <span class='ocrx_word' id='word_1_254' title='bbox 2661 1806 2675 1830; x_wconf 95' lang='lat'><strong>,</strong></span> <span class='ocrx_word' id='word_1_255' title='bbox 2730 1768 2892 1822; x_wconf 84' lang='lat' dir='ltr'><strong>donec</strong></span> <span class='ocrx_word' id='word_1_256' title='bbox 2968 1771 3169 1825; x_wconf 78' lang='lat' dir='ltr'><strong>videant</strong></span> <span class='ocrx_word' id='word_1_257' title='bbox 3225 1771 3423 1827; x_wconf 86' lang='lat' dir='ltr'><strong>Filium</strong></span> <span class='ocrx_word' id='word_1_258' title='bbox 3492 1777 3713 1832; x_wconf 87' lang='lat' dir='ltr'><strong>hominis</strong></span> 
     </span>
    </p>
   </div>
   <div class='ocr_carea' id='block_1_35' title="bbox 497 1832 2049 1905">
    <p class='ocr_par' dir='ltr' id='par_1_35' title="bbox 497 1832 2049 1905">
     <span class='ocr_line' id='line_1_35' title="bbox 497 1832 2049 1905; baseline 0.012 -24"><span class='ocrx_word' id='word_1_259' title='bbox 497 1843 659 1896; x_wconf 82' lang='lat' dir='ltr'><strong>Opere</strong></span> <span class='ocrx_word' id='word_1_260' title='bbox 680 1846 783 1884; x_wconf 88' lang='lat' dir='ltr'><strong>non</strong></span> <span class='ocrx_word' id='word_1_261' title='bbox 821 1832 1056 1887; x_wconf 88' lang='lat' dir='ltr'><strong>valemus</strong></span> <span class='ocrx_word' id='word_1_262' title='bbox 1082 1834 1321 1902; x_wconf 85' lang='lat' dir='ltr'><strong>implere.</strong></span> <span class='ocrx_word' id='word_1_263' title='bbox 1346 1835 1597 1905; x_wconf 85' lang='lat' dir='ltr'><strong>Nitimur,</strong></span> <span class='ocrx_word' id='word_1_264' title='bbox 1620 1851 1676 1896; x_wconf 85' lang='lat' dir='ltr'><strong>ct</strong></span> <span class='ocrx_word' id='word_1_265' title='bbox 1696 1841 2049 1899; x_wconf 87' lang='lat' dir='ltr'><strong>inlirmamur.</strong></span> 
     </span>
    </p>
   </div>
   <div class='ocr_carea' id='block_1_36' title="bbox 494 1914 2053 1999">
    <p class='ocr_par' dir='ltr' id='par_1_36' title="bbox 494 1914 2053 1999">
     <span class='ocr_line' id='line_1_36' title="bbox 494 1914 2053 1999; baseline 0.015 -33"><span class='ocrx_word' id='word_1_266' title='bbox 494 1914 683 1971; x_wconf 77' lang='lat' dir='ltr'><strong>Mentis</strong></span> <span class='ocrx_word' id='word_1_267' title='bbox 706 1918 962 1983; x_wconf 88' lang='lat' dir='ltr'><strong>judicium</strong></span> <span class='ocrx_word' id='word_1_268' title='bbox 999 1922 1369 1979; x_wconf 87' lang='lat' dir='ltr'><strong>rectitudinem</strong></span> <span class='ocrx_word' id='word_1_269' title='bbox 1397 1928 1678 1999; x_wconf 89' lang='lat' dir='ltr'><strong>conspicit,</strong></span> <span class='ocrx_word' id='word_1_270' title='bbox 1701 1932 1796 1986; x_wconf 87' lang='lat' dir='ltr'><strong>sed</strong></span> <span class='ocrx_word' id='word_1_271' title='bbox 1819 1933 1884 1986; x_wconf 82' lang='lat' dir='ltr'><strong>ad</strong></span> <span class='ocrx_word' id='word_1_272' title='bbox 1916 1935 2053 1989; x_wconf 88' lang='lat' dir='ltr'><strong>hanc</strong></span> 
     </span>
    </p>
   </div>
   <div class='ocr_carea' id='block_1_37' title="bbox 490 2003 2053 2088">
    <p class='ocr_par' dir='ltr' id='par_1_37' title="bbox 490 2003 2053 2088">
     <span class='ocr_line' id='line_1_37' title="bbox 490 2003 2053 2088; baseline 0.014 -33"><span class='ocrx_word' id='word_1_273' title='bbox 490 2004 670 2070; x_wconf 79' lang='lat' dir='ltr'><strong>aperis</strong></span> <span class='ocrx_word' id='word_1_274' title='bbox 700 2003 954 2060; x_wconf 87' lang='lat' dir='ltr'><strong>fortitudo</strong></span> <span class='ocrx_word' id='word_1_275' title='bbox 982 2010 1299 2064; x_wconf 76' lang='lat' dir='ltr'><strong>succambit.</strong></span> <span class='ocrx_word' id='word_1_276' title='bbox 1362 2012 1496 2079; x_wconf 84' lang='lat' dir='ltr'><strong>Quia</strong></span> <span class='ocrx_word' id='word_1_277' title='bbox 1555 2016 1806 2073; x_wconf 87' lang='lat' dir='ltr'><strong>nimirum</strong></span> <span class='ocrx_word' id='word_1_278' title='bbox 1847 2018 1957 2088; x_wconf 79' lang='lat' dir='ltr'><strong>jam</strong></span> <span class='ocrx_word' id='word_1_279' title='bbox 1988 2023 2053 2078; x_wconf 83' lang='lat' dir='ltr'><strong>de</strong></span> 
     </span>
    </p>
   </div>
   <div class='ocr_carea' id='block_1_38' title="bbox 490 2081 2047 2174">
    <p class='ocr_par' dir='ltr' id='par_1_38' title="bbox 490 2081 2047 2174">
     <span class='ocr_line' id='line_1_38' title="bbox 490 2081 2047 2174; baseline 0.014 -30"><span class='ocrx_word' id='word_1_280' title='bbox 490 2081 644 2161; x_wconf 66' lang='lat' dir='ltr'><strong>paena</strong></span> <span class='ocrx_word' id='word_1_281' title='bbox 672 2095 876 2161; x_wconf 85' lang='lat' dir='ltr'><strong>peccati</strong></span> <span class='ocrx_word' id='word_1_282' title='bbox 915 2105 1030 2163; x_wconf 89' lang='lat' dir='ltr'><strong>est,</strong></span> <span class='ocrx_word' id='word_1_283' title='bbox 1059 2107 1117 2152; x_wconf 89' lang='lat' dir='ltr'><strong>ut</strong></span> <span class='ocrx_word' id='word_1_284' title='bbox 1145 2112 1209 2155; x_wconf 80' lang='lat' dir='ltr'><strong>cx</strong></span> <span class='ocrx_word' id='word_1_285' title='bbox 1240 2102 1378 2156; x_wconf 87' lang='lat' dir='ltr'><strong>dono</strong></span> <span class='ocrx_word' id='word_1_286' title='bbox 1405 2103 1621 2173; x_wconf 87' lang='lat' dir='ltr'><strong>quidem</strong></span> <span class='ocrx_word' id='word_1_287' title='bbox 1649 2108 1819 2174; x_wconf 83' lang='lat' dir='ltr'><strong>possit</strong></span> <span class='ocrx_word' id='word_1_288' title='bbox 1847 2081 2047 2167; x_wconf 80' lang='lat' dir='ltr'><strong>bonum</strong></span> 
     </span>
    </p>
   </div>
   <div class='ocr_carea' id='block_1_39' title="bbox 488 2182 2049 2266">
    <p class='ocr_par' dir='ltr' id='par_1_39' title="bbox 488 2182 2049 2266">
     <span class='ocr_line' id='line_1_39' title="bbox 488 2182 2049 2266; baseline 0.012 -31"><span class='ocrx_word' id='word_1_289' title='bbox 488 2182 755 2251; x_wconf 81' lang='lat' dir='ltr'><strong>conspici;</strong></span> <span class='ocrx_word' id='word_1_290' title='bbox 781 2184 871 2238; x_wconf 89' lang='lat' dir='ltr'><strong>sed</strong></span> <span class='ocrx_word' id='word_1_291' title='bbox 898 2193 1074 2241; x_wconf 84' lang='lat' dir='ltr'><strong>tamen</strong></span> <span class='ocrx_word' id='word_1_292' title='bbox 1104 2189 1171 2243; x_wconf 89' lang='lat' dir='ltr'><strong>ab</strong></span> <span class='ocrx_word' id='word_1_293' title='bbox 1196 2205 1290 2254; x_wconf 92' lang='lat' dir='ltr'><strong>co,</strong></span> <span class='ocrx_word' id='word_1_294' title='bbox 1338 2195 1478 2263; x_wconf 84' lang='lat' dir='ltr'><strong>quod</strong></span> <span class='ocrx_word' id='word_1_295' title='bbox 1522 2196 1881 2266; x_wconf 85' lang='lat' dir='ltr'><strong>conspicitur,</strong></span> <span class='ocrx_word' id='word_1_296' title='bbox 1922 2214 2049 2252; x_wconf 84' lang='lat' dir='ltr'><strong>con-</strong></span> 
     </span>
    </p>
   </div>
   <div class='ocr_carea' id='block_1_40' title="bbox 491 2270 2049 2351">
    <p class='ocr_par' dir='ltr' id='par_1_40' title="bbox 491 2270 2049 2351">
     <span class='ocr_line' id='line_1_40' title="bbox 491 2270 2049 2351; baseline 0.013 -30"><span class='ocrx_word' id='word_1_297' title='bbox 491 2270 657 2338; x_wconf 75' lang='lat' dir='ltr'><strong>tingat</strong></span> <span class='ocrx_word' id='word_1_298' title='bbox 691 2286 785 2339; x_wconf 89' lang='lat' dir='ltr'><strong>per</strong></span> <span class='ocrx_word' id='word_1_299' title='bbox 819 2273 1067 2328; x_wconf 90' lang='lat' dir='ltr'><strong>meritum</strong></span> <span class='ocrx_word' id='word_1_300' title='bbox 1098 2277 1300 2346; x_wconf 78' lang='lat' dir='ltr'><strong>repelli.</strong></span> <span class='ocrx_word' id='word_1_301' title='bbox 1328 2279 1435 2339; x_wconf 86' lang='lat' dir='ltr'><strong>Sed</strong></span> <span class='ocrx_word' id='word_1_302' title='bbox 1462 2282 1527 2335; x_wconf 79' lang='lat' dir='ltr'><strong>ad</strong></span> <span class='ocrx_word' id='word_1_303' title='bbox 1553 2292 1851 2351; x_wconf 74' lang='lat' dir='ltr'><strong>prostratos</strong></span> <span class='ocrx_word' id='word_1_304' title='bbox 1873 2303 2049 2341; x_wconf 83' lang='lat' dir='ltr'><strong>acces-</strong></span> 
     </span>
    </p>
   </div>
   <div class='ocr_carea' id='block_1_41' title="bbox 487 2359 2047 2447">
    <p class='ocr_par' dir='ltr' id='par_1_41' title="bbox 487 2359 2047 2447">
     <span class='ocr_line' id='line_1_41' title="bbox 487 2359 2047 2447; baseline 0.015 -37"><span class='ocrx_word' id='word_1_305' title='bbox 487 2359 551 2410; x_wconf 89' lang='lat' dir='ltr'><strong>sit</strong></span> <span class='ocrx_word' id='word_1_306' title='bbox 584 2361 861 2427; x_wconf 87' lang='lat' dir='ltr'><strong>Dominus,</strong></span> <span class='ocrx_word' id='word_1_307' title='bbox 889 2378 1073 2429; x_wconf 76' lang='lat' dir='ltr'><strong>eosque</strong></span> <span class='ocrx_word' id='word_1_308' title='bbox 1101 2366 1297 2437; x_wconf 84' lang='lat' dir='ltr'><strong>tetigit,</strong></span> <span class='ocrx_word' id='word_1_309' title='bbox 1336 2377 1390 2425; x_wconf 88' lang='lat' dir='ltr'><strong>et</strong></span> <span class='ocrx_word' id='word_1_310' title='bbox 1412 2377 1467 2424; x_wconf 89' lang='lat' dir='ltr'><strong>ut</strong></span> <span class='ocrx_word' id='word_1_311' title='bbox 1491 2385 1769 2441; x_wconf 75' lang='lat' dir='ltr'><strong>sargerent</strong></span> <span class='ocrx_word' id='word_1_312' title='bbox 1813 2375 2047 2447; x_wconf 83' lang='lat' dir='ltr'><strong>impera-</strong></span> 
     </span>
    </p>
   </div>
   <div class='ocr_carea' id='block_1_42' title="bbox 484 2447 2045 2522">
    <p class='ocr_par' dir='ltr' id='par_1_42' title="bbox 484 2447 2045 2522">
     <span class='ocr_line' id='line_1_42' title="bbox 484 2447 2045 2522; baseline 0.016 -25"><span class='ocrx_word' id='word_1_313' title='bbox 484 2447 601 2499; x_wconf 86' lang='lat' dir='ltr'><strong>vit:</strong></span> <span class='ocrx_word' id='word_1_314' title='bbox 632 2448 754 2515; x_wconf 89' lang='lat' dir='ltr'><strong>quia</strong></span> <span class='ocrx_word' id='word_1_315' title='bbox 782 2464 903 2502; x_wconf 92' lang='lat' dir='ltr'><strong>cum</strong></span> <span class='ocrx_word' id='word_1_316' title='bbox 935 2466 1033 2506; x_wconf 91' lang='lat' dir='ltr'><strong>nos</strong></span> <span class='ocrx_word' id='word_1_317' title='bbox 1071 2452 1437 2515; x_wconf 76' lang='lat' dir='ltr'><strong>inﬁrmitatem</strong></span> <span class='ocrx_word' id='word_1_318' title='bbox 1483 2471 1729 2516; x_wconf 83' lang='lat' dir='ltr'><strong>nostram</strong></span> <span class='ocrx_word' id='word_1_319' title='bbox 1774 2466 1867 2520; x_wconf 77' lang='lat' dir='ltr'><strong>sui</strong></span> <span class='ocrx_word' id='word_1_320' title='bbox 1905 2467 2045 2522; x_wconf 83' lang='lat' dir='ltr'><strong>iliter</strong></span> 
     </span>
    </p>
   </div>
   <div class='ocr_carea' id='block_1_43' title="bbox 485 2535 2046 2625">
    <p class='ocr_par' dir='ltr' id='par_1_43' title="bbox 485 2535 2046 2625">
     <span class='ocr_line' id='line_1_43' title="bbox 485 2535 2046 2625; baseline 0.017 -38"><span class='ocrx_word' id='word_1_321' title='bbox 485 2546 832 2604; x_wconf 83' lang='lat' dir='ltr'><strong>agnoscentes</strong></span> <span class='ocrx_word' id='word_1_322' title='bbox 855 2540 1125 2596; x_wconf 84' lang='lat' dir='ltr'><strong>htunilitcr</strong></span> <span class='ocrx_word' id='word_1_323' title='bbox 1139 2539 1401 2614; x_wconf 74' lang='lat' dir='ltr'><strong>jaeeinus,</strong></span> <span class='ocrx_word' id='word_1_324' title='bbox 1435 2535 1561 2605; x_wconf 82' lang='lat' dir='ltr'><strong>tunc</strong></span> <span class='ocrx_word' id='word_1_325' title='bbox 1580 2553 1781 2609; x_wconf 85' lang='lat' dir='ltr'><strong>virtute</strong></span> <span class='ocrx_word' id='word_1_326' title='bbox 1808 2554 2046 2625; x_wconf 85' lang='lat' dir='ltr'><strong>Spiritus</strong></span> 
     </span>
    </p>
   </div>
   <div class='ocr_carea' id='block_1_44' title="bbox 486 2626 2047 2715">
    <p class='ocr_par' dir='ltr' id='par_1_44' title="bbox 486 2626 2047 2715">
     <span class='ocr_line' id='line_1_44' title="bbox 486 2626 2047 2715; baseline 0.017 -38"><span class='ocrx_word' id='word_1_327' title='bbox 486 2626 653 2679; x_wconf 85' lang='lat' dir='ltr'><strong>sancti</strong></span> <span class='ocrx_word' id='word_1_328' title='bbox 682 2628 975 2697; x_wconf 82' lang='lat' dir='ltr'><strong>tangimur,</strong></span> <span class='ocrx_word' id='word_1_329' title='bbox 1005 2640 1059 2684; x_wconf 91' lang='lat' dir='ltr'><strong>et</strong></span> <span class='ocrx_word' id='word_1_330' title='bbox 1093 2633 1159 2685; x_wconf 85' lang='lat' dir='ltr'><strong>ad</strong></span> <span class='ocrx_word' id='word_1_331' title='bbox 1191 2635 1406 2691; x_wconf 87' lang='lat' dir='ltr'><strong>robusta</strong></span> <span class='ocrx_word' id='word_1_332' title='bbox 1453 2652 1615 2707; x_wconf 84' lang='lat' dir='ltr'><strong>opera</strong></span> <span class='ocrx_word' id='word_1_333' title='bbox 1661 2658 1883 2713; x_wconf 67' lang='lat' dir='ltr'><strong>surgere</strong></span> <span class='ocrx_word' id='word_1_334' title='bbox 1913 2661 2047 2715; x_wconf 68' lang='lat' dir='ltr'><strong>pra:-</strong></span> 
     </span>
    </p>
   </div>
   <div class='ocr_carea' id='block_1_45' title="bbox 486 2715 2043 2801">
    <p class='ocr_par' dir='ltr' id='par_1_45' title="bbox 486 2715 2043 2801">
     <span class='ocr_line' id='line_1_45' title="bbox 486 2715 2043 2801; baseline 0.015 -33"><span class='ocrx_word' id='word_1_335' title='bbox 486 2715 715 2783; x_wconf 87' lang='lat' dir='ltr'><strong>cipimur</strong></span> <span class='ocrx_word' id='word_1_336' title='bbox 739 2757 752 2781; x_wconf 92' lang='lat'><strong>,</strong></span> <span class='ocrx_word' id='word_1_337' title='bbox 796 2732 913 2786; x_wconf 69' lang='lat' dir='ltr'><strong>qua!</strong></span> <span class='ocrx_word' id='word_1_338' title='bbox 941 2734 1041 2773; x_wconf 90' lang='lat' dir='ltr'><strong>non</strong></span> <span class='ocrx_word' id='word_1_339' title='bbox 1069 2735 1164 2788; x_wconf 87' lang='lat' dir='ltr'><strong>per</strong></span> <span class='ocrx_word' id='word_1_340' title='bbox 1193 2724 1459 2793; x_wconf 87' lang='lat' dir='ltr'><strong>timorem,</strong></span> <span class='ocrx_word' id='word_1_341' title='bbox 1480 2729 1576 2785; x_wconf 86' lang='lat' dir='ltr'><strong>sed</strong></span> <span class='ocrx_word' id='word_1_342' title='bbox 1595 2744 1691 2801; x_wconf 85' lang='lat' dir='ltr'><strong>per</strong></span> <span class='ocrx_word' id='word_1_343' title='bbox 1722 2734 2043 2791; x_wconf 85' lang='lat' dir='ltr'><strong>charitatem</strong></span> 
     </span>
    </p>
   </div>
   <div class='ocr_carea' id='block_1_46' title="bbox 486 2802 769 2859">
    <p class='ocr_par' dir='ltr' id='par_1_46' title="bbox 486 2802 769 2859">
     <span class='ocr_line' id='line_1_46' title="bbox 486 2802 769 2859; baseline 0.018 -5"><span class='ocrx_word' id='word_1_344' title='bbox 486 2802 769 2859; x_wconf 75' lang='lat' dir='ltr'><strong>faciamus.</strong></span> 
     </span>
    </p>
   </div>
   <div class='ocr_carea' id='block_1_47' title="bbox 556 2894 2034 2982">
    <p class='ocr_par' dir='ltr' id='par_1_47' title="bbox 556 2894 2034 2982">
     <span class='ocr_line' id='line_1_47' title="bbox 556 2894 2034 2982; baseline 0.016 -36"><span class='ocrx_word' id='word_1_345' title='bbox 556 2894 807 2962; x_wconf 86' lang='lat' dir='ltr'><strong>Sequitur</strong></span> <span class='ocrx_word' id='word_1_346' title='bbox 844 2896 1121 2954; x_wconf 72' lang='lat' dir='ltr'><strong>Maltltreus</strong></span> <span class='ocrx_word' id='word_1_347' title='bbox 1146 2918 1161 2954; x_wconf 87' lang='lat'>:</span> <span class='ocrx_word' id='word_1_348' title='bbox 1192 2899 1440 2960; x_wconf 78' lang='lat' dir='ltr'><strong>Levantes</strong></span> <span class='ocrx_word' id='word_1_349' title='bbox 1460 2916 1633 2962; x_wconf 83' lang='lat' dir='ltr'><strong>autem</strong></span> <span class='ocrx_word' id='word_1_350' title='bbox 1671 2911 1849 2967; x_wconf 76' lang='lat' dir='ltr'><strong>oculos</strong></span> <span class='ocrx_word' id='word_1_351' title='bbox 1872 2931 1993 2969; x_wconf 87' lang='lat' dir='ltr'><strong>suos</strong></span> <span class='ocrx_word' id='word_1_352' title='bbox 2016 2954 2034 2982; x_wconf 85' lang='lat'><strong>,</strong></span> 
     </span>
    </p>
   </div>
   <div class='ocr_carea' id='block_1_48' title="bbox 484 2985 2034 3074">
    <p class='ocr_par' dir='ltr' id='par_1_48' title="bbox 484 2985 2034 3074">
     <span class='ocr_line' id='line_1_48' title="bbox 484 2985 2034 3074; baseline 0.017 -41"><span class='ocrx_word' id='word_1_353' title='bbox 484 2985 736 3037; x_wconf 74' lang='lat' dir='ltr'><strong>neminem</strong></span> <span class='ocrx_word' id='word_1_354' title='bbox 768 2987 1018 3053; x_wconf 82' lang='lat' dir='ltr'><strong>viderunt,</strong></span> <span class='ocrx_word' id='word_1_355' title='bbox 1058 2992 1159 3043; x_wconf 88' lang='lat' dir='ltr'><strong>nisi</strong></span> <span class='ocrx_word' id='word_1_356' title='bbox 1178 2992 1343 3045; x_wconf 84' lang='lat' dir='ltr'><strong>solum</strong></span> <span class='ocrx_word' id='word_1_357' title='bbox 1361 2993 1560 3050; x_wconf 81' lang='lat' dir='ltr'><strong>Jesum.</strong></span> <span class='ocrx_word' id='word_1_358' title='bbox 1592 2996 1741 3068; x_wconf 84' lang='lat' dir='ltr'><strong>Quod</strong></span> <span class='ocrx_word' id='word_1_359' title='bbox 1765 3012 1820 3055; x_wconf 88' lang='lat' dir='ltr'><strong>et</strong></span> <span class='ocrx_word' id='word_1_360' title='bbox 1842 3002 2034 3074; x_wconf 88' lang='lat' dir='ltr'><strong>Lucas,</strong></span> 
     </span>
    </p>
   </div>
   <div class='ocr_carea' id='block_1_49' title="bbox 481 3066 2111 3151">
    <p class='ocr_par' dir='ltr' id='par_1_49' title="bbox 481 3066 2111 3151">
     <span class='ocr_line' id='line_1_49' title="bbox 481 3066 2111 3151; baseline 0.018 -29"><span class='ocrx_word' id='word_1_361' title='bbox 481 3071 605 3122; x_wconf 87' lang='lat' dir='ltr'><strong>dum</strong></span> <span class='ocrx_word' id='word_1_362' title='bbox 630 3073 694 3125; x_wconf 86' lang='lat' dir='ltr'><strong>de</strong></span> <span class='ocrx_word' id='word_1_363' title='bbox 725 3072 897 3129; x_wconf 80' lang='lat' dir='ltr'><strong>Patris</strong></span> <span class='ocrx_word' id='word_1_364' title='bbox 929 3066 1055 3133; x_wconf 77' lang='lat' dir='ltr'><strong>voce</strong></span> <span class='ocrx_word' id='word_1_365' title='bbox 1102 3081 1439 3150; x_wconf 88' lang='lat' dir='ltr'><strong>loqueretur,</strong></span> <span class='ocrx_word' id='word_1_366' title='bbox 1476 3085 1556 3139; x_wconf 83' lang='lat' dir='ltr'><strong>sic</strong></span> <span class='ocrx_word' id='word_1_367' title='bbox 1582 3066 1657 3140; x_wconf 84' lang='lat' dir='ltr'><strong>ait</strong></span> <span class='ocrx_word' id='word_1_368' title='bbox 1690 3106 1704 3142; x_wconf 88' lang='lat'><strong>:</strong></span> <span class='ocrx_word' id='word_1_369' title='bbox 1741 3089 1852 3144; x_wconf 75' lang='lat' dir='ltr'><strong>Vox</strong></span> <span class='ocrx_word' id='word_1_370' title='bbox 1867 3066 2039 3151; x_wconf 80' lang='lat' dir='ltr'><strong>Patris</strong></span> <span class='ocrx_word' id='word_1_371' title='bbox 2065 3073 2111 3135; x_wconf 64' lang='grc' dir='ltr'><strong>(ἶ</strong></span> 
     </span>
    </p>
   </div>
   <div class='ocr_carea' id='block_1_50' title="bbox 481 3159 2038 3246">
    <p class='ocr_par' dir='ltr' id='par_1_50' title="bbox 481 3159 2038 3246">
     <span class='ocr_line' id='line_1_50' title="bbox 481 3159 2038 3246; baseline 0.019 -37"><span class='ocrx_word' id='word_1_372' title='bbox 481 3159 624 3227; x_wconf 78' lang='lat' dir='ltr'><strong>facta</strong></span> <span class='ocrx_word' id='word_1_373' title='bbox 643 3164 797 3217; x_wconf 86' lang='lat' dir='ltr'><strong>estde</strong></span> <span class='ocrx_word' id='word_1_374' title='bbox 821 3166 971 3234; x_wconf 80' lang='lat' dir='ltr'><strong>nube,</strong></span> <span class='ocrx_word' id='word_1_375' title='bbox 1005 3168 1211 3246; x_wconf 72' lang='lat' dir='ltr'><strong>dicens:</strong></span> <span class='ocrx_word' id='word_1_376' title='bbox 1233 3169 1416 3226; x_wconf 81' lang='lat' dir='ltr'><strong>Hicest</strong></span> <span class='ocrx_word' id='word_1_377' title='bbox 1449 3172 1616 3229; x_wconf 79' lang='lat' dir='ltr'><strong>Filius</strong></span> <span class='ocrx_word' id='word_1_378' title='bbox 1647 3194 1809 3246; x_wconf 82' lang='lat' dir='ltr'><strong>meus,</strong></span> <span class='ocrx_word' id='word_1_379' title='bbox 1833 3190 1935 3237; x_wconf 89' lang='lat' dir='ltr'><strong>etc.</strong></span> <span class='ocrx_word' id='word_1_380' title='bbox 1970 3184 2038 3238; x_wconf 87' lang='lat' dir='ltr'><strong>Et</strong></span> 
     </span>
    </p>
   </div>
   <div class='ocr_carea' id='block_1_51' title="bbox 477 3242 2030 3340">
    <p class='ocr_par' dir='ltr' id='par_1_51' title="bbox 477 3242 2030 3340">
     <span class='ocr_line' id='line_1_51' title="bbox 477 3242 2030 3340; baseline 0.019 -42"><span class='ocrx_word' id='word_1_381' title='bbox 477 3247 601 3300; x_wconf 86' lang='lat' dir='ltr'><strong>dum</strong></span> <span class='ocrx_word' id='word_1_382' title='bbox 621 3251 763 3317; x_wconf 80' lang='lat' dir='ltr'><strong>ﬁeret</strong></span> <span class='ocrx_word' id='word_1_383' title='bbox 787 3271 903 3320; x_wconf 73' lang='lat' dir='ltr'><strong>retr,</strong></span> <span class='ocrx_word' id='word_1_384' title='bbox 934 3242 1167 3311; x_wconf 66' lang='lat' dir='ltr'><strong>invenias</strong></span> <span class='ocrx_word' id='word_1_385' title='bbox 1194 3271 1265 3313; x_wconf 87' lang='lat' dir='ltr'><strong>est</strong></span> <span class='ocrx_word' id='word_1_386' title='bbox 1296 3261 1446 3316; x_wconf 86' lang='lat' dir='ltr'><strong>Jesus</strong></span> <span class='ocrx_word' id='word_1_387' title='bbox 1473 3264 1617 3318; x_wconf 80' lang='lat' dir='ltr'><strong>solus</strong></span> <span class='ocrx_word' id='word_1_388' title='bbox 1654 3265 1896 3338; x_wconf 63' lang='lat' dir='ltr'><strong>(Lucus,</strong></span> <span class='ocrx_word' id='word_1_389' title='bbox 1930 3272 2030 3340; x_wconf 77' lang='lat'><strong>35,</strong></span> 
     </span>
    </p>
   </div>
   <div class='ocr_carea' id='block_1_52' title="bbox 478 3336 2039 3426">
    <p class='ocr_par' dir='ltr' id='par_1_52' title="bbox 478 3336 2039 3426">
     <span class='ocr_line' id='line_1_52' title="bbox 478 3336 2039 3426; baseline 0.019 -38"><span class='ocrx_word' id='word_1_390' title='bbox 478 3336 597 3405; x_wconf 79' lang='lat'><strong>36),</strong></span> <span class='ocrx_word' id='word_1_391' title='bbox 623 3351 957 3396; x_wconf 85' lang='lat' dir='ltr'><strong>evanuerunt</strong></span> <span class='ocrx_word' id='word_1_392' title='bbox 977 3347 1116 3399; x_wconf 87' lang='lat' dir='ltr'><strong>servi</strong></span> <span class='ocrx_word' id='word_1_393' title='bbox 1134 3362 1148 3399; x_wconf 91' lang='lat'><strong>:</strong></span> <span class='ocrx_word' id='word_1_394' title='bbox 1164 3355 1221 3400; x_wconf 90' lang='lat' dir='ltr'><strong>ut</strong></span> <span class='ocrx_word' id='word_1_395' title='bbox 1245 3349 1603 3408; x_wconf 82' lang='lat' dir='ltr'><strong>indubitanter</strong></span> <span class='ocrx_word' id='word_1_396' title='bbox 1630 3336 2039 3426; x_wconf 63' lang='lat' dir='ltr'><strong>agnoscet-emus</strong></span> 
     </span>
    </p>
   </div>
   <div class='ocr_carea' id='block_1_53' title="bbox 481 3427 2034 3519">
    <p class='ocr_par' dir='ltr' id='par_1_53' title="bbox 481 3427 2034 3519">
     <span class='ocr_line' id='line_1_53' title="bbox 481 3427 2034 3519; baseline 0.019 -42"><span class='ocrx_word' id='word_1_397' title='bbox 481 3427 611 3494; x_wconf 86' lang='lat' dir='ltr'><strong>quia</strong></span> <span class='ocrx_word' id='word_1_398' title='bbox 640 3433 779 3483; x_wconf 85' lang='lat' dir='ltr'><strong>solus</strong></span> <span class='ocrx_word' id='word_1_399' title='bbox 817 3432 968 3487; x_wconf 82' lang='lat' dir='ltr'><strong>Jesus</strong></span> <span class='ocrx_word' id='word_1_400' title='bbox 995 3447 1067 3507; x_wconf 79' lang='lat' dir='ltr'><strong>est</strong></span> <span class='ocrx_word' id='word_1_401' title='bbox 1096 3439 1352 3495; x_wconf 72' lang='lat' dir='ltr'><strong>naturalis</strong></span> <span class='ocrx_word' id='word_1_402' title='bbox 1404 3451 1457 3496; x_wconf 83' lang='lat' dir='ltr'><strong>et</strong></span> <span class='ocrx_word' id='word_1_403' title='bbox 1493 3445 1679 3499; x_wconf 86' lang='lat' dir='ltr'><strong>unicus</strong></span> <span class='ocrx_word' id='word_1_404' title='bbox 1707 3448 1798 3503; x_wconf 85' lang='lat' dir='ltr'><strong>Dei</strong></span> <span class='ocrx_word' id='word_1_405' title='bbox 1825 3449 1995 3506; x_wconf 64' lang='lat' dir='ltr'><strong>Filius</strong></span> <span class='ocrx_word' id='word_1_406' title='bbox 2019 3493 2034 3519; x_wconf 91' lang='lat'><strong>,</strong></span> 
     </span>
    </p>
   </div>
   <div class='ocr_carea' id='block_1_54' title="bbox 477 3518 2034 3600">
    <p class='ocr_par' dir='ltr' id='par_1_54' title="bbox 477 3518 2034 3600">
     <span class='ocr_line' id='line_1_54' title="bbox 477 3518 2034 3600; baseline 0.017 -29"><span class='ocrx_word' id='word_1_407' title='bbox 477 3532 585 3572; x_wconf 92' lang='lat' dir='ltr'><strong>non</strong></span> <span class='ocrx_word' id='word_1_408' title='bbox 612 3518 813 3590; x_wconf 75' lang='lat' dir='ltr'><strong>Moyses</strong></span> <span class='ocrx_word' id='word_1_409' title='bbox 849 3533 941 3577; x_wconf 90' lang='lat' dir='ltr'><strong>aut</strong></span> <span class='ocrx_word' id='word_1_410' title='bbox 971 3525 1137 3581; x_wconf 80' lang='lat' dir='ltr'><strong>Etins.</strong></span> <span class='ocrx_word' id='word_1_411' title='bbox 1191 3529 1289 3596; x_wconf 88' lang='lat' dir='ltr'><strong>Qui</strong></span> <span class='ocrx_word' id='word_1_412' title='bbox 1322 3531 1483 3600; x_wconf 77' lang='lat' dir='ltr'><strong>igitur</strong></span> <span class='ocrx_word' id='word_1_413' title='bbox 1527 3537 1579 3588; x_wconf 89' lang='lat' dir='ltr'><strong>in</strong></span> <span class='ocrx_word' id='word_1_414' title='bbox 1608 3540 2034 3598; x_wconf 81' lang='lat' dir='ltr'><strong>consideratione</strong></span> 
     </span>
    </p>
   </div>
   <div class='ocr_carea' id='block_1_55' title="bbox 478 3610 2065 3696">
    <p class='ocr_par' dir='ltr' id='par_1_55' title="bbox 478 3610 2065 3696">
     <span class='ocr_line' id='line_1_55' title="bbox 478 3610 2065 3696; baseline 0.018 -35"><span class='ocrx_word' id='word_1_415' title='bbox 478 3624 589 3662; x_wconf 77' lang='lat' dir='ltr'><strong>sua:</strong></span> <span class='ocrx_word' id='word_1_416' title='bbox 611 3610 935 3668; x_wconf 73' lang='lat' dir='ltr'><strong>infirmitatis</strong></span> <span class='ocrx_word' id='word_1_417' title='bbox 959 3618 1141 3672; x_wconf 85' lang='lat' dir='ltr'><strong>oculos</strong></span> <span class='ocrx_word' id='word_1_418' title='bbox 1171 3622 1394 3687; x_wconf 90' lang='lat' dir='ltr'><strong>mentis,</strong></span> <span class='ocrx_word' id='word_1_419' title='bbox 1434 3623 1559 3677; x_wconf 88' lang='lat' dir='ltr'><strong>dum</strong></span> <span class='ocrx_word' id='word_1_420' title='bbox 1592 3626 1832 3694; x_wconf 72' lang='lat' dir='ltr'><strong>iacerent</strong></span> <span class='ocrx_word' id='word_1_421' title='bbox 1858 3672 1873 3696; x_wconf 93' lang='lat'><strong>,</strong></span> <span class='ocrx_word' id='word_1_422' title='bbox 1903 3634 2033 3687; x_wconf 86' lang='lat' dir='ltr'><strong>dcﬁ-</strong></span> <span class='ocrx_word' id='word_1_423' title='bbox 2062 3686 2065 3687; x_wconf 32' lang='grc' dir='ltr'><em>ν</em></span> 
     </span>
    </p>
   </div>
   <div class='ocr_carea' id='block_1_56' title="bbox 480 3702 2027 3789">
    <p class='ocr_par' dir='ltr' id='par_1_56' title="bbox 480 3702 2027 3789">
     <span class='ocr_line' id='line_1_56' title="bbox 480 3702 2027 3789; baseline 0.017 -38"><span class='ocrx_word' id='word_1_424' title='bbox 480 3709 697 3765; x_wconf 74' lang='lat' dir='ltr'><strong>serant,</strong></span> <span class='ocrx_word' id='word_1_425' title='bbox 727 3702 824 3771; x_wconf 86' lang='lat' dir='ltr'><strong>ipsi</strong></span> <span class='ocrx_word' id='word_1_426' title='bbox 853 3716 1132 3775; x_wconf 79' lang='lat' dir='ltr'><strong>surgentes</strong></span> <span class='ocrx_word' id='word_1_427' title='bbox 1159 3708 1467 3767; x_wconf 86' lang='lat' dir='ltr'><strong>levaverunt</strong></span> <span class='ocrx_word' id='word_1_428' title='bbox 1514 3720 1726 3772; x_wconf 86' lang='lat' dir='ltr'><strong>eosdem</strong></span> <span class='ocrx_word' id='word_1_429' title='bbox 1759 3722 2027 3789; x_wconf 77' lang='lat' dir='ltr'><strong>Spiritales</strong></span> 
     </span>
    </p>
   </div>
   <div class='ocr_carea' id='block_1_57' title="bbox 473 3791 2025 3873">
    <p class='ocr_par' dir='ltr' id='par_1_57' title="bbox 473 3791 2025 3873">
     <span class='ocr_line' id='line_1_57' title="bbox 473 3791 2025 3873; baseline 0.017 -31"><span class='ocrx_word' id='word_1_430' title='bbox 473 3791 653 3844; x_wconf 89' lang='lat' dir='ltr'><strong>oculos</strong></span> <span class='ocrx_word' id='word_1_431' title='bbox 679 3794 744 3847; x_wconf 90' lang='lat' dir='ltr'><strong>ad</strong></span> <span class='ocrx_word' id='word_1_432' title='bbox 768 3794 983 3850; x_wconf 85' lang='lat' dir='ltr'><strong>altiores</strong></span> <span class='ocrx_word' id='word_1_433' title='bbox 1018 3796 1211 3852; x_wconf 75' lang='lat' dir='ltr'><strong>divina:</strong></span> <span class='ocrx_word' id='word_1_434' title='bbox 1255 3806 1737 3873; x_wconf 85' lang='lat' dir='ltr'><strong>contemplationis.</strong></span> <span class='ocrx_word' id='word_1_435' title='bbox 1788 3812 1854 3865; x_wconf 87' lang='lat' dir='ltr'><strong>Et</strong></span> <span class='ocrx_word' id='word_1_436' title='bbox 1899 3820 2025 3869; x_wconf 90' lang='lat' dir='ltr'><strong>tunc</strong></span> 
     </span>
    </p>
   </div>
   <div class='ocr_carea' id='block_1_58' title="bbox 474 3880 2027 3966">
    <p class='ocr_par' dir='ltr' id='par_1_58' title="bbox 474 3880 2027 3966">
     <span class='ocr_line' id='line_1_58' title="bbox 474 3880 2027 3966; baseline 0.019 -38"><span class='ocrx_word' id='word_1_437' title='bbox 474 3880 722 3931; x_wconf 86' lang='lat' dir='ltr'><strong>neminem</strong></span> <span class='ocrx_word' id='word_1_438' title='bbox 747 3882 977 3937; x_wconf 81' lang='lat' dir='ltr'><strong>viderunt</strong></span> <span class='ocrx_word' id='word_1_439' title='bbox 1004 3924 1021 3950; x_wconf 88' lang='lat'><strong>,</strong></span> <span class='ocrx_word' id='word_1_440' title='bbox 1053 3888 1150 3939; x_wconf 87' lang='lat' dir='ltr'><strong>nisi</strong></span> <span class='ocrx_word' id='word_1_441' title='bbox 1183 3889 1347 3944; x_wconf 86' lang='lat' dir='ltr'><strong>solum</strong></span> <span class='ocrx_word' id='word_1_442' title='bbox 1390 3892 1568 3949; x_wconf 81' lang='lat' dir='ltr'><strong>Jesum</strong></span> <span class='ocrx_word' id='word_1_443' title='bbox 1597 3914 1614 3953; x_wconf 87' lang='lat'><strong><em>:</em></strong></span> <span class='ocrx_word' id='word_1_444' title='bbox 1670 3900 1794 3966; x_wconf 84' lang='lat' dir='ltr'><strong>quia</strong></span> <span class='ocrx_word' id='word_1_445' title='bbox 1851 3902 2027 3958; x_wconf 87' lang='lat' dir='ltr'><strong>nullus</strong></span> 
     </span>
    </p>
   </div>
   <div class='ocr_carea' id='block_1_59' title="bbox 473 3969 2023 4058">
    <p class='ocr_par' dir='ltr' id='par_1_59' title="bbox 473 3969 2023 4058">
     <span class='ocr_line' id='line_1_59' title="bbox 473 3969 2023 4058; baseline 0.017 -39"><span class='ocrx_word' id='word_1_446' title='bbox 473 3978 557 4020; x_wconf 85' lang='lat' dir='ltr'><strong>est</strong></span> <span class='ocrx_word' id='word_1_447' title='bbox 585 3969 635 4020; x_wconf 92' lang='lat' dir='ltr'><strong>in</strong></span> <span class='ocrx_word' id='word_1_448' title='bbox 658 3971 823 4037; x_wconf 80' lang='lat' dir='ltr'><strong>gloria</strong></span> <span class='ocrx_word' id='word_1_449' title='bbox 850 3972 943 4026; x_wconf 84' lang='lat' dir='ltr'><strong>Dei</strong></span> <span class='ocrx_word' id='word_1_450' title='bbox 966 3974 1172 4044; x_wconf 86' lang='lat' dir='ltr'><strong>Patris,</strong></span> <span class='ocrx_word' id='word_1_451' title='bbox 1202 3979 1304 4033; x_wconf 87' lang='lat' dir='ltr'><strong>nisi</strong></span> <span class='ocrx_word' id='word_1_452' title='bbox 1326 3981 1742 4041; x_wconf 81' lang='lat' dir='ltr'><strong>DominusJesus</strong></span> <span class='ocrx_word' id='word_1_453' title='bbox 1761 3988 2023 4058; x_wconf 81' lang='lat' dir='ltr'><strong>Christus,</strong></span> 
     </span>
    </p>
   </div>
   <div class='ocr_carea' id='block_1_60' title="bbox 475 4058 2024 4136">
    <p class='ocr_par' dir='ltr' id='par_1_60' title="bbox 475 4058 2024 4136">
     <span class='ocr_line' id='line_1_60' title="bbox 475 4058 2024 4136; baseline 0.017 -28"><span class='ocrx_word' id='word_1_454' title='bbox 475 4067 527 4109; x_wconf 87' lang='lat' dir='ltr'><strong>et</strong></span> <span class='ocrx_word' id='word_1_455' title='bbox 549 4058 614 4110; x_wconf 86' lang='lat' dir='ltr'><strong>ad</strong></span> <span class='ocrx_word' id='word_1_456' title='bbox 635 4059 748 4125; x_wconf 85' lang='lat' dir='ltr'><strong>ejus</strong></span> <span class='ocrx_word' id='word_1_457' title='bbox 774 4066 1223 4131; x_wconf 87' lang='lat' dir='ltr'><strong>comparationem</strong></span> <span class='ocrx_word' id='word_1_458' title='bbox 1249 4070 1424 4125; x_wconf 91' lang='lat' dir='ltr'><strong>nullus</strong></span> <span class='ocrx_word' id='word_1_459' title='bbox 1453 4084 1759 4133; x_wconf 88' lang='lat' dir='ltr'><strong>sanctorum</strong></span> <span class='ocrx_word' id='word_1_460' title='bbox 1807 4090 1888 4133; x_wconf 88' lang='lat' dir='ltr'><strong>est</strong></span> <span class='ocrx_word' id='word_1_461' title='bbox 1930 4082 2024 4136; x_wconf 81' lang='lat' dir='ltr'><strong>ali-</strong></span> 
     </span>
    </p>
   </div>
   <div class='ocr_carea' id='block_1_61' title="bbox 473 4147 2022 4237">
    <p class='ocr_par' dir='ltr' id='par_1_61' title="bbox 473 4147 2022 4237">
     <span class='ocr_line' id='line_1_61' title="bbox 473 4147 2022 4237; baseline 0.02 -40"><span class='ocrx_word' id='word_1_462' title='bbox 473 4147 639 4215; x_wconf 89' lang='lat' dir='ltr'><strong>quid;</strong></span> <span class='ocrx_word' id='word_1_463' title='bbox 672 4163 985 4223; x_wconf 87' lang='lat' dir='ltr'><strong>cessantque</strong></span> <span class='ocrx_word' id='word_1_464' title='bbox 1022 4171 1179 4227; x_wconf 81' lang='lat' dir='ltr'><strong>voces</strong></span> <span class='ocrx_word' id='word_1_465' title='bbox 1228 4160 1360 4231; x_wconf 76' lang='lat' dir='ltr'><strong>legis</strong></span> <span class='ocrx_word' id='word_1_466' title='bbox 1394 4174 1449 4219; x_wconf 90' lang='lat' dir='ltr'><strong>et</strong></span> <span class='ocrx_word' id='word_1_467' title='bbox 1474 4167 1849 4235; x_wconf 85' lang='lat' dir='ltr'><strong>prophetarum</strong></span> <span class='ocrx_word' id='word_1_468' title='bbox 1879 4209 1899 4237; x_wconf 85' lang='lat'><strong>,</strong></span> <span class='ocrx_word' id='word_1_469' title='bbox 1932 4172 2022 4228; x_wconf 85' lang='lat' dir='ltr'><strong>ubi</strong></span> 
     </span>
    </p>
   </div>
   <div class='ocr_carea' id='block_1_62' title="bbox 473 4234 1863 4321">
    <p class='ocr_par' dir='ltr' id='par_1_62' title="bbox 473 4234 1863 4321">
     <span class='ocr_line' id='line_1_62' title="bbox 473 4234 1863 4321; baseline 0.018 -35"><span class='ocrx_word' id='word_1_470' title='bbox 473 4234 630 4289; x_wconf 79' lang='lat' dir='ltr'><strong>Pater</strong></span> <span class='ocrx_word' id='word_1_471' title='bbox 669 4252 795 4293; x_wconf 90' lang='lat' dir='ltr'><strong>voce</strong></span> <span class='ocrx_word' id='word_1_472' title='bbox 821 4245 1029 4311; x_wconf 86' lang='lat' dir='ltr'><strong>propria</strong></span> <span class='ocrx_word' id='word_1_473' title='bbox 1059 4244 1291 4302; x_wconf 82' lang='lat' dir='ltr'><strong>declarat</strong></span> <span class='ocrx_word' id='word_1_474' title='bbox 1318 4234 1657 4321; x_wconf 81' lang='lat' dir='ltr'><strong>Unigenitum</strong></span> <span class='ocrx_word' id='word_1_475' title='bbox 1689 4268 1863 4311; x_wconf 84' lang='lat' dir='ltr'><strong>suum.</strong></span> 
     </span>
    </p>
   </div>
   <div class='ocr_carea' id='block_1_63' title="bbox 539 4325 2017 4419">
    <p class='ocr_par' dir='ltr' id='par_1_63' title="bbox 539 4325 2017 4419">
     <span class='ocr_line' id='line_1_63' title="bbox 539 4325 2017 4419; baseline 0.018 -41"><span class='ocrx_word' id='word_1_476' title='bbox 539 4325 793 4395; x_wconf 89' lang='lat' dir='ltr'><strong>Sequitur</strong></span> <span class='ocrx_word' id='word_1_477' title='bbox 822 4348 834 4384; x_wconf 89' lang='lat'>:</span> <span class='ocrx_word' id='word_1_478' title='bbox 868 4331 932 4385; x_wconf 83' lang='lat' dir='ltr'><strong>Et</strong></span> <span class='ocrx_word' id='word_1_479' title='bbox 969 4335 1384 4393; x_wconf 74' lang='lat' dir='ltr'><strong>descendentibus</strong></span> <span class='ocrx_word' id='word_1_480' title='bbox 1425 4343 1530 4395; x_wconf 79' lang='lat' dir='ltr'><strong>illis</strong></span> <span class='ocrx_word' id='word_1_481' title='bbox 1552 4344 1615 4397; x_wconf 88' lang='lat' dir='ltr'><strong>de</strong></span> <span class='ocrx_word' id='word_1_482' title='bbox 1644 4356 1813 4402; x_wconf 86' lang='lat' dir='ltr'><strong>mante</strong></span> <span class='ocrx_word' id='word_1_483' title='bbox 1833 4387 1851 4410; x_wconf 89' lang='lat'><strong>,</strong></span> <span class='ocrx_word' id='word_1_484' title='bbox 1879 4366 2017 4419; x_wconf 77' lang='lat' dir='ltr'><strong>prte-</strong></span> 
     </span>
    </p>
   </div>
   <div class='ocr_carea' id='block_1_64' title="bbox 470 4420 2016 4507">
    <p class='ocr_par' dir='ltr' id='par_1_64' title="bbox 470 4420 2016 4507">
     <span class='ocr_line' id='line_1_64' title="bbox 470 4420 2016 4507; baseline 0.016 -37"><span class='ocrx_word' id='word_1_485' title='bbox 470 4421 597 4486; x_wconf 84' lang='lat' dir='ltr'><strong>cepit</strong></span> <span class='ocrx_word' id='word_1_486' title='bbox 642 4420 711 4472; x_wconf 87' lang='lat' dir='ltr'><strong>eis</strong></span> <span class='ocrx_word' id='word_1_487' title='bbox 732 4421 902 4488; x_wconf 73' lang='lat' dir='ltr'><strong>Iesus,</strong></span> <span class='ocrx_word' id='word_1_488' title='bbox 954 4428 1124 4480; x_wconf 81' lang='lat' dir='ltr'><strong>dicens</strong></span> <span class='ocrx_word' id='word_1_489' title='bbox 1146 4442 1163 4477; x_wconf 92' lang='lat'><strong><em>:</em></strong></span> <span class='ocrx_word' id='word_1_490' title='bbox 1196 4429 1405 4483; x_wconf 82' lang='lat' dir='ltr'><strong>Nemini</strong></span> <span class='ocrx_word' id='word_1_491' title='bbox 1455 4434 1977 4493; x_wconf 78' lang='lat' dir='ltr'><strong>dixeritis‘uisionem</strong></span> <span class='ocrx_word' id='word_1_492' title='bbox 2000 4481 2016 4507; x_wconf 90' lang='lat'><strong>,</strong></span> 
     </span>
    </p>
   </div>
   <div class='ocr_carea' id='block_1_65' title="bbox 469 4507 2016 4600">
    <p class='ocr_par' dir='ltr' id='par_1_65' title="bbox 469 4507 2016 4600">
     <span class='ocr_line' id='line_1_65' title="bbox 469 4507 2016 4600; baseline 0.017 -42"><span class='ocrx_word' id='word_1_493' title='bbox 469 4509 628 4560; x_wconf 81' lang='lat' dir='ltr'><strong>donec</strong></span> <span class='ocrx_word' id='word_1_494' title='bbox 656 4507 826 4562; x_wconf 81' lang='lat' dir='ltr'><strong>Filius</strong></span> <span class='ocrx_word' id='word_1_495' title='bbox 855 4513 1073 4566; x_wconf 83' lang='lat' dir='ltr'><strong>hominis</strong></span> <span class='ocrx_word' id='word_1_496' title='bbox 1096 4534 1126 4567; x_wconf 91' lang='lat' dir='ltr'><strong>a</strong></span> <span class='ocrx_word' id='word_1_497' title='bbox 1152 4522 1366 4571; x_wconf 86' lang='lat' dir='ltr'><strong>mortuis</strong></span> <span class='ocrx_word' id='word_1_498' title='bbox 1382 4534 1632 4590; x_wconf 84' lang='lat' dir='ltr'><strong>resurgat.</strong></span> <span class='ocrx_word' id='word_1_499' title='bbox 1656 4524 1829 4581; x_wconf 83' lang='lat' dir='ltr'><strong>Lucas</strong></span> <span class='ocrx_word' id='word_1_500' title='bbox 1842 4538 2016 4600; x_wconf 84' lang='lat' dir='ltr'><strong>autem</strong></span> 
     </span>
    </p>
   </div>
   <div class='ocr_carea' id='block_1_66' title="bbox 469 4597 2019 4689">
    <p class='ocr_par' dir='ltr' id='par_1_66' title="bbox 469 4597 2019 4689">
     <span class='ocr_line' id='line_1_66' title="bbox 469 4597 2019 4689; baseline 0.017 -43"><span class='ocrx_word' id='word_1_501' title='bbox 469 4597 861 4651; x_wconf 80' lang='lat' dir='ltr'><strong>observantiam</strong></span> <span class='ocrx_word' id='word_1_502' title='bbox 886 4602 1037 4668; x_wconf 82' lang='lat' dir='ltr'><strong>hujus</strong></span> <span class='ocrx_word' id='word_1_503' title='bbox 1061 4607 1306 4672; x_wconf 69' lang='lat' dir='ltr'><strong>przccepti</strong></span> <span class='ocrx_word' id='word_1_504' title='bbox 1343 4607 1534 4675; x_wconf 85' lang='lat' dir='ltr'><strong>refert,</strong></span> <span class='ocrx_word' id='word_1_505' title='bbox 1569 4612 1751 4667; x_wconf 85' lang='lat' dir='ltr'><strong>dicens</strong></span> <span class='ocrx_word' id='word_1_506' title='bbox 1780 4633 1791 4666; x_wconf 92' lang='lat'>:</span> <span class='ocrx_word' id='word_1_507' title='bbox 1827 4615 1895 4671; x_wconf 83' lang='lat' dir='ltr'><strong>Et</strong></span> <span class='ocrx_word' id='word_1_508' title='bbox 1917 4597 2019 4689; x_wconf 76' lang='lat' dir='ltr'><strong>ipsi</strong></span> 
     </span>
    </p>
   </div>
   <div class='ocr_carea' id='block_1_67' title="bbox 467 4692 2014 4777">
    <p class='ocr_par' dir='ltr' id='par_1_67' title="bbox 467 4692 2014 4777">
     <span class='ocr_line' id='line_1_67' title="bbox 467 4692 2014 4777; baseline 0.019 -42"><span class='ocrx_word' id='word_1_509' title='bbox 467 4694 777 4750; x_wconf 83' lang='lat' dir='ltr'><strong>tacuerunt,</strong></span> <span class='ocrx_word' id='word_1_510' title='bbox 807 4698 854 4740; x_wconf 78' lang='lat' dir='ltr'><strong>at</strong></span> <span class='ocrx_word' id='word_1_511' title='bbox 879 4692 1070 4744; x_wconf 86' lang='lat' dir='ltr'><strong>nemini</strong></span> <span class='ocrx_word' id='word_1_512' title='bbox 1112 4694 1351 4747; x_wconf 80' lang='lat' dir='ltr'><strong>dixerunt</strong></span> <span class='ocrx_word' id='word_1_513' title='bbox 1395 4698 1446 4749; x_wconf 85' lang='lat' dir='ltr'><strong>in</strong></span> <span class='ocrx_word' id='word_1_514' title='bbox 1497 4699 1600 4754; x_wconf 77' lang='lat' dir='ltr'><strong>illis</strong></span> <span class='ocrx_word' id='word_1_515' title='bbox 1635 4703 1810 4758; x_wconf 81' lang='lat' dir='ltr'><strong>diebus</strong></span> <span class='ocrx_word' id='word_1_516' title='bbox 1856 4709 2014 4777; x_wconf 84' lang='lat' dir='ltr'><strong>quid-</strong></span> 
     </span>
    </p>
   </div>
   <div class='ocr_carea' id='block_1_68' title="bbox 466 4776 2012 4860">
    <p class='ocr_par' dir='ltr' id='par_1_68' title="bbox 466 4776 2012 4860">
     <span class='ocr_line' id='line_1_68' title="bbox 466 4776 2012 4860; baseline 0.018 -35"><span class='ocrx_word' id='word_1_517' title='bbox 466 4784 624 4841; x_wconf 79' lang='lat' dir='ltr'><strong>qua‘m</strong></span> <span class='ocrx_word' id='word_1_518' title='bbox 653 4791 715 4827; x_wconf 75' lang='lat' dir='ltr'><strong>ex</strong></span> <span class='ocrx_word' id='word_1_519' title='bbox 748 4776 824 4830; x_wconf 79' lang='lat' dir='ltr'><strong>his</strong></span> <span class='ocrx_word' id='word_1_520' title='bbox 872 4795 987 4848; x_wconf 78' lang='lat' dir='ltr'><strong>qua:</strong></span> <span class='ocrx_word' id='word_1_521' title='bbox 1038 4781 1267 4836; x_wconf 72' lang='lat' dir='ltr'><strong>viderant</strong></span> <span class='ocrx_word' id='word_1_522' title='bbox 1318 4784 1466 4855; x_wconf 83' lang='lat' dir='ltr'><strong>(Luc.</strong></span> <span class='ocrx_word' id='word_1_523' title='bbox 1499 4803 1582 4853; x_wconf 81' lang='lat' dir='ltr'><strong>ix,</strong></span> <span class='ocrx_word' id='word_1_524' title='bbox 1622 4790 1734 4860; x_wconf 73' lang='lat'><strong>56).</strong></span> <span class='ocrx_word' id='word_1_525' title='bbox 1762 4776 2012 4853; x_wconf 82' lang='lat' dir='ltr'><strong>Dominus</strong></span> 
     </span>
    </p>
   </div>
   <div class='ocr_carea' id='block_1_69' title="bbox 465 4866 2017 4955">
    <p class='ocr_par' dir='ltr' id='par_1_69' title="bbox 465 4866 2017 4955">
     <span class='ocr_line' id='line_1_69' title="bbox 465 4866 2017 4955; baseline 0.018 -43"><span class='ocrx_word' id='word_1_526' title='bbox 465 4878 593 4915; x_wconf 88' lang='lat' dir='ltr'><strong>vero</strong></span> <span class='ocrx_word' id='word_1_527' title='bbox 615 4866 868 4919; x_wconf 86' lang='lat' dir='ltr'><strong>visionem</strong></span> <span class='ocrx_word' id='word_1_528' title='bbox 913 4880 1141 4923; x_wconf 80' lang='lat' dir='ltr'><strong>ostensa:</strong></span> <span class='ocrx_word' id='word_1_529' title='bbox 1187 4885 1296 4925; x_wconf 75' lang='lat' dir='ltr'><strong>sure</strong></span> <span class='ocrx_word' id='word_1_530' title='bbox 1352 4874 1645 4940; x_wconf 85' lang='lat' dir='ltr'><strong>majestatis</strong></span> <span class='ocrx_word' id='word_1_531' title='bbox 1697 4882 1763 4935; x_wconf 89' lang='lat' dir='ltr'><strong>ad</strong></span> <span class='ocrx_word' id='word_1_532' title='bbox 1808 4892 2017 4955; x_wconf 90' lang='lat' dir='ltr'><strong>tempus</strong></span> 
     </span>
    </p>
   </div>
   <div class='ocr_carea' id='block_1_70' title="bbox 469 4950 2019 5039">
    <p class='ocr_par' dir='ltr' id='par_1_70' title="bbox 469 4950 2019 5039">
     <span class='ocr_line' id='line_1_70' title="bbox 469 4950 2019 5039; baseline 0.017 -37"><span class='ocrx_word' id='word_1_533' title='bbox 469 4952 630 5003; x_wconf 85' lang='lat' dir='ltr'><strong>taceri</strong></span> <span class='ocrx_word' id='word_1_534' title='bbox 657 4950 843 5019; x_wconf 87' lang='lat' dir='ltr'><strong>jussit,</strong></span> <span class='ocrx_word' id='word_1_535' title='bbox 877 4969 940 5008; x_wconf 89' lang='lat' dir='ltr'><strong>ne</strong></span> <span class='ocrx_word' id='word_1_536' title='bbox 977 4958 1019 5009; x_wconf 90' lang='lat' dir='ltr'><strong>si</strong></span> <span class='ocrx_word' id='word_1_537' title='bbox 1049 4957 1220 5025; x_wconf 87' lang='lat' dir='ltr'><strong>palam</strong></span> <span class='ocrx_word' id='word_1_538' title='bbox 1252 4961 1557 5030; x_wconf 82' lang='lat' dir='ltr'><strong>vulgaretur</strong></span> <span class='ocrx_word' id='word_1_539' title='bbox 1585 4966 1636 5020; x_wconf 93' lang='lat' dir='ltr'><strong>in</strong></span> <span class='ocrx_word' id='word_1_540' title='bbox 1662 4971 1902 5039; x_wconf 88' lang='lat' dir='ltr'><strong>populos,</strong></span> <span class='ocrx_word' id='word_1_541' title='bbox 1926 4984 2019 5029; x_wconf 90' lang='lat' dir='ltr'><strong>aut</strong></span> 
     </span>
    </p>
   </div>
   <div class='ocr_carea' id='block_1_71' title="bbox 466 5038 2013 5132">
    <p class='ocr_par' dir='ltr' id='par_1_71' title="bbox 466 5038 2013 5132">
     <span class='ocr_line' id='line_1_71' title="bbox 466 5038 2013 5132; baseline 0.019 -41"><span class='ocrx_word' id='word_1_542' title='bbox 466 5038 916 5119; x_wconf 82' lang='lat' dir='ltr'><strong>dispensationem</strong></span> <span class='ocrx_word' id='word_1_543' title='bbox 941 5049 1200 5118; x_wconf 81' lang='lat' dir='ltr'><strong>passionis</strong></span> <span class='ocrx_word' id='word_1_544' title='bbox 1240 5051 1379 5105; x_wconf 89' lang='lat' dir='ltr'><strong>illius</strong></span> <span class='ocrx_word' id='word_1_545' title='bbox 1413 5054 1549 5107; x_wconf 88' lang='lat' dir='ltr'><strong>idem</strong></span> <span class='ocrx_word' id='word_1_546' title='bbox 1596 5060 1771 5127; x_wconf 89' lang='lat' dir='ltr'><strong>populi</strong></span> <span class='ocrx_word' id='word_1_547' title='bbox 1807 5063 2013 5132; x_wconf 85' lang='lat' dir='ltr'><strong>princi-</strong></span> 
     </span>
    </p>
   </div>
   <div class='ocr_carea' id='block_1_72' title="bbox 463 5127 2010 5209">
    <p class='ocr_par' dir='ltr' id='par_1_72' title="bbox 463 5127 2010 5209">
     <span class='ocr_line' id='line_1_72' title="bbox 463 5127 2010 5209; baseline 0.023 -35"><span class='ocrx_word' id='word_1_548' title='bbox 463 5127 620 5194; x_wconf 86' lang='lat' dir='ltr'><strong>pibus</strong></span> <span class='ocrx_word' id='word_1_549' title='bbox 651 5136 985 5199; x_wconf 81' lang='lat' dir='ltr'><strong>repugnando</strong></span> <span class='ocrx_word' id='word_1_550' title='bbox 1025 5137 1361 5206; x_wconf 86' lang='lat' dir='ltr'><strong>impedirent,</strong></span> <span class='ocrx_word' id='word_1_551' title='bbox 1385 5153 1438 5195; x_wconf 87' lang='lat' dir='ltr'><strong>et</strong></span> <span class='ocrx_word' id='word_1_552' title='bbox 1457 5145 1534 5198; x_wconf 92' lang='lat' dir='ltr'><strong>sic</strong></span> <span class='ocrx_word' id='word_1_553' title='bbox 1560 5147 1801 5205; x_wconf 77' lang='lat' dir='ltr'><strong>humana:</strong></span> <span class='ocrx_word' id='word_1_554' title='bbox 1824 5154 2010 5209; x_wconf 85' lang='lat' dir='ltr'><strong>salutis</strong></span> 
     </span>
    </p>
   </div>
   <div class='ocr_carea' id='block_1_73' title="bbox 462 5214 2007 5301">
    <p class='ocr_par' dir='ltr' id='par_1_73' title="bbox 462 5214 2007 5301">
     <span class='ocr_line' id='line_1_73' title="bbox 462 5214 2007 5301; baseline 0.02 -33"><span class='ocrx_word' id='word_1_555' title='bbox 462 5214 725 5282; x_wconf 74' lang='lat' dir='ltr'><strong>effectus,</strong></span> <span class='ocrx_word' id='word_1_556' title='bbox 784 5224 872 5287; x_wconf 86' lang='lat' dir='ltr'><strong>qui</strong></span> <span class='ocrx_word' id='word_1_557' title='bbox 920 5238 1012 5290; x_wconf 89' lang='lat' dir='ltr'><strong>per</strong></span> <span class='ocrx_word' id='word_1_558' title='bbox 1064 5230 1369 5295; x_wconf 74' lang='lat' dir='ltr'><strong>sanguinem</strong></span> <span class='ocrx_word' id='word_1_559' title='bbox 1409 5233 1528 5301; x_wconf 87' lang='lat' dir='ltr'><strong>ejus</strong></span> <span class='ocrx_word' id='word_1_560' title='bbox 1579 5250 1692 5291; x_wconf 82' lang='lat' dir='ltr'><strong>erat</strong></span> <span class='ocrx_word' id='word_1_561' title='bbox 1753 5252 2007 5299; x_wconf 88' lang='lat' dir='ltr'><strong>venturus</strong></span> 
     </span>
    </p>
   </div>
   <div class='ocr_carea' id='block_1_74' title="bbox 462 5308 2003 5391">
    <p class='ocr_par' dir='ltr' id='par_1_74' title="bbox 462 5308 2003 5391">
     <span class='ocr_line' id='line_1_74' title="bbox 462 5308 2003 5391; baseline 0.019 -33"><span class='ocrx_word' id='word_1_562' title='bbox 462 5308 867 5362; x_wconf 84' lang='lat' dir='ltr'><strong>retardaretur:</strong></span> <span class='ocrx_word' id='word_1_563' title='bbox 908 5324 998 5366; x_wconf 88' lang='lat' dir='ltr'><strong>aut</strong></span> <span class='ocrx_word' id='word_1_564' title='bbox 1031 5327 1173 5371; x_wconf 87' lang='lat' dir='ltr'><strong>certe</strong></span> <span class='ocrx_word' id='word_1_565' title='bbox 1200 5320 1282 5385; x_wconf 93' lang='lat' dir='ltr'><strong>hi,</strong></span> <span class='ocrx_word' id='word_1_566' title='bbox 1319 5325 1407 5391; x_wconf 90' lang='lat' dir='ltr'><strong>qui</strong></span> <span class='ocrx_word' id='word_1_567' title='bbox 1459 5330 1697 5382; x_wconf 83' lang='lat' dir='ltr'><strong>eamdem</strong></span> <span class='ocrx_word' id='word_1_568' title='bbox 1746 5332 2003 5388; x_wconf 85' lang='lat' dir='ltr'><strong>visionem</strong></span> 
     </span>
    </p>
   </div>
   <div class='ocr_carea' id='block_1_75' title="bbox 467 5586 1997 5677">
    <p class='ocr_par' dir='ltr' id='par_1_75' title="bbox 467 5586 1997 5677">
     <span class='ocr_line' id='line_1_75' title="bbox 467 5586 1997 5677; baseline 0.025 -53"><span class='ocrx_word' id='word_1_569' title='bbox 467 5589 525 5626; x_wconf 89' lang='lat' dir='ltr'><strong>ac</strong></span> <span class='ocrx_word' id='word_1_570' title='bbox 553 5586 935 5643; x_wconf 85' lang='lat' dir='ltr'><strong>resurrectione</strong></span> <span class='ocrx_word' id='word_1_571' title='bbox 973 5598 1027 5645; x_wconf 86' lang='lat' dir='ltr'><strong>et</strong></span> <span class='ocrx_word' id='word_1_572' title='bbox 1048 5594 1354 5652; x_wconf 61' lang='lat' dir='ltr'><strong>ascensione</strong></span> <span class='ocrx_word' id='word_1_573' title='bbox 1380 5600 1492 5669; x_wconf 67' lang='lat' dir='ltr'><strong>ejus</strong></span> <span class='ocrx_word' id='word_1_574' title='bbox 1518 5604 1567 5657; x_wconf 88' lang='lat' dir='ltr'><strong>in</strong></span> <span class='ocrx_word' id='word_1_575' title='bbox 1590 5608 1799 5670; x_wconf 73' lang='lat' dir='ltr'><strong>uelum,</strong></span> <span class='ocrx_word' id='word_1_576' title='bbox 1830 5611 1997 5677; x_wconf 65' lang='lat' dir='ltr'><strong>reple-</strong></span> 
     </span>
    </p>
   </div>
   <div class='ocr_carea' id='block_1_76' title="bbox 2162 1854 3714 1926">
    <p class='ocr_par' dir='ltr' id='par_1_76' title="bbox 2162 1854 3714 1926">
     <span class='ocr_line' id='line_1_76' title="bbox 2162 1854 3714 1926; baseline 0.01 -19"><span class='ocrx_word' id='word_1_577' title='bbox 2162 1854 2441 1908; x_wconf 79' lang='lat' dir='ltr'><strong>venientem</strong></span> <span class='ocrx_word' id='word_1_578' title='bbox 2492 1856 2546 1908; x_wconf 90' lang='lat' dir='ltr'><strong>in</strong></span> <span class='ocrx_word' id='word_1_579' title='bbox 2605 1872 2757 1926; x_wconf 78' lang='lat' dir='ltr'><strong>regno</strong></span> <span class='ocrx_word' id='word_1_580' title='bbox 2808 1875 2922 1913; x_wconf 88' lang='lat' dir='ltr'><strong>suo.</strong></span> <span class='ocrx_word' id='word_1_581' title='bbox 2970 1860 3136 1917; x_wconf 89' lang='lat' dir='ltr'><strong>Filius</strong></span> <span class='ocrx_word' id='word_1_582' title='bbox 3190 1863 3421 1921; x_wconf 86' lang='lat' dir='ltr'><strong>hominis</strong></span> <span class='ocrx_word' id='word_1_583' title='bbox 3478 1882 3582 1921; x_wconf 93' lang='lat' dir='ltr'><strong>non</strong></span> <span class='ocrx_word' id='word_1_584' title='bbox 3618 1868 3714 1922; x_wconf 86' lang='lat' dir='ltr'><strong>ab-</strong></span> 
     </span>
    </p>
   </div>
   <div class='ocr_carea' id='block_1_77' title="bbox 2154 1945 3719 2025">
    <p class='ocr_par' dir='ltr' id='par_1_77' title="bbox 2154 1945 3719 2025">
     <span class='ocr_line' id='line_1_77' title="bbox 2154 1945 3719 2025; baseline 0.006 -28"><span class='ocrx_word' id='word_1_585' title='bbox 2154 1945 2313 1998; x_wconf 87' lang='lat' dir='ltr'><strong>surde</strong></span> <span class='ocrx_word' id='word_1_586' title='bbox 2362 1946 2670 2017; x_wconf 83' lang='lat' dir='ltr'><strong>intelligitur</strong></span> <span class='ocrx_word' id='word_1_587' title='bbox 2714 1950 3050 2020; x_wconf 78' lang='lat' dir='ltr'><strong>cvangciicus</strong></span> <span class='ocrx_word' id='word_1_588' title='bbox 3095 1968 3304 2017; x_wconf 87' lang='lat' dir='ltr'><strong>sermo,</strong></span> <span class='ocrx_word' id='word_1_589' title='bbox 3344 1950 3467 2025; x_wconf 86' lang='lat' dir='ltr'><strong>quia</strong></span> <span class='ocrx_word' id='word_1_590' title='bbox 3512 1958 3719 2012; x_wconf 82' lang='lat' dir='ltr'><strong>Media-_</strong></span> 
     </span>
    </p>
   </div>
   <div class='ocr_carea' id='block_1_78' title="bbox 2152 2034 3709 2119">
    <p class='ocr_par' dir='ltr' id='par_1_78' title="bbox 2152 2034 3709 2119">
     <span class='ocr_line' id='line_1_78' title="bbox 2152 2034 3709 2119; baseline 0.01 -32"><span class='ocrx_word' id='word_1_591' title='bbox 2152 2043 2234 2088; x_wconf 89' lang='lat' dir='ltr'><strong>tor</strong></span> <span class='ocrx_word' id='word_1_592' title='bbox 2256 2034 2350 2088; x_wconf 85' lang='lat' dir='ltr'><strong>Dei</strong></span> <span class='ocrx_word' id='word_1_593' title='bbox 2374 2045 2419 2089; x_wconf 87' lang='lat' dir='ltr'><strong>ct</strong></span> <span class='ocrx_word' id='word_1_594' title='bbox 2450 2036 2711 2092; x_wconf 79' lang='lat' dir='ltr'><strong>hominum</strong></span> <span class='ocrx_word' id='word_1_595' title='bbox 2737 2041 2889 2094; x_wconf 83' lang='lat' dir='ltr'><strong>homo</strong></span> <span class='ocrx_word' id='word_1_596' title='bbox 2912 2040 3145 2097; x_wconf 81' lang='lat' dir='ltr'><strong>Christus</strong></span> <span class='ocrx_word' id='word_1_597' title='bbox 3165 2044 3317 2099; x_wconf 85' lang='lat' dir='ltr'><strong>Jcstts</strong></span> <span class='ocrx_word' id='word_1_598' title='bbox 3345 2047 3396 2116; x_wconf 87' lang='lat' dir='ltr'><strong>(I</strong></span> <span class='ocrx_word' id='word_1_599' title='bbox 3427 2046 3709 2119; x_wconf 82' lang='lat' dir='ltr'><strong>Tim.tt,5),</strong></span> 
     </span>
    </p>
   </div>
   <div class='ocr_carea' id='block_1_79' title="bbox 2150 2124 3709 2201">
    <p class='ocr_par' dir='ltr' id='par_1_79' title="bbox 2150 2124 3709 2201">
     <span class='ocr_line' id='line_1_79' title="bbox 2150 2124 3709 2201; baseline 0.011 -26"><span class='ocrx_word' id='word_1_600' title='bbox 2150 2136 2272 2176; x_wconf 87' lang='lat' dir='ltr'><strong>eum</strong></span> <span class='ocrx_word' id='word_1_601' title='bbox 2327 2124 2530 2192; x_wconf 79' lang='lat' dir='ltr'><strong>genuit,</strong></span> <span class='ocrx_word' id='word_1_602' title='bbox 2558 2126 2659 2180; x_wconf 88' lang='lat' dir='ltr'><strong>hoc</strong></span> <span class='ocrx_word' id='word_1_603' title='bbox 2710 2136 2835 2192; x_wconf 85' lang='lat' dir='ltr'><strong>est,</strong></span> <span class='ocrx_word' id='word_1_604' title='bbox 2895 2144 2960 2184; x_wconf 74' lang='lat' dir='ltr'><strong>cx</strong></span> <span class='ocrx_word' id='word_1_605' title='bbox 3019 2145 3087 2185; x_wconf 84' lang='lat' dir='ltr'><strong>se</strong></span> <span class='ocrx_word' id='word_1_606' title='bbox 3124 2133 3361 2200; x_wconf 88' lang='lat' dir='ltr'><strong>protulit.</strong></span> <span class='ocrx_word' id='word_1_607' title='bbox 3407 2135 3537 2201; x_wconf 86' lang='lat' dir='ltr'><strong>Qui,</strong></span> <span class='ocrx_word' id='word_1_608' title='bbox 3602 2139 3709 2192; x_wconf 83' lang='lat' dir='ltr'><strong>sci-</strong></span> 
     </span>
    </p>
   </div>
   <div class='ocr_carea' id='block_1_80' title="bbox 2149 2209 3711 2287">
    <p class='ocr_par' dir='ltr' id='par_1_80' title="bbox 2149 2209 3711 2287">
     <span class='ocr_line' id='line_1_80' title="bbox 2149 2209 3711 2287; baseline 0.012 -26"><span class='ocrx_word' id='word_1_609' title='bbox 2149 2209 2301 2277; x_wconf 89' lang='lat' dir='ltr'><strong>licet,</strong></span> <span class='ocrx_word' id='word_1_610' title='bbox 2335 2224 2511 2265; x_wconf 89' lang='lat' dir='ltr'><strong>scrmo</strong></span> <span class='ocrx_word' id='word_1_611' title='bbox 2553 2214 2761 2268; x_wconf 86' lang='lat' dir='ltr'><strong>videtur</strong></span> <span class='ocrx_word' id='word_1_612' title='bbox 2816 2216 2867 2269; x_wconf 88' lang='lat' dir='ltr'><strong>in</strong></span> <span class='ocrx_word' id='word_1_613' title='bbox 2916 2233 3071 2287; x_wconf 87' lang='lat' dir='ltr'><strong>regno</strong></span> <span class='ocrx_word' id='word_1_614' title='bbox 3119 2215 3244 2285; x_wconf 78' lang='lat' dir='ltr'><strong>suo,</strong></span> <span class='ocrx_word' id='word_1_615' title='bbox 3285 2223 3409 2275; x_wconf 87' lang='lat' dir='ltr'><strong>dum</strong></span> <span class='ocrx_word' id='word_1_616' title='bbox 3455 2224 3632 2278; x_wconf 90' lang='lat' dir='ltr'><strong>clarus</strong></span> <span class='ocrx_word' id='word_1_617' title='bbox 3656 2234 3711 2281; x_wconf 83' lang='lat' dir='ltr'><strong>et</strong></span> 
     </span>
    </p>
   </div>
   <div class='ocr_carea' id='block_1_81' title="bbox 2145 2308 3708 2375">
    <p class='ocr_par' dir='ltr' id='par_1_81' title="bbox 2145 2308 3708 2375">
     <span class='ocr_line' id='line_1_81' title="bbox 2145 2308 3708 2375; baseline 0.011 -23"><span class='ocrx_word' id='word_1_618' title='bbox 2145 2308 2334 2368; x_wconf 87' lang='lat' dir='ltr'><strong>potens</strong></span> <span class='ocrx_word' id='word_1_619' title='bbox 2361 2312 2612 2370; x_wconf 86' lang='lat' dir='ltr'><strong>apparet,</strong></span> <span class='ocrx_word' id='word_1_620' title='bbox 2643 2315 2780 2359; x_wconf 89' lang='lat' dir='ltr'><strong>utet</strong></span> <span class='ocrx_word' id='word_1_621' title='bbox 2808 2319 2905 2375; x_wconf 88' lang='lat' dir='ltr'><strong>per</strong></span> <span class='ocrx_word' id='word_1_622' title='bbox 2927 2308 3227 2364; x_wconf 87' lang='lat' dir='ltr'><strong>claritatem</strong></span> <span class='ocrx_word' id='word_1_623' title='bbox 3265 2310 3525 2367; x_wconf 89' lang='lat' dir='ltr'><strong>iiiuminct</strong></span> <span class='ocrx_word' id='word_1_624' title='bbox 3558 2332 3708 2369; x_wconf 64' lang='lat' dir='ltr'><strong>mem</strong></span> 
     </span>
    </p>
   </div>
   <div class='ocr_carea' id='block_1_82' title="bbox 2147 2388 3707 2473">
    <p class='ocr_par' dir='ltr' id='par_1_82' title="bbox 2147 2388 3707 2473">
     <span class='ocr_line' id='line_1_82' title="bbox 2147 2388 3707 2473; baseline 0.01 -32"><span class='ocrx_word' id='word_1_625' title='bbox 2147 2394 2228 2442; x_wconf 88' lang='lat' dir='ltr'><strong>tes</strong></span> <span class='ocrx_word' id='word_1_626' title='bbox 2248 2388 2577 2445; x_wconf 86' lang='lat' dir='ltr'><strong>audientium</strong></span> <span class='ocrx_word' id='word_1_627' title='bbox 2597 2433 2612 2457; x_wconf 91' lang='lat'><strong>,</strong></span> <span class='ocrx_word' id='word_1_628' title='bbox 2636 2400 2691 2447; x_wconf 90' lang='lat' dir='ltr'><strong>et</strong></span> <span class='ocrx_word' id='word_1_629' title='bbox 2714 2407 2810 2467; x_wconf 87' lang='lat' dir='ltr'><strong>per</strong></span> <span class='ocrx_word' id='word_1_630' title='bbox 2831 2396 3121 2464; x_wconf 88' lang='lat' dir='ltr'><strong>potentiam</strong></span> <span class='ocrx_word' id='word_1_631' title='bbox 3148 2398 3359 2455; x_wconf 88' lang='lat' dir='ltr'><strong>virtutis</strong></span> <span class='ocrx_word' id='word_1_632' title='bbox 3383 2394 3554 2456; x_wconf 86' lang='lat' dir='ltr'><strong>sancti</strong></span> <span class='ocrx_word' id='word_1_633' title='bbox 3586 2402 3707 2473; x_wconf 85' lang='lat' dir='ltr'><strong>Spi-</strong></span> 
     </span>
    </p>
   </div>
   <div class='ocr_carea' id='block_1_83' title="bbox 2146 2481 3707 2571">
    <p class='ocr_par' dir='ltr' id='par_1_83' title="bbox 2146 2481 3707 2571">
     <span class='ocr_line' id='line_1_83' title="bbox 2146 2481 3707 2571; baseline 0.014 -37"><span class='ocrx_word' id='word_1_634' title='bbox 2146 2481 2281 2536; x_wconf 89' lang='lat' dir='ltr'><strong>ritus</strong></span> <span class='ocrx_word' id='word_1_635' title='bbox 2304 2498 2397 2538; x_wconf 86' lang='lat' dir='ltr'><strong>eas</strong></span> <span class='ocrx_word' id='word_1_636' title='bbox 2417 2487 2761 2554; x_wconf 87' lang='lat' dir='ltr'><strong>corroboret,</strong></span> <span class='ocrx_word' id='word_1_637' title='bbox 2792 2499 3058 2559; x_wconf 88' lang='lat' dir='ltr'><strong>quatenus</strong></span> <span class='ocrx_word' id='word_1_638' title='bbox 3084 2492 3151 2547; x_wconf 91' lang='lat' dir='ltr'><strong>ab</strong></span> <span class='ocrx_word' id='word_1_639' title='bbox 3177 2496 3255 2550; x_wconf 87' lang='lat' dir='ltr'><strong>eis</strong></span> <span class='ocrx_word' id='word_1_640' title='bbox 3292 2506 3347 2550; x_wconf 83' lang='lat' dir='ltr'><strong>et</strong></span> <span class='ocrx_word' id='word_1_641' title='bbox 3380 2497 3707 2571; x_wconf 79' lang='lat' dir='ltr'><strong>intelligatur</strong></span> 
     </span>
    </p>
   </div>
   <div class='ocr_carea' id='block_1_84' title="bbox 2145 2573 3703 2657">
    <p class='ocr_par' dir='ltr' id='par_1_84' title="bbox 2145 2573 3703 2657">
     <span class='ocr_line' id='line_1_84' title="bbox 2145 2573 3703 2657; baseline 0.015 -34"><span class='ocrx_word' id='word_1_642' title='bbox 2145 2579 2199 2623; x_wconf 88' lang='lat' dir='ltr'><strong>et</strong></span> <span class='ocrx_word' id='word_1_643' title='bbox 2220 2585 2384 2640; x_wconf 87' lang='lat' dir='ltr'><strong>opere</strong></span> <span class='ocrx_word' id='word_1_644' title='bbox 2405 2573 2753 2643; x_wconf 87' lang='lat' dir='ltr'><strong>compleatur.</strong></span> <span class='ocrx_word' id='word_1_645' title='bbox 2813 2577 2922 2634; x_wconf 84' lang='lat' dir='ltr'><strong>Nec</strong></span> <span class='ocrx_word' id='word_1_646' title='bbox 2948 2592 3167 2651; x_wconf 78' lang='lat' dir='ltr'><strong>gustant</strong></span> <span class='ocrx_word' id='word_1_647' title='bbox 3222 2596 3447 2657; x_wconf 73' lang='lat' dir='ltr'><strong>mortem</strong></span> <span class='ocrx_word' id='word_1_648' title='bbox 3473 2630 3489 2655; x_wconf 94' lang='lat'><strong>,</strong></span> <span class='ocrx_word' id='word_1_649' title='bbox 3534 2591 3703 2647; x_wconf 84' lang='lat' dir='ltr'><strong>donec</strong></span> 
     </span>
    </p>
   </div>
   <div class='ocr_carea' id='block_1_85' title="bbox 2144 2660 3700 2749">
    <p class='ocr_par' dir='ltr' id='par_1_85' title="bbox 2144 2660 3700 2749">
     <span class='ocr_line' id='line_1_85' title="bbox 2144 2660 3700 2749; baseline 0.015 -37"><span class='ocrx_word' id='word_1_650' title='bbox 2144 2672 2266 2713; x_wconf 89' lang='lat' dir='ltr'><strong>eum</strong></span> <span class='ocrx_word' id='word_1_651' title='bbox 2291 2660 2449 2718; x_wconf 87' lang='lat' dir='ltr'><strong>talem</strong></span> <span class='ocrx_word' id='word_1_652' title='bbox 2485 2663 2731 2732; x_wconf 86' lang='lat' dir='ltr'><strong>videant,</strong></span> <span class='ocrx_word' id='word_1_653' title='bbox 2765 2668 2855 2737; x_wconf 87' lang='lat' dir='ltr'><strong>qui</strong></span> <span class='ocrx_word' id='word_1_654' title='bbox 2884 2670 3201 2749; x_wconf 73' lang='lat' dir='ltr'><strong>priusquam</strong></span> <span class='ocrx_word' id='word_1_655' title='bbox 3233 2677 3421 2731; x_wconf 91' lang='lat' dir='ltr'><strong>mortis</strong></span> <span class='ocrx_word' id='word_1_656' title='bbox 3466 2678 3700 2735; x_wconf 85' lang='lat' dir='ltr'><strong>debitum</strong></span> 
     </span>
    </p>
   </div>
   <div class='ocr_carea' id='block_1_86' title="bbox 2143 2746 3697 2835">
    <p class='ocr_par' dir='ltr' id='par_1_86' title="bbox 2143 2746 3697 2835">
     <span class='ocr_line' id='line_1_86' title="bbox 2143 2746 3697 2835; baseline 0.015 -36"><span class='ocrx_word' id='word_1_657' title='bbox 2143 2746 2371 2814; x_wconf 87' lang='lat' dir='ltr'><strong>solvant,</strong></span> <span class='ocrx_word' id='word_1_658' title='bbox 2394 2750 2459 2803; x_wconf 85' lang='lat' dir='ltr'><strong>ad</strong></span> <span class='ocrx_word' id='word_1_659' title='bbox 2485 2766 2731 2823; x_wconf 80' lang='lat' dir='ltr'><strong>magnam</strong></span> <span class='ocrx_word' id='word_1_660' title='bbox 2754 2755 2867 2822; x_wconf 85' lang='lat' dir='ltr'><strong>ejus</strong></span> <span class='ocrx_word' id='word_1_661' title='bbox 2886 2746 3250 2826; x_wconf 70' lang='lat' dir='ltr'><strong>provehantur</strong></span> <span class='ocrx_word' id='word_1_662' title='bbox 3271 2763 3697 2835; x_wconf 82' lang='lat' dir='ltr'><strong>intelligentiam,</strong></span> 
     </span>
    </p>
   </div>
   <div class='ocr_carea' id='block_1_87' title="bbox 2141 2837 3700 2923">
    <p class='ocr_par' dir='ltr' id='par_1_87' title="bbox 2141 2837 3700 2923">
     <span class='ocr_line' id='line_1_87' title="bbox 2141 2837 3700 2923; baseline 0.014 -32"><span class='ocrx_word' id='word_1_663' title='bbox 2141 2847 2197 2891; x_wconf 85' lang='lat' dir='ltr'><strong>et</strong></span> <span class='ocrx_word' id='word_1_664' title='bbox 2223 2853 2412 2907; x_wconf 78' lang='lat' dir='ltr'><strong>magna</strong></span> <span class='ocrx_word' id='word_1_665' title='bbox 2440 2837 2564 2895; x_wconf 82' lang='lat' dir='ltr'><strong>eum</strong></span> <span class='ocrx_word' id='word_1_666' title='bbox 2593 2843 2788 2901; x_wconf 87' lang='lat' dir='ltr'><strong>virtute</strong></span> <span class='ocrx_word' id='word_1_667' title='bbox 2811 2842 3029 2916; x_wconf 84' lang='lat' dir='ltr'><strong>operum</strong></span> <span class='ocrx_word' id='word_1_668' title='bbox 3057 2850 3363 2923; x_wconf 72' lang='lat' dir='ltr'><strong>adiniplent.</strong></span> <span class='ocrx_word' id='word_1_669' title='bbox 3390 2855 3498 2911; x_wconf 88' lang='lat' dir='ltr'><strong>Nec</strong></span> <span class='ocrx_word' id='word_1_670' title='bbox 3525 2861 3700 2912; x_wconf 89' lang='lat' dir='ltr'><strong>omni-</strong></span> 
     </span>
    </p>
   </div>
   <div class='ocr_carea' id='block_1_88' title="bbox 2142 2928 3697 3009">
    <p class='ocr_par' dir='ltr' id='par_1_88' title="bbox 2142 2928 3697 3009">
     <span class='ocr_line' id='line_1_88' title="bbox 2142 2928 3697 3009; baseline 0.015 -26"><span class='ocrx_word' id='word_1_671' title='bbox 2142 2928 2243 2984; x_wconf 80' lang='lat' dir='ltr'><strong>bus</strong></span> <span class='ocrx_word' id='word_1_672' title='bbox 2269 2930 2480 2988; x_wconf 88' lang='lat' dir='ltr'><strong>Christo</strong></span> <span class='ocrx_word' id='word_1_673' title='bbox 2508 2936 2883 2993; x_wconf 85' lang='lat' dir='ltr'><strong>assistentibus</strong></span> <span class='ocrx_word' id='word_1_674' title='bbox 2905 2979 2921 3007; x_wconf 87' lang='lat'><strong>,</strong></span> <span class='ocrx_word' id='word_1_675' title='bbox 2961 2942 3064 2997; x_wconf 85' lang='lat' dir='ltr'><strong>hoc</strong></span> <span class='ocrx_word' id='word_1_676' title='bbox 3092 2952 3210 3009; x_wconf 87' lang='lat' dir='ltr'><strong>est,</strong></span> <span class='ocrx_word' id='word_1_677' title='bbox 3260 2936 3325 2998; x_wconf 89' lang='lat' dir='ltr'><strong>in</strong></span> <span class='ocrx_word' id='word_1_678' title='bbox 3358 2948 3460 3003; x_wconf 82' lang='lat' dir='ltr'><strong>fide</strong></span> <span class='ocrx_word' id='word_1_679' title='bbox 3499 2948 3697 3005; x_wconf 86' lang='lat' dir='ltr'><strong>Christi</strong></span> 
     </span>
    </p>
   </div>
   <div class='ocr_carea' id='block_1_89' title="bbox 2140 3018 3699 3107">
    <p class='ocr_par' dir='ltr' id='par_1_89' title="bbox 2140 3018 3699 3107">
     <span class='ocr_line' id='line_1_89' title="bbox 2140 3018 3699 3107; baseline 0.015 -38"><span class='ocrx_word' id='word_1_680' title='bbox 2140 3018 2504 3087; x_wconf 88' lang='lat' dir='ltr'><strong>manentibus,</strong></span> <span class='ocrx_word' id='word_1_681' title='bbox 2534 3020 2586 3076; x_wconf 85' lang='lat' dir='ltr'><strong>id</strong></span> <span class='ocrx_word' id='word_1_682' title='bbox 2620 3026 2936 3092; x_wconf 85' lang='lat' dir='ltr'><strong>promissum</strong></span> <span class='ocrx_word' id='word_1_683' title='bbox 2980 3037 3060 3083; x_wconf 80' lang='lat' dir='ltr'><strong>est</strong></span> <span class='ocrx_word' id='word_1_684' title='bbox 3099 3041 3155 3085; x_wconf 86' lang='lat' dir='ltr'><strong>et</strong></span> <span class='ocrx_word' id='word_1_685' title='bbox 3194 3024 3395 3099; x_wconf 87' lang='lat' dir='ltr'><strong>datum,</strong></span> <span class='ocrx_word' id='word_1_686' title='bbox 3445 3036 3537 3090; x_wconf 85' lang='lat' dir='ltr'><strong>sed</strong></span> <span class='ocrx_word' id='word_1_687' title='bbox 3580 3040 3699 3107; x_wconf 88' lang='lat' dir='ltr'><strong>qui-</strong></span> 
     </span>
    </p>
   </div>
   <div class='ocr_carea' id='block_1_90' title="bbox 2114 3107 3693 3183">
    <p class='ocr_par' dir='ltr' id='par_1_90' title="bbox 2114 3107 3693 3183">
     <span class='ocr_line' id='line_1_90' title="bbox 2114 3107 3693 3183; baseline 0.014 -22"><span class='ocrx_word' id='word_1_688' title='bbox 2114 3107 2392 3175; x_wconf 81' lang='lat' dir='ltr'><strong>husdam.</strong></span> <span class='ocrx_word' id='word_1_689' title='bbox 2426 3111 2559 3168; x_wconf 84' lang='lat' dir='ltr'><strong>Huic</strong></span> <span class='ocrx_word' id='word_1_690' title='bbox 2610 3123 2789 3171; x_wconf 84' lang='lat' dir='ltr'><strong>autem</strong></span> <span class='ocrx_word' id='word_1_691' title='bbox 2828 3121 3103 3175; x_wconf 78' lang='lat' dir='ltr'><strong>sententia:</strong></span> <span class='ocrx_word' id='word_1_692' title='bbox 3148 3123 3431 3179; x_wconf 87' lang='lat' dir='ltr'><strong>verborum</strong></span> <span class='ocrx_word' id='word_1_693' title='bbox 3486 3127 3693 3183; x_wconf 82' lang='lat' dir='ltr'><strong>Domini</strong></span> 
     </span>
    </p>
   </div>
   <div class='ocr_carea' id='block_1_91' title="bbox 2140 3197 3692 3285">
    <p class='ocr_par' dir='ltr' id='par_1_91' title="bbox 2140 3197 3692 3285">
     <span class='ocr_line' id='line_1_91' title="bbox 2140 3197 3692 3285; baseline 0.013 -34"><span class='ocrx_word' id='word_1_694' title='bbox 2140 3197 2319 3251; x_wconf 78' lang='lat' dir='ltr'><strong>subdit</strong></span> <span class='ocrx_word' id='word_1_695' title='bbox 2352 3200 2721 3285; x_wconf 39' lang='lat' dir='ltr'><strong>evangelista}</strong></span> <span class='ocrx_word' id='word_1_696' title='bbox 2755 3204 2821 3257; x_wconf 80' lang='lat' dir='ltr'><strong>Et</strong></span> <span class='ocrx_word' id='word_1_697' title='bbox 2853 3218 2965 3275; x_wconf 83' lang='lat' dir='ltr'><strong>post</strong></span> <span class='ocrx_word' id='word_1_698' title='bbox 2989 3207 3099 3260; x_wconf 85' lang='lat' dir='ltr'><strong>dies</strong></span> <span class='ocrx_word' id='word_1_699' title='bbox 3119 3225 3241 3275; x_wconf 71' lang='lat' dir='ltr'><strong>sex,</strong></span> <span class='ocrx_word' id='word_1_700' title='bbox 3284 3217 3556 3285; x_wconf 83' lang='lat' dir='ltr'><strong>assumpsit</strong></span> <span class='ocrx_word' id='word_1_701' title='bbox 3600 3217 3692 3270; x_wconf 86' lang='lat' dir='ltr'><strong>Je-</strong></span> 
     </span>
    </p>
   </div>
   <div class='ocr_carea' id='block_1_92' title="bbox 2136 3272 3693 3367">
    <p class='ocr_par' dir='ltr' id='par_1_92' title="bbox 2136 3272 3693 3367">
     <span class='ocr_line' id='line_1_92' title="bbox 2136 3272 3693 3367; baseline 0.014 -31"><span class='ocrx_word' id='word_1_702' title='bbox 2136 3298 2226 3337; x_wconf 84' lang='lat' dir='ltr'><strong>sus</strong></span> <span class='ocrx_word' id='word_1_703' title='bbox 2289 3282 2531 3351; x_wconf 84' lang='lat' dir='ltr'><strong>Petrum,</strong></span> <span class='ocrx_word' id='word_1_704' title='bbox 2582 3300 2630 3342; x_wconf 90' lang='lat' dir='ltr'><strong>et</strong></span> <span class='ocrx_word' id='word_1_705' title='bbox 2674 3272 2964 3358; x_wconf 78' lang='lat' dir='ltr'><strong>Jacobum,</strong></span> <span class='ocrx_word' id='word_1_706' title='bbox 3024 3306 3071 3348; x_wconf 87' lang='lat' dir='ltr'><strong>et</strong></span> <span class='ocrx_word' id='word_1_707' title='bbox 3107 3298 3395 3367; x_wconf 83' lang='lat' dir='ltr'><strong>Joannem,</strong></span> <span class='ocrx_word' id='word_1_708' title='bbox 3442 3272 3489 3355; x_wconf 73' lang='lat' dir='ltr'><strong>et</strong></span> <span class='ocrx_word' id='word_1_709' title='bbox 3541 3307 3693 3357; x_wconf 73' lang='lat' dir='ltr'><strong>duxit</strong></span> 
     </span>
    </p>
   </div>
   <div class='ocr_carea' id='block_1_93' title="bbox 2136 3374 3693 3467">
    <p class='ocr_par' dir='ltr' id='par_1_93' title="bbox 2136 3374 3693 3467">
     <span class='ocr_line' id='line_1_93' title="bbox 2136 3374 3693 3467; baseline 0.015 -42"><span class='ocrx_word' id='word_1_710' title='bbox 2136 3374 2253 3428; x_wconf 80' lang='lat' dir='ltr'><strong>illos</strong></span> <span class='ocrx_word' id='word_1_711' title='bbox 2303 3375 2358 3429; x_wconf 87' lang='lat' dir='ltr'><strong>in</strong></span> <span class='ocrx_word' id='word_1_712' title='bbox 2405 3389 2628 3433; x_wconf 85' lang='lat' dir='ltr'><strong>montem</strong></span> <span class='ocrx_word' id='word_1_713' title='bbox 2682 3379 2936 3438; x_wconf 53' lang='lat' dir='ltr'><strong>decisum</strong></span> <span class='ocrx_word' id='word_1_714' title='bbox 2987 3401 3236 3467; x_wconf 76' lang='lat' dir='ltr'><strong>seorsum.</strong></span> <span class='ocrx_word' id='word_1_715' title='bbox 3284 3389 3374 3444; x_wconf 84' lang='lat' dir='ltr'><strong>Vel</strong></span> <span class='ocrx_word' id='word_1_716' title='bbox 3406 3411 3431 3446; x_wconf 15' lang='lat'><strong>1:</strong></span> <span class='ocrx_word' id='word_1_717' title='bbox 3471 3392 3693 3448; x_wconf 64' lang='lat' dir='ltr'><strong>Factum</strong></span> 
     </span>
    </p>
   </div>
   <div class='ocr_carea' id='block_1_94' title="bbox 2134 3465 3694 3549">
    <p class='ocr_par' dir='ltr' id='par_1_94' title="bbox 2134 3465 3694 3549">
     <span class='ocr_line' id='line_1_94' title="bbox 2134 3465 3694 3549; baseline 0.012 -32"><span class='ocrx_word' id='word_1_718' title='bbox 2134 3473 2207 3517; x_wconf 87' lang='lat' dir='ltr'><strong>est</strong></span> <span class='ocrx_word' id='word_1_719' title='bbox 2259 3476 2371 3534; x_wconf 85' lang='lat' dir='ltr'><strong>post</strong></span> <span class='ocrx_word' id='word_1_720' title='bbox 2422 3465 2531 3520; x_wconf 66' lang='lat' dir='ltr'><strong>haec</strong></span> <span class='ocrx_word' id='word_1_721' title='bbox 2586 3470 2751 3524; x_wconf 80' lang='lat' dir='ltr'><strong>rerba‘</strong></span> <span class='ocrx_word' id='word_1_722' title='bbox 2794 3471 2905 3525; x_wconf 85' lang='lat' dir='ltr'><strong>dies</strong></span> <span class='ocrx_word' id='word_1_723' title='bbox 2965 3485 3119 3540; x_wconf 84' lang='lat' dir='ltr'><strong>octo,</strong></span> <span class='ocrx_word' id='word_1_724' title='bbox 3172 3486 3220 3529; x_wconf 84' lang='lat' dir='ltr'><strong>e.‘</strong></span> <span class='ocrx_word' id='word_1_725' title='bbox 3272 3482 3547 3549; x_wconf 86' lang='lat' dir='ltr'><strong>assumpsit</strong></span> <span class='ocrx_word' id='word_1_726' title='bbox 3594 3480 3694 3535; x_wconf 80' lang='lat' dir='ltr'><strong>Pe-</strong></span> 
     </span>
    </p>
   </div>
   <div class='ocr_carea' id='block_1_95' title="bbox 2135 3555 3691 3631">
    <p class='ocr_par' dir='ltr' id='par_1_95' title="bbox 2135 3555 3691 3631">
     <span class='ocr_line' id='line_1_95' title="bbox 2135 3555 3691 3631; baseline 0.013 -25"><span class='ocrx_word' id='word_1_727' title='bbox 2135 3564 2274 3607; x_wconf 86' lang='lat' dir='ltr'><strong>trum</strong></span> <span class='ocrx_word' id='word_1_728' title='bbox 2294 3595 2309 3619; x_wconf 91' lang='lat'><strong>,</strong></span> <span class='ocrx_word' id='word_1_729' title='bbox 2338 3565 2383 3608; x_wconf 87' lang='lat' dir='ltr'><strong>et</strong></span> <span class='ocrx_word' id='word_1_730' title='bbox 2407 3555 2694 3622; x_wconf 86' lang='lat' dir='ltr'><strong>Joannem,</strong></span> <span class='ocrx_word' id='word_1_731' title='bbox 2731 3570 2777 3614; x_wconf 89' lang='lat' dir='ltr'><strong>et</strong></span> <span class='ocrx_word' id='word_1_732' title='bbox 2800 3559 3087 3631; x_wconf 84' lang='lat' dir='ltr'><strong>Jncobum,</strong></span> <span class='ocrx_word' id='word_1_733' title='bbox 3132 3577 3177 3619; x_wconf 86' lang='lat' dir='ltr'><strong>et</strong></span> <span class='ocrx_word' id='word_1_734' title='bbox 3210 3570 3438 3624; x_wconf 85' lang='lat' dir='ltr'><strong>ascendit</strong></span> <span class='ocrx_word' id='word_1_735' title='bbox 3469 3573 3522 3625; x_wconf 79' lang='lat' dir='ltr'><strong>in</strong></span> <span class='ocrx_word' id='word_1_736' title='bbox 3545 3590 3691 3627; x_wconf 89' lang='lat' dir='ltr'><strong>mou-</strong></span> 
     </span>
    </p>
   </div>
   <div class='ocr_carea' id='block_1_96' title="bbox 2130 3646 3689 3727">
    <p class='ocr_par' dir='ltr' id='par_1_96' title="bbox 2130 3646 3689 3727">
     <span class='ocr_line' id='line_1_96' title="bbox 2130 3646 3689 3727; baseline 0.015 -33"><span class='ocrx_word' id='word_1_737' title='bbox 2130 3651 2263 3707; x_wconf 80' lang='lat' dir='ltr'><strong>tem,</strong></span> <span class='ocrx_word' id='word_1_738' title='bbox 2312 3655 2371 3696; x_wconf 79' lang='lat' dir='ltr'><strong>ut</strong></span> <span class='ocrx_word' id='word_1_739' title='bbox 2406 3657 2574 3700; x_wconf 82' lang='lat' dir='ltr'><strong>oraret</strong></span> <span class='ocrx_word' id='word_1_740' title='bbox 2624 3646 2775 3719; x_wconf 75' lang='lat' dir='ltr'><strong>(Luc.</strong></span> <span class='ocrx_word' id='word_1_741' title='bbox 2807 3665 2893 3712; x_wconf 73' lang='grc' dir='ltr'><strong>ιχ,</strong></span> <span class='ocrx_word' id='word_1_742' title='bbox 2945 3652 3061 3725; x_wconf 74' lang='grc'><strong>28).</strong></span> <span class='ocrx_word' id='word_1_743' title='bbox 3099 3655 3251 3711; x_wconf 82' lang='lat' dir='ltr'><strong>Jesns</strong></span> <span class='ocrx_word' id='word_1_744' title='bbox 3300 3674 3465 3727; x_wconf 73' lang='lat' dir='ltr'><strong>vero,</strong></span> <span class='ocrx_word' id='word_1_745' title='bbox 3506 3661 3558 3716; x_wconf 91' lang='lat' dir='ltr'><strong>id</strong></span> <span class='ocrx_word' id='word_1_746' title='bbox 3606 3677 3689 3719; x_wconf 83' lang='lat' dir='ltr'><strong>est</strong></span> 
     </span>
    </p>
   </div>
   <div class='ocr_carea' id='block_1_97' title="bbox 2126 3725 3688 3816">
    <p class='ocr_par' dir='ltr' id='par_1_97' title="bbox 2126 3725 3688 3816">
     <span class='ocr_line' id='line_1_97' title="bbox 2126 3725 3688 3816; baseline 0.013 -31"><span class='ocrx_word' id='word_1_747' title='bbox 2126 3725 2373 3785; x_wconf 82' lang='lat' dir='ltr'><strong>Salvator</strong></span> <span class='ocrx_word' id='word_1_748' title='bbox 2408 3742 2463 3786; x_wconf 87' lang='lat' dir='ltr'><strong>et</strong></span> <span class='ocrx_word' id='word_1_749' title='bbox 2510 3733 2795 3804; x_wconf 84' lang='lat' dir='ltr'><strong>salutaris,</strong></span> <span class='ocrx_word' id='word_1_750' title='bbox 2848 3748 2934 3795; x_wconf 80' lang='lat' dir='ltr'><strong>est</strong></span> <span class='ocrx_word' id='word_1_751' title='bbox 2980 3756 3169 3815; x_wconf 8' lang='lat' dir='ltr'><strong>sermo,</strong></span> <span class='ocrx_word' id='word_1_752' title='bbox 3198 3725 3563 3816; x_wconf 81' lang='lat' dir='ltr'><strong>evangelicus,</strong></span> <span class='ocrx_word' id='word_1_753' title='bbox 3620 3753 3688 3807; x_wconf 84' lang='lat' dir='ltr'><strong>de</strong></span> 
     </span>
    </p>
   </div>
   <div class='ocr_carea' id='block_1_98' title="bbox 2128 3819 3684 3907">
    <p class='ocr_par' dir='ltr' id='par_1_98' title="bbox 2128 3819 3684 3907">
     <span class='ocr_line' id='line_1_98' title="bbox 2128 3819 3684 3907; baseline 0.015 -37"><span class='ocrx_word' id='word_1_754' title='bbox 2128 3832 2234 3885; x_wconf 89' lang='lat' dir='ltr'><strong>quo</strong></span> <span class='ocrx_word' id='word_1_755' title='bbox 2263 3819 2493 3874; x_wconf 85' lang='lat' dir='ltr'><strong>dicitur:</strong></span> <span class='ocrx_word' id='word_1_756' title='bbox 2524 3820 2777 3891; x_wconf 76' lang='lat' dir='ltr'><strong>Suscipite</strong></span> <span class='ocrx_word' id='word_1_757' title='bbox 2804 3827 3008 3883; x_wconf 82' lang='lat' dir='ltr'><strong>uerbum</strong></span> <span class='ocrx_word' id='word_1_758' title='bbox 3056 3832 3267 3887; x_wconf 85' lang='lat' dir='ltr'><strong>insitum</strong></span> <span class='ocrx_word' id='word_1_759' title='bbox 3297 3874 3312 3899; x_wconf 76' lang='lat'><strong>,</strong></span> <span class='ocrx_word' id='word_1_760' title='bbox 3355 3838 3493 3905; x_wconf 83' lang='lat' dir='ltr'><strong>quod</strong></span> <span class='ocrx_word' id='word_1_761' title='bbox 3519 3849 3684 3907; x_wconf 80' lang='lat' dir='ltr'><strong>potest</strong></span> 
     </span>
    </p>
   </div>
   <div class='ocr_carea' id='block_1_99' title="bbox 2124 3909 3683 3994">
    <p class='ocr_par' dir='ltr' id='par_1_99' title="bbox 2124 3909 3683 3994">
     <span class='ocr_line' id='line_1_99' title="bbox 2124 3909 3683 3994; baseline 0.015 -32"><span class='ocrx_word' id='word_1_762' title='bbox 2124 3909 2324 3962; x_wconf 73' lang='lat' dir='ltr'><strong>sulcare</strong></span> <span class='ocrx_word' id='word_1_763' title='bbox 2347 3912 2545 3965; x_wconf 82' lang='lat' dir='ltr'><strong>animas</strong></span> <span class='ocrx_word' id='word_1_764' title='bbox 2567 3925 2756 3970; x_wconf 80' lang='lat' dir='ltr'><strong>vestras</strong></span> <span class='ocrx_word' id='word_1_765' title='bbox 2777 3916 2979 3987; x_wconf 83' lang='lat' dir='ltr'><strong>(Jacob.</strong></span> <span class='ocrx_word' id='word_1_766' title='bbox 3005 3936 3044 3986; x_wconf 86' lang='grc' dir='ltr'><strong>ι,</strong></span> <span class='ocrx_word' id='word_1_767' title='bbox 3064 3921 3181 3994; x_wconf 75' lang='lat' dir='ltr'><strong>2i);</strong></span> <span class='ocrx_word' id='word_1_768' title='bbox 3208 3934 3263 3980; x_wconf 84' lang='lat' dir='ltr'><strong>et</strong></span> <span class='ocrx_word' id='word_1_769' title='bbox 3286 3943 3299 3979; x_wconf 74' lang='grc' dir='ltr'>ε</span> <span class='ocrx_word' id='word_1_770' title='bbox 3330 3925 3520 3981; x_wconf 77' lang='lat' dir='ltr'><strong>Notum</strong></span> <span class='ocrx_word' id='word_1_771' title='bbox 3542 3932 3683 3985; x_wconf 83' lang='lat' dir='ltr'><strong>vobis</strong></span> 
     </span>
    </p>
   </div>
   <div class='ocr_carea' id='block_1_100' title="bbox 2128 3991 3678 4088">
    <p class='ocr_par' dir='ltr' id='par_1_100' title="bbox 2128 3991 3678 4088">
     <span class='ocr_line' id='line_1_100' title="bbox 2128 3991 3678 4088; baseline 0.019 -43"><span class='ocrx_word' id='word_1_772' title='bbox 2128 3991 2263 4060; x_wconf 74' lang='lat' dir='ltr'><strong>facio</strong></span> <span class='ocrx_word' id='word_1_773' title='bbox 2292 3994 2654 4067; x_wconf 80' lang='lat' dir='ltr'><strong>Evangelium,</strong></span> <span class='ocrx_word' id='word_1_774' title='bbox 2690 4003 2845 4074; x_wconf 75' lang='lat'><strong>166</strong></span> <span class='ocrx_word' id='word_1_775' title='bbox 2869 3996 3004 4075; x_wconf 79' lang='lat' dir='ltr'><strong>quod</strong></span> <span class='ocrx_word' id='word_1_776' title='bbox 3023 3991 3305 4079; x_wconf 79' lang='lat' dir='ltr'><strong>prtcdicavi</strong></span> <span class='ocrx_word' id='word_1_777' title='bbox 3329 4018 3469 4070; x_wconf 84' lang='lat' dir='ltr'><strong>vobis</strong></span> <span class='ocrx_word' id='word_1_778' title='bbox 3496 4056 3509 4084; x_wconf 86' lang='lat'><strong>,</strong></span> <span class='ocrx_word' id='word_1_779' title='bbox 3549 4022 3678 4088; x_wconf 73' lang='lat' dir='ltr'><strong>ynod</strong></span> 
     </span>
    </p>
   </div>
   <div class='ocr_carea' id='block_1_101' title="bbox 2123 4086 3676 4177">
    <p class='ocr_par' dir='ltr' id='par_1_101' title="bbox 2123 4086 3676 4177">
     <span class='ocr_line' id='line_1_101' title="bbox 2123 4086 3676 4177; baseline 0.021 -43"><span class='ocrx_word' id='word_1_780' title='bbox 2123 4092 2172 4136; x_wconf 86' lang='lat' dir='ltr'><strong>et</strong></span> <span class='ocrx_word' id='word_1_781' title='bbox 2194 4086 2482 4154; x_wconf 83' lang='lat' dir='ltr'><strong>accepistis,</strong></span> <span class='ocrx_word' id='word_1_782' title='bbox 2504 4090 2557 4143; x_wconf 88' lang='lat' dir='ltr'><strong>in</strong></span> <span class='ocrx_word' id='word_1_783' title='bbox 2578 4108 2678 4160; x_wconf 82' lang='lat' dir='ltr'><strong>quo</strong></span> <span class='ocrx_word' id='word_1_784' title='bbox 2697 4097 2869 4160; x_wconf 83' lang='lat' dir='ltr'><strong>statis;</strong></span> <span class='ocrx_word' id='word_1_785' title='bbox 2877 4113 2966 4164; x_wconf 86' lang='lat' dir='ltr'><strong>per</strong></span> <span class='ocrx_word' id='word_1_786' title='bbox 2976 4103 3113 4169; x_wconf 87' lang='lat' dir='ltr'><strong>quod</strong></span> <span class='ocrx_word' id='word_1_787' title='bbox 3126 4114 3169 4155; x_wconf 86' lang='lat' dir='ltr'><strong>et</strong></span> <span class='ocrx_word' id='word_1_788' title='bbox 3192 4104 3464 4162; x_wconf 84' lang='lat' dir='ltr'><strong>salvantini</strong></span> <span class='ocrx_word' id='word_1_789' title='bbox 3486 4109 3535 4177; x_wconf 83' lang='grc' dir='ltr'><strong>(Ι</strong></span> <span class='ocrx_word' id='word_1_790' title='bbox 3550 4086 3676 4166; x_wconf 75' lang='lat' dir='ltr'><strong>Cor.</strong></span> 
     </span>
    </p>
   </div>
   <div class='ocr_carea' id='block_1_102' title="bbox 2125 4172 3678 4265">
    <p class='ocr_par' dir='ltr' id='par_1_102' title="bbox 2125 4172 3678 4265">
     <span class='ocr_line' id='line_1_102' title="bbox 2125 4172 3678 4265; baseline 0.019 -42"><span class='ocrx_word' id='word_1_791' title='bbox 2125 4186 2210 4237; x_wconf 83' lang='lat' dir='ltr'><strong>xv,</strong></span> <span class='ocrx_word' id='word_1_792' title='bbox 2229 4174 2280 4237; x_wconf 77' lang='lat' dir='ltr'><strong>i,</strong></span> <span class='ocrx_word' id='word_1_793' title='bbox 2296 4172 2372 4241; x_wconf 60' lang='grc' dir='ltr'><strong>ἓ).</strong></span> <span class='ocrx_word' id='word_1_794' title='bbox 2396 4174 2493 4229; x_wconf 87' lang='lat' dir='ltr'><strong>ilic</strong></span> <span class='ocrx_word' id='word_1_795' title='bbox 2507 4182 2634 4248; x_wconf 81' lang='lat' dir='ltr'><strong>ergo</strong></span> <span class='ocrx_word' id='word_1_796' title='bbox 2660 4181 2907 4238; x_wconf 86' lang='lat' dir='ltr'><strong>salutaris</strong></span> <span class='ocrx_word' id='word_1_797' title='bbox 2922 4194 2976 4239; x_wconf 89' lang='lat' dir='ltr'><strong>et</strong></span> <span class='ocrx_word' id='word_1_798' title='bbox 2998 4187 3231 4245; x_wconf 86' lang='lat' dir='ltr'><strong>salvator</strong></span> <span class='ocrx_word' id='word_1_799' title='bbox 3252 4208 3429 4249; x_wconf 91' lang='lat' dir='ltr'><strong>sermo</strong></span> <span class='ocrx_word' id='word_1_800' title='bbox 3447 4198 3678 4265; x_wconf 73' lang='lat' dir='ltr'><strong>gratiam</strong></span> 
     </span>
    </p>
   </div>
   <div class='ocr_carea' id='block_1_103' title="bbox 2123 4262 3669 4357">
    <p class='ocr_par' dir='ltr' id='par_1_103' title="bbox 2123 4262 3669 4357">
     <span class='ocr_line' id='line_1_103' title="bbox 2123 4262 3669 4357; baseline 0.019 -44"><span class='ocrx_word' id='word_1_801' title='bbox 2123 4262 2177 4317; x_wconf 91' lang='lat' dir='ltr'><strong>in</strong></span> <span class='ocrx_word' id='word_1_802' title='bbox 2201 4267 2462 4322; x_wconf 61' lang='lat' dir='ltr'><strong>seuucti</strong></span> <span class='ocrx_word' id='word_1_803' title='bbox 2485 4267 2715 4338; x_wconf 86' lang='lat' dir='ltr'><strong>Spiritus</strong></span> <span class='ocrx_word' id='word_1_804' title='bbox 2756 4274 3035 4332; x_wconf 88' lang='lat' dir='ltr'><strong>continens</strong></span> <span class='ocrx_word' id='word_1_805' title='bbox 3057 4318 3071 4344; x_wconf 89' lang='lat'><strong>,</strong></span> <span class='ocrx_word' id='word_1_806' title='bbox 3106 4285 3379 4351; x_wconf 86' lang='lat' dir='ltr'><strong>assumpsit</strong></span> <span class='ocrx_word' id='word_1_807' title='bbox 3419 4262 3669 4357; x_wconf 61' lang='lat' dir='ltr'><strong>Petrum,</strong></span> 
     </span>
    </p>
   </div>
   <div class='ocr_carea' id='block_1_104' title="bbox 2122 4352 3679 4449">
    <p class='ocr_par' dir='ltr' id='par_1_104' title="bbox 2122 4352 3679 4449">
     <span class='ocr_line' id='line_1_104' title="bbox 2122 4352 3679 4449; baseline 0.019 -42"><span class='ocrx_word' id='word_1_808' title='bbox 2122 4354 2212 4423; x_wconf 84' lang='lat' dir='ltr'><strong>qui</strong></span> <span class='ocrx_word' id='word_1_809' title='bbox 2242 4352 2439 4409; x_wconf 89' lang='lat' dir='ltr'><strong>dicitur</strong></span> <span class='ocrx_word' id='word_1_810' title='bbox 2472 4375 2789 4428; x_wconf 86' lang='lat' dir='ltr'><strong>agnoscens;</strong></span> <span class='ocrx_word' id='word_1_811' title='bbox 2829 4377 2877 4419; x_wconf 88' lang='lat' dir='ltr'><strong>et</strong></span> <span class='ocrx_word' id='word_1_812' title='bbox 2901 4366 3183 4437; x_wconf 85' lang='lat' dir='ltr'><strong>Joannem,</strong></span> <span class='ocrx_word' id='word_1_813' title='bbox 3229 4373 3380 4440; x_wconf 88' lang='lat' dir='ltr'><strong>cujus</strong></span> <span class='ocrx_word' id='word_1_814' title='bbox 3419 4375 3679 4449; x_wconf 73' lang='lat' dir='ltr'><strong>intetpre-</strong></span> 
     </span>
    </p>
   </div>
   <div class='ocr_carea' id='block_1_105' title="bbox 2128 4441 3677 4534">
    <p class='ocr_par' dir='ltr' id='par_1_105' title="bbox 2128 4441 3677 4534">
     <span class='ocr_line' id='line_1_105' title="bbox 2128 4441 3677 4534; baseline 0.019 -40"><span class='ocrx_word' id='word_1_815' title='bbox 2128 4441 2255 4495; x_wconf 78' lang='lat' dir='ltr'><strong>talio</strong></span> <span class='ocrx_word' id='word_1_816' title='bbox 2281 4452 2431 4499; x_wconf 88' lang='lat' dir='ltr'><strong>sonat</strong></span> <span class='ocrx_word' id='word_1_817' title='bbox 2455 4484 2470 4511; x_wconf 89' lang='lat'><strong>,</strong></span> <span class='ocrx_word' id='word_1_818' title='bbox 2495 4448 2549 4499; x_wconf 89' lang='lat' dir='ltr'><strong>in</strong></span> <span class='ocrx_word' id='word_1_819' title='bbox 2578 4465 2672 4518; x_wconf 69' lang='lat' dir='ltr'><strong>quo</strong></span> <span class='ocrx_word' id='word_1_820' title='bbox 2698 4462 2769 4505; x_wconf 85' lang='lat' dir='ltr'><strong>est</strong></span> <span class='ocrx_word' id='word_1_821' title='bbox 2791 4456 2959 4523; x_wconf 82' lang='lat' dir='ltr'><strong>gratia</strong></span> <span class='ocrx_word' id='word_1_822' title='bbox 2981 4475 2999 4520; x_wconf 91' lang='lat'><strong>;</strong></span> <span class='ocrx_word' id='word_1_823' title='bbox 3024 4467 3071 4510; x_wconf 78' lang='lat' dir='ltr'><strong>et</strong></span> <span class='ocrx_word' id='word_1_824' title='bbox 3090 4460 3342 4516; x_wconf 79' lang='lat' dir='ltr'><strong>Iacobum</strong></span> <span class='ocrx_word' id='word_1_825' title='bbox 3359 4506 3372 4531; x_wconf 93' lang='lat'><strong>,</strong></span> <span class='ocrx_word' id='word_1_826' title='bbox 3399 4469 3488 4534; x_wconf 90' lang='lat' dir='ltr'><strong>qui</strong></span> <span class='ocrx_word' id='word_1_827' title='bbox 3508 4441 3677 4524; x_wconf 41' lang='lat' dir='ltr'><strong>inier-</strong></span> 
     </span>
    </p>
   </div>
   <div class='ocr_carea' id='block_1_106' title="bbox 2124 4539 3671 4625">
    <p class='ocr_par' dir='ltr' id='par_1_106' title="bbox 2124 4539 3671 4625">
     <span class='ocr_line' id='line_1_106' title="bbox 2124 4539 3671 4625; baseline 0.018 -39"><span class='ocrx_word' id='word_1_828' title='bbox 2124 4542 2361 4601; x_wconf 86' lang='lat' dir='ltr'><strong>pretatur</strong></span> <span class='ocrx_word' id='word_1_829' title='bbox 2387 4539 2744 4607; x_wconf 76' lang='lat' dir='ltr'><strong>supplantalor</strong></span> <span class='ocrx_word' id='word_1_830' title='bbox 2765 4562 2784 4608; x_wconf 83' lang='lat'><strong>;</strong></span> <span class='ocrx_word' id='word_1_831' title='bbox 2818 4557 2865 4599; x_wconf 87' lang='lat' dir='ltr'><strong>et</strong></span> <span class='ocrx_word' id='word_1_832' title='bbox 2883 4554 3155 4621; x_wconf 84' lang='lat' dir='ltr'><strong>assumpsit</strong></span> <span class='ocrx_word' id='word_1_833' title='bbox 3179 4569 3272 4609; x_wconf 91' lang='lat' dir='ltr'><strong>eos</strong></span> <span class='ocrx_word' id='word_1_834' title='bbox 3284 4569 3393 4625; x_wconf 82' lang='lat' dir='ltr'><strong>post</strong></span> <span class='ocrx_word' id='word_1_835' title='bbox 3418 4559 3525 4612; x_wconf 84' lang='lat' dir='ltr'><strong>dies</strong></span> <span class='ocrx_word' id='word_1_836' title='bbox 3549 4577 3671 4624; x_wconf 76' lang='lat' dir='ltr'><strong>sex,</strong></span> 
     </span>
    </p>
   </div>
   <div class='ocr_carea' id='block_1_107' title="bbox 2123 4622 3671 4711">
    <p class='ocr_par' dir='ltr' id='par_1_107' title="bbox 2123 4622 3671 4711">
     <span class='ocr_line' id='line_1_107' title="bbox 2123 4622 3671 4711; baseline 0.019 -35"><span class='ocrx_word' id='word_1_837' title='bbox 2123 4622 2203 4678; x_wconf 86' lang='lat' dir='ltr'><strong>vel</strong></span> <span class='ocrx_word' id='word_1_838' title='bbox 2234 4635 2367 4681; x_wconf 89' lang='lat' dir='ltr'><strong>octo.</strong></span> <span class='ocrx_word' id='word_1_839' title='bbox 2402 4625 2533 4683; x_wconf 86' lang='lat' dir='ltr'><strong>Nam</strong></span> <span class='ocrx_word' id='word_1_840' title='bbox 2560 4633 2682 4699; x_wconf 86' lang='lat' dir='ltr'><strong>quia</strong></span> <span class='ocrx_word' id='word_1_841' title='bbox 2729 4649 2819 4688; x_wconf 81' lang='lat' dir='ltr'><strong>ses</strong></span> <span class='ocrx_word' id='word_1_842' title='bbox 2864 4637 3053 4694; x_wconf 88' lang='lat' dir='ltr'><strong>diebus</strong></span> <span class='ocrx_word' id='word_1_843' title='bbox 3100 4622 3488 4711; x_wconf 33' lang='lat' dir='ltr'><strong>opera&#39;mundi</strong></span> <span class='ocrx_word' id='word_1_844' title='bbox 3543 4622 3671 4705; x_wconf 83' lang='lat' dir='ltr'><strong>sunt</strong></span> 
     </span>
    </p>
   </div>
   <div class='ocr_carea' id='block_1_108' title="bbox 2120 4720 3669 4809">
    <p class='ocr_par' dir='ltr' id='par_1_108' title="bbox 2120 4720 3669 4809">
     <span class='ocr_line' id='line_1_108' title="bbox 2120 4720 3669 4809; baseline 0.017 -43"><span class='ocrx_word' id='word_1_845' title='bbox 2120 4722 2293 4769; x_wconf 81' lang='lat' dir='ltr'><strong>creata</strong></span> <span class='ocrx_word' id='word_1_846' title='bbox 2316 4756 2332 4783; x_wconf 93' lang='lat'><strong>,</strong></span> <span class='ocrx_word' id='word_1_847' title='bbox 2360 4731 2455 4785; x_wconf 84' lang='lat' dir='ltr'><strong>per</strong></span> <span class='ocrx_word' id='word_1_848' title='bbox 2476 4736 2567 4775; x_wconf 71' lang='lat' dir='ltr'><strong>sex</strong></span> <span class='ocrx_word' id='word_1_849' title='bbox 2592 4720 2707 4775; x_wconf 80' lang='lat' dir='ltr'><strong>dies</strong></span> <span class='ocrx_word' id='word_1_850' title='bbox 2729 4727 2980 4781; x_wconf 90' lang='lat' dir='ltr'><strong>mundum</strong></span> <span class='ocrx_word' id='word_1_851' title='bbox 3005 4737 3060 4784; x_wconf 88' lang='lat' dir='ltr'><strong>et</strong></span> <span class='ocrx_word' id='word_1_852' title='bbox 3093 4746 3253 4799; x_wconf 84' lang='lat' dir='ltr'><strong>opera</strong></span> <span class='ocrx_word' id='word_1_853' title='bbox 3279 4734 3393 4800; x_wconf 87' lang='lat' dir='ltr'><strong>ejus</strong></span> <span class='ocrx_word' id='word_1_854' title='bbox 3423 4736 3669 4809; x_wconf 84' lang='lat' dir='ltr'><strong>intelligi-</strong></span> 
     </span>
    </p>
   </div>
   <div class='ocr_carea' id='block_1_109' title="bbox 2116 4807 3671 4896">
    <p class='ocr_par' dir='ltr' id='par_1_109' title="bbox 2116 4807 3671 4896">
     <span class='ocr_line' id='line_1_109' title="bbox 2116 4807 3671 4896; baseline 0.017 -38"><span class='ocrx_word' id='word_1_855' title='bbox 2116 4819 2273 4871; x_wconf 89' lang='lat' dir='ltr'><strong>mus;</strong></span> <span class='ocrx_word' id='word_1_856' title='bbox 2304 4816 2359 4860; x_wconf 85' lang='lat' dir='ltr'><strong>et</strong></span> <span class='ocrx_word' id='word_1_857' title='bbox 2387 4807 2509 4877; x_wconf 87' lang='lat' dir='ltr'><strong>quia</strong></span> <span class='ocrx_word' id='word_1_858' title='bbox 2548 4821 2671 4867; x_wconf 89' lang='lat' dir='ltr'><strong>octo</strong></span> <span class='ocrx_word' id='word_1_859' title='bbox 2704 4814 2790 4868; x_wconf 87' lang='lat' dir='ltr'><strong>die</strong></span> <span class='ocrx_word' id='word_1_860' title='bbox 2836 4816 2979 4872; x_wconf 85' lang='lat' dir='ltr'><strong>facta</strong></span> <span class='ocrx_word' id='word_1_861' title='bbox 3028 4829 3107 4875; x_wconf 88' lang='lat' dir='ltr'><strong>est</strong></span> <span class='ocrx_word' id='word_1_862' title='bbox 3156 4826 3513 4891; x_wconf 87' lang='lat' dir='ltr'><strong>resurrectio,</strong></span> <span class='ocrx_word' id='word_1_863' title='bbox 3571 4807 3671 4896; x_wconf 69' lang='lat' dir='ltr'><strong>per</strong></span> 
     </span>
    </p>
   </div>
   <div class='ocr_carea' id='block_1_110' title="bbox 2112 4896 3666 4990">
    <p class='ocr_par' dir='ltr' id='par_1_110' title="bbox 2112 4896 3666 4990">
     <span class='ocr_line' id='line_1_110' title="bbox 2112 4896 3666 4990; baseline 0.019 -45"><span class='ocrx_word' id='word_1_864' title='bbox 2112 4906 2227 4946; x_wconf 87' lang='lat' dir='ltr'><strong>octo</strong></span> <span class='ocrx_word' id='word_1_865' title='bbox 2248 4896 2357 4950; x_wconf 85' lang='lat' dir='ltr'><strong>dies</strong></span> <span class='ocrx_word' id='word_1_866' title='bbox 2381 4901 2553 4969; x_wconf 77' lang='lat' dir='ltr'><strong>gratia</strong></span> <span class='ocrx_word' id='word_1_867' title='bbox 2581 4909 2990 4963; x_wconf 85' lang='lat' dir='ltr'><strong>resurrectionis</strong></span> <span class='ocrx_word' id='word_1_868' title='bbox 3016 4913 3355 4981; x_wconf 78' lang='lat' dir='ltr'><strong>exprimitur.</strong></span> <span class='ocrx_word' id='word_1_869' title='bbox 3408 4916 3512 4983; x_wconf 88' lang='lat' dir='ltr'><strong>Qui</strong></span> <span class='ocrx_word' id='word_1_870' title='bbox 3535 4933 3666 4990; x_wconf 80' lang='lat' dir='ltr'><strong>ergo</strong></span> 
     </span>
    </p>
   </div>
   <div class='ocr_carea' id='block_1_111' title="bbox 2107 4986 3663 5076">
    <p class='ocr_par' dir='ltr' id='par_1_111' title="bbox 2107 4986 3663 5076">
     <span class='ocr_line' id='line_1_111' title="bbox 2107 4986 3663 5076; baseline 0.018 -41"><span class='ocrx_word' id='word_1_871' title='bbox 2107 4995 2267 5052; x_wconf 82' lang='lat' dir='ltr'><strong>supra</strong></span> <span class='ocrx_word' id='word_1_872' title='bbox 2292 4986 2542 5041; x_wconf 89' lang='lat' dir='ltr'><strong>mundum</strong></span> <span class='ocrx_word' id='word_1_873' title='bbox 2569 4995 2931 5063; x_wconf 86' lang='lat' dir='ltr'><strong>ascenderint,</strong></span> <span class='ocrx_word' id='word_1_874' title='bbox 2986 5008 3041 5053; x_wconf 87' lang='lat' dir='ltr'><strong>et</strong></span> <span class='ocrx_word' id='word_1_875' title='bbox 3088 5001 3245 5070; x_wconf 81' lang='lat' dir='ltr'><strong>hujus</strong></span> <span class='ocrx_word' id='word_1_876' title='bbox 3278 5006 3455 5060; x_wconf 69' lang='grc' dir='ltr'><strong>εαξωῆ</strong></span> <span class='ocrx_word' id='word_1_877' title='bbox 3501 4986 3663 5076; x_wconf 75' lang='lat' dir='ltr'><strong>Opera</strong></span> 
     </span>
    </p>
   </div>
   <div class='ocr_carea' id='block_1_112' title="bbox 2111 5079 3661 5167">
    <p class='ocr_par' dir='ltr' id='par_1_112' title="bbox 2111 5079 3661 5167">
     <span class='ocr_line' id='line_1_112' title="bbox 2111 5079 3661 5167; baseline 0.019 -42"><span class='ocrx_word' id='word_1_878' title='bbox 2111 5079 2555 5145; x_wconf 84' lang='lat' dir='ltr'><strong>transcenderint,</strong></span> <span class='ocrx_word' id='word_1_879' title='bbox 2582 5096 2643 5136; x_wconf 91' lang='lat' dir='ltr'><strong>ac</strong></span> <span class='ocrx_word' id='word_1_880' title='bbox 2660 5080 2850 5143; x_wconf 65' lang='lat' dir='ltr'><strong>futurae</strong></span> <span class='ocrx_word' id='word_1_881' title='bbox 2873 5094 3282 5147; x_wconf 87' lang='lat' dir='ltr'><strong>resurrectionis</strong></span> <span class='ocrx_word' id='word_1_882' title='bbox 3306 5097 3661 5167; x_wconf 86' lang='lat' dir='ltr'><strong>immortalem</strong></span> 
     </span>
    </p>
   </div>
   <div class='ocr_carea' id='block_1_113' title="bbox 2113 5162 3663 5257">
    <p class='ocr_par' dir='ltr' id='par_1_113' title="bbox 2113 5162 3663 5257">
     <span class='ocr_line' id='line_1_113' title="bbox 2113 5162 3663 5257; baseline 0.019 -44"><span class='ocrx_word' id='word_1_883' title='bbox 2113 5162 2341 5217; x_wconf 89' lang='lat' dir='ltr'><strong>fructum</strong></span> <span class='ocrx_word' id='word_1_884' title='bbox 2370 5169 2503 5221; x_wconf 87' lang='lat' dir='ltr'><strong>bona</strong></span> <span class='ocrx_word' id='word_1_885' title='bbox 2531 5176 2858 5230; x_wconf 87' lang='lat' dir='ltr'><strong>conscientia</strong></span> <span class='ocrx_word' id='word_1_886' title='bbox 2893 5186 3321 5249; x_wconf 77' lang='lat' dir='ltr'><strong>exspectaveriut</strong></span> <span class='ocrx_word' id='word_1_887' title='bbox 3341 5224 3356 5249; x_wconf 92' lang='lat'><strong>,</strong></span> <span class='ocrx_word' id='word_1_888' title='bbox 3387 5187 3438 5239; x_wconf 90' lang='lat' dir='ltr'><strong>hi</strong></span> <span class='ocrx_word' id='word_1_889' title='bbox 3474 5198 3663 5257; x_wconf 83' lang='lat' dir='ltr'><strong>potue-</strong></span> 
     </span>
    </p>
   </div>
   <div class='ocr_carea' id='block_1_114' title="bbox 2113 5262 3662 5336">
    <p class='ocr_par' dir='ltr' id='par_1_114' title="bbox 2113 5262 3662 5336">
     <span class='ocr_line' id='line_1_114' title="bbox 2113 5262 3662 5336; baseline 0.017 -31"><span class='ocrx_word' id='word_1_890' title='bbox 2113 5263 2285 5309; x_wconf 85' lang='lat' dir='ltr'><strong>runta</strong></span> <span class='ocrx_word' id='word_1_891' title='bbox 2317 5262 2480 5313; x_wconf 88' lang='lat' dir='ltr'><strong>verbo</strong></span> <span class='ocrx_word' id='word_1_892' title='bbox 2511 5263 2775 5336; x_wconf 79' lang='lat' dir='ltr'><strong>Evangelii</strong></span> <span class='ocrx_word' id='word_1_893' title='bbox 2814 5270 2867 5321; x_wconf 85' lang='lat' dir='ltr'><strong>in</strong></span> <span class='ocrx_word' id='word_1_894' title='bbox 2904 5281 3125 5323; x_wconf 86' lang='lat' dir='ltr'><strong>montem</strong></span> <span class='ocrx_word' id='word_1_895' title='bbox 3168 5275 3412 5329; x_wconf 86' lang='lat' dir='ltr'><strong>sublimis</strong></span> <span class='ocrx_word' id='word_1_896' title='bbox 3462 5278 3662 5332; x_wconf 83' lang='lat' dir='ltr'><strong>intelli-</strong></span> 
     </span>
    </p>
   </div>
   <div class='ocr_carea' id='block_1_115' title="bbox 2107 5345 3657 5422">
    <p class='ocr_par' dir='ltr' id='par_1_115' title="bbox 2107 5345 3657 5422">
     <span class='ocr_line' id='line_1_115' title="bbox 2107 5345 3657 5422; baseline 0.018 -27"><span class='ocrx_word' id='word_1_897' title='bbox 2107 5345 2295 5412; x_wconf 69' lang='lat' dir='ltr'><strong>gentia:</strong></span> <span class='ocrx_word' id='word_1_898' title='bbox 2324 5349 2478 5413; x_wconf 84' lang='lat' dir='ltr'><strong>duci;</strong></span> <span class='ocrx_word' id='word_1_899' title='bbox 2522 5362 2575 5405; x_wconf 88' lang='lat' dir='ltr'><strong>et</strong></span> <span class='ocrx_word' id='word_1_900' title='bbox 2602 5370 2861 5421; x_wconf 76' lang='lat' dir='ltr'><strong>seorsum,</strong></span> <span class='ocrx_word' id='word_1_901' title='bbox 2897 5367 2951 5409; x_wconf 93' lang='lat' dir='ltr'><strong>ut</strong></span> <span class='ocrx_word' id='word_1_902' title='bbox 2983 5375 3010 5411; x_wconf 89' lang='lat' dir='ltr'><strong>a</strong></span> <span class='ocrx_word' id='word_1_903' title='bbox 3050 5363 3275 5413; x_wconf 87' lang='lat' dir='ltr'><strong>tmnuitu</strong></span> <span class='ocrx_word' id='word_1_904' title='bbox 3329 5374 3657 5422; x_wconf 84' lang='lat' dir='ltr'><strong>terrenarum</strong></span> 
     </span>
    </p>
   </div>
   <div class='ocr_carea' id='block_1_116' title="bbox 2110 5434 3658 5525">
    <p class='ocr_par' dir='ltr' id='par_1_116' title="bbox 2110 5434 3658 5525">
     <span class='ocr_line' id='line_1_116' title="bbox 2110 5434 3658 5525; baseline 0.018 -40"><span class='ocrx_word' id='word_1_905' title='bbox 2110 5434 2485 5499; x_wconf 63' lang='lat' dir='ltr'><strong>cogitationum</strong></span> <span class='ocrx_word' id='word_1_906' title='bbox 2538 5444 2639 5494; x_wconf 80' lang='lat' dir='ltr'><strong>sint</strong></span> <span class='ocrx_word' id='word_1_907' title='bbox 2671 5447 2855 5499; x_wconf 76' lang='lat' dir='ltr'><strong>remoti</strong></span> <span class='ocrx_word' id='word_1_908' title='bbox 2884 5487 2899 5510; x_wconf 92' lang='lat'><strong>,</strong></span> <span class='ocrx_word' id='word_1_909' title='bbox 2938 5450 3112 5517; x_wconf 86' lang='lat' dir='ltr'><strong>ibique</strong></span> <span class='ocrx_word' id='word_1_910' title='bbox 3156 5452 3448 5509; x_wconf 80' lang='lat' dir='ltr'><strong>claritatem</strong></span> <span class='ocrx_word' id='word_1_911' title='bbox 3492 5459 3658 5525; x_wconf 82' lang='lat' dir='ltr'><strong>ipsius</strong></span> 
     </span>
    </p>
   </div>
   <div class='ocr_carea' id='block_1_117' title="bbox 2104 5523 3651 5607">
    <p class='ocr_par' dir='ltr' id='par_1_117' title="bbox 2104 5523 3651 5607">
     <span class='ocr_line' id='line_1_117' title="bbox 2104 5523 3651 5607; baseline 0.018 -32"><span class='ocrx_word' id='word_1_912' title='bbox 2104 5523 2263 5578; x_wconf 77' lang='lat' dir='ltr'><strong>Verbi</strong></span> <span class='ocrx_word' id='word_1_913' title='bbox 2304 5530 2353 5582; x_wconf 90' lang='lat' dir='ltr'><strong>in</strong></span> <span class='ocrx_word' id='word_1_914' title='bbox 2399 5531 2682 5599; x_wconf 73' lang='lat' dir='ltr'><strong>gloriOstun</strong></span> <span class='ocrx_word' id='word_1_915' title='bbox 2734 5528 3002 5607; x_wconf 79' lang='lat' dir='ltr'><strong>aspectum</strong></span> <span class='ocrx_word' id='word_1_916' title='bbox 3045 5548 3406 5602; x_wconf 78' lang='lat' dir='ltr'><strong>transformati</strong></span> <span class='ocrx_word' id='word_1_917' title='bbox 3453 5552 3651 5603; x_wconf 85' lang='lat' dir='ltr'><strong>videre.</strong></span> 
     </span>
    </p>
   </div>
   <div class='ocr_carea' id='block_1_118' title="bbox 2117 5610 3653 5712">
    <p class='ocr_par' dir='ltr' id='par_1_118' title="bbox 2117 5610 3653 5712">
     <span class='ocr_line' id='line_1_118' title="bbox 2117 5610 3653 5712; baseline 0.011 -32"><span class='ocrx_word' id='word_1_918' title='bbox 2117 5610 2167 5665; x_wconf 58' lang='lat' dir='ltr'><strong>ill</strong></span> <span class='ocrx_word' id='word_1_919' title='bbox 2213 5634 2396 5687; x_wconf 56' lang='lat' dir='ltr'><strong>‘i‘ll‘lll,</strong></span> <span class='ocrx_word' id='word_1_920' title='bbox 2442 5625 2671 5693; x_wconf 66' lang='grc' dir='ltr'><strong>δίὶιὶιίέι,</strong></span> <span class='ocrx_word' id='word_1_921' title='bbox 2728 5642 2942 5686; x_wconf 70' lang='lat' dir='ltr'><strong>muntcm</strong></span> <span class='ocrx_word' id='word_1_922' title='bbox 2998 5640 3222 5689; x_wconf 68' lang='lat' dir='ltr'><strong>(mandit</strong></span> <span class='ocrx_word' id='word_1_923' title='bbox 3269 5656 3459 5694; x_wconf 68' lang='lat' dir='ltr'><strong>orare:</strong></span> <span class='ocrx_word' id='word_1_924' title='bbox 3526 5643 3653 5712; x_wconf 77' lang='lat' dir='ltr'><strong>quia</strong></span> 
     </span>
    </p>
   </div>
  </div>
