4190 6190
397 316 495 371 613

1476 318 1769 373 IIOMILIIE
1810 316 1892 369 ET
1934 318 2516 373 EXIIORTATIONES.

3457 334 3559 388 6M

394 428 558 494 ipsum
584 426 762 493 gratia:
804 427 1027 480 Verbum
1054 467 1065 489 ,
1131 429 1253 479 dum
1306 440 1485 479 ent-am
1531 427 1697 479 oculis
1731 435 1923 479 nostra:
1950 432 1996 489 Λ
2027 426 2210 478 reddit.
2231 426 2291 477 Et
2311 428 2600 495 eeigilnntcs
2627 429 2855 482 viderunt
2886 431 3553 502 majestalemejus,etduos

392 514 581 565 mentis
615 515 665 565 in
706 514 866 567 altum
912 514 1150 567 celsioris
1184 522 1235 565 ct
1269 504 1509 565 clarioris
1564 514 1922 583 intelligentia:

390 602 720 669 progreditur
736 644 749 667 ,
784 602 1066 668 interpellat
1092 594 1477 668 quodammodo
1496 617 1587 667 pro
1614 602 1774 662 nobis.
1798 617 1925 669 quo-

390 687 529 739 niam
567 688 827 754 spiritales
850 702 944 738 nos
998 686 1157 747 facit,
1212 695 1266 739 et
1313 686 1417 740 Deo
1453 688 1918 741 commendabiles.

388 776 746 828 Ascendamus
772 790 897 842 ergo
917 788 1035 827 cum
1065 772 1236 827 Verbo
1258 774 1309 827 in
1339 786 1566 828 montem
1597 793 1612 826 :
1646 784 1702 828 ut
1731 776 1781 827 in
1804 790 1922 842 spec

390 865 473 916 cie
493 874 545 917 et
578 863 968 931 pulchritudine
995 878 1087 916 sua
1117 864 1266 919 nobis
1288 874 1567 934 appareat,
1593 872 1645 917 et
1674 878 1923 931 prospere

385 953 635 1021 procedat
666 960 718 1004 et
751 960 953 1019 regnet.
984 952 1113 1005 Nam
1133 951 1283 1019 juxta
1306 954 1517 1007 modum
1542 964 1736 1006 nostra:
1766 968 1920 1021 capa-

385 1040 560 1093 citatis
585 1039 814 1093 Verbum
846 1041 1014 1108 ipsum
1048 1042 1197 1095 nobis
1230 1051 1283 1094 et
1311 1043 1567 1095 minuitur
1592 1054 1645 1095 ct
1687 1044 1874 1096 crescit
1900 1058 1914 1106 ;

382 1136 437 1180 et
466 1127 567 1180 nisi
608 1127 845 1181 celsioris
893 1129 1185 1195 prudentim
1232 1145 1484 1209 cacumen
1530 1131 1874 1183 ascendamus
1902 1170 1917 1195 ,

296 1252 309 1267 .
383 1229 488 1266 non
552 1214 703 1269 nobis
750 1225 969 1283 apparet
1020 1217 1312 1285 sapientia,
1367 1233 1467 1271 non
1517 1220 1667 1272 nobis
1704 1227 1921 1287 apparet

381 1300 752 1370 mysteriorum
805 1302 1060 1368 cognitio,
1113 1318 1216 1356 non
1269 1304 1421 1357 nobis
1476 1314 1693 1372 apparet
1722 1313 1917 1372 quanta

380 1389 450 1441 sit
497 1387 697 1456 gloria,
752 1398 980 1457 quantus
1025 1391 1184 1444 decor
1256 1391 1307 1443 in
1367 1391 1668 1457 evangelieo
1724 1392 1914 1455 verbo,

380 1477 472 1529 scd
519 1477 754 1543 quaedam
809 1477 982 1531 vilitas
1035 1488 1090 1532 et
1143 1479 1611 1548 contemptibilitas
1663 1481 1814 1533 nobis
1863 1480 1915 1532 in

379 1577 446 1615 eo
500 1563 726 1615 videtur.
790 1563 1208 1634 Trans/iguratus
1257 1578 1331 1619 est
1369 1578 1486 1619 ante
1541 1583 1655 1628 eos,
1720 1568 1913 1635 inquit,

377 1659 423 1701 et
457 1649 594 1717 facta
642 1660 714 1703 est
739 1652 923 1717 species
967 1651 1133 1705 vultus
1172 1654 1282 1721 ejus
1321 1653 1481 1706 altera
1522 1653 1663 1723 (an.
1696 1670 1770 1717 Ix,
1799 1654 1909 1721 29),

2021 512 2155 564 viros
2172 513 2259 579 qui
2276 514 2483 565 stabant
2499 529 2616 566 eum
2642 516 2747 578 illo,
2768 518 2891 584 quia
2911 534 3031 572 cum
3060 535 3212 574 mens
3230 522 3434 577 fortiter
3445 528 3553 579 elu-

2025 608 2164 650 ctata
2188 612 2448 666 torporem
2478 602 2804 669 negligentia:
2831 614 2882 658 et
2904 622 3144 660 somnum
3168 608 3445 677 imperitia:
3472 628 3557 667 su-

2020 690 2317 756 peraverit,
2349 698 2518 758 potest
2548 690 2724 741 videre
2770 692 3085 759 majestatem
3130 712 3377 751 sensuum
3410 704 3551 755 sacri

2020 776 2251 843 eloquii,
2292 787 2346 829 ct
2392 776 2557 845 legem
2598 792 2659 830 ac
2696 779 3022 845 prophetiam
3051 786 3395 851 persistentes
3432 803 3556 842 cum

2027 865 2189 917 verbo
2218 864 2400 930 gratia:
2428 865 2715 934 Evangelii.
2740 866 2906 919 Aliter
2933 885 2944 919 :
2972 867 3154 923 Petrus
3194 885 3247 927 et
3282 876 3410 929 socii
3441 874 3557 943 ejus

2021 960 2164 1001 erant
2189 966 2364 1002 somno
2385 954 2600 1018 gravati.
2639 951 2837 1005 Somno
2857 964 3144 1020 gravantur
3182 962 3346 1013 sancti
3372 1000 3387 1025 ,
3426 963 3553 1016 dum

2019 1038 2084 1089 ab
2106 1037 2312 1089 actione
2336 1046 2539 1090 terrena
2575 1047 2625 1091 et
2660 1040 2725 1092 ab
2762 1055 2941 1093 amore
2970 1045 3326 1110 temporalium
3373 1063 3553 1101 rerum

2019 1127 2332 1197 quiescunt,
2375 1133 2427 1177 et
2469 1124 2534 1178 ab
2566 1126 2797 1192 appetitu
2842 1126 3124 1179 visibilium
3157 1132 3345 1185 mentis
3375 1134 3556 1188 oculos

2017 1212 2285 1285 claudupt.
2316 1212 2413 1278 Qui
2439 1213 2635 1267 idcirco
2669 1228 2770 1267 non
2817 1216 3123 1283 simpliciter
3160 1219 3389 1274 dormire
3416 1263 3429 1285 ,
3459 1224 3553 1277 sed

2016 1316 2201 1356 somno
2225 1300 2433 1370 gravari
2455 1301 2728 1368 dicuntur,
2767 1303 2887 1369 quia
2935 1318 3036 1356 non
3070 1304 3181 1357 sine
3222 1310 3451 1374 pondere
3476 1309 3556 1361 la-

2014 1391 2159 1443 boris
2185 1392 2357 1459 agitur
2383 1389 2680 1457 huiusmodi
2710 1391 2978 1444 dormitio.
3027 1391 3206 1445 Sancti
3250 1395 3390 1447 enim
3420 1395 3551 1462 viri,

1999 1477 2104 1544 'qui
2128 1494 2155 1529 a
2186 1478 2361 1530 mundi
2386 1478 2633 1545 operibus
2654 1464 2758 1531 non
2787 1488 2999 1547 torpore
3019 1482 3111 1534 sed
3136 1482 3326 1534 virtute
3345 1484 3558 1551 sopiun-

2016 1572 2119 1628 tur,
2154 1562 2466 1617 laboriosius
2497 1564 2781 1628 dormiunt,
2806 1580 2964 1631 quam
2989 1566 3206 1634 vigilare
3238 1570 3551 1635 potuerunt;

2014 1652 2135 1720 quia
2176 1652 2227 1704 in
2266 1667 2330 1706 eo
2373 1654 2510 1720 quod
2556 1653 2790 1707 actiones
2835 1655 2989 1721 hujus
3026 1656 3201 1708 sazculi
3247 1657 3555 1711 deserentes

375 1737 500 1804 quia
546 1738 654 1804 ipse
693 1738 783 1791 Dei
821 1754 996 1793 sermo
1037 1741 1088 1805 in
1132 1741 1287 1794 aliam
1329 1742 1557 1810 speciem
1590 1742 1915 1795 admiranda:
1944 1749 1987 1802 Β
2014 1746 2295 1806 superant,
2323 1740 2541 1792 robusto
2586 1737 2828 1790 conﬂictu
2870 1741 3105 1805 quotidie
3153 1754 3334 1794 contra
3359 1754 3553 1797 semet-

374 1826 781 1892 pulchritudinis
805 1828 1211 1883 transformatur
1253 1830 1304 1883 in
1344 1829 1512 1884 oculis
1535 1846 1747 1895 eorum,
1780 1846 1913 1898 quos

375 1914 631 1977 assumit,
673 1914 723 1967 id
757 1924 837 1967 est
865 1916 1053 1969 docet:
1078 1918 1203 1970 etin
1228 1927 1457 1972 montem
1489 1920 1811 2003 sublimioris
1834 1920 1913 1972 in-

376 2000 681 2068 telligentia:
702 2003 871 2065 ducit,
898 2019 1053 2071 quam
1078 2004 1284 2058 videtur
1304 2006 1382 2060 eis
1403 2045 1418 2069 ,
1463 2021 1595 2073 quos
1629 2008 1679 2060 in
1706 2000 1913 2062 inﬁrmo

375 2103 533 2143 scnsu
558 2090 802 2144 deorsum
844 2091 1112 2160 relinquit.
1160 2091 1226 2145 Et
1272 2093 1428 2160 [acies
1469 2095 1620 2163 ejus,
1670 2098 1798 2148 sicut
1837 2094 1913 2148 sol

375 2177 687 2242 resplenduit
704 2218 718 2241 ,
753 2179 801 2231 id
824 2189 900 2233 est
920 2220 935 2243 ,
979 2181 1123 2234 nitor
1141 2190 1352 2250 aspectu
1375 2183 1778 2251 pulchritudinis
1798 2183 1912 2249 ejus

374 2265 775 2333 incomparabili
816 2284 879 2320 ac
919 2258 1170 2337 singulari
1212 2268 1453 2323 claritate
1502 2268 1725 2323 refulsit.
1770 2270 1907 2323 Nihil

370 2354 517 2405 enim
538 2363 658 2405 sunt
681 2394 694 2416 ,
718 2354 769 2407 in
793 2355 905 2421 ejus
927 2357 1345 2433 contparatione,
1390 2356 1597 2426 eloquia
1620 2358 1909 2426 singularis

372 2442 647 2494 doctrinm.
682 2441 985 2496 Vestimenta
1009 2460 1134 2499 vero
1153 2446 1263 2513 ejus
1302 2440 1439 2512 facta
1470 2456 1587 2498 sunt
1623 2446 1738 2498 alba
1779 2447 1907 2499 sicut

369 2528 465 2579 nia:
487 2543 503 2579 :
525 2539 579 2581 et
599 2531 800 2581 restitns
821 2530 932 2597 ejus
954 2531 1098 2583 albus
1122 2531 1395 2599 refulgens.
1426 2531 1734 2584 Vestimenta
1758 2531 1909 2583 Chri-

367 2614 473 2678 sti,
500 2616 658 2668 verba
684 2624 805 2669 sunt
831 2616 1243 2685 Scripturarum,
1265 2627 1318 2671 et
1344 2618 1582 2673 in‘oculis
1606 2619 1707 2672 alta
1726 2628 1907 2687 peten-

370 2706 504 2758 tium
526 2704 797 2760 albescunt
825 2715 881 2759 ut
904 2708 1016 2770 nix,
1062 2718 1117 2762 et
1162 2707 1421 2777 refulgent
1463 2723 1735 2763 sermones
1773 2709 1906 2762 divi-

364 2809 562 2846 narum
591 2795 893 2849 lectionum.
933 2798 1063 2850 Cum
1100 2805 1273 2851 autent
1323 2800 1414 2851 nix
1465 2798 1746 2861 ceciderit,
1786 2813 1907 2853 aves

365 2883 491 2936 emli
522 2898 622 2935 non
662 2884 853 2937 habent
880 2885 965 2939 ubi
990 2885 1331 2949 inhabitent,-
1350 2895 1403 2938 et
1425 2886 1593 2939 ltetior
1618 2887 1773 2940 solito
1811 2888 1905 2939 tri-

366 2971 460 3024 tici
482 2980 735 3039 proventu
770 2970 977 3041 [nomen
1010 2972 1212 3040 aliquod
1250 2972 1502 3025 omittitur
1522 3009 1538 3034 ,
1566 2982 1617 3041 ty
1642 2987 1793 3038 eges,
1825 2971 1919 3025 vel'

2014 1824 2159 1892 ipsos
2194 1832 2453 1893 pugnant,
2476 1884 2477 1887 η
2499 1838 2563 1877 ne
2607 1836 2756 1876 mens
2782 1838 2877 1891 per
2904 1825 3274 1893 negligentiam
3308 1838 3551 1897 torpeat,

2012 1920 2158 1965 etne
2182 1912 2605 1979 concupiscentia
2634 1912 2807 1965 carnis
2848 1913 3097 1985 adversus
3135 1929 3252 1969 eam
3295 1918 3345 1969 in
3376 1918 3555 1987 aliquo

2012 1998 2323 2066 prcevaleat,
2352 2008 2405 2053 et
2433 2013 2497 2052 ne
2520 1997 2616 2067 ipsi
2642 2014 2671 2049 a
2708 1998 2846 2053 bono
2868 2015 3029 2067 opere
3055 2010 3108 2055 et
3128 2016 3157 2053 a
3180 2002 3381 2057 caelesti
3411 2006 3552 2060 desi-

2011 2087 2159 2141 derio
2189 2088 2322 2155 pigri
2373 2087 2519 2140 (iant.
2573 2087 2637 2139 Et
2681 2088 3011 2155 evigilanms,
3058 2090 3259 2159 inquit,
3316 2094 3549 2149 viderunt

2008 2176 2323 2243 majestatem
2346 2176 2490 2245 ejus,
2536 2176 2660 2243 quia
2694 2177 2783 2242 qui
2823 2178 3205 2244 exterioribus,
3245 2189 3304 2233 ut
3351 2184 3550 2237 dictum

2006 2271 2087 2315 est
2110 2302 2126 2328 ,
2151 2262 2517 2325 obdormiunt,
2536 2270 2591 2315 et
2611 2262 2664 2315 in
2680 2262 3023 2325 interioribus
3042 2267 3314 2335 evigilant,
3341 2270 3552 2325 interna

2007 2350 2379 2419 mysteriorum
2403 2356 2702 2417 penetrant.
2724 2348 2855 2403 lline
2886 2360 2966 2405 est
2986 2355 3124 2421 quod
3158 2368 3347 2423 sponsa
3376 2358 3504 2412 dicit
3534 2375 3549 2411 :

2008 2440 2119 2508 Ego
2147 2439 2345 2491 dormio
2365 2477 2381 2502 ,
2412 2446 2458 2489 et
2484 2452 2571 2487 cor
2606 2452 2772 2490 meum
2803 2438 2973 2507 vigilat
3007 2440 3178 2509 (Cant.
3209 2458 3269 2507 ν,
3300 2444 3378 2514 2).
3407 2445 3483 2501 Ac
3505 2447 3550 2501 si

2007 2528 2149 2579 dicat
2177 2542 2191 2578 :
2224 2527 2357 2580 Dum
2388 2525 2679 2578 exteriores
2705 2540 2893 2580 sensus
2918 2529 2985 2580 ab
3015 2528 3171 2596 hujus
3199 2531 3319 2585 vita:
3352 2532 3550 2587 sollici-

2010 2614 2277 2669 tudinibus
2301 2614 2479 2682 sopio,
2512 2622 2731 2666 vacante
2758 2623 2932 2667 mente
2957 2615 3190 2672 vivacius
3219 2620 3425 2673 interna
3453 2636 3547 2676 co-

2008 2718 2223 2773 gnosco.
2241 2702 2361 2769 Agit
2382 2700 2521 2756 enim
2547 2702 2665 2756 talis
2688 2702 2865 2755 anima
2885 2713 2944 2756 ut
2964 2702 3118 2771 hujus
3148 2708 3326 2760 mundi
3350 2708 3550 2776 inquie-

2010 2801 2115 2845 tam
2137 2790 2623 2858 concupiscentiam
2652 2805 2682 2843 a
2706 2804 2761 2843 se
2791 2790 3001 2858 penitus
3038 2778 3257 2870 eiiciat,
3295 2803 3349 2849 et
3381 2802 3549 2851 terre-

2004 2895 2193 2933 narum
2256 2879 2631 2955 cogitationum
2688 2880 2964 2948 strepitum
3024 2882 3265 2948 deserat;
3316 2899 3404 2938 .ae
3452 2900 3551 2955 per

2003 2967 2195 3035 quietis
2219 2940 2449 3021 studium
2494 2940 2778 3023 virtutibus
2800 2940 3024 3021 Uintenta
3076 2940 3295 3039 vigilans
3330 2940 3544 3027 dormit.

363 3034 892 3126 annima]exubérat.
923 3056 1019 3111 Cui
1043 3034 1117 3111 rei
1161 3059 1320 3111 verba
1363 3034 1752 3126 Scriptuiarnm
1782 3067 1900 3126 apte
1927 3062 1970 3122 ρ
2000 3034 2181 3123 Neque
2215 3055 2353 3108 enim
2400 3056 2465 3107 ad
2509 3054 2907 3124 contemplanda
2952 3034 3157 3109 interna
3198 3059 3543 3124 perdueitur,

363 3154 743 3212 comparantur
759 3182 775 3209 ,
803 3160 920 3213 quae
944 3146 1007 3199 de
1028 3135 1159 3200 οωιό
1181 3147 1338 3200 missa
1361 3155 1482 3200 sunt
1509 3148 1561 3199 in
1586 3155 1787 3203 terram
1805 3186 1819 3211 ,
1850 3155 1903 3199 et

356 3231 544 3301 jejuna
572 3242 867 3285 nostrorum
894 3240 1163 3300 pectorum
1189 3248 1312 3286 arva
1357 3222 1813 3297 lecunda'verunt,
1840 3248 1902 3288 ac

361 3318 645 3387 Spiritibus
680 3319 850 3373 aereis
899 3327 1147 3388 tanquam
1190 3321 1373 3375 avibus
1408 3321 1695 3376 immundis
1728 3320 1902 3376 locum

362 3422 473 3461 non
499 3405 840 3473 reliquerunt.

433 3495 687 3561 Sequitur
740 3513 752 3547 :
799 3493 861 3547 Et
929 3511 1042 3548 ecce
1105 3506 1451 3564 apparuerunt
1510 3495 1615 3549 illis
1661 3495 1899 3566 Moyses,

361 3591 410 3635 et
459 3580 605 3633 Elias
649 3597 763 3633 cum
809 3597 867 3633 eo
910 3580 1187 3649 loquentes.
1232 3582 1322 3637 Vel
1352 3602 1362 3636 :
1393 3582 1524 3636 Ecce
1568 3585 1669 3637 duo
1706 3585 1801 3637 viri
1822 3584 1900 3638 lo-

363 3674 652 3737 quebantur
702 3685 817 3720 cum
860 3668 969 3721 illo.
1001 3666 1165 3721 Erant
1212 3685 1381 3722 autent
1424 3669 1627 3739 Moyses
1671 3681 1717 3724 et
1753 3670 1899 3724 Elius

362 3758 460 3811 risi
493 3758 545 3808 in
573 3756 856 3824 majestate,
907 3767 953 3810 et
1001 3756 1231 3809 dicebant
1278 3774 1532 3810 excessum
1574 3759 1687 3827 ejus
1710 3798 1725 3824 ,
1752 3776 1899 3828 quem

361 3844 704 3913 completurus
747 3854 856 3897 erat
915 3846 967 3897 in
1012 3842 1299 3897 Jerusalem
1351 3844 1500 3914 (Luc.
1542 3860 1615 3908 Ix,
1656 3845 1744 3911 30,
1786 3847 1896 3917 51).

362 3933 569 4002 Moyses
604 3943 649 3986 et
690 3932 835 3985 Elias
872 3942 1217 4000 apparuerunt
1254 3933 1307 3984 in
1328 3942 1496 3985 monte
1517 3950 1632 3986 cum
1657 3934 1897 4002 Domino,

360 4023 620 4092 loquentes
646 4039 758 4075 cum
787 4010 844 4075 eo
869 4061 884 4084 ,
915 4022 1036 4099 quia
1058 4021 1142 4075 lex
1163 4032 1216 4074 et
1244 4024 1512 4090 prophetae
1557 4026 1607 4076 in
1653 4024 1761 4078 alto
1788 4024 1896 4079 cel-

359 4113 519 4165 sioris
543 4110 891 4178 intelligentiae
915 4118 1200 4163 cernuntur
1224 4124 1341 4162 cum
1365 4110 1666 4177 Evangelio,
1689 4127 1750 4165 ac
1771 4128 1897 4166 con-

360 4200 583 4253 cordant
608 4199 660 4250 in
684 4199 836 4251 dictis
864 4198 975 4252 suis
1002 4213 1120 4251 cum
1157 4212 1239 4251 eo.
1288 4198 1392 4251 Sed
1430 4208 1484 4252 et
1531 4202 1585 4251 in
1627 4202 1896 4268 majestate

358 4303 478 4339 cum
524 4303 581 4339 eo
628 4286 721 4339 eisi
766 4296 924 4340 sunt:
958 4290 1080 4355 quia
1107 4286 1427 4354 sapientibus
1454 4294 1506 4341 et
1534 4288 1897 4355 spiritualibus

1999 3142 2099 3196 nisi
2123 3142 2189 3195 ab
2222 3141 2306 3195 his
2336 3156 2452 3211 qua:
2476 3142 2711 3195 exterius
2738 3142 3040 3210 implicant,
3072 3144 3305 3199 studiose
3334 3143 3545 3199 subtra-

1999 3231 2173 3283 hatur.
2208 3229 2390 3297 Itaque
2417 3231 2504 3298 qui
2526 3244 2711 3283 somno
2737 3232 3112 3299 gravabantur,
3138 3233 3540 3301 evigilavcrunt,

1999 3331 2063 3372 ac
2111 3319 2432 3385 majestatem
2479 3319 2592 3385 ejus
2639 3319 2869 3371 viderunt
2900 3335 2919 3372 :
2974 3321 3098 3386 quia
3147 3323 3234 3388 qui
3282 3319 3349 3375 ab
3387 3323 3543 3390 hujus

1999 3404 2177 3458 mundi
2205 3402 2351 3458 curis
2374 3402 2707 3457 obdormiunt
2729 3443 2745 3467 ,
2776 3412 2831 3458 et
2864 3407 3108 3474 supernis
3148 3410 3333 3461 studiis
3376 3411 3537 3480 evigi-

1998 3491 2151 3557 lant,
2202 3491 2521 3559 majestatem
2568 3493 2706 3546 sacri
2752 3492 2944 3561 eloquii
2999 3496 3453 3565 contemplantur,
3490 3510 3545 3554 et

1998 3578 2267 3647 spiritales
2287 3578 2517 3633 visiones
2540 3580 2823 3647 aspiciunt.
2858 3579 3104 3647 Domine,
3135 3582 3307 3651 inquit
3330 3584 3541 3653 Petrus,

1996 3667 2185 3719 bonum
2212 3674 2284 3718 est
2320 3682 2411 3717 nos
2454 3665 2536 3717 hic
2582 3682 2718 3730 esse,
2768 3667 2817 3719 id
2865 3678 2948 3721 est
2997 3670 3047 3720 in
3092 3672 3543 3739 contemplatione

1997 3754 2286 3821 majestatis
2306 3755 2593 3825 evangelici
2636 3758 2896 3810 sermonis
2939 3758 3243 3824 immorari,
3291 3769 3345 3816 et
3375 3763 3541 3833 legem

1992 3843 2150 3898 simul
2180 3857 2243 3896 ac
2260 3843 2574 3913 prophetias
2595 3845 2647 3896 in
2676 3844 2917 3899 claritate
2939 3847 3193 3914 spiritalis
3234 3849 3541 3921 intelligen-

1996 3932 2085 3986 tia:
2123 3933 2384 3985 contueri.
2437 3933 2638 3998 Quem,
2688 3934 2889 3987 scilicet
2923 3951 3221 3991 sermonem
3248 3978 3263 4003 ,
3316 3943 3543 3997 vocabat

1996 4020 2265 4075 dominum
2302 4027 2355 4073 et
2391 4030 2764 4088 praeceptorem
2794 4040 2805 4074 :
2837 4023 2958 4091 quia
3002 4026 3281 4093 praeceptis
3321 4027 3434 4094 ejus
3473 4044 3539 4082 ex

1994 4111 2251 4163 charitate
2271 4110 2470 4164 servire
2492 4120 2706 4179 paratus
2728 4119 2845 4165 erat
2869 4151 2886 4176 ,
2924 4118 2978 4166 et
3005 4114 3120 4181 ejus
3142 4114 3396 4169 doctrinis
3416 4124 3542 4170 eru-

1994 4197 2094 4250 diri
2131 4198 2355 4250 volebat.
2380 4198 2484 4251 Sed
2506 4199 2558 4250 in
2587 4213 2651 4251 eo
2680 4200 2827 4266 quod
2847 4180 2961 4251 tria,
2984 4180 3313 4255 tabernacula
3356 4202 3535 4257 facere

2000 4286 2170 4340 tribus
2192 4288 2464 4355 quaesivit,
2512 4288 2779 4342 nesciebat
2807 4291 2929 4356 quid
2958 4292 3143 4343 diceret
3169 4305 3188 4342 :
3226 4307 3343 4345 eum
3374 4310 3535 4349 unum

356 4374 609 4443 ell’ulgent
641 4390 758 4428 eum
808 4374 893 4428 illo
950 4375 1000 4427 in
1041 4375 1204 4443 gloria
1235 4376 1423 4429 divina:
1464 4376 1816 4441 excellentiae,
1845 4385 1898 4429 et
1928 4365 1976 4422 Ι)
2000 4372 2072 4426 sit
2096 4372 2487 4426 tabernaculum
2512 4373 2776 4449 Evangelii
2796 4414 2811 4439 ,
2856 4378 2906 4428 in
2934 4391 3037 4444 quo
3063 4377 3145 4431 lex
3186 4388 3239 4431 et
3268 4379 3535 4449 propheta:

358 4464 592 4516 dicebant
616 4463 866 4515 excelsum
889 4464 1039 4531 ejus,
1096 4479 1245 4531 quem
1289 4464 1630 4532 completurus
1678 4474 1789 4518 erat
1842 4466 1895 4518 in

357 4551 690 4604 Jerusalem:
723 4551 845 4619 quia
892 4554 1361 4619 pronuntiaverunt
1407 4553 1635 4607 futuram
1681 4552 1893 4627 celsitu-

358 4641 533 4693 dinem
564 4640 723 4707 ipsius
748 4639 1033 4708 evangelici
1060 4641 1339 4703 sermonis,
1366 4656 1472 4709 quo
1493 4641 1697 4695 s'cilieet
1722 4642 1893 4710 digni-

360 4742 470 4786 tate
489 4742 541 4785 ct
568 4731 796 4800 potentia
820 4731 955 4784 foret
976 4746 1289 4785 excessurus
1316 4710 1489 4785 omnia
1518 4733 1566 4784 in
1596 4732 1721 4784 urbe
1746 4733 1891 4798 pacis

356 4829 567 4872 teterna:
590 4858 605 4882 ,
634 4834 697 4872 ac
725 4833 1003 4870 mansurus
1026 4818 1221 4885 absque
1244 4818 1366 4871 line.
1394 4818 1524 4871 llinc
1546 4829 1595 4869 et
1614 4816 1889 4871 Psalmista

358 4906 551 4959 cecinit
578 4922 591 4958 :
623 4904 689 4957 In
715 4916 955 4958 aeternum
984 4943 999 4968 ,
1030 4903 1264 4968 Domine,
1294 4904 1492 4957 verbum
1521 4913 1662 4955 tuum
1689 4918 1890 4971 perma-

359 5004 438 5045 net
503 4994 555 5043 in
596 4993 716 5045 ctelo
760 4991 925 5062 (Psal.
964 5007 1122 5045 cxvut
1152 5032 1165 5055 ,
1218 4992 1325 5060 89).
1384 4992 1636 5059 Dominus
1683 5004 1891 5059 quoque

359 5081 529 5135 dixit:
562 5080 753 5133 Ctelutn
778 5092 822 5133 et
852 5092 987 5134 terra
1018 5081 1334 5143 transibunt,
1385 5082 1530 5134 verba
1570 5091 1739 5133 autem
1782 5096 1891 5133 mea

360 5186 459 5222 non
488 5170 769 5222 transibunt
802 5170 946 5238 (Luc.
977 5186 1065 5222 xxr
1086 5209 1099 5232 ,
1130 5169 1233 5237 '55).

432 5258 613 5309 l’etrus
627 5274 739 5310 vero
752 5270 794 5311 et
809 5260 891 5326 qui
906 5275 1020 5311 cunt
1040 5258 1126 5311 illo
1145 5267 1308 5323 erant,
1322 5259 1519 5326 gravati
1534 5268 1675 5310 erant
1698 5274 1889 5312 somno:

360 5348 480 5415 quia
498 5364 675 5412 corpus
688 5350 819 5415 quod
834 5350 1172 5416 corrumpitur
1195 5359 1431 5416 aggravat
1456 5349 1677 5409 animum
1746 5360 1789 5401 et
1805 5350 1893 5400 dc-

360 5437 532 5505 printit
583 5444 777 5488 terrena
811 5438 1109 5501 in/tabitatio
1145 5454 1344 5488 sensum
1386 5436 1544 5487 multa
1588 5436 1887 5503 cogitantem

361 5519 509 5588 (δαν.
533 5536 609 5585 rx,
626 5522 728 5590 15),
744 5538 803 5576 ae
820 5522 957 5574 velut
973 5538 1155 5576 somno
1178 5524 1400 5592 quodam
1428 5512 1662 5591 corporis
1685 5525 1885 5591 pigrum

1706 5598 1729 5619 ρ

1998 4450 2292 4514 morantur.
2324 4460 2454 4514 Nam
2482 4440 2533 4515 el.
2558 4478 2724 4530 usque
2765 4479 2906 4516 nunc
2957 4465 3232 4534 imperitia:
3280 4477 3493 4521 notatur
3516 4510 3532 4534 ,

1996 4548 2235 4617 quisquis
2267 4550 2536 4617 evangelio
2555 4560 2607 4601 et
2630 4550 2728 4619 legi
2761 4566 2823 4604 ac
2849 4552 3117 4619 prophetis
3158 4552 3257 4605 tria
3295 4558 3535 4608 taberna-

1994 4638 2111 4690 cula
2140 4638 2314 4691 facere
2332 4640 2512 4706 cupit;
2555 4656 2673 4693 cum
2715 4642 2827 4695 hmc
2867 4642 2932 4695 ab
2971 4642 3196 4694 invicem
3240 4645 3534 4699 nullatenus

1999 4727 2211 4778 valeant
2237 4728 2498 4793 separari,
2531 4740 2689 4779 unum
2720 4727 2964 4781 habentia
3010 4727 3435 4791 tabernaculum,
3480 4731 3531 4783 id

1992 4823 2072 4865 est
2104 4812 2393 4864 Ecclesiam
2424 4814 2535 4864 Dei.
3037 4803 3041 4807 ’

2067 4899 2352 4966 Sequitur:
2381 4900 2560 4951 Adhuc
2596 4917 2653 4951 eo
2682 4900 2914 4969 loquente
2938 4940 2952 4963 ,
3002 4917 3133 4953 ecce
3155 4902 3310 4954 nubes
3359 4902 3531 4958 lucida

2000 4990 2315 5043 obumbravit
2346 5006 2449 5041 eos.
2480 4988 2544 5040 Et
2579 5006 2689 5041 ecce
2732 5007 2828 5042 vox
2886 4994 2947 5043 de
2991 4992 3142 5055 nube,
3185 4993 3356 5045 dicens
3378 5010 3397 5046 :
3432 4994 3533 5047 llic

2004 5092 2075 5134 cst
2132 5079 2302 5133 Filius
2332 5081 2488 5133 'meus
2554 5081 2799 5144 dilectus,
2856 5082 2907 5133 in
2934 5098 3033 5149 quo
3066 5083 3189 5134 mihi
3235 5084 3353 5136 bene
3391 5101 3530 5136 com-

1997 5172 2209 5240 placui,
2266 5172 2427 5237 ipsum
2486 5172 2676 5222 audite.
2736 5171 2867 5236 Quia
2930 5172 3288 5241 imprudenter
3332 5174 3528 5235 tribus,

1990 5260 2135 5327 quasi
2197 5257 2410 5326 paribus
2470 5272 2533 5310 ac
2564 5257 2765 5321 divisis,
2815 5260 2913 5310 tria
2963 5241 3309 5311 tabernacula:
3340 5256 3527 5310 otTerc-

1964 5342 2107 5411 bat,
2141 5348 2283 5399 venit
2315 5347 2465 5398 nubes
2487 5347 2687 5411 lucida,
2734 5348 2781 5399 id
2812 5358 2892 5401 est
2928 5347 3294 5416 mysteriorum
3326 5346 3525 5398 incom-

1993 5434 2410 5510 prehensibilitas
2435 5449 2549 5502 qua:
2577 5444 2629 5486 et
2668 5435 2906 5502 splendet
2951 5445 3005 5487 et
3047 5435 3355 5496 obumbrat,
3400 5433 3522 5498 quia

1990 5538 2040 5591 e_t
2085 5534 2308 5579 mentem
2360 5524 2613 5577 illuminat
2645 5527 2943 5581 ostensione
2989 5525 3315 5587 divinorum,
3366 5532 3417 5576 et
3460 5536 3523 5573 ex

2828 5634 2843 5657 Ι
