4190 6250
556 286 659 340 MS

912 286 969 341 s.
1008 284 1296 340 ANSELMI
1335 282 1675 339 caurum.
1716 267 2027 338 ARCIHEP.
2078 279 2101 334 (

2181 279 2227 332 Ρ.
2264 278 2439 332 PARS
2474 277 2536 332 ll.
2568 307 2638 319 —
2668 280 3033 335 ΡᾹΠᾸΞΝΕΤ.
3075 283 3161 338 ΕΤ
3188 286 3421 342 ASCET.

3632 294 3732 349 0l3

558 407 672 454 toto
703 398 862 453 Deum
898 413 1000 451 non
1046 395 1385 458 manifestat;
1440 378 1529 447 sed
1567 392 1631 447 de
1671 407 1734 445 eo
1778 393 1926 461 plura
1972 389 2099 462 tegit
2126 389 2359 448 Asolum
2401 387 2603 451 Jesum,
2652 389 2704 443 id
2746 400 2828 443 est
2864 391 3063 445 Novum
3095 393 3512 453 Testamentum,
3547 402 3733 459 Amata

559 502 719 555 quam
746 488 957 542 revelat.
996 485 1175 547 Venit,
1209 485 1459 551 inquam,
1510 479 1806 547 huiusmodi
1835 478 1989 531 nubes
2018 477 2111 530 (ιιι

559 576 677 629 eida
705 614 721 639 ,
749 584 795 626 et
818 573 1128 626 obumbravit
1164 580 1369 624 mentes
1391 578 1573 623 eurum
1598 570 1817 621 obscura
1842 567 1957 621 luce
1978 582 2095 621 sua.

558 664 618 718 In
639 678 791 730 quam
820 662 1076 714 intrantes
1102 660 1426 722 timuerunt,
1458 665 1669 727 propter
1700 655 2095 723 incomprehen-

558 752 730 824 sibilia
758 750 851 804 Dei
876 749 1105 817 judicia,
1141 758 1197 802 ct
1220 756 1434 817 prOpter
1459 754 1649 798 extera
1668 784 1684 807 ,
1726 759 1844 812 qua:
1868 744 1918 797 in
1953 744 2098 797 Scri-

556 839 727 911 pturis
776 845 950 892 mente
998 836 1347 903 nequiverunt
1392 832 1861 911 comprehendere.
1930 831 1995 883 Et
2033 830 2099 884 de

558 906 706 981 tanta
730 926 1101 997 mysteriorum
1144 906 1776 989 incomprehensibilitate
1816 919 1959 972 venit
2002 934 2099 971 vos:

557 1016 652 1070 Dei
674 1015 896 1069 dicentis
918 1014 981 1067 de
1002 1025 1245 1065 sermone
1270 1008 1565 1078 LEvangelii
1587 1004 1709 1078 quia
1730 1009 1810 1061 hic
1832 1017 1904 1063 est
1926 1006 2098 1061 Filius

555 1120 699 1173 meus
736 1102 982 1164 dilectus,
1023 1098 1077 1151 in
1122 1114 1219 1168 quo
1280 1098 1405 1150 mihi
1450 1098 1572 1151 bene
1619 1097 1923 1167 complacui.
1970 1095 2097 1149 Pro-

553 1190 715 1243 cessit
735 1188 873 1242 enim
895 1204 958 1242 ex
984 1188 1090 1242 Deo
1114 1227 1132 1251 ,
1183 1196 1237 1241 et
1259 1201 1352 1256 per
1374 1188 1537 1242 Deum
1563 1187 1895 1240 incarnatma
1935 1182 2092 1238 datus

550 1285 633 1331 est
671 1278 808 1330 idem
853 1277 1036 1346 gratiae
1075 1291 1282 1340 sermo;
1353 1288 1670 1342 omnemque
1722 1271 2096 1354 perfectionem

547 1363 797 1433 iustitiae,
821 1380 981 1433 quam
1012 1362 1259 1417 mortales
1296 1376 1487 1429 capere
1525 1367 1747 1429 possunt
1772 1397 1787 1420 ,
1831 1358 2089 1424 continet;

550 1465 607 1509 et
626 1469 784 1509 omne
812 1453 903 1508 Dei
924 1453 1305 1523 beneplacitum
1328 1449 1582 1503 declarat.
1632 1448 1858 1517 Propter
1880 1446 2019 1516 quod
2043 1456 2098 1502 et

552 1542 620 1599 de
652 1543 891 1607 eodicit,
930 1543 984 1594 in
1020 1555 1118 1610 quo
1158 1540 1282 1592 mihi
1328 1538 1451 1590 bene
1494 1535 1798 1605 complucui.
1858 1534 2006 1590 Unde
2046 1542 2101 1589 et

551 1628 838 1699 Apostolus
874 1628 950 1681 ait
985 1645 1001 1681 :
1061 1625 1367 1695 Reprobatio
1404 1624 1607 1694 quidem
1645 1623 1704 1691 ﬁt
1762 1623 2097 1691 prcccedentis

2195 474 2337 528 enim
2386 475 2541 539 nube,
2584 484 2637 535 et
2668 479 3105 532 evanescentibus
3136 481 3311 551 Moyse
3337 493 3391 537 et
3419 487 3551 551 Elia,
3585 490 3735 546 Chri.

2196 572 2309 619 stus
2362 564 2506 617 solus
2552 565 2820 631 cernitur;
2888 568 3009 635 quia
3066 568 3197 636 legis
3249 580 3303 624 et
3358 576 3736 642 prophetarum

2195 652 2380 706 umbra
2409 652 2735 716 discedente,
2777 670 2957 708 verum
2988 655 3185 720 lumen,
3217 666 3540 721 coruscaite
3566 668 3734 731 gratia

2198 741 2490 810 Evangelii,
2546 740 2805 809 splendet.
2860 744 2960 798 Ubi
3010 747 3149 800 enim
3197 748 3327 817 legis
3362 758 3415 803 et
3444 755 3737 820 prophetia:

2196 828 2381 881 umbra
2407 829 2629 890 recedit,
2655 844 2773 897 quae
2804 846 2900 884 suo
2928 832 3182 901 velamine
3209 846 3416 892 mentes
3464 839 3735 899 hominum

2198 916 2433 985 tegebat,
2485 926 2710 985 utraque
2761 921 3021 987 reperitur
3057 923 3107 974 in
3136 923 3435 993 Evangelia.
3466 926 3595 983 Nam
3616 946 3734 985 cum

2199 1011 2305 1056 tres
2344 1012 2543 1069 essent,
2588 1019 2727 1060 unus
2766 1015 2849 1059 est
2878 1006 3069 1062 factus.
3098 1009 3230 1064 Tres
3269 1014 3318 1065 in
3351 1015 3608 1083 principio
3635 1018 3736 1072 visi
3806 1042 3809 1045 ·

2195 1099 2341 1155 sunt,
2374 1106 2512 1144 unus
2533 1091 2584 1145 in
2620 1093 2741 1148 line.
2770 1093 2903 1160 Quia
2937 1094 3039 1157 lex,
3082 1106 3133 1149 et
3162 1100 3463 1167 prophetia,
3488 1111 3542 1154 et
3563 1103 3736 1157 Evan-

2194 1179 2416 1248 gclium,
2470 1181 2683 1250 quando
2728 1183 3015 1237 secundum
3063 1185 3250 1239 littera:
3295 1187 3627 1256 superficiem
3656 1200 3735 1245 at-

2196 1270 2502 1333 tenduntur,
2536 1278 2643 1325 trcs
2690 1272 2980 1325 videntur:
3024 1275 3237 1341 quando
3282 1278 3572 1330 secundum
3606 1279 3736 1333 inte-

2197 1362 2391 1431 riorem
2417 1376 2628 1416 sensum
2647 1363 3015 1430 inspiciuntur,
3044 1379 3180 1418 unus
3203 1375 3441 1435 apparet.
3469 1367 3578 1421 Lex
3593 1368 3735 1424 enim

2197 1456 2253 1502 et
2292 1448 2601 1517 prophetiae,
2654 1448 2806 1516 juxta
2863 1449 3153 1518 spiritalem
3206 1452 3548 1517 intellectum,
3604 1458 3737 1513 nihil

2196 1533 2339 1587 aliud
2373 1542 2499 1587 sunt
2532 1549 2689 1603 quam
2726 1535 2965 1589 doctrina
3004 1537 3327 1605 evangelica.
3358 1539 3493 1593 llinc
3529 1540 3640 1609 jam
3670 1544 3737 1598 de

2197 1630 2378 1676 monte
2417 1623 2901 1689 descendentibus“
2934 1625 2984 1678 id
3011 1634 3093 1679 est
3139 1627 3203 1679 de
3252 1627 3526 1683 altitudine
3574 1632 3738 1685 subli-

551 1717 784 1772 mandati
822 1726 1028 1786 propter
1088 1715 1439 1782 inﬁrmitatem
1479 1714 1598 1782 ejus‘
1643 1726 1691 1767 et
1736 1713 2095 1779 inutilitatem;
2125 1717 2170 1776 Β
2198 1710 2381 1765 mioris
2405 1702 3336 1781 itttelligentim‘etcontemplationis
3360 1716 3424 1768 ad
3456 1717 3559 1769 ima
3590 1732 3736 1773 como

552 1805 682 1859 nihil
715 1810 850 1859 enim
894 1808 961 1858 ad
1022 1806 1303 1874 perfectum
1340 1801 1563 1855 adduxit
1604 1803 1687 1856 lea:
1726 1816 1744 1855 :
1785 1804 2097 1858 introductio

551 1907 665 1945 rere
703 1894 761 1960 [it
792 1894 1016 1946 melioris
1042 1892 1170 1959 spei,
1191 1908 1280 1959 per
1304 1910 1460 1961 quant
1478 1894 1828 1960 proximamus
1849 1893 1915 1945 ad
1938 1893 2099 1946 Deum

551 1975 735 2041 (Hebr.
777 1995 882 2041 vn,
931 1979 1157 2049 18,19).
1212 1980 1275 2032 Et
1324 1963 1450 2034 item
1485 1998 1498 2033 :
1537 1980 1677 2034 Nam
1695 1983 1739 2035 si
1768 1981 1913 2053 illud
1957 1983 2100 2050 prius

550 2066 700 2138 culpa
745 2068 899 2139 167
939 2078 1195 2134 vacasset,
1251 2085 1353 2123 non
1386 2070 1805 2139 utiqu’esecundi
1840 2069 1983 2123 locus
2018 2071 2101 2123 in-

548 2157 839 2224 quit-eretur
871 2155 1074 2227 (Hebr.
1131 2171 1257 2221 vm,
1298 2156 1387 2226 7).
1430 2155 1495 2209 Et
1544 2154 1661 2210 ideo
1700 2142 2096 2210 Testamentum

554 2239 749 2309 Vetus,
808 2245 947 2313 quod
999 2244 1309 2299 datum‘est
1352 2259 1446 2311 per
1494 2259 1743 2311 servum,
1805 2245 1997 2299 retinet
2043 2244 2098 2298 in

536 2346 609 2387 'se
636 2331 886 2386 vilitatem
921 2333 1223 2398 servitutis;
1274 2333 1483 2387 Novium
1529 2348 1678 2398 vero,
1724 2333 1867 2403 quod
1916 2334 2096 2387 datum

550 2429 633 2476 est
675 2436 774 2491 per
819 2421 1039 2487 Filium,
1101 2424 1337 2492 possidet
1390 2407 1646 2495 honorem
1693 2422 1985 2488 tiliationis,
2033 2424 2098 2477 de

554 2525 659 2581 quo
685 2511 921 2567 dicitur:
957 2512 1057 2565 llic
1109 2522 1181 2566 est
1228 2512 1273 2565 F
1276 2513 1395 2567 ilius
1437 2530 1577 2567 meus
1615 2514 1863 2575 dilectus;
1918 2520 1972 2566 et
2009 2512 2101 2567 ad-

481 2654 484 2658 .
551 2600 695 2655 ditur
753 2601 821 2655 de
882 2617 977 2666 eo,
1031 2603 1196 2668 ipsum
1247 2602 1467 2655 audite:
1521 2603 1644 2671 quia
1706 2600 1957 2669 quidquid
2015 2600 2100 2654 lex

515 2686 770 2760 .jnstitire
813 2695 868 2741 et
911 2687 1183 2757 propheta:
1236 2686 1696 2757 promulgaverunt
1750 2688 1800 2740 in
1843 2702 1906 2740 eo
1935 2686 2102 2740 conti-

557 2787 736 2838 netur,
776 2783 832 2829 et
888 2776 1051 2829 multo
1092 2777 1337 2843 amplius.
1382 2777 1471 2828 Ait
1497 2775 1659 2844 enim
1696 2774 1950 2828 Dominus
1980 2775 2047 2828 ibi
2080 2792 2095 2827 :

561 2861 751 2916 Omnia
793 2879 1106 2932 quarcunque
1138 2863 1286 2917 vultis
1322 2871 1373 2913 ut
1403 2862 1597 2928 faciant
1622 2862 1756 2914 vobis
1782 2862 2025 2922 homines,
2050 2870 2097 2914 et

556 2967 643 3003 ros
666 2951 822 3018 facile
849 2951 987 3014 illis;
1020 2953 1129 3003 htt'c
1165 2962 1235 3003 est
1276 2951 1405 3002 enim
1433 2949 1525 3011 leas
1538 2958 1585 3013 et
1605 2950 1861 3017 propheta:
1882 2948 2090 3017 (Matth.

2198 1799 2374 1851 munis
2403 1798 2821 1852 conversationis
2852 1799 3210 1864 redeuntibus,
3243 1802 3544 1871 przecipitur
3577 1805 3739 1859 visio-

2164 1888 2319 1946 ’nem
2354 1887 2492 1942 hanc
2534 1886 2663 1941 nulli
2715 1888 2913 1951 dicere,
2950 1889 3051 1960 nisi
3081 1898 3202 1958 post
3245 1890 3451 1944 Domini
3499 1906 3738 1948 resurre-

2199 1974 2454 2028 ctionem.
2484 1973 2692 2027 Nemini
2719 1975 2869 2028 enim
2909 1976 3173 2029 narranda
3215 1985 3298 2030 est
3341 1976 3558 2032 claritas
3601 1980 3737 2034 sacri

2197 2063 2413 2134 eloquii,
2444 2080 2561 2142 qua:
2580 2066 2907 2134 sapientibus
2936 2067 2987 2118 iu
3017 2066 3124 2121 alto
3151 2066 3252 2121 hoc
3279 2066 3738 2135 contemplationis

2190 2150 2301 2221 jam
2322 2162 2533 2206 ostensa
2563 2160 2666 2217 est,
2709 2153 2808 2205 nisi
2839 2154 2927 2221 qui
2960 2153 3225 2207 Christum
3253 2155 3608 2210 resurrexirse
3626 2156 3737 2223 jam

2197 2237 2439 2301 credidit,
2471 2237 2594 2306 quia
2623 2253 2723 2292 nec
2748 2238 2861 2306 ipse
2903 2240 3005 2293 nisi
3043 2249 3162 2309 post
3197 2240 3603 2295 resurrectionis
3629 2256 3739 2296 sum

2197 2324 2521 2392 triumphum
2562 2325 2856 2394 discipulis,
2903 2336 2961 2380 ut
3008 2327 3316 2395 Scripturas
3360 2329 3735 2399 intelligerent,

2196 2428 2411 2468 sensum
2459 2418 2689 2485 aperuit.
2732 2415 2973 2497 Un‘dewt
3005 2421 3285 2487 Apostolus
3326 2421 3463 2474 hanc
3487 2420 3739 2489 speciosae

2198 2504 2461 2558 claritatis
2508 2504 2755 2574 gloriam,
2788 2523 2895 2576 qua
2926 2508 3135 2561 divinus
3182 2524 3360 2563 sermo
3404 2511 3626 2565 interius
3654 2526 3738 2566 re-

2199 2592 2384 2677 fulget,
2422 2594 2739 2677 quibusdam
2774 2596 3005 2675 celabat,
3046 2598 3228 2652 dicens
3260 2616 3273 2651 :
3313 2598 3462 2652 Nihil
3496 2617 3574 2653 me
3592 2600 3737 2667 judi-

2194 2682 2316 2733 cavi
2349 2668 2480 2735 scire
2516 2684 2649 2735 inter
2683 2668 2789 2748 ros,
2828 2686 2930 2737 nisi
2956 2685 3153 2749 Jesum,
3184 2696 3230 2738 et
3262 2688 3399 2739 hunc
3432 2688 3736 2755 cruciﬁxum

2202 2767 2221 2837 (
2253 2769 2281 2821 Ι
2313 2768 2435 2822 Cor.
2466 2786 2526 2833 ιι,
2553 2770 2801 2843 2)._Aliis
2838 2787 2961 2824 vero
3002 2772 3110 2839 jam
3147 2772 3408 2841 provectis
3446 2775 3733 2842 aperiebat,

2200 2858 2269 2910 de
2285 2858 2476 2924 quibus
2499 2858 2572 2911 ait
2595 2876 2607 2910 :
2629 2858 2945 2928 Sapientiam
2975 2874 3144 2913 au‘em
3175 2862 3431 2928 loquimur
3457 2863 3589 2916 inter
3617 2856 3737 2933 per-

2200 2940 2359 3010 {et-tos
2396 2944 2581 3011 (ibid.,
2630 2945 2719 3012 6).
2768 2944 3057 3001 Minoribus
3105 2948 3245 3001 enim
3286 2949 3492 3002 minora
3546 2950 3738 3021 praedi-

550 3054 645 3103 νη,
701 3039 805 3109 12),
856 3039 924 3093 Et
977 3041 1041 3095 de
1090 3040 1291 3109 majore
1333 3039 1538 3107 justiti;
1577 3054 1694 3106 qua:
1734 3046 1816 3091 est
1852 3040 1902 3091 in
1929 3038 2093 3103 Novo,
2124 3023 2168 3083 C
2207 3032 2319 3085 cari
2372 3034 2585 3097 debent,
2641 3043 2695 3088 et
2740 3034 3028 3103 majoribus
3075 3038 3273 3105 majora
3309 3055 3322 3090 :
3375 3042 3736 3109 unusquisque

550 3145 708 3200 quam
742 3129 792 3182 in
827 3130 999 3185 Veteri
1030 3147 1043 3182 :
1079 3130 1329 3194 Audistis,
1371 3130 1559 3198 inquit,
1608 3130 1731 3197 quia
1784 3130 1975 3180 dictum
2021 3138 2095 3182 est

552 3218 774 3287 antiquis
816 3217 981 3275 :Nou
1046 3218 1361 3286 perjurubis,
1422 3218 1601 3269 reddes
1658 3226 1827 3268 autent
1880 3215 2099 3268 Domino

548 3305 857 3372 juramenta
909 3316 1019 3357 tua.
1070 3304 1180 3371 Ego
1228 3314 1398 3356 autem
1447 3304 1561 3355 dico
1602 3303 1759 3365 vobis,
1798 3318 1897 3355 non
1918 3303 2102 3370 jurare

556 3393 767 3446 omnino
790 3392 1006 3463 (Matth.
1030 3402 1082 3456 v,
1098 3380 1213 3459 .53).
1240 3393 1504 3459 Itemque:
1524 3393 1748 3444 Audistis
1768 3392 1887 3459 quia
1908 3391 2100 3442 dictum

554 3491 673 3535 est:
700 3480 895 3550 Diliges
926 3482 1146 3534 anticum
1176 3491 1343 3542 tuum,
1377 3489 1424 3532 et
1468 3479 1583 3531 odio
1610 3478 1815 3530 habebis
1838 3478 2101 3529 inimicum

560 3564 725 3645 tuum.
784 3570 891 3639 Ego
961 3582 1129 3624 autent
1190 3572 1304 3622 dico
1357 3570 1496 3622 vobis
1533 3585 1552 3622 :
1601 3568 1806 3636 Diligite
1866 3568 2097 3620 inimicos

557 3671 767 3721 vestros,
804 3659 1080 3727 benefacite
1110 3658 1188 3710 his
1209 3658 1296 3725 qui
1322 3658 1536 3708 aderunt
1559 3672 1642 3708 vos
1658 3656 1801 3722 (ibid.
1820 3670 1869 3706 v.
1892 3654 2093 3723 43,44),

553 3759 608 3801 ct
638 3746 738 3799 alia
770 3748 931 3799 nmlta
978 3746 1297 3814 hujusmodi.
1331 3746 1464 3811 Quia
1509 3760 1635 3813 ergo
1679 3742 1880 3795 Novum
1912 3742 2098 3797 Testa-

556 3846 789 3893 mentum
817 3836 1053 3889 continet
1082 3837 1261 3888 omnia
1291 3849 1408 3902 quaz
1432 3835 1591 3887 Vetus
1614 3832 1867 3901 jusserat,
1908 3840 1962 3885 et
1993 3832 2094 3885 alia

555 3924 716 3976 multa
743 3923 918 3986 adhuc
955 3922 1275 3984 sacratiora;
1320 3931 1373 3973 et
1400 3922 1520 3974 ideo
1546 3921 1715 3971 solum
1740 3933 1929 3971 novum
1946 3917 2097 3986 jube-

560 4023 681 4063 mur
702 4009 907 4071 audire,
945 4009 995 4060 id
1026 4020 1108 4061 est
1134 4008 1414 4077 pneceptis
1448 4006 1560 4073 ejus
1585 4006 1819 4058 obedire.

627 4095 881 4162 Sequitur
914 4114 926 4148 :
962 4094 1025 4147 Et
1061 4096 1325 4146 audientes
1345 4094 1583 4161 discipuli
1614 4080 1901 4146 ceciderunt
1925 4094 1977 4146 in
2012 4094 2095 4161 fa-

553 4185 681 4238 ciem
706 4201 873 4248 suam,
922 4196 967 4237 et
997 4185 1275 4236 timuerunt
1314 4182 1474 4234 ualde.
1527 4181 1658 4247 Quia
1704 4182 1945 4235 videlicet
1977 4196 2085 4245 nos,

555 4273 734 4325 audita
789 4272 953 4325 divini
1001 4271 1265 4323 sermonis
1308 4268 1645 4334 excellentia,
1693 4284 1809 4337 qua:
1855 4268 1906 4320 in
1946 4267 2093 4322 Novo

553 4360 897 4414 Testamento
922 4370 1034 4422 est,
1062 4359 1299 4411 cadimus
1346 4358 1399 4408 in
1420 4357 1625 4425 faciem,
1661 4360 1712 4411 id
1738 4367 1821 4411 est
1845 4359 2092 4412 humilia-

555 4464 699 4512 mur,
736 4458 790 4501 et
832 4446 1195 4505 erubescimus
1230 4445 1369 4510 quod
1414 4459 1518 4497 non
1561 4454 1618 4496 ut
1645 4447 1821 4499 decuit
1848 4436 1967 4499 eum
2002 4447 2096 4499 ho-

556 4536 865 4591 noravimus
903 4533 1197 4587 obedicndo
1242 4531 1314 4583 illi
1366 4541 1671 4586 reverenter
1726 4533 1777 4585 in
1828 4534 2093 4597 omnibus,

557 4628 781 4695 ideoque
806 4626 963 4679 nimis
1014 4626 1263 4677 timemus
1321 4638 1387 4675 nc
1432 4624 1499 4676 ob
1543 4624 1594 4675 id
1649 4624 1981 4677 damnemur.
2027 4624 2121 4677 Et'

556 4716 767 4768 accessit
796 4713 977 4773 Jesus,
1008 4722 1054 4765 et
1092 4713 1253 4778 tetigit
1310 4727 1432 4774 θοι..
1457 4712 1687 4781 dixitque
1727 4710 1799 4767 eis
1822 4727 1839 4765 :
1866 4710 2091 4780 Surgite,

560 4805 714 4856 nolite
736 4807 931 4856 timere.
959 4802 1092 4867 Quia
1134 4802 1382 4854 nimirum
1413 4802 1524 4869 ipse
1557 4816 1728 4855 sermo
1753 4803 2093 4871 evangelicus

563 4893 715 4946 uoltis
761 4908 853 4959 per
895 4891 1248 4961 cognitionem
1292 4891 1457 4943 nostri
1504 4899 1677 4943 reatus
1705 4890 1755 4942 in
1780 4891 2091 4957 ptenitentia

558 4978 861 5045 iacentibus
890 4980 950 5031 lit
982 4979 1371 5044 quodammodo
1407 4978 1770 5046 propinquior,
1814 4993 1876 5031 ac
1927 4978 2092 5044 tangit

566 5081 663 5120 nos
696 5080 852 5117 manu
879 5068 1256 5118 sententiarum
1280 5081 1515 5129 suarum,
1542 5074 1595 5117 et
1625 5066 1689 5117 ad
1720 5066 1851 5117 bene
1878 5066 2095 5133 operan-

565 5158 687 5209 dnm
720 5170 933 5221 surgere
958 5155 1221 5224 praecepit.
1256 5172 1317 5208 ac
1342 5157 1408 5210 dc
1431 5166 1625 5209 cmtero
1660 5156 1899 5209 timorem
1930 5170 2093 5208 excu-

568 5245 650 5297 tit.
690 5243 796 5294 Cur
836 5242 976 5293 enim
1000 5241 1108 5307 jam
1147 5242 1347 5307 timeat,
1394 5244 1481 5312 qui
1511 5258 1569 5296 ex
1608 5244 1911 5313 paultentia
1938 5243 2095 5312 erigi-

573 5341 653 5383 tur
702 5332 767 5382 ad
822 5331 975 5384 fortia
1034 5332 1281 5383 virtutum
1330 5334 1519 5398 Opera?
1588 5333 1718 5385 Nam
1764 5342 1823 5385 et
1875 5333 2097 5398 perfecta

573 5420 796 5473 charitas
848 5421 988 5488 foras
1050 5421 1200 5471 mittit
1254 5421 1483 5472 timorem
1515 5422 1531 5488 (
1563 5420 1584 5471 1
1622 5420 1778 5472 Joan.
1832 5436 1903 5481 tv,
1954 5421 2017 5473 i8
2043 5420 2086 5485 ).

568 5507 817 5562 'Lrvantrs
856 5524 1022 5563 autem
1074 5509 1247 5561 oculos
1285 5526 1401 5561 suos
1449 5511 1691 5561 neminem
1719 5512 1971 5574 viderunt,
2002 5510 2101 5560 nis"

2193 3120 2340 3190 juxta
2379 3123 2588 3176 modum
2612 3121 2923 3190 capacitatis
2944 3140 3051 3197 ενα)
3077 3127 3349 3178 doceatur.
3380 3127 3467 3181 Eis
3495 3142 3620 3196 ergo
3641 3128 3735 3197 qui

2198 3226 2448 3281 magnum
2490 3229 2701 3267 sensum
2742 3217 2958 3281 habent,
2982 3227 3037 3271 et
3072 3219 3124 3270 in
3154 3220 3382 3273 novitate
3408 3221 3527 3274 vitae
3551 3223 3737 3274 ambu-

2199 3301 2331 3367 lant,
2380 3303 2602 3357 dicenda
2652 3316 2735 3359 est
2778 3305 2921 3366 celsa
2979 3308 3111 3361 visio
3149 3309 3538 3363 clariticationis
3570 3311 3735 3366 divini

2205 3393 2488 3446 sermonis.
2528 3392 2677 3447 Unde
2702 3404 2756 3448 et
2795 3410 2953 3459 nunc,
2997 3396 3134 3449 sicut
3172 3405 3224 3449 et
3266 3400 3522 3466 superius,
3564 3404 3751 3464 potest

2198 3479 2310 3547 ipse
2375 3495 2550 3534 sermo
2618 3481 2754 3534 illius
2803 3483 3032 3536 hominis
3088 3482 3328 3551 intelligi.
3385 3484 3483 3547 Qui
3532 3485 3737 3537 scilicet

2203 3583 2382 3623 sermo
2408 3571 2559 3638 quasi
2593 3572 2871 3638 perimitur
2896 3582 2950 3625 et
2982 3571 3121 3641 velut
3164 3573 3305 3627 inter
3333 3583 3567 3627 mortuos
3590 3587 3739 3627 com-

2196 3666 2415 3726 putatur
2442 3658 2663 3723 abillis,
2710 3660 2801 3726 qui
2861 3660 3096 3728 graviter
3136 3661 3187 3712 in
3233 3674 3350 3712 eum
3399 3668 3644 3728 peccant;
3679 3668 3737 3713 et

2197 3745 2349 3812 quasi
2397 3761 2503 3798 non
2546 3746 2636 3806 sit,
2684 3760 2805 3798 eum
2856 3747 3147 3814 transgredi
3196 3756 3249 3799 et
3292 3747 3735 3813 conculcare'non

2195 3842 2470 3887 verentur.
2500 3833 2721 3898 Quibus,
2756 3836 2877 3887 dum
2921 3835 3048 3887 tales
3094 3843 3236 3897 sunt,
3286 3836 3463 3888 dicere
3504 3851 3606 3889 non
3644 3836 3737 3889 de-

2198 3922 2385 3975 bemus
2420 3924 2654 3989 ejusdem
2698 3923 2859 3976 divini
2889 3924 3147 3977 sermonis
3172 3910 3639 3987 clariﬁcationem;
3668 3938 3737 3977 ne

2195 4024 2428 4066 sanctum
2452 4013 2718 4065 canibuset
2741 4015 3047 4080 margaritas
3078 4016 3250 4081 porcis
3287 4014 3495 4069 dedisse
3518 4011 3732 4081 (Matth.

2194 4117 2297 4165 vn,
2349 4100 2413 4169 6)
2462 4100 2753 4169 culpemur.
2800 4101 2902 4154 Sed
2934 4102 2978 4155 si
3022 4103 3156 4156 idem
3202 4118 3378 4156 sermo
3426 4116 3737 4156 resnrrexeo

2200 4190 2275 4241 rit
2305 4189 2356 4239 in
2383 4188 2461 4240 eis
2492 4202 2585 4255 per
2612 4190 2973 4254 paenitentiam
3014 4189 3247 4258 ipsorum
3290 4199 3344 4242 et
3387 4190 3505 4243 vitae
3547 4189 3734 4242 melio-

2195 4277 2477 4336 rationem,
2531 4284 2656 4329 tunc
2705 4278 2813 4345 jam
2864 4276 2965 4330 dici
3015 4288 3185 4345 potest
3210 4278 3289 4331 eis
3313 4277 3446 4330 visio
3475 4275 3735 4329 claritatis

2197 4365 2333 4433 ejus,
2356 4382 2471 4434 qua:
2500 4380 2707 4419 rursum
2739 4375 2955 4434 apparet
2984 4369 3048 4419 ad
3095 4368 3201 4433 alta
3242 4367 3593 4421 tendentibus.
3625 4366 3736 4420 Sed

2196 4455 2333 4508 hanc
2390 4454 2689 4517 lectionem,
2719 4464 2873 4522 prout
2908 4455 3115 4509 coalitus
3141 4456 3288 4508 nobis
3314 4450 3490 4508 datum
3512 4464 3610 4520 est,
3637 4470 3737 4509 cx-

2194 4543 2469 4612 posuimus
2506 4552 2561 4597 et
2603 4543 2716 4613 ejus
2754 4544 3005 4612 mysteria
3051 4544 3432 4613 patefecimus,
3472 4553 3734 4611 quatenus

2196 4646 2382 4684 omnes
2410 4632 2498 4699 qui
2531 4632 2643 4685 haec
2671 4640 3021 4701 agnoverunt,
3055 4632 3335 4700 adjuvante
3368 4631 3610 4693 Domino,
3651 4632 3733 4686 sic

2197 4720 2374 4773 vivere
2422 4721 2665 4775 studeant
2706 4728 2760 4773 et
2808 4721 3054 4787 supernis
3104 4721 3399 4781 intendant,
3446 4727 3505 4771 ut
3538 4720 3603 4773 de
3644 4719 3732 4774 bis

2194 4823 2313 4876 quae
2341 4809 2480 4862 dicta
2526 4817 2648 4863 sunt
2672 4810 2899 4878 gaudere
2941 4819 2995 4863 et
3030 4811 3081 4864 in
3111 4811 3355 4879 przescnti
3391 4809 3583 4863 satculo
3612 4824 3731 4882 mc-

2196 4907 2414 4951 reautur
2441 4906 2495 4952 et
2523 4899 2573 4951 in
2607 4899 2803 4961 futuro,
2841 4913 2935 4967 per
2976 4898 3152 4953 Jesum
3191 4898 3455 4952 Christum
3490 4899 3734 4952 Salvato-

2197 5002 2308 5041 rem
2341 4998 2599 5054 nostrum,
2624 4988 2711 5057 qui
2745 5004 2864 5041 cum
2894 4988 3051 5042 Patre
3087 4999 3139 5043 et
3167 4988 3364 5057 Spiritu
3388 4999 3573 5043 sancto
3600 4988 3734 5044 vivit

2199 5082 2254 5128 et
2290 5084 2480 5142 regnat
2509 5076 2668 5140 Deus,
2704 5084 2825 5128 ante
2854 5076 3029 5130 omnia
3064 5077 3275 5141 stecula,
3314 5087 3368 5130 et
3401 5091 3559 5139 nunc,
3588 5083 3645 5129 et
3672 5078 3732 5129 in

2197 5164 2371 5217 omnia
2402 5163 2609 5216 secula.
2641 5165 2830 5217 Amen.
3676 5176 3681 5179 '

2773 5302 3045 5356 HOMILIA
3086 5301 3147 5355 V.

2198 5416 2251 5468 is
2282 5431 2608 5472 svuceunu
2645 5433 2909 5471 secunouu
2942 5434 3243 5473 MATTILEUII
3276 5435 3288 5469 :
3319 5415 3740 5472 DixitDominns

2272 5506 2422 5561 Jesns
2456 5507 2725 5574 discipulis
2762 5508 2870 5561 suis
2908 5509 3208 5573 parabolam
3248 5510 3382 5562 hanc
3412 5527 3425 5562 :
3463 5500 3737 5558 Assimiia—

2376 5640 2403 5657 ...ο
