4190 6190
325 185 413 238 αἳ

1400 171 1694 229 1103111,Ιῶ
1736 170 1819 223 ΕΤ
1862 164 2444 219 lZXHORTA'i'IliNES.

3425 170 3524 227 (ἰιὸ

388 308 493 349 tum
536 306 607 348 est
641 311 848 364 regnum
898 294 1139 347 caelorum
1178 289 1373 341 homini
1420 289 1543 353 regi,
1583 286 1671 354 qui
1705 282 1863 337 t-oluit
1902 285 1938 338 Λ
1973 278 2282 328 inﬁrmitate
2330 292 2422 343 per
2467 274 2683 341 angelos
2714 274 3015 341 urgebatur.
3044 274 3171 324 Cum
3212 288 3379 326 annm
3425 298 3523 331 non

388 385 633 437 rationem
675 398 861 448 ponere
894 398 1009 433 cum
1039 380 1195 431 seri-is
1226 378 1353 429 suis.
1391 376 1453 427 Et
1485 391 1601 439 cum
1637 376 1864 438 (lenisset

387 475 633 543 rationem
660 487 865 542 ponere,
887 470 1086 522 oblatus
1107 477 1178 518 est
1210 468 1255 518 ei
1287 484 1439 527 unus,
1467 467 1555 532 qui
1584 464 1798 517 debebat
1822 464 1867 514 ei

386 565 555 617 decem
586 562 748 615 millia
786 560 1000 612 talenta.
1033 557 1097 609 Et
1122 556 1321 624 reliqua
1354 556 1564 623 (Matth.
1595 563 1769 610 xvut).

390 655 442 707 ltt
497 654 598 706 bac
660 650 892 703 leetione
947 662 1224 699 monemur
1268 656 1324 698 ttt
1369 646 1625 699 fratribus
1671 644 1723 697 itt
1776 660 1870 697 nos

320 742 664 814 peccantibus
721 739 1083 800 dimittamus,
1136 736 1179 790 si
1217 736 1367 790 nobis
1414 751 1445 789 a
1492 736 1620 797 Deo,
1664 750 1782 802 quae
1818 734 1869 787 iu

317 847 434 887 eum
465 828 823 898 peccavimus,
854 827 1047 880 dimitti
1078 826 1354 891 volumus;
1398 834 1491 879 aut
1520 825 1699 893 potius
1733 826 1775 877 si
1804 840 1866 877 ea

319 925 434 988 qua:
477 918 587 986 jam
622 917 775 971 nobis
808 916 1030 979 dimisit,
1076 930 1143 969 ne
1172 932 1381 968 rursum
1412 929 1441 967 a
1468 914 1623 968 nobis
1667 916 1869 982 exigat,

318 1012 580 1078 Optamus.
608 1006 745 1060 Ecce
786 1005 925 1059 enim
957 1020 1163 1069 servus,
1191 1005 1278 1072 qui
1308 1004 1493 1058 decem
1534 1001 1760 1055 millium
1795 1013 1872 1054 ta-

319 1099 583 1151 lentorum
617 1107 734 1150 erat
766 1096 994 1157 debitor,
1026 1096 1257 1148 universi
1293 1094 1457 1147 debiti
1488 1092 1869 1149 relaxatiouent

319 1202 348 1238 a
381 1186 596 1240 domino
636 1200 733 1239 suo
780 1194 1098 1238 consecutus
1142 1198 1260 1237 esse
1303 1191 1554 1235 narratur
1586 1200 1600 1234 :
1631 1181 1723 1234 sed
1750 1182 1871 1247 quia

321 1279 435 1344 ipse
462 1277 801 1346 postmodum
855 1288 1115 1328 conservo
1154 1288 1251 1327 suo
1300 1274 1537 1325 denarios
1566 1281 1766 1325 centum
1796 1271 1875 1325 di-

317 1368 527 1421 mittere
566 1366 754 1429 uoluit,
793 1366 973 1439 omnia
1016 1379 1136 1435 qua:
1180 1365 1278 1418 sibi
1319 1380 1347 1416 a
1402 1364 1618 1419 domino
1662 1363 1874 1417 fuerant

317 1457 538 1515 ditttissa
571 1465 790 1509 coaetus
836 1462 920 1509 est
970 1456 1209 1509 reddere.
1246 1454 1526 1509 Debuisset
1554 1455 1694 1509 enim
1748 1470 1877 1508 con-

300 1557 472 1597 .servo
500 1543 734 1597 libenter
782 1543 1052 1599 dimittere
1091 1544 1319 1608 minora,
1350 1544 1437 1611 qui
1469 1544 1569 1597 sibi
1597 1556 1814 1599 noverat
1842 1563 1869 1599 a

1972 366 2175 416 haberet
2199 367 2332 416 unde
2356 381 2407 429 re
2433 365 2606 423 'deret,
2623 363 2777 429 jussit
2800 380 2913 414 eum
2959 365 3197 415 dominus
3222 367 3525 428 renundari,
3572 416 3575 423 ,

1970 466 2014 508 et
2048 470 2255 506 uxorem
2286 454 2419 521 ejus,
2460 462 2505 503 et
2543 452 2698 517 ﬁlios,
2730 463 2775 503 et
2822 456 2995 504 omnia
3045 471 3159 521 (μιαν
3209 455 3449 517 habebat,
3481 470 3526 506 et
3562 498 3563 501 η

1972 542 2140 593 reddi.
2184 539 2302 592 Non
2350 540 2572 592 habt-bat
2606 539 2746 599 unde
2778 541 3027 602 redderet,
3077 544 3197 608 quia
3248 558 3309 596 ex
3354 546 3529 612 scipso

1974 628 2203 679 habebat
2237 627 2377 679 unde
2407 626 2457 678 itt
2492 626 2699 692 culpant
2730 626 2939 678 caderet
2965 644 2978 685 ;
3016 629 3105 681 sed
3134 647 3191 681 cv
3220 634 3394 700 seipse
3424 652 3525 685 tttttt

1974 714 2202 768 habebat
2236 717 2373 768 unde
2422 716 2485 767 ad
2535 716 2743 767 veniam
2765 727 3081 782 resurgeret.
3124 719 3185 771 Et
3224 722 3338 773 ideo
3368 724 3527 790 jussit

1974 823 2089 857 eum
2123 806 2373 858 Dominus
2421 807 2725 869 renuntiari,
2775 807 2825 860 id
2880 817 2960 860 est
3009 810 3383 875 possidendum
3420 815 3526 865 da:-

1973 895 2219 949 tuonibus
2256 895 2306 948 in
2354 903 2611 949 aeternam
2643 898 3036 951 damnationem
3072 900 3231 962 tradi,
3264 908 3316 951 et
3345 918 3528 969 plenas

1972 988 2035 1041 de
2064 987 2152 1041 illo
2183 986 2342 1041 sumi.
2376 984 2439 1038 Et
2466 1003 2700 1047 uxorem,
2724 989 2773 1040 id
2808 997 2888 1041 est
2911 979 3179 1041 carnalem
3208 992 3525 1060 voluptatem

1971 1080 2085 1143 ejus
2111 1088 2165 1132 et
2194 1080 2705 1147 concupiscentiam,
2740 1090 2783 1130 et
2806 1078 2964 1145 ﬁlios,
3009 1081 3058 1133 id
3090 1090 3172 1135 est
3203 1083 3382 1150 iniqua
3413 1086 3526 1153 ejus

1973 1186 2165 1238 opera;
2196 1154 2448 1224 etontnia
2487 1186 2603 1239 qum
2633 1169 2872 1233 habebat,
2914 1171 2963 1224 id
3002 1182 3081 1225 est
3113 1174 3271 1228 verba
3308 1177 3529 1246 etcogi-

1976 1262 2203 1314 taliones
2229 1260 2363 1329 ejus.
2406 1261 2668 1315 Venditur
2691 1261 2853 1319 .euitn
2904 1277 3021 1314 cum
3054 1278 3219 1317 uxore
3248 1274 3301 1317 et
3333 1266 3453 1318 ﬁliis
3480 1276 3535 1320 et

1974 1346 2221 1404 omnibus
2265 1366 2379 1419 qua:
2428 1352 2606 1414 habet,
2666 1360 2722 1403 ut
2763 1350 3003 1403 debitum
3052 1353 3255 1417 reddat,
3308 1344 3534 1423 qui\per

1975 1434 2208 1494 mortem
2241 1441 2481 1507 corporis
2526 1441 2591 1492 ab
2631 1441 2729 1493 hac
2773 1442 2877 1492 vita
2924 1439 3292 1513 subtrahitur;
3322 1453 3374 1493 et
3411 1460 3532 1496 cum

1977 1538 2126 1584 reatu
2186 1530 2417 1583 carnalis
2470 1546 2579 1584 sua:
2653 1532 2938 1598 voluptatis
2989 1541 3043 1584 et
3097 1533 3428 1599 cupiditatis,
3484 1546 3536 1585 ct

320 1632 543 1691 dont’ino
566 1635 786 1688 dimissa
820 1634 985 1687 fuisse
1019 1632 1241 1701 majora.
1262 1634 1364 1687 Sed
1380 1634 1492 1703 jam
1520 1635 1681 1689 verba
1708 1651 1873 1689 sacrrc

1974 1636 2192 1690 operum
2243 1632 2402 1691 atque
2452 1622 2733 1673 Verborum
2779 1630 2830 1673 et
2880 1622 3259 1689 cogiu:ti0ttttnt
3309 1624 3536 1675 tratitur

315 1721 562 1778 lectionis
604 1724 845 1778 seriatim
899 1724 1191 1778 videamus.
1254 1723 1609 1777 Assimilamm
1655 1736 1751 1788 est,
1796 1726 1875 1777 itt-

314 1812 450 1879 quit,
486 1826 698 1879 regnum
743 1812 985 1863 caelorum
1034 1806 1228 1861 homini
1280 1812 1401 1877 regi,
1454 1811 1578 1878 quia
1630 1812 1876 1865 videlicet

315 1900 455 1953 sicut
481 1899 581 1953 iste
608 1914 696 1951 rex
727 1898 921 1952 fecisse
954 1897 1409 1959 describiturpsic
1436 1898 1489 1950 itt
1521 1914 1684 1967 regno
1712 1898 1874 1953 coelo-

315 2004 433 2042 rtttn
488 1990 599 2043 ﬁeri
650 1990 922 2042 deeretunt
986 1996 1089 2042 est.
1138 1986 1371 2067 Regnum
1422 1999 1598 2041 autem
1636 1990 1897 2049 cwlorunt,

314 2090 538 2134 Vttt'nlttt‘
563 2080 724 2133 etiam
758 2079 809 2135 itt
843 2079 943 2132 ltoe
972 2077 1166 2131 smettlo
1194 2077 1428 2131 Ecclesia
1458 2079 1719 2133 ﬁdelium:
1750 2083 1874 2148 qttia

316 2168 444 2220 dttttt
471 2169 746 2222 emit-stem
764 2150 771 2159 ’
791 2167 841 2219 in
888 2166 1041 2220 terris
1074 2166 1237 2219 vitam
1261 2181 1357 2235 pro
1378 2181 1533 2234 posse
1562 2182 1658 2220 suo
1679 2168 1874 2222 dueere

314 2254 553 2319 student,
572 2254 681 2320 jam
713 2254 763 2306 in
788 2254 866 2308 eis
896 2255 1150 2308 Dominus
1171 2256 1320 2323 quasi
1355 2256 1405 2308 itt
1434 2256 1635 2323 angelis
1665 2268 1870 2326 regnat.

317 2338 385 2393 Et
410 2339 483 2394 ob
516 2338 721 2407 insigne
752 2338 1002 2391 meritum
1029 2351 1238 2401 eorum,
1271 2346 1380 2391 tota
1419 2339 1573 2391 simul
1615 2340 1872 2403 Ecclesia,

314 2429 469 2497 cujus
509 2427 606 2496 ipsi
657 2426 895 2481 mentbra
940 2434 1086 2491 sunt,
1134 2426 1432 2495 appellatur
1471 2444 1682 2496 regnum
1725 2429 1876 2481 caelo-

316 2532 465 2581 rnnt;
514 2516 639 2570 licet
682 2516 732 2569 itt
779 2531 839 2569 ea
869 2514 1046 2579 multi,
1076 2516 1163 2583 qui
1206 2515 1322 2583 plus
1346 2526 1554 2570 terrena
1583 2532 1740 2585 quam
1769 2532 1877 2572 ece-

314 2606 468 2661 lestia
508 2617 772 2674 quaerunt,
831 2620 928 2658 nee
967 2606 1019 2657 in
1067 2604 1181 2658 suis
1223 2605 1673 2659 tuoribtts'adltttc
1715 2607 1843 2661 Cltri

313 2708 478 2761 stum,
517 2698 657 2749 sicut
689 2703 917 2763 opmtet,
969 2709 1191 2763 regnare
1226 2696 1427 2748 sinunt.
1475 2695 1645 2750 llonto
1697 2704 1873 2753 autem

314 2802 429 2851 rex,
505 2787 589 2840 cui
650 2802 863 2855 regnum
906 2784 1044 2838 istud
1092 2784 1433 2837 assintilatum
1478 2796 1574 2849 est,
1621 2790 1876 2840 mediator

308 2874 409 2931 Dei
436 2885 485 2927 et
514 2875 798 2938 hominum,
830 2874 980 2927 homo
1008 2873 1243 2927 Christus
1264 2870 1415 2927 Jes'us
1446 2874 1776 2943 intelligitur,
1804 2876 1871 2929 de

312 2985 418 3036 quo
462 2968 596 3023 alits
623 2969 881 3036 scriptum
915 2977 999 3021 est
1037 2984 1051 3022 :
1084 2967 1251 3019 Homo
1277 2969 1491 3036 quidam
1525 2970 1708 3037 nobilis
1748 2970 1872 3021 abiit

312 3060 365 3112 in
414 3060 674 3128 regionem
723 3057 1076 3127 longinquam,
1130 3057 1357 3124 accipere
1407 3059 1504 3111 sibi
1550 3044 1781 3126 regnum,
1829 3071 1873 3112 et

312 3149 502 3203 reverti
526 3147 677 3218 (Luc.
708 3163 824 3211 XIX,
860 3147 968 3215 t2).
1588 3150 1594 3156 '

351 3238 493 3304 .Qui
539 3236 697 3292 voluit
744 3236 994 3290 rationem
1023 3253 1209 3305 ponere
1239 3252 1351 3289 cum
1383 3235 1541 3289 servis
1586 3238 1715 3302 suis,
1742 3234 1877 3305 quia

312 3325 521 3394 placuit
556 3326 603 3379 ei
636 3326 910 3394 requirere
940 3325 991 3378 in
1016 3322 1217 3391 judicio
1241 3325 1501 3378 rationem
1532 3340 1716 3378 eorum
1762 3342 1879 3394 qua!

313 3414 545 3483 quisque
590 3413 751 3467 fuerit
796 3422 1065 3480 operatus.
1114 3412 1177 3467 Et
1213 3429 1328 3465 cum
1369 3414 1875 3481 capisselgratiouem

312 3517 526 3572 ponere,
555 3501 755 3554 oblatus
780 3511 852 3554 est
882 3501 929 3555 ei
967 3518 1122 3565 unus,
1157 3506 1244 3571 qui
1282 3502 1489 3555 debebat
1513 3504 1683 3555 decem
1710 3504 1875 3555 millia

313 3591 532 3645 talenta.
559 3589 746 3658 Incipit
776 3605 918 3644 nunc
946 3591 1196 3643 rationem
1228 3607 1433 3657 ponere,
1461 3606 1712 3659 quontant
1742 3593 1877 3661 sicut

313 3678 507 3733 Petrus
529 3678 603 3731 ait
634 3693 649 3732 :
682 3677 902 3747 Tempus
940 3688 1036 3744 est,
1066 3688 1120 3731 ut
1149 3678 1356 3746 incipiat
1379 3678 1636 3746 judicium
1666 3698 1696 3732 a
1725 3681 1875 3733 domo

316 3767 413 3821 Dei
439 3768 488 3837 (Ι
525 3766 639 3821 Pet.
672 3783 744 3833 tv,
781 3768 889 3836 Π).
937 3766 1130 3836 Incipit
1156 3768 1407 3821 rationem
1433 3784 1643 3837 ponere,
1666 3771 1877 3838 quando

1902 2923 1943 2977 C

313 3873 412 3928 per
438 3857 765 3911 inﬁrmitatis
806 3858 1103 3911 molestiam
1154 3858 1220 3909 ad
1251 3857 1445 3910 lectum
1476 3867 1529 3910 et
1554 3860 1621 3912 ad
1656 3869 1875 3913 mortem
1910 3870 1911 3873 ‘

314 3946 581 4015 pet‘ll‘altil
603 3946 866 4009 homines,
902 3952 960 3998 ut
980 3958 1075 3999 eos
1097 3944 1161 3998 de
1190 3944 1410 4013 singulis
1444 3946 1653 3999 actibus
1683 3947 1792 4000 suis
1824 3949 1873 4001 in

307 4035 513 4103 judicio
534 4036 844 4099 discutiens,
867 4036 1126 4089 rationem
1146 4035 1369 4089 reddere
1390 4046 1566 4099 cogat.
1592 4024 1721 4089 Dum
1745 4053 1875 4107 ergo

314 4124 393 4178 sic
418 4124 644 4192 coepisset
680 4124 925 4176 rationem
957 4123 1116 4193 168
1142 4138 1346 4192 ponere,
1377 4123 1428 4177 id
1454 4133 1535 4179 est
1559 4124 1624 4177 ad
1649 4134 1872 4179 mortem

314 4213 586 4282 quoslibet
610 4228 703 4281 per
730 4213 1097 4282 a'gritudinem
1128 4227 1336 4282 urgere,
1367 4223 1426 4267 ut
1448 4214 1871 4285 cogitarentjant
1908 4250 1948 4303 ο

312 4299 468 4369 quasi
516 4311 639 4355 ante
686 4300 917 4353 tribunal
962 4315 1019 4354 se
1052 4314 1170 4356 esse
1199 4302 1401 4369 positos
1440 4312 1497 4355 ut
1521 4304 1570 4357 ei
1612 4305 1868 4359 ratiOuem

288 4387 629 4452 redderent;
676 4389 878 4441 oblatas
933 4398 1007 4443 est
1046 4391 1115 4453 ei,
1148 4391 1248 4444 hoc
1276 4399 1359 4445 est
1389 4406 1486 4459 per
1512 4393 1869 4449 ministerium

313 4473 624 4543 angelorum
650 4475 713 4527 ad
742 4484 969 4528 mortem
1006 4486 1224 4531 coactus
1256 4486 1338 4532 est
1371 4495 1505 4531 unus
1543 4481 1633 4548 qui
1660 4482 1871 4536 debebat

313 4565 365 4616 ei
394 4565 569 4617 decem
614 4566 780 4617 millia
829 4566 1042 4631 talenta,
1086 4567 1136 4621 id
1179 4577 1262 4620 est
1301 4568 1586 4625 multorum
1628 4574 1868 4638 graviu‘tn

316 4662 655 4722 peccatorum
693 4656 1104 4724 perpetratiouis
1133 4671 1256 4711 reus
1284 4660 1578 4712 tenebatur.
1614 4660 1871 4713 Denarius

313 4746 461 4798 enim
511 4761 766 4799 numerus
814 4745 1195 4813 plenitudinem
1260 4749 1558 4803 divinorum
1605 4749 1872 4818 signiﬁcat

314 4833 710 4899 mandatorum,
743 4845 957 4901 propter
995 4833 1125 4904 legis
1169 4835 1500 4904 deealogum.
1542 4836 1870 4890 Millenaritts

316 4935 446 4975 vero
475 4936 897 4977 consummatam
940 4925 1342 4992 perfectionem.
1378 4925 1659 4980 Talentum
1691 4934 1868 4979 autem

317 5010 514 5062 dicitur
531 5026 649 5064 esse
673 5014 958 5065 maximum
983 5014 1119 5066 inter
1139 5015 1313 5066 omnia
1339 5016 1629 5082 ponderum
1653 5030 1866 5083 genera.

317 5096 503 5151 Decem
553 5110 691 5167 ergo
728 5102 891 5153 millia
939 5102 1132 5155 talenta
1212 5104 1590 5169 perfectionem
1624 5106 1866 5171 gravium

321 5187 711 5259 ttzultorumque
748 5193 1027 5246 ρι’ἰιιιὶιλυειι
1058 5194 1362 5261 designant,
1402 5211 1519 5261 qua:
1564 5211 1658 5263 per
1689 5196 1869 5264 plena-

321 5278 454 5331 riam
498 5283 970 5346 transgressionem
1012 5284 1381 5333 mandatorum
1416 5283 1503 5336 Dei
1554 5284 1661 5336 sint
1708 5284 1865 5337 facta.

320 5366 385 5419 Et
417 5376 523 5419 tam
550 5370 694 5437 gravi
726 5369 902 5420 debito
932 5374 1255 5425 constrictus
1288 5382 1405 5424 erat
1436 5372 1554 5435 iste,
1592 5376 1681 5441 qui
1728 5390 1869 5429 nunc

320 5451 518 5524 dicitur
546 5458 741 5509 oblatus
790 5458 953 5511 fuisse
991 5459 1111 5525 regi,
1147 5459 1195 5510 id
1226 5468 1308 5513 est
1333 5461 1421 5529 qui
1447 5460 1511 5513 ad
1556 5470 1779 5517 mortem
1816 5463 1866 5514 itt

570 5552 833 5610 PATRUL.
873 5550 1135 5609 CLVI”.

1978 1712 2224 1780 malignis
2257 1711 2528 1779 spiritibus
2554 1711 2603 1762 in
2632 1720 2886 1764 arternum
2916 1714 3294 1781 possidendus;
3330 1725 3381 1766 ttt
3412 1730 3507 1781 per

1976 1810 2165 1867 petuas
2218 1801 2370 1853 luens
2435 1813 2654 1867 poenas,
2700 1800 2888 1854 divina:
2943 1803 3163 1869 jttstitiae
3213 1804 3530 1856 satisfaciat.

1978 1887 2261 1941 Procidens
2308 1899 2478 1941 autent
2518 1905 2693 1941 servus
2748 1890 2857 1951 ille,
2910 1892 3088 1943 orabat
3125 1909 3260 1953 eum,
3309 1895 3531 1945 dicens:

1978 1978 2290 2033 Patientiam
2312 1979 2442 2032 habe
2488 1980 2540 2032 in
2581 1995 2677 2043 me,
2715 1990 2759 2031 et
2793 1982 2965 2031 omnia
2997 1981 3207 2032 reddam
3242 1983 3353 2032 tibi.
3386 1984 3533 2033 'l'ttne

1975 2085 2160 2123 servus
2206 2069 2420 2123 domino
2463 2069 2689 2137 procidit
2744 2078 2797 2121 et
2845 2078 2901 2119 ttt
2947 2068 3335 2132 venditionem,
3376 2071 3424 2121 id
3453 2080 3537 2121 est

1975 2159 2368 2211 damnationem
2416 2157 2666 2226 effugiat,
2726 2157 3022 2210 submissus
3066 2158 3399 2212 obsecrando
3447 2159 3511 2209 tle

1974 2249 2173 2317 poscit;
2222 2263 2340 2301 cum
2386 2246 2431 2301 is
2464 2250 2552 2315 qui
2592 2256 2809 2315 propter
2851 2257 3068 2315 peccata
3111 2262 3202 2299 sua
3255 2249 3508 2301 ittunincn

1976 2347 2081 2389 tem
2114 2337 2210 2389 sibi
2250 2346 2497 2399 mortem,
2546 2345 2729 2403 utpote
2756 2336 3087 2389 damnandus
3120 2339 3325 2401 metuit,
3363 2340 3520 2391 humi-

1976 2425 2099 2477 liter
2126 2440 2183 2478 se
2206 2425 2383 2478 subdit
2410 2426 2601 2477 divittze
2637 2425 2951 2485 CiCIIlCttlitc,
2982 2434 3033 2476 et
3062 2441 3154 2493 per
3202 2442 3378 2479 veram
3420 2444 3534 2496 ptr-

1980 2515 2257 2568 ttitculiam
2300 2530 2361 2566 ac
2388 2530 2573 2583 puram
2604 2517 2763 2569 animi
2798 2515 3147 2568 intentionem
3178 2518 3439 2568 convertit
3472 2520 3535 2569 ad

1980 2606 2166 2670 Deum,
2213 2607 2533 2673 promittens
2578 2622 2635 2660 se
2692 2607 2743 2659 itt
2790 2606 2992 2672 reliquo
3018 2606 3372 2657 ‘l‘t‘tltliitlitttn
3431 2606 3538 2658 Deo

1977 2697 2153 2747 omnia
2230 2710 2347 2763 qua:
2398 2698 2555 2749 debet
2604 2697 2695 2757 illi,
2731 2699 2771 2750 si
2825 2697 3217 2764 impendentem
3272 2697 3370 2749 sibi
3418 2711 3473 2749 se
3514 2726 3539 2737 -

1978 2784 2198 2837 tentiam
2244 2784 2433 2837 mortis
2481 2786 2732 2837 evaserit.
2783 2785 2880 2849 Qui
2936 2787 3077 2838 enim
3128 2786 3369 2837 universa
3420 2802 3535 2853 (μιν

1979 2872 2114 2926 male
2135 2874 2241 2941 egit
2271 2876 2542 2935 emendat,
2575 2884 2628 2927 et
2672 2875 2921 2941 deinceps
2955 2876 3203 2942 religiose
3236 2876 3394 2937 vivit,
3422 2891 3535 2928 ont-

1978 2963 2061 3014 uia
2110 2977 2229 3031 qua:
2281 2962 2506 3016 debebat
2567 2963 2790 3017 Domino
2832 2965 3023 3017 reddit.
3080 2963 3318 3015 Miserius
3362 2976 3531 3015 autem

1980 3053 2221 3105 dominus
2260 3054 2389 3104 servi
2418 3053 2582 3115 illius,
2616 3055 2810 3105 dimisit
2837 3070 2972 3115 eum,
3005 3065 3050 3106 et
3073 3054 3295 3106 debitum
3338 3055 3531 3106 dimisit

1978 3140 2273 3193 ei.'Servus
2301 3140 2573 3192 humiliter
2596 3141 2807 3209 petebat
2848 3142 3175 3203 dilationem,
3205 3151 3259 3211 et
3282 3143 3530 3195 dominus

1980 3226 2400 3283 misericorditer
2448 3227 2711 3280 concessit
2750 3227 3139 3280 remissionem.
3180 3227 3309 3281 Nam
3341 3230 3533 3280 dimis't

1977 3334 2114 3380 eum,
2152 3318 2200 3368 id
2228 3327 2311 3370 est
2335 3318 2550 3385 proprio
2576 3318 2801 3371 arbitrio
2846 3316 3125 3382 relaxavit,
3158 3317 3456 3371 concedens
3486 3320 3533 3369 ei

1980 3423 2163 3460 rursus
2220 3409 2452 3475 Spatium
2503 3408 2734 3460 vivendi.
2792 3408 2853 3460 Et
2909 3423 3005 3476 per
3047 3407 3442 3462 concessionem
3474 3423 3537 3462 ac

1979 3496 2368 3562 patnitentiam,
2413 3498 2608 3549 dimisit
2666 3497 2713 3549 ei
2758 3497 2984 3549 debitum
3034 3512 3191 3552 omne
3237 3499 3533 3567 culparum.

1980 3585 2230 3653 Egressus
2284 3597 2454 3639 autem
2512 3603 2686 3639 servus
2727 3586 2834 3647 ille,
2892 3587 3079 3639 invenit
3130 3605 3287 3640 unum
3321 3590 3383 3641 de
3411 3606 3537 3641 con-

1977 3677 2131 3729 servis
2155 3678 2279 3739 suis,
2314 3678 2401 3745 qui
2426 3677 2633 3730 debebat
2658 3680 2701 3729 ei
2733 3683 2933 3729 centum
2965 3677 3225 3731 denarios.
3266 3677 3331 3729 Et
3362 3688 3535 3729 tenens

1978 3765 2265 3832 suﬂ‘ocabat
2304 3781 2427 3816 eum
2452 3764 2624 3817 dicens
2658 3778 2674 3813 :
2709 3763 2877 3816 Redde
2898 3765 3034 3830 quod
3059 3765 3228 3817 debes.
3261 3764 3393 3817 Dttttt
3425 3780 3536 3817 ser-

1979 3872 2075 3910 vus
2108 3864 2251 3911 esset
2300 3857 2349 3910 in
2403 3858 2647 3927 angustia
2673 3857 2944 3927 praedicta:
2972 3857 3339 3921 districtionis,
3364 3859 3538 3912 stabat

1977 3946 2369 4012 quodammodo
2428 3948 2634 4015 positus
2696 3956 2818 4001 ante
2886 3945 3079 4000 facient
3153 3948 3375 4027 dontini.
3436 3948 3538 4001 Sed

1976 4034 2187 4100 quando
2236 4034 2487 4087 dimissus
2538 4043 2642 4097 est,
2694 4046 2751 4087 ttt
2789 4034 2941 4101 juxta
3000 4036 3330 4090 voluntatem
3384 4037 3536 4090 liberi

1976 4122 2182 4175 arbitrii
2228 4123 2308 4176 sui
2358 4124 2554 4176 bonum
2590 4125 2767 4178 adhuc
2832 4125 2945 4179 sive
2975 4126 3170 4177 malum
3203 4126 3378 4179 facere
3417 4144 3535 4194 νος-

1976 4222 2089 4276 set;
2135 4222 2259 4266 tunc
2290 4230 2318 4265 a
2347 4210 2563 4267 domino
2587 4230 2684 4268 suo
2713 4231 2944 4283 egressus
2969 4224 3071 4280 est,
3112 4215 3371 4269 Dominus
3390 4219 3531 4268 enim

1978 4306 2116 4357 Deus
2139 4304 2334 4373 ubique
2353 4313 2453 4367 est,
2479 4320 2577 4359 nec
2600 4313 2773 4374 potest
2794 4305 2988 4359 alicubi
3018 4306 3299 4374 quisquam
3329 4310 3530 4375 egredi,

1979 4391 2064 4445 ubi
2096 4393 2205 4461 ipse
2231 4410 2332 4447 non
2359 4394 2446 4446 sit.
2475 4393 2600 4457 Sed,
2630 4403 2686 4446 ttt
2709 4394 2839 4459 dixi,
2874 4401 2996 4451 tunc
3036 4410 3267 4462 egressus
3293 4405 3393 4457 est,
3429 4412 3496 4449 uo
3522 4419 3531 4446 t

1980 4483 2118 4547 loco,
2166 4484 2257 4537 sed
2295 4483 2623 4538 relaxationc
2654 4484 2735 4537 sui
2768 4498 2955 4537 servus
2986 4498 3016 4537 a
3059 4484 3291 4546 domino,
3326 4485 3535 4551 quando

1981 4585 2193 4623 rursum
2224 4572 2476 4625 dimissus
2497 4582 2577 4626 est
2599 4574 2821 4627 arbitrio
2844 4588 2959 4626 suo.
2993 4570 3237 4639 Egressus
3261 4584 3431 4625 autent
3456 4575 3535 4623 in-

1980 4662 2110 4711 renit
2145 4676 2304 4713 unum
2344 4663 2406 4714 de
2436 4665 2691 4715 conservis
2718 4665 2844 4728 suis,
2885 4665 2973 4731 qui
3007 4664 3215 4715 debebat
3255 4664 3298 4714 ei
3327 4674 3529 4715 centum

1973 4750 2231 4801 denarios.
2260 4751 2563 4805 Conservus
2589 4754 2687 4806 iste
2706 4753 2837 4805 alius
2861 4752 3019 4805 homo
3040 4759 3176 4813 erat,
3201 4752 3291 4818 qui
3318 4751 3534 4805 Christo

1975 4838 2083 4904 regi
2130 4852 2250 4890 cum
2292 4839 2391 4893 ltoc
2426 4842 2638 4893 servire
2681 4847 3047 4909 proposuerat.
3091 4839 3194 4892 Sed
3234 4840 3448 4893 debebat
3488 4845 3533 4891 ei

1973 4928 2462 4991 eentum‘denarios,
2496 4931 2617 4996 quia
2644 4937 2976 4998 peccaverat,
3005 4928 3055 4980 itt
3080 4942 3200 4981 eum
3230 4926 3436 4995 aliquas
3460 4929 3529 4979 illi

1976 5015 2193 5082 injurias
2238 5016 2501 5071 faciendo.
2541 5021 2754 5073 (lentum
2791 5020 2930 5073 enim
2974 5020 3177 5071 denarii
3232 5018 3533 5087 signiﬁcant

1975 5115 2188 5173 peccata
2211 5121 2329 5191 qu’a:
2354 5108 2513 5162 homo
2545 5110 2595 5162 itt
2628 5110 2895 5162 hominem
2922 5110 3245 5171 committit;
3279 5109 3417 5161 sicut
3442 5109 3530 5159 dc-

1973 5212 2077 5247 cent
2105 5196 2266 5246 millia
2294 5197 2487 5249 talenta
2528 5199 2830 5266 signiﬁcant
2854 5214 2915 5251 ea
2945 5217 3062 5269 qua:
3088 5200 3136 5251 ia
3172 5201 3331 5251 lleuut
3372 5198 3480 5265 agit
3511 5239 3521 5249 .

1974 5286 2094 5352 quia
2135 5286 2270 5338 sicut
2303 5290 2589 5355 quantitas
2610 5276 2822 5342 centuitt
2854 5292 3190 5343 denariorum
3229 5289 3416 5353 exigua
3446 5298 3526 5339 est

1974 5375 2038 5425 ad
2062 5376 2511 5442 comparationem
2545 5381 2859 5444 quantitatis
2883 5390 2936 5433 et
2974 5378 3175 5433 numeri
3202 5378 3383 5429 decem
3410 5376 3527 5426 mil—

1975 5462 2097 5513 lium
2128 5462 2481 5529 talentorum;
2520 5465 2587 5517 ita
2632 5467 2884 5534 quidquid
2925 5467 2972 5517 itt
3007 5482 3101 5517 nos
3136 5466 3291 5517 homo
3319 5472 3522 5531 peccat,

3060 5557 3133 5611 90
