4190 6212
558 190 658 245 619

935 190 990 245 S.
1031 190 1322 279 {\NSELMI
1352 190 1691 248 CANTUAR.
1731 187 2045 246 ARClllEP.
2077 192 2119 247 Ο

2212 233 2221 245 .
2261 154 2434 247 eius
2461 192 2522 246 tt.
2560 223 2629 233 --
2656 193 3018 250 ιιλιιωετ.
3059 194 3143 277 er
3167 195 3403 255 ascer.

3666 200 3769 258 om
3841 276 3850 286 θ

557 308 807 374 exiguum
839 317 918 361 est
951 318 1018 360 et'
1036 323 1213 360 rarum
1243 307 1306 361 ad
1332 305 1785 377 comparationem
1832 295 2106 376 culparum
2138 318 2183 373 Α
2213 311 2265 363 in
2294 310 2538 377 precibus
2564 312 2675 365 suis
2726 327 2905 367 coram
2931 327 2995 366 eo
3017 309 3081 366 de
3113 312 3196 366 his
3217 312 3486 365 omnibus.
3516 314 3609 368 Vel
3642 332 3763 370 san-

558 410 693 463 qnas
721 396 770 449 in
794 397 954 449 Deum
992 404 1149 449 nocte
1171 404 1225 449 et
1255 397 1340 450 die
1365 406 1418 450 et
1440 398 1662 466 singulis
1696 397 1845 450 horis
1866 399 2112 450 commit-

562 470 741 543 timus.
782 483 929 537 Licet
961 484 1101 537 enim
1133 486 1470 539 centenarias
1497 484 1875 554 perfectionem
1903 487 2111 554 signiti—

560 584 670 635 cet;
699 572 861 626 multo
885 581 1061 627 tamen
1102 574 1395 641 pleniorem
1421 568 1933 657 cotisummationem
1970 577 2113 629 desi-

559 670 686 729 gnat
713 661 1064 716 millenarius.
1091 662 1368 717 Talentum
1401 677 1612 732 quoque
1641 662 1773 717 tnira
1806 665 2109 733 granditate
2138 728 2145 741 1η

558 761 775 819 superat
811 750 1155 819 exiguitatem
1184 752 1413 804 denarii.
1451 753 1524 804 Ex
1564 750 1754 818 quibus
1793 751 1992 821 liquido
2021 754 2112 807 de—

562 848 889 895 monstratur
930 841 1065 908 quod
1111 854 1169 913 ea
1210 855 1326 907 quae
1377 856 1471 893 nos
1513 840 1565 891 in
1611 842 1775 901 Deum
1827 858 2113 912 peccamus

564 944 751 998 magna
784 938 838 983 et
879 930 1037 981 multa
1083 937 1224 998 sunt,
1256 944 1317 981 ea
1346 944 1470 982 vero
1500 946 1618 997 qme
1652 931 1893 987 homines
1939 935 1988 988 in
2017 951 2111 990 nos

561 996 784 1081 peccant
813 1014 999 1082 exigua
1031 996 1238 1068 sunt\et
1268 1002 1455 1083 pauca.
1491 996 1554 1070 Et
1578 1014 1775 1073 idcirco
1802 1019 1845 1073 si
1879 1020 2018 1076 Deus
2046 1022 2109 1074 li-

558 1103 744 1156 benter
770 1102 924 1157 nobis
959 1113 1035 1157 tot
1061 1113 1114 1157 et
1152 1111 1295 1157 tanta
1330 1104 1488 1167 mala,
1523 1119 1639 1172 qua:
1668 1107 1718 1159 in
1745 1121 1865 1160 eum
1894 1111 2111 1162 commi-

556 1188 742 1252 simus,
777 1189 1029 1255 dimittit,
1058 1191 1223 1245 tnulto
1253 1189 1459 1245 facilius
1484 1208 1580 1246 nos
1607 1176 1911 1250 hominibus
1940 1198 2112 1252 dimit-

556 1286 670 1332 tere
702 1279 959 1334 debemus
999 1297 1162 1349 pauca
1189 1291 1242 1334 et
1282 1296 1443 1349 parra
1468 1297 1585 1350 qua:
1622 1285 1674 1336 in
1714 1299 1811 1338 nos
1854 1283 1951 1354 ipsi
1980 1289 2112 1341 deli—

556 1375 804 1438 querunt.
840 1366 945 1422 Sed
972 1369 1068 1422 iste
1090 1385 1264 1421 servus
1287 1363 1387 1422 ιιόιι
1412 1369 1490 1423 sic
1512 1385 1669 1438 agere
1693 1370 1879 1423 voluit.
1909 1371 2109 1425 Invenit

558 1458 719 1521 enim,
751 1464 808 1510 ut
830 1457 1026 1511 dictum
1065 1466 1163 1521 est,
1195 1474 1352 1509 unum
1376 1458 1438 1509 de
1466 1459 1725 1511 conservis
1750 1461 1857 1512 suis
1888 1463 1976 1530 qui
2014 1461 2105 1515 de-

557 1550 701 1600 bebat
743 1548 787 1600 ei
821 1558 1020 1599 centum
1048 1547 1309 1610 denarios,
1349 1557 1394 1600 et
1434 1558 1604 1601 tenens
1638 1530 1927 1616 'stt/focabat
1970 1567 2104 1603 mnu.

559 1633 791 1687 Tenebat
823 1650 966 1699 eum,
996 1634 1119 1703 quia
1165 1634 1380 1706 nolebat
1408 1635 1454 1689 ei
1498 1636 1767 1690 dimittere
1792 1639 1932 1705 quod
1965 1639 2015 1691 itt
2053 1654 2109 1694 se

556 1734 889 1794 peccaverat.
929 1726 995 1779 Et
1034 1725 1318 1793 suﬂ'ocabat
1357 1742 1494 1789 eum,
1527 1727 1577 1780 id
1601 1736 1682 1781 est
1721 1731 2110 1798 coangustabat

494 1816 501 1823 ’
554 1814 887 1883 spiritaliter,
919 1823 971 1868 et
994 1815 1336 1883 exstinguere
1364 1815 1636 1870 nitebatur
1661 1817 1709 1870 in
1736 1828 1884 1871 reatu
1909 1820 2108 1885 peccati

555 1905 607 1957 in
648 1921 703 1958 se
730 1905 796 1958 ab
834 1918 899 1957 eo
926 1904 1217 1959 commissi.
1250 1905 1552 1960 Debitorem
1600 1907 1739 1959 enim
1771 1892 2109 1973 censcrvunt,

554 1993 607 2046 id
635 2002 715 2046 est
746 1992 964 2046 fratrem
995 1994 1046 2047 in
1077 2008 1134 2047 se
1162 2004 1469 2061 peccantem
1497 2004 1657 2059 tenet,
1682 1995 1770 2062 qui
1804 2012 1905 2047 non
1936 1996 2110 2048 dimit-

555 2080 619 2131 tit
661 2081 708 2132 ei
755 2080 895 2149 quod
929 2079 980 2133 in
1020 2094 1078 2135 se
1118 2081 1387 2149 peccavit;
1427 2082 1520 2134 sed
1564 2082 1871 2133 memoriam
1907 2080 2109 2149 injuria:

553 2184 712 2237 quam
736 2170 801 2223 ab
824 2184 887 2224 eo
914 2184 1101 2237 passus
1133 2158 1215 2223 est
1244 2170 1297 2222 in
1337 2169 1497 2223 corde
1532 2184 1628 2223 suo
1657 2172 2106 2237 reservat.Quem

484 2316 487 2317 ν
552 2267 607 2311 et
635 2256 880 2321 suil‘ocat,
905 2259 1028 2312 dum
1056 2251 1284 2311 animam
1314 2257 1427 2326 ejus
1450 2258 1759 2325 spiritaliter
1786 2262 2105 2329 strangulat,

552 2356 606 2401 et
634 2348 899 2416 appr-imit,
953 2357 1111 2416 atque
1150 2355 1465 2417 coangustat
1505 2347 1559 2401 in
1598 2348 1837 2418 periculo
1881 2352 2105 2418 peccati,

554 2451 658 2489 non
692 2438 967 2491 dimittens
992 2438 1037 2491 ei
1078 2437 1217 2505 quod
1257 2438 1310 2490 in
1342 2451 1400 2490 se
1440 2438 1728 2503 commisit,
1760 2438 1851 2491 sed
1883 2439 2107 2507 alligans

553 2540 675 2579 eum
702 2525 752 2578 in
779 2526 954 2594 culpa.
992 2523 1187 2588 Redde,
1209 2524 1401 2592 inquit,
1432 2525 1567 2593 quod
1608 2526 1773 2586 debes.
1804 2526 1853 2579 id
1888 2539 1966 2580 est
1997 2529 2106 2597 jam

558 2626 703 2665 nunc
742 2611 857 2665 sine
886 2626 1031 2664 mora
1079 2611 1318 2679 persolvo
1356 2610 1483 2664 mihi
1523 2620 1722 2665 rectum
1754 2614 1819 2665 de
1863 2616 2109 2667 omnibus

558 2702 762 2768 injuriis
792 2716 922 2771 quas
948 2702 1072 2754 mihi
1092 2701 1285 2755 fecisti.
1316 2700 1376 2752 Et
1399 2702 1951 2769 procidensconservus
1973 2706 2104 2771 ejus,

556 2789 769 2857 rogabat
787 2787 1147 2851 eum,dicem:
1178 2785 1485 2839 Putientiam
1510 2788 1637 2839 habe
1663 2792 1714 2840 in
1736 2804 1839 2854 me,
1864 2801 1909 2841 et
1934 2791 2105 2844 omnia

554 2875 764 2928 reddant
795 2876 904 2927 tibi.
940 2873 1220 2927 I’rocidens
1250 2890 1519 2927 conservus
1553 2874 1685 2941 ejus,
1724 2878 1935 2944 rogabat
1968 2895 2101 2943 eum,

551 2965 676 3034 quia
699 2964 1048 3020 humiliterab
1066 2978 1129 3019 eo
1152 2946 1337 3018 saltem
1359 2963 1667 3017 dilationem
1691 2965 2008 3033 postulabat,
2031 2967 2106 3020 di-

550 3069 679 3109 cens
703 3070 717 3106 :
744 3050 1055 3107 Patientiam
1081 3053 1230 3119 habe,
1262 3054 1312 3107 id
1335 3067 1416 3106 est
1437 3053 1702 3121 patienter
1726 3064 1975 3121 exspecta
1993 3072 2105 3117 me;

551 3156 599 3195 et
627 3144 801 3195 omnia
824 3142 1031 3194 reddam
1055 3140 1166 3205 tibi,
1194 3142 1293 3194 hoc
1322 3150 1403 3195 cst
1427 3141 1674 3194 universa
1702 3152 1819 3208 quze
1842 3141 1891 3194 in
1919 3152 1966 3195 te
1989 3134 2111 3211 pec—

554 3232 669 3283 cavi
696 3231 989 3284 emendabo
1018 3227 1135 3296 tibi,
1160 3238 1216 3283 et
1242 3230 1374 3283 bene
1406 3229 1655 3298 deinceps
1685 3244 1768 3283 me
1794 3243 1919 3298 ergo
1944 3239 1994 3284 te
2018 3230 2109 3285 ha-

555 3318 710 3372 bebo.
741 3317 839 3370 Ille
883 3327 1055 3371 autem
1094 3314 1290 3381 noluit;
1330 3317 1422 3369 sed
1448 3316 1594 3381 abiit,
1634 3326 1679 3369 et
1725 3318 1860 3369 misit
1898 3334 2013 3370 eum
2054 3319 2107 3371 in

554 3422 831 3470 carcerem,
858 3406 1017 3459 donec
1046 3404 1273 3458 redderet
1302 3405 1547 3457 debitum.
1578 3402 1759 3456 Noluit
1787 3421 2103 3459 conservum

553 3509 709 3566 suum
728 3494 987 3564 patienter
1012 3500 1324 3560 exspectare
1348 3500 1402 3543 ul
1416 3500 1595 3559 posset
1614 3491 1921 3556 emendare,
1940 3493 2108 3547 noluit

555 3585 792 3636 inducias
810 3582 880 3635 illi
903 3581 1221 3645 concedere;
1242 3579 1331 3633 sed
1353 3579 1552 3647 absque
1570 3582 1871 3632 reverentia
1898 3582 2103 3634 domini

551 3670 631 3723 sui
678 3669 824 3733 abiit,
862 3679 910 3723 et
950 3670 1088 3721 misit
1116 3684 1231 3722 eum
1272 3668 1322 3720 in
1359 3682 1633 3719 carcerem.
1665 3667 1819 3726 Abiit.
1859 3670 1956 3721 hoc
1996 3678 2098 3733 est,

550 3760 899 3829 aposlalando
924 3767 980 3810 et
1015 3760 1065 3810 in
1102 3756 1367 3809 deteriora
1409 3763 1702 3807 retrorsum
1755 3756 1949 3818 eundo,
1981 3772 2103 3825 per-

554 3849 691 3903 rexit
714 3864 729 3912 ;
751 3856 798 3899 et
829 3846 968 3897 misit
998 3860 1113 3897 eum
1142 3845 1196 3896 in
1216 3858 1490 3904 carcerem,
1515 3844 1678 3895 donec
1710 3843 1940 3897 redderet
1958 3845 2103 3898 debi-

552 3943 682 3998 tum,
708 3932 759 3986 id
807 3938 909 3997 cst,
935 3938 1191 3999 quantum
1222 3929 1286 3982 ad
1320 3943 1429 3982 suae
1482 3928 1771 3983 voluntatis
1818 3931 2101 3999 malignam

552 4021 964 4078 obstinationem
1008 4019 1260 4073 demersit
1310 4033 1429 4073 eum
1490 4019 1542 4072 in
1600 4018 1883 4085 infernum,
1934 4023 2103 4077 donec

552 4128 648 4183 pro
689 4109 839 4181 culpa
897 4109 1250 4179 sempiternas
1310 4109 1640 4178 persolveret
1693 4124 1901 4179 poenas.
1938 4096 2101 4168 ‘Sunt

2214 400 2281 453 cti
2333 400 2505 469 angeli
2558 414 2777 469 possunt
2858 403 3075 471 intelligi
3144 401 3389 456 conservi.
3436 401 3568 457 Cum
3620 408 3766 459 enim

2212 484 2441 539 Joannes
2468 486 2519 539 in
2548 488 2865 559 Apocalypsi
2896 490 3049 545 vellet
3074 488 3314 559 angelum
3340 491 3587 559 adorare,
3626 492 3760 545 dixit

2212 576 2259 628 ei
2285 575 2543 643 angelus:
2586 574 2712 629 Vide
2735 592 2796 629 ne
2832 578 3034 643 feceris.
3083 594 3353 632 conservus
3404 590 3522 631 tuus
3573 589 3764 631 sumet

2212 660 2434 728 fratrum
2469 666 2671 715 litorum
2702 662 2885 730 (Apoc.
2938 678 3071 728 χιιι,
3097 665 3171 734 9).
3206 662 3449 718 Comet-ri
3480 679 3605 734 ergo
3635 673 3761 717 sunt

2212 751 2405 819 angeli,
2453 752 2542 819 qui
2596 751 2845 806 viderunt
2875 768 2935 806 ea
2966 768 3083 822 qum
3112 754 3303 817 ﬁebant
3337 770 3364 807 a
3398 749 3540 807 male
3581 766 3761 815 servo.

2211 845 2263 889 et
2292 839 2580 892 contristati
2615 847 2732 892 sunt
2776 838 3108 909 raldetquia
3153 840 3305 895 nobis
3350 840 3416 894 ad
3463 840 3760 895 custodiam

2212 927 2471 993 deputati,
2502 937 2690 982 cuncta
2716 942 2833 996 qua:
2881 929 3104 983 facimus
3152 930 3431 999 diligenter
3474 930 3759 997 aspiciunt,

2210 1022 2264 1069 et
2292 1014 2358 1069 de
2391 1015 2547 1070 bonis
2582 1018 2789 1071 actibus
2824 1018 3020 1071 nostris
3048 1018 3317 1083 lzetantur,
3347 1020 3411 1074 de
3453 1019 3605 1073 malis
3636 1032 3763 1071 vero

2212 1105 2624 1165 contristantur.
2691 1105 2805 1161 Non
2853 1116 3027 1160 tamen
3082 1108 3299 1162 tristitia
3356 1118 3575 1177 possunt
3603 1106 3760 1169 allici,

2211 1195 2333 1260 quia
2365 1194 2598 1261 perfecte
2641 1195 2782 1250 beati
2832 1208 2999 1263 sunt;
3041 1198 3130 1251 sed
3182 1197 3476 1266 boc,‘quod
3520 1197 3598 1251 eis
3623 1196 3759 1250 mala

2210 1292 2389 1337 nostra
2432 1285 2739 1353 displicent,
2796 1288 3016 1341 voeatur
3061 1302 3243 1341 eorum
3308 1286 3540 1340 tristitia.
3598 1284 3764 1337 Valde

2209 1383 2337 1448 ergo
2376 1373 2666 1427 contristati
2689 1385 2830 1439 sunt,
2859 1375 2910 1429 id
2937 1384 3020 1429 est
3046 1374 3190 1428 valde
3218 1373 3486 1443 displicuit
3515 1374 3591 1428 eis
3617 1373 3761 1441 quod

2211 1456 2390 1525 inique
2436 1457 2549 1511 fieri
2599 1460 2866 1513 viderunt.
2925 1460 2994 1513 Et
3038 1470 3278 1514 venerunt
3323 1472 3368 1513 et
3424 1468 3763 1517 narrarentur

2210 1545 2417 1598 domino
2454 1563 2548 1600 suo
2601 1548 2775 1600 omnia
2832 1564 2947 1616 qua:
3006 1549 3147 1613 facta
3198 1549 3402 1614 fuerant
3436 1560 3455 1597 :
3500 1562 3623 1616 quia
3662 1548 3761 1614 ipsi

2212 1644 2404 1687 cuncta
2451 1650 2570 1702 qua:
2638 1636 2891 1704 gerimus,
2950 1635 3064 1689 sire
3114 1636 3273 1699 bona,
3320 1635 3432 1688 sive
3485 1633 3644 1695 mala,
3678 1648 3761 1685 re—
3814 1672 3821 1683 .

2210 1723 2455 1776 nuntiant
2482 1725 2610 1787 Deo,
2628 1732 2685 1776 ut
2702 1725 2872 1778 sciant
2889 1725 3012 1793 quid
3037 1724 3147 1793 ipse
3163 1724 3224 1778 dc
3239 1724 3321 1789 bis
3337 1722 3581 1776 omnibus
3605 1721 3764 1791 169

2213 1812 2324 1865 fieri
2371 1812 2572 1880 jubeat.
2611 1812 2757 1864 Tunc
2793 1804 3142 1866 t'ocavitillum
3165 1811 3401 1863 dominus
3425 1826 3571 1871 suus,
3610 1818 3654 1862 et
3685 1810 3758 1859 ait

2211 1902 2286 1953 ill:
2314 1917 2331 1954 .'
2387 1901 2541 1955 Serve
2554 1918 2792 1970 nequam,
2806 1917 2954 1955 omne
2964 1901 3187 1954 debitum
3199 1888 3373 1952 dimisi
3390 1901 3499 1959 tibi,
3516 1899 3758 1967 quoniam

2212 1992 2403 2057 rogasti
2425 2007 2521 2042 me.
2556 1990 2739 2043 Nonne
2761 2006 2881 2067 ergp
2901 1991 3121 2057 oportuit
3143 2000 3187 2041 et
3210 1998 3258 2041 te
3282 1988 3514 2040 misereri
3530 1987 3759 2039 conservi

2208 2078 2310 2139 tui,
2351 2080 2481 2129 sicut
2506 2087 2553 2129 et
2577 2094 2667 2145 ego
2699 2076 2773 2129 tui
2804 2078 3039 2129 misertus
3068 2076 3221 2129 sum?
3244 2072 3511 2144 Ingratum
3542 2090 3757 2128 sertum

2210 2165 2461 2219 Dominus
2488 2182 2697 2219 rursum
2730 2174 2919 2230 .vocat;
2961 2174 3015 2220 et
3059 2180 3154 2233 cur
3175 2166 3308 2235 jipse
3336 2158 3754 2218 misericordiam

2208 2266 2527 2310 consecutus
2573 2271 2602 2308 a
2667 2256 2892 2308 [‘omino
2934 2255 3173 2307 misereri
3222 2268 3480 2306 conservo
3523 2252 3751 2305 noluerit

2210 2346 2412 2414 arguit;
2444 2360 2561 2397 cum
2595 2344 2740 2397 illum
2764 2385 2777 2408 ,
2809 2344 2896 2412 qui
2929 2354 3191 2411 perceptu:
3217 2358 3245 2395 a
3284 2344 3388 2396 Deo
3417 2342 3756 2411 indulgentia'

2210 2435 2492 2490 immemor
2519 2434 2689 2487 noluit
2719 2433 2989 2501 indulgere
3022 2431 3171 2485 fratri
3204 2431 3346 2501 quod
3372 2431 3425 2485 in
3467 2445 3526 2485 se
3562 2445 3753 2500 pecca-

2213 2531 2377 2587 verat,
2404 2520 2467 2575 ad
2496 2533 2719 2575 mortem
2754 2536 2845 2590 per
2865 2520 3105 2588 corporis
3130 2518 3491 2572 infirmitatem
3515 2526 3753 2577 revocat,

2209 2623 2260 2665 et
2297 2614 2373 2667 sic
2397 2613 2463 2665 ad
2478 2610 2735 2679 judicium
2764 2628 2777 2664 :
2803 2619 2959 2678 atque
2980 2619 3192 2678 peccata
3215 2609 3376 2661 etiam
3406 2606 3490 2659 illa
3520 2607 3571 2658 in
3593 2616 3752 2674 caput

2208 2701 2323 2765 ejus
2352 2702 2524 2755 denuo
2563 2701 2811 2769 replicat,
2838 2714 2955 2767 qua:
2989 2699 3087 2751 sibi
3109 2696 3218 2764 jam
3250 2697 3411 2749 fuisse
3440 2711 3534 2764 per
3580 2694 3756 2763 pmui~

2209 2791 2429 2843 tentiam
2459 2789 2675 2842 dimissa
2708 2789 2994 2859 gaudebat.
3020 2786 3283 2840 Iudicium
3310 2785 3449 2838 enim
3477 2785 3586 2852 sine
3607 2784 3757 2837 inise-

2208 2872 2431 2935 ric‘ordia
2456 2876 2533 2929 illi
2561 2877 2649 2942 qui
2681 2892 2781 2929 non
2806 2876 2925 2942 fecit
2951 2874 3357 2927 misericordiam
3385 2872 3522 2941 (Jac.
3554 2886 3613 2934 ιι,
3641 2868 3752 2931 l3).

2213 2965 2357 3019 Unde
2382 2972 2433 3017 et
2460 2963 2700 3017 subditur
2729 2979 2742 3015 :
2776 2963 2841 3015 Et
2888 2964 3052 3017 iratus
3098 2960 3341 3014 dominus
3367 2958 3507 3027 ejus.
3539 2958 3755 3027 indidit

2208 3068 2326 3107 eum
2380 3053 2702 3115 tortoribus,
2755 3052 3099 3119 quoadusque
3162 3050 3399 3121 redderet
3450 3037 3756 3101 universum

2210 3142 2465 3195 debitum.
2496 3142 2594 3207 Qui
2614 3141 2760 3194 enim
2788 3138 2941 3193 fratri
2974 3137 3247 3207 indulgere
3279 3128 3478 3203 noluit,
3515 3136 3605 3191 sed
3630 3150 3754 3191 eum
3784 3126 3789 3129 ’

2211 3231 2261 3282 ἱιι
2293 3244 2564 3284 carcerem
2596 3246 2693 3297 pro
2720 3230 2899 3283 debito
2930 3229 3094 3291 misit,
3120 3228 3307 3281 merito
3336 3226 3446 3295 ipse
3478 3216 3753 3294 indulgen-

2211 3320 2333 3371 liam
2361 3336 2519 3388 quam
2550 3317 2875 3387 perceperat,
2894 3318 3095 3379 amisit,
3119 3328 3171 3371 et
3196 3318 3246 3369 in
3286 3331 3469 3369 manus
3495 3323 3756 3368 tortorum

2207 3408 2368 3461 venit.
2421 3407 2552 3461 Nam
2601 3409 2842 3475 quisquis
2891 3406 3154 3460 hominem
3219 3405 3282 3459 ad
3333 3404 3612 3472 imaginem
3660 3390 3756 3456 Dei

2206 3498 2402 3549 factum
2449 3514 2477 3549 τι
2527 3507 2744 3565 peccato
2776 3513 2877 3549 non
2915 3494 3073 3549 solvit
3121 3502 3366 3560 rogatus,
3401 3494 3493 3546 sed
3526 3492 3757 3544 obdura~

2212 3587 2354 3657 tione
2386 3588 2580 3638 mentis
2615 3600 2752 3644 suae,
2787 3594 3041 3650 quantum
3077 3582 3129 3635 itt
3160 3596 3215 3634 se
3247 3591 3345 3643 est,
3380 3588 3607 3632 tartareo
3637 3594 3757 3631 car-

2206 3675 2314 3727 t‘eri
2346 3674 2671 3741 puuiendunt
2700 3674 2887 3736 tradit,
2927 3676 3031 3727 Deo
3057 3681 3136 3725 est
3159 3671 3401 3733 odibilis,
3432 3680 3484 3723 et
3512 3670 3755 3722 eamdem

2205 3761 2302 3813 sibi
2350 3760 2743 3813 damnationem
2776 3758 3136 3812 indubitanter
3180 3758 3424 3833 acquirit.
3470 3755 3642 3808 Iratus
3669 3763 3755 3808 est

2204 3865 2331 3921 ergo
2358 3850 2595 3902 dominus
2622 3850 2735 3918 ejus
2755 3862 2779 3913 ,'
2804 3850 2969 3903 idest
2994 3849 3329 3917 asperitatem
3355 3847 3509 3914 justa:
3535 3846 3757 3899 ultionis

2203 3938 2256 3989 in
2282 3952 2401 3990 eum
2424 3937 2683 3989 exercuit.
2708 3936 2823 3990 Non
2851 3936 2991 3990 enim
3023 3936 3074 3988 in
3101 3946 3287 3988 natura
3313 3951 3405 3988 sua
3430 3934 3568 3987 Deus
3589 3934 3771 3986 irascix

2200 4034 2404 4094 potest,
2446 4023 2536 4094 qui
2587 4041 2797 4094 semper
2837 4023 3153 4093 tranquillus
3196 4036 3250 4077 et
3302 4022 3755 4077 inconnnutabills

2202 4123 2506 4184 permanet;
2538 4116 2629 4169 sed
2674 4118 2836 4168 iratas
2868 4115 3074 4169 videtur
3117 4114 3194 4168 eis
3238 4114 3428 4181 quibus
3461 4111 3753 4165 \ittdiclnttt

549 4201 694 4255 enim
732 4198 968 4254 nonnulli
998 4195 1271 4266 .malignze
1325 4198 1517 4252 mentis
1562 4198 1823 4263 homines,
1872 4214 2098 4269 quorum
2133 4225 2177 4279 ι)
2204 4207 2393 4259 reddit.
2444 4206 2668 4273 Ideoque
2699 4206 2929 4259 vindicta
2963 4206 3075 4274 ipsa
3108 4219 3325 4258 vocatur
3352 4203 3466 4272 ejus
3492 4203 3591 4255 ira.
3625 4199 3753 4253 Ira-

552 4295 651 4347 iste
698 4305 871 4344 servus
911 4288 1194 4356 imaginem
1244 4295 1407 4353 tenet,
1441 4288 1530 4357 qui
1588 4289 1828 4356 gravium
1858 4301 2104 4360 peccato-

554 4396 672 4435 rum
731 4393 851 4449 quae
899 4366 1504 4445 ipsi_perpetraverunt
1553 4376 1910 4445 immemores,
1962 4382 2005 4435 si
2049 4391 2103 4435 et

551 4471 743 4525 leviter
766 4467 917 4537 culpa
965 4463 1149 4519 fratris
1179 4464 1233 4517 in
1256 4478 1315 4520 se
1347 4465 1617 4534 peccantis
1667 4466 2022 4534 ollendantur,
2049 4470 2099 4524 in

552 4568 753 4612 tantam
792 4555 1203 4610 obstinationem
1254 4564 1626 4624 prorumpunt,
1653 4565 1740 4619 ut,
1768 4559 1907 4625 quod
1948 4558 2099 4613 dictu

548 4665 759 4720 quoque
818 4649 964 4701 nefas
1018 4657 1115 4706 est,
1173 4654 1357 4715 optent
1414 4646 1630 4697 fratrem
1680 4662 1832 4700 suum
1886 4651 2100 4704 reteruis

550 4749 674 4791 ante
700 4738 870 4805 perire
902 4735 1194 4803 suppliciis,
1240 4749 1399 4802 quam
1432 4733 1569 4802 quod
1602 4733 1652 4786 in
1684 4748 1741 4788 se
1764 4748 2094 4803 peccaverat,

550 4813 873 4900 indulgeant.
914 4828 1147 4884 Videam
1168 4840 1338 4884 autent
1369 4829 1721 4899 conservijejut
1740 4845 1855 4906 qua:
1884 4831 2098 4897 ﬁebant,

547 4922 839 4975 contristati
875 4930 991 4973 sunt
1014 4920 1181 4973 valde.
1217 4920 1281 4973 Et
1309 4931 1549 4974 venerunt
1575 4928 1622 4973 et
1652 4914 1985 4973 narraueram
2008 4920 2097 4973 do-

548 5011 686 5063 mino
708 5026 802 5063 suo
834 5011 1006 5063 omnia
1034 5025 1150 5078 qua:
1179 5008 1315 5077 facta
1337 5008 1565 5077 fuerant.
1596 5005 1835 5062 Conserri
1859 5007 1971 5077 ejus
1998 5008 2098 5062 hoc

548 5101 663 5153 loco
713 5100 1017 5153 sacerdotes
1067 5108 1121 5152 et
1166 5098 1397 5167 religiosi
1458 5097 1555 5151 viri
1604 5097 1982 5167 intelliguntur,
2007 5100 2096 5168 qui

547 5193 769 5244 uidentes
819 5206 880 5243 ea
925 5206 1039 5258 qlia:
1089 5190 1331 5257 nequiter
1369 5191 1420 5243 in
1451 5188 1673 5243 fratrem
1704 5190 1768 5244 ab
1795 5203 1859 5242 eo
1884 5190 2101 5254 fiebant,

550 5279 833 5333 contristati
861 5292 976 5331 sunt
1011 5278 1174 5331 valde.
1234 5277 1297 5330 Et
1341 5288 1609 5339 verterunt,
1663 5288 1709 5330 et
1758 5291 2092 5330 narraverunt

550 5362 662 5422 hare
690 5371 860 5420 ontnia
881 5368 1087 5419 domino
1106 5382 1197 5419 suo
1227 5381 1243 5419 .'
1266 5365 1392 5435 quia
1422 5366 1689 5419 redierunt
1713 5366 1778 5417 ad
1807 5379 1899 5417 cor
1920 5380 2090 5427 suum,

552 5465 603 5509 et
640 5458 709 5510 ibi
734 5457 910 5511 divino
934 5454 1237 5525 conspectui
1268 5452 1620 5518 intendentes,
1653 5453 1925 5521 conquesti
1971 5460 2090 5506 sunt

2203 4306 2283 4349 lus
2318 4296 2493 4364 itaque
2523 4295 2738 4364 tradidit
2765 4312 2879 4349 euut
2919 4295 3233 4359 tortoribus,
3263 4294 3360 4347 hoc
3388 4302 3473 4346 est
3501 4290 3754 4361 malignis

2202 4388 2508 4456 spiritibus,
2555 4388 2643 4455 qui
2690 4396 2994 4457 torquerent
3024 4401 3142 4439 eum
3190 4387 3241 4440 in
3282 4385 3517 4447 inferno,
3547 4386 3755 4453 quoad-

2201 4492 2360 4544 usque
2386 4477 2617 4529 redderet
2661 4477 2954 4528 universum
2986 4474 3210 4527 debitum
3234 4514 3249 4539 ,
3290 4474 3343 4528 i‘d
3368 4483 3449 4527 est
3476 4472 3591 4526 sine
3620 4473 3749 4525 line.

2200 4564 2451 4632 Quisquis
2491 4563 2633 4617 enim
2678 4562 2839 4616 semel
2881 4559 3107 4615 traditus
3136 4558 3551 4614 irrevocabilitcr
3585 4557 3751 4611 fuerit

2199 4652 2500 4705 crudelibus
2544 4651 2776 4719 angelis,
2821 4664 3045 4718 quorum
3093 4649 3318 4703 uiliciqu
3364 4657 3463 4701 est.
3493 4648 3753 4715 reprobos

2205 4754 2484 4810 torquere,
2517 4756 2787 4809 nunquam
2816 4740 3035 4794 ulterius
3058 4740 3196 4793 valet
3213 4738 3445 4792 debitum
3478 4738 3700 4791 reddere
3731 4757 3747 4791 :

2198 4834 2321 4901 quia
2347 4847 2452 4885 non
2484 4839 2657 4899 potest
2676 4846 2768 4899 per
2794 4828 3157 4898 pcenitentiam
3184 4839 3236 4883 et
3260 4843 3419 4897 opera
3444 4827 3577 4880 bona
3603 4830 3751 4894 quod

2198 4920 2335 4972 male
2361 4919 2526 4986 gessit
2552 4917 2869 4978 emendare,
2902 4924 2955 4969 et
2996 4924 3271 4984 propterea
3300 4928 3512 4980 semper
3541 4914 3753 4980 cogitur

2197 5022 2383 5078 pinnas
2414 5008 2697 5061 sustinere.
2733 5007 2810 5059 Ad
2838 5006 2963 5074 quid
2989 5013 3162 5058 autem
3203 5004 3316 5057 haec
3339 5002 3589 5071 parabola
3623 5011 3748 5054 ten-

2197 5098 2318 5161 dat,
2357 5106 2746 5164 consequenter
2781 5095 3032 5153 Dominus
3071 5094 3341 5147 subdendo
3391 5092 3693 5145 manifestat
3728 5108 3743 5142 :

2195 5184 2279 5238 Sic
2302 5198 2347 5238 et
2382 5183 2538 5237 Pater
2575 5201 2715 5237 meus
2737 5185 2949 5239 cwlestis
2988 5184 3138 5250 faciet
3169 5182 3304 5234 vobis
3324 5220 3338 5245 ,
3368 5182 3411 5235 si
3456 5197 3556 5233 non
3591 5178 3747 5229 remi-

2194 5275 2362 5327 seritis
2387 5275 2730 5344 unusquisque
2753 5274 2903 5341 fratri
2916 5263 3014 5323 suo
3036 5272 3097 5322 de
3118 5266 3353 5324 cordibus
3376 5270 3568 5323 rastris.
3594 5265 3749 5319 Sicut

2194 5372 2368 5417 autem
2398 5380 2425 5416 a
2458 5378 2612 5417 servo
2641 5370 2828 5415 etmcta
2856 5375 2973 5426 qum
3017 5359 3290 5413 dimiserat
3318 5356 3555 5425 repetiit,
3582 5369 3745 5407 eum-

2194 5468 2293 5521 quc
2313 5490 2328 5517 ,
2358 5466 2478 5505 cum
2511 5466 2613 5504 non
2661 5456 2859 5517 posset
2882 5449 3100 5504 reddere
3123 5437 3433 5514 ,dainnarit
3454 5483 3472 5505 ,
3499 5444 3622 5513 quia
3654 5444 3749 5501 ille
