4190 6186
340 228 444 284 621

1439 225 1732 281 ΙΙΟΜΙΙΛΑΞ
1765 225 1848 278 ΕΤ
1890 222 2478 278 EXIIORTATIONES.

3459 230 3562 284 62‘?

347 353 610 396 conservo
651 355 745 394 suo
775 340 1048 394 dimittere
1097 338 1298 402 uoluit;
1332 340 1404 392 sic
1433 349 1478 391 et
1519 338 1678 392 Pater
1711 353 1854 389 meus
1880 351 1909 388 a
1940 340 1984 396 Α
2013 335 2237 404 quisque
2265 351 2449 389 eorum
2494 336 2656 406 magis
2688 352 2746 389 ac
2781 337 2946 404 magis
2977 338 3188 408 purgari
3220 349 3379 408 atque
3408 357 3566 400 mun-

354 429 587 498 quolibet
607 444 671 483 ex
700 429 851 483 vobis
882 430 1072 480 iterum
1096 426 1271 496 exiget
1300 425 1554 495 quidquid
1585 425 1657 480 illi
1686 438 1779 494 per
1799 437 1910 491 pm-

356 517 627 570 nitentiam
664 516 895 578 dimisit;
933 515 1020 567 ille
1051 512 1203 567 fratri
1234 529 1329 570 suo
1355 524 1550 570 cuncta
1594 529 1711 582 quae
1758 512 1808 566 iu
1853 527 1911 566 se

356 608 595 677 peccavit
639 621 703 658 ex
751 606 914 658 corde
946 621 1048 657 non
1082 605 1368 659 dimiserit.
1416 605 1491 660 Ita
1540 621 1634 659 vos
1673 602 1910 672 singulos

357 701 514 753 Pater
550 715 690 751 meus
722 699 786 750 ad
827 696 1090 764 judicium
1131 699 1433 763 revocabit,
1465 708 1518 751 et
1547 712 1664 767 qua:
1695 695 1908 750 miseri-

360 789 539 842 cordia
574 787 741 841 llcxus
770 789 998 856 primmn
1027 787 1258 852 dimisit,
1297 795 1534 854 repetet,
1566 800 1766 855 vosque
1811 795 1911 838 tor-

351 878 546 930 toribus
572 878 777 947 angelis
803 878 974 931 tradet
1000 895 1012 928 :
1036 878 1080 930 si
1113 893 1212 931 non
1244 877 1541 931 remiseritis
1566 877 1910 945 unusquisque

352 967 503 1034 fratri
534 983 627 1018 suo
674 973 952 1034 peceatum
984 983 1142 1022 omne
1186 968 1326 1038 quod
1374 967 1425 1021 in
1470 981 1566 1022 vos
1607 965 1774 1022 frater
1823 968 1909 1022 ille

351 1056 656 1119 eouunisiti;
701 1066 754 1110 et
800 1056 1097 1110 remiseritis
1129 1056 1250 1110 illud
1285 1073 1388 1111 non
1422 1056 1781 1119 simulatorie,
1818 1057 1909 1110 sed

352 1147 618 1200 ueraciter
665 1149 727 1200 de
757 1148 1001 1200 cordibus
1033 1148 1209 1201 vestris
1229 1187 1244 1211 ,
1275 1156 1334 1201 ut
1377 1163 1481 1202 non
1515 1156 1824 1200 remaneant
1859 1147 1909 1199 in

351 1236 513 1290 corde
557 1251 678 1291 cum
728 1237 1027 1291 remiseritis
1082 1236 1211 1290 illud
1261 1252 1375 1292 ore.
1436 1235 1551 1290 Non
1599 1245 1774 1291 tamen
1818 1251 1912 1305 per

357 1328 609 1396 seipsum.
629 1328 786 1381 Pater
813 1328 1113 1397 lmjusmodi
1137 1328 1336 1398 judicia
1367 1328 1553 1392 faciet,
1582 1329 1675 1382 sed
1702 1342 1796 1397 per
1825 1327 1912 1382 Fio

352 1416 483 1470 lium
506 1433 519 1469 :
542 1418 687 1486 quia,
723 1419 857 1473 sicut
887 1418 1171 1488 Apostolus
1199 1428 1444 1484 testatur,
1474 1417 1740 1472 Judicabit
1774 1418 1912 1475 Deus

351 1511 554 1561 occulta
581 1509 846 1562 hominum
874 1527 964 1578 per
986 1509 1167 1564 Jesum
1193 1510 1453 1564 Christum
1497 1508 1666 1577 (Rom.
1700 1524 1736 1563 It
1755 1551 1768 1572 ,
1800 1509 1908 1580 16).

351 1594 557 1650 Idcirco
585 1599 648 1650 tle
674 1599 912 1652 cordibus
958 1601 1136 1652 vestris
1182 1598 1560 1653 remittendum
1603 1609 1686 1653 est
1729 1598 1912 1653 fratris

2009 424 2122 478 dari
2149 425 2348 494 jngiter
2373 425 2597 494 satagit;
2630 426 2719 479 sed
2751 425 2950 494 impleti
2995 441 3099 481 non
3145 437 3305 482 erunt
3331 443 3393 484 ex
3424 439 3565 504 toto,

2010 512 2110 567 nisi
2139 514 2188 566 in
2223 513 2326 567 fine
2370 513 2570 567 smculi.
2598 512 2743 566 Finis
2771 522 2946 568 tamen
2976 515 3152 570 saeculi
3176 526 3256 571 est
3282 516 3566 589 unicuique

2012 605 2138 656 hora
2167 607 2345 658 obitus
2367 604 2471 667 sui,
2496 614 2550 657 et
2577 603 2666 672 qui
2691 605 2974 658 mundatus
3001 621 3028 658 a
3064 609 3295 675 peccatis
3316 611 3564 665 omnibus

2013 696 2062 749 in
2093 697 2236 749 obittt
2269 713 2363 751 suo
2403 707 2647 764 repertus
2681 695 2873 761 fuerit,
2904 697 3096 762 impleti
3135 710 3250 752 sunt
3293 701 3402 754 dies
3439 717 3566 772 pur-

2011 786 2232 853 gatiouis
2280 786 2390 854 ejus
2437 787 2716 840 secundum
2747 786 2907 856 legem
2957 785 3143 855 Moysi.
3176 787 3304 842 Nam
3339 793 3600 859 quatlra-.

2009 875 2154 943 ginta
2186 875 2371 928 diebus
2400 878 2693 930 secundum
2735 877 2903 946 legem
2943 876 3097 931 fiebat
3137 877 3237 932 ista
3280 883 3524 950 purgatio
3549 923 3565 947 ,

2010 974 2064 1018 et
2135 965 2597 1034 quadragenarius
2667 982 2920 1022 numerus
2980 968 3060 1023 vel
3133 970 3362 1037 spatium
3428 973 3567 1041 quod

2011 1065 2089 1112 cst
2150 1071 2319 1122 usque
2389 1057 2455 1109 ad
2518 1056 2678 1110 finem
2741 1059 2914 1111 saeculi
2952 1098 2967 1121 ,
3040 1059 3122 1113 vel
3183 1068 3388 1130 tempus
3449 1063 3570 1118 vitm

2015 1144 2433 1214 uniuscujusque
2483 1154 2723 1200 nostrum
2778 1146 3060 1216 significat.
3116 1149 3338 1218 Expleto
3402 1150 3562 1220 igitur

2013 1233 2103 1286 tali
2155 1235 2613 1306 quadragenario,
2669 1235 2868 1305 impleti
2934 1245 3090 1290 erunt
3139 1238 3252 1293 dies
3299 1241 3570 1311 purgatio-

2015 1323 2098 1378 uis
2145 1325 2227 1377 vel
2275 1326 2524 1380 Ecclesia:
2573 1327 2655 1382 vel
2689 1326 2972 1397 cujuslibet
2995 1326 3281 1396 justorum.
3315 1331 3388 1385 Ita
3423 1332 3565 1386 enim

2013 1413 2099 1467 lex
2144 1413 2377 1482 loquitur
2427 1433 2439 1468 :
2489 1416 2680 1470 Mulier
2705 1419 2750 1470 si
2797 1429 3026 1486 suscepto
3079 1421 3271 1474 semine
3320 1421 3571 1492 pepererit

2012 1503 2330 1569 masculum,
2365 1506 2630 1560 immunda
2673 1509 2766 1560 erit
2804 1521 2993 1576 sepiem
3041 1511 3248 1574 diebus,
3272 1514 3430 1580 juxta
3460 1517 3568 1570 dies

2013 1594 2356 1658 separationis
2399 1607 2780 1660 menstrutr;et
2829 1599 2910 1651 die
2953 1608 3128 1653 ortavo
3173 1601 3567 1660 circumcidetur

351 1693 668 1767 peccatum,
711 1685 834 1753 quia
874 1684 1128 1753 judicabit
1185 1685 1325 1739 Deus
1374 1686 1572 1739 occulta
1611 1685 1906 1750 hominum,
1941 1658 1985 1717 Β
2013 1684 2324 1751 infantulus.
2358 1684 2481 1753 Ipsa
2504 1702 2618 1738 vero
2647 1658 2859 1754 triginta
2885 1687 3063 1743 diebus
3095 1693 3317 1745 manebit
3347 1693 3400 1746 in
3442 1658 3568 1749 san-

351 1787 422 1827 ne
472 1789 614 1828 nunc
672 1773 724 1827 iu
772 1776 998 1830 occultis
1060 1777 1298 1830 cordium
1372 1786 1675 1830 nostrorum
1741 1775 1910 1830 latere

347 1863 482 1917 illttd
514 1864 718 1926 videat,
750 1873 802 1917 et
832 1873 957 1919 tunc
991 1864 1329 1920 manifestam
1362 1880 1459 1932 pro
1491 1866 1590 1919 hoc
1613 1865 1914 1919 damnatio—

351 1970 478 2009 nem
502 1955 712 2009 inferat.
741 1953 1165 2010 blieericordiam
1184 1965 1236 2009 et
1253 1957 1566 2010 charitatcm
1588 1971 1712 2023 erga
1733 1955 1912 2023 proxi-

351 2059 499 2097 mum
529 2043 728 2098 habere
777 2043 1118 2108 Studeamus,
1151 2045 1483 2098 remittentes
1525 2044 1572 2098 ei
1607 2043 1910 2098 misericor-

351 2131 496 2185 diter
519 2133 660 2200 quod
699 2133 749 2185 in
800 2148 896 2187 nos
939 2133 1195 2201 deliquit,
1225 2132 1279 2187 et
1305 2147 1436 2200 puro
1464 2133 1624 2187 corde
1654 2133 1799 2187 illum
1832 2133 1906 2186 di-

347 2217 604 2288 ligentes,
635 2226 692 2272 ttt
758 2229 812 2272 et
857 2209 954 2274 nos
1000 2219 1228 2274 similem
1276 2219 1695 2274 vicissitudinem
1743 2237 1771 2273 a
1824 2220 1908 2290 pio

341 2308 527 2376 judice
558 2319 740 2364 nostro
768 2325 1181 2380 consequamur,
1229 2310 1320 2380 qui
1353 2310 1482 2365 vivlt
1523 2320 1577 2363 et
1628 2320 1811 2380 regnat
1856 2312 1907 2366 iu

347 2399 544 2454 sagcula
568 2400 908 2455 surculorum.
949 2401 1141 2455 Amen.
1881 2415 1886 2419 '

918 2491 1188 2546 llOMlLlA
1244 2490 1324 2545 Vl.

344 2581 396 2635 In
441 2597 772 2638 EVANCELIUH
813 2597 1085 2637 secusne!
1135 2598 1303 2638 use/ur
1337 2599 1352 2636 :
1401 2582 1676 2650 Postquam
1717 2583 1909 2651 impleti

414 2683 538 2723 sunt
585 2672 695 2724 dies
733 2670 1053 2739 purgationis
1086 2671 1197 2740 ejus
1226 2671 1504 2724 secundum
1533 2671 1693 2740 legem
1717 2669 1908 2740 Moysi,

413 2760 644 2813 tulerunt
677 2760 820 2811 illum
853 2762 904 2812 in
925 2759 1247 2819 Jerusalem,
1281 2768 1335 2812 ut
1365 2748 1600 2812 sisterent
1636 2775 1749 2812 eum
1797 2759 1906 2811 Do-

417 2849 586 2908 mino,
607 2849 734 2900 sicut
761 2849 1006 2913 scriptum
1034 2859 1103 2900 est
1127 2846 1180 2898 in
1201 2846 1306 2916 lege
1329 2846 1535 2922 Domini
1558 2858 1577 2896 :
1601 2846 1735 2910 Quia
1759 2861 1907 2898 omne

416 2937 764 2989 masculinum
789 2936 1092 3003 adaperiens
1133 2935 1354 3001 vulvam,
1403 2947 1636 2989 sanctum
1685 2935 1904 2988 Domino

414 3027 703 3080 vocabitur.
737 3026 801 3078 Et
828 3025 1028 3093 reliqua
1061 3028 1210 3092 (Luc.
1245 3042 1310 3089 tt,
1363 3015 1476 3093 29).

412 3114 737 3169 Prmclaram
794 3115 950 3184 hujus
1014 3115 1116 3169 diei
1170 3115 1510 3168 festivitatem
1578 3114 1910 3168 celebrantes

343 3189 684 3275 gratulemur
712 3220 875 3274 super
919 3205 1199 3259 beneﬁciis
1247 3206 1298 3258 in
1350 3221 1411 3259 ca
1459 3206 1613 3260 nobis
1658 3205 1910 3259 divinitus

343 3294 643 3348 concessis.
670 3292 802 3346 Nam
833 3309 1004 3361 neque
1031 3293 1221 3364 Virgo,
1245 3297 1367 3362 quae
1390 3294 1456 3348 de
1480 3304 1672 3349 sancto
1701 3295 1906 3364 Spiritu

343 3381 637 3448 concipere
664 3381 821 3450 digna
849 3381 972 3446 fuit;
1002 3396 1173 3449 neque
1198 3381 1381 3446 Filius,
1411 3399 1568 3452 quem
1601 3385 1673 3459 ita
1702 3386 1906 3454 genuit,

343 3471 672 3540 purgatione
725 3471 953 3541 indiguit
1004 3489 1016 3522 :
1067 3469 1160 3524 sed
1227 3473 1279 3524 in
1347 3487 1530 3526 eorum
1594 3475 1909 3543 purgatione

344 3568 588 3614 nostram
627 3560 994 3628 purgationem
1028 3559 1166 3612 Deus
1193 3561 1508 3627 praeparavit
1547 3576 1609 3613 ac
1662 3563 1906 3631 praefigu-

349 3648 517 3713 ravit,
547 3649 636 3718 qui
669 3647 851 3702 multis
881 3647 1131 3701 sordibus
1163 3648 1343 3701 infecti
1377 3649 1683 3703 multimoda
1716 3664 1906 3719 purga-

355 3737 502 3791 tione
531 3721 846 3805 indigemus.
881 3735 1008 3802 Qum
1039 3736 1201 3806 igitur
1228 3737 1292 3790 de
1321 3738 1544 3791 Domino
1575 3753 1713 3792 nunc
1737 3739 1906 3793 histo-

351 3827 559 3882 rialiter
586 3829 636 3881 in
678 3828 982 3897 evangelica
1021 3827 1247 3882 lectione
1294 3839 1596 3890 narrantur,
1645 3831 1709 3884 de
1756 3831 1908 3885 nobis

349 3918 708 3989 spiritualiter
729 3918 1126 3986 intelligantur:
1147 3918 1269 3986 quia
1290 3920 1332 3972 si
1357 3920 1592 3973 membra
1616 3921 1696 3976 vel
1715 3908 1908 3990 corpus

349 4011 466 4078 ejus
494 4022 699 4071 sumus,
725 4006 838 4079 ipse
864 4007 914 4061 in
942 4006 1099 4061 nobis
1125 4016 1233 4071 est;
1260 3996 1321 4060 ei
1334 4021 1454 4075 qua:
1480 4009 1544 4060 de
1572 4009 1724 4062 nobis
1753 4010 1904 4073 tium,

347 4109 402 4153 et
427 4100 495 4154 de
519 4097 607 4152 illo
629 4105 774 4152 recte
797 4096 911 4152 fieri
935 4097 1210 4151 dicuntur.
1233 4094 1367 4149 Nam
1392 4105 1446 4149 et
1467 4112 1660 4164 corpus
1682 4096 1903 4164 Christi,

347 4189 491 4259 quod
537 4195 621 4244 est
667 4187 936 4250 Ecclesia,
969 4196 1192 4242 vocatur
1237 4187 1515 4250 Christus,
1546 4188 1905 4256 Apostolodi-

348 4287 505 4332 cente
556 4293 569 4330 τ

347 4356 544 4433 multa;
610 4371 782 4423 omnia
832 4379 1003 4422 autem
1059 4369 1288 4422 membra
1341 4370 1603 4436 corporis,
1647 4385 1761 4420 cum
1800 4371 1901 4422 sint

345 4463 542 4526 multa,
574 4477 733 4514 unum
761 4477 946 4527 corpus
987 4470 1103 4513 sunt
1150 4475 1166 4510 :
1205 4460 1278 4513 ita
1308 4470 1354 4513 et
1401 4459 1634 4514 Christus
1685 4459 1732 4528 (Ι
1778 4459 1900 4512 Cor.

342 4568 456 4617 XII,
489 4555 596 4623 1‘2).
633 4551 784 4607 Unde
814 4560 960 4622 patet
984 4552 1107 4620 quia
1129 4551 1287 4606 simul
1312 4552 1546 4605 universi
1583 4551 1760 4604 fideles
1782 4568 1900 4604 cum

346 4644 526 4714 capite
554 4659 651 4697 suo
698 4651 823 4696 sunt
864 4640 1140 4704 Christus,
1171 4641 1311 4708 quod
1357 4651 1409 4694 et
1452 4656 1516 4694 ex
1566 4640 1744 4693 multis
1783 4640 1902 4692 aliis

347 4735 749 4803 Scripturarum
796 4732 926 4786 locis
968 4731 1180 4797 probari
1247 4739 1445 4799 potest.
1498 4729 1628 4784 Cum
1675 4745 1803 4798 ergo
1837 4731 1900 4783 de

343 4824 663 4892 purgatione
708 4821 904 4877 Christi
945 4820 1235 4889 loquimur,
1271 4821 1336 4873 ad
1368 4819 1508 4873 illam
1537 4820 1652 4886 ejus
1695 4829 1899 4888 partem

343 4925 465 4978 qua:
499 4912 817 4981 purgatione
840 4910 1036 4979 indiget
1061 4909 1378 4973 referamus,
1406 4910 1455 4962 id
1486 4919 1568 4962 est
1593 4909 1657 4962 ad
1685 4924 1897 4975 corpus.

346 5000 530 5069 Itaque
560 5001 640 5053 vel
689 5004 752 5054 ad
785 5016 1007 5069 corpus,
1056 4999 1138 5052 vel
1183 5000 1248 5052 ad
1284 4999 1555 5068 quodlibet
1604 4998 1898 5052 membrum

342 5087 458 5154 ejus
504 5091 722 5158 mystice
756 5089 1019 5144 referatur
1064 5090 1202 5157 quod
1248 5103 1388 5140 nunc
1440 5087 1789 5140 historialiter
1825 5087 1902 5138 'de

343 5177 518 5246 capite
549 5179 739 5248 legitur
771 5199 783 5232 ί
813 5181 933 5247 quia
967 5190 1234 5247 postquam
1266 5177 1460 5244 impleti
1491 5187 1607 5229 sunt
1654 5177 1762 5228 dies
1785 5193 1902 5244 pur-

343 5248 562 5335 gationis
591 5272 702 5337 ejus
723 5272 998 5322 secundum
1024 5270 1181 5338 legem
1211 5269 1396 5336 Moysi,
1426 5267 1649 5318 tulerunt
1677 5268 1820 5318 illum
1850 5269 1899 5318 in
1945 5329 1954 5336 ἢ

341 5358 663 5421 Jerusalem,
697 5369 749 5410 ut
774 5359 1004 5412 sisterent
1029 5376 1141 5411 eum
1169 5359 1404 5410 Domino.
1449 5356 1570 5408 Dies
1601 5357 1743 5407 enim
1779 5373 1901 5423 pur-

344 5448 571 5517 gationis
593 5448 764 5519 populi
794 5448 1025 5501 fidelium
1055 5449 1136 5502 vel
1165 5449 1435 5511 Ecclesiae,
1468 5447 1514 5499 id
1543 5457 1624 5500 est
1663 5447 1900 5513 corporis

344 5537 572 5608 Christi,
625 5540 907 5609 implentur
949 5539 1165 5608 quidem
1212 5542 1486 5608 quotidie,
1537 5539 1660 5591 dum
1735 5552 1897 5591 unus-

2013 1773 2168 1842 guine
2191 1773 2567 1842 puriﬁcationis
2595 1790 2722 1827 sum.
2759 1773 2922 1828 Omne
2943 1788 3180 1830 sanetum
3217 1795 3316 1832 non
3361 1778 3564 1850 tanget,

2016 1880 2105 1917 nec
2147 1865 2466 1933 ingredietur
2502 1866 2888 1932 sanctuarium,
2930 1867 3089 1921 donec
3125 1859 3434 1939 impleantur
3458 1873 3567 1927 dies

2011 1953 2332 2021 purgationis
2377 1954 2491 2022 ejus
2553 1953 2740 2024 (Levii.
2788 1971 2896 2020 xu,
2933 1956 3010 2026 2).
3063 1958 3127 2011 Et
3171 1975 3289 2028 que
3335 1970 3416 2015 est
3459 1961 3560 2016 ista

2013 2041 2221 2107 mulier,
2251 2044 2350 2098 nisi
2385 2044 2674 2100 electorum
2706 2045 2940 2102 Ecclesia
2961 2088 2976 2112 ,
3027 2049 3108 2104 vel
3159 2050 3582 2118 praedicatorum.

2011 2132 2271 2197 persona?
2303 2131 2424 2186 lucc
2454 2132 2600 2186 enim
2629 2145 2878 2204 suscepto
2903 2135 3052 2190 verbi
3088 2138 3178 2191 Dei
3204 2138 3408 2194 semine
3430 2140 3572 2210 parit

2008 2233 2072 2271 ex
2104 2233 2166 2272 eo
2198 2219 2517 2279 masculum.
2551 2220 2603 2274 id
2632 2231 2714 2277 cst
2739 2236 2832 2292 per
2859 2225 3286 2292 przedicationem
3315 2228 3567 2297 spiritua-

2010 2305 2131 2359 liter
2171 2307 2337 2376 gignit
2389 2306 2576 2363 fortem
2615 2319 2680 2384 et
2727 2325 2921 2365 novum
2970 2313 3218 2384 pepulum
3253 2315 3565 2373 electorum.

2014 2395 2134 2449 Dies
2164 2395 2513 2465 quadraginta
2560 2381 2890 2468 purgationis
2935 2381 3080 2468 ejus,
3132 2404 3218 2473 qui
3256 2406 3567 2462 dividuntur

2014 2485 2064 2535 in
2099 2493 2298 2552 septem
2330 2494 2383 2538 et
2416 2485 2628 2552 triginta
2658 2496 2791 2548 tres,
2823 2483 2865 2541 Si
2890 2493 3179 2558 separatim
3209 2503 3565 2561 exportantur,

2011 2583 2232 2642 possunt
2269 2574 2336 2626 ob
2375 2575 2831 2630 confirmationem
2866 2579 2945 2632 bis
2971 2579 3196 2648 idipsmn
3228 2582 3566 2652 significare,

2011 2665 2150 2734 quod
2179 2662 2445 2732 conjuncti
2497 2664 2661 2720 semel
2709 2665 3030 2737 signiﬁcant.
3077 2667 3207 2723 Nam
3254 2670 3353 2726 ista
3396 2681 3569 2730 mater

2009 2771 2129 2809 cum
2157 2769 2252 2809 sua
2279 2755 2426 2824 profe
2447 2765 2528 2808 est
2556 2756 2824 2811 immunda
2855 2767 3056 2827 septem
3080 2759 3289 2842 diebus,
3310 2763 3560 2831 quoniam

2008 2853 2190 2897 sancta
2219 2843 2476 2908 Ecclesia,
2508 2843 2589 2898 vcl
2619 2845 3018 2914 praedicandum
3047 2853 3304 2917 persona,
3334 2866 3454 2905 cum
3481 2852 3565 2906 Itis

2007 2948 2140 3002 quos
2180 2933 2232 2987 iu
2286 2931 2389 2986 fide
2441 2933 2650 3000 genuit,
2694 2949 2797 2987 non
2833 2943 2915 2989 est
2951 2936 3151 3006 absque
3190 2938 3364 3007 aliqua
3406 2941 3562 2996 sorde

1951 3011 1973 3030 ’¹
2009 3023 2211 3091 peccati
2266 3030 2374 3076 toto
2405 3033 2640 3092 tempore
2682 3025 2957 3092 praesentis
2990 3026 3110 3080 vita:
3132 3067 3146 3089 ,
3187 3029 3326 3097 qttod
3357 3039 3561 3097 septem

2011 3113 2196 3168 diebus
2232 3113 2421 3181 agitur.
2454 3112 2608 3167 Videt
2660 3114 2800 3167 enim
2855 3115 3014 3167 aliam
3044 3116 3201 3186 legem
3242 3119 3294 3171 in
3323 3119 3563 3173 membris

2011 3204 2121 3257 suis
2143 3211 2502 3271 repugnantem
2534 3202 2630 3271 legi
2663 3203 2845 3256 men'is
2886 3201 2994 3257 suae
3023 3204 3191 3275 (Rom.
3225 3222 3333 3271 vn,
3359 3209 3470 3278 23).
3500 3211 3566 3264 Et
3613 3248 3616 3251 -

2011 3293 2134 3347 inde
2162 3298 2341 3346 manet
2372 3293 2669 3357 immunda,
2691 3292 2848 3360 juxta
2896 3294 3004 3347 dies
3042 3298 3380 3363 separationis
3419 3314 3563 3352 men-

2009 3392 2212 3436 struas:
2249 3383 2372 3451 quia
2402 3383 2538 3436 sicut
2585 3391 2854 3436 menstrua
2903 3395 3182 3452 separatur
3223 3401 3250 3440 a
3303 3400 3566 3444 conventu

2010 3471 2324 3526 nmndorum
2374 3474 2424 3527 in
2472 3473 2658 3528 diebus
2699 3475 3049 3530 immunditia:
3078 3493 3216 3543 sum,
3256 3481 3335 3534 sic
3379 3491 3432 3535 et
3466 3483 3564 3536 ista

2007 3570 2284 3629 separatur
2308 3577 2335 3614 a
2372 3571 2635 3617 cenventu
2663 3564 2970 3632 angelorum
3014 3567 3064 3619 in
3107 3568 3293 3624 diebus
3323 3556 3567 3626 mortali;

2011 3652 2131 3704 tatis
2155 3665 2284 3704 suae.
2307 3650 2574 3706 Menstrua
2592 3654 2732 3706 enim
2759 3651 2929 3708 aliena
2953 3669 3112 3709 carne
3139 3673 3238 3712 non
3267 3659 3423 3729 17o
3451 3670 3567 3716 tan-

2010 3739 2182 3806 gitur,
2208 3740 2298 3792 Sed
2328 3737 2468 3792 ﬂuxu
2499 3740 2845 3795 immunditize
2866 3757 2974 3796 sua:
3006 3744 3288 3812 polluitur;
3322 3756 3374 3799 et
3399 3749 3566 3816 signi-

2012 3830 2134 3882 ticat
2170 3829 2402 3883 animam
2441 3845 2556 3899 qua:
2601 3845 2703 3884 non
2758 3843 2908 3896 actu,
2951 3834 3044 3886 sed
3084 3837 3311 3904 cogitatu
3349 3839 3566 3892 sordido

2011 3918 2238 3971 latenter
2269 3918 2594 3986 inquinatur.
2642 3919 2731 3974 Sic
2762 3931 2815 3976 et
2849 3929 3153 3976 sanctorum
3184 3924 3452 3991 Ecclesia,
3483 3927 3565 3983 vel

2008 4005 2172 4059 electa
2199 4007 2405 4072 anima,
2440 4011 2560 4062 dum
2594 4013 2645 4062 in
2676 4027 2837 4066 carne
2884 4013 3084 4080 peccati
3131 4015 3291 4078 vivit;
3321 4019 3563 4086 quamvis

2008 4110 2109 4147 non
2137 4110 2324 4163 opere,
2361 4106 2532 4151 tamen
2556 4101 2875 4166 cogitatione
2911 4104 3110 4171 peccati
3143 4105 3411 4162 multoties
3444 4123 3563 4163 sor-

2007 4187 2248 4270 didatur;
2269 4198 2322 4241 et
2347 4189 2463 4242 ideo
2487 4190 2761 4244 beatorum
2787 4193 3044 4248 societate
3059 4195 3364 4262 angelorum
3390 4198 3564 4255 adhuc

621 4275 768 4330 Sicut
813 4292 996 4343 corpus
1037 4291 1197 4330 unum
1241 4287 1312 4329 est
1342 4315 1356 4335 ,
1403 4287 1449 4329 et
1485 4278 1709 4329 ntembra
1753 4278 1900 4330 habet
1935 4293 1980 4352 ι)
2008 4277 2218 4346 indigna
2242 4277 2532 4344 judiCatur.
2577 4280 2809 4333 Octavus
2847 4290 3023 4335 autem
3063 4284 3209 4346 dies,
3243 4285 3293 4338 in
3325 4299 3428 4354 quo
3456 4287 3563 4341 cir-

2008 4369 2323 4421 cumciditur
2359 4369 2676 4435 infatuulus,
2720 4373 2832 4426 dies
2861 4383 2945 4425 est
2973 4373 3343 4442 baptismatis,
3376 4377 3427 4429 in
3456 4393 3563 4445 quo

2007 4458 2305 4529 ne0phytus
2340 4461 2564 4528 quisque
2618 4461 2847 4526 exuiturf
2883 4462 3000 4517 labe
3037 4465 3220 4532 prima:
3259 4467 3566 4536 generatio-

2006 4549 2119 4611 nis,
2176 4560 2226 4602 et
2260 4550 2553 4605 ascendens
2590 4552 2653 4604 de
2694 4551 2908 4606 lavacro
2935 4553 2991 4606 lit
3027 4555 3290 4623 particeps
3328 4571 3562 4608 resurre-

2003 4637 2194 4690 ctionis
2231 4638 2456 4702 Christi,
2490 4655 2606 4706 qua:
2637 4641 2722 4694 die
2751 4651 2939 4694 octavo
2966 4643 3214 4694 mundum
3255 4641 3558 4696 illustravit.

2002 4725 2134 4779 Nam
2162 4736 2440 4795 propterea
2469 4729 2607 4782 diem
2634 4739 2904 4791 octavum,
2931 4731 3304 4799 quopat'vulus
3327 4732 3560 4786 circum-

2002 4819 2226 4886 ciditur,
2262 4834 2364 4872 non
2404 4820 2468 4872 ad
2518 4829 2720 4889 tempus
2764 4831 2976 4874 :eterna:
3013 4824 3416 4878 resurrectionis
3443 4839 3557 4879 om-

2003 4909 2145 4962 nium
2171 4952 2183 4976 ,
2228 4911 2321 4964 sed
2347 4911 2413 4964 ad
2441 4907 2884 4965 resurrectionem
2913 4910 3107 4964 Christi
3134 4953 3148 4975 ,
3181 4912 3230 4965 id
3257 4921 3339 4966 est
3366 4913 3432 4968 ad
3464 4914 3556 4968 ba-

2002 4998 2248 5064 ptismum
2277 4996 2556 5065 cujuslibet
2583 5000 2747 5051 nostri
2782 4997 3097 5062 retulimus;
3132 5000 3256 5067 quia
3289 5000 3397 5068 ipse
3429 5015 3553 5069 par-

2003 5085 2167 5145 vulus,
2185 5093 2463 5152 postquam
2487 5093 2598 5137 erat
2622 5087 2967 5139 circumcisus
2988 5125 3003 5150 ,
3026 5102 3128 5141 non
3160 5088 3553 5156 ingrediebatur

2001 5175 2359 5227 sanctuarium
2435 5175 2535 5228 nisi
2586 5175 2812 5243 impletis
2859 5175 3047 5228 diebus
3093 5177 3306 5243 triginta
3352 5178 3548 5243 tribus;

2001 5265 2135 5317 sicut
2167 5273 2241 5316 et-
2262 5255 2623 5332 unusquisque
2669 5273 2937 5325 uestrum,
2972 5265 3093 5318 licet
3123 5265 3190 5317 sit
3217 5265 3514 5333 baptizatus
3534 5305 3549 5326 ,

2002 5370 2103 5408 non
2155 5363 2326 5407 tamen
2379 5369 2621 5422 superna:
2668 5354 3009 5408 beatitudinis
3053 5353 3300 5423 templum
3343 5355 3547 5424 ingredi

2001 5446 2154 5518 valet,
2178 5446 2275 5498 nisi
2303 5446 2524 5499 decurso
2555 5445 2891 5499 mortalitatis
2918 5445 3035 5498 vita:
3066 5447 3255 5512 spatio,
3287 5445 3424 5514 quod
3456 5461 3550 5513 per

2002 5536 2113 5590 dies
2144 5535 2354 5596 triginta
2393 5542 2501 5588 tres
2548 5535 2869 5604 designatur.
2901 5533 3224 5587 Totuscnitu
3256 5535 3339 5588 hic
3365 5551 3546 5588 nume.
