4190 6250
566 483 699 539 Cum
749 482 854 558 ﬁlio
886 484 1043 552 igitur
1083 485 1397 541 circumciso
1450 495 1630 540 manet
1670 486 1882 556 triginta
1942 485 2109 538 tribus

569 575 754 632 diebus
784 583 951 626 mater
994 574 1044 625 iu
1086 575 1344 643 sanguine
1388 576 1771 645 puriﬁcationis
1812 589 1953 639 suat;
1983 575 2107 643 quia

570 679 688 717 eum
719 665 953 733 quolibet
975 664 1144 718 electo
1165 664 1430 732 baptizata
1462 670 1641 717 saneta
1668 662 2107 727 materEeelesia,

569 753 803 821 quandiu
830 770 925 824 per
951 754 1105 809 fidem
1138 753 1369 807 ambulat
1400 761 1449 806 et
1478 768 1579 806 non
1603 768 1697 820 per
1721 753 1970 819 speciem,
2003 768 2106 807 non

491 900 494 904 λ
565 852 740 911 potest
763 857 825 897 ex
841 852 951 898 toto
980 843 1220 897 mumlari
1245 856 1273 894 a
1292 840 1543 908 sanguine
1566 839 1949 909 puriﬁcationis
1977 858 2104 907 sum,

566 934 623 989 id
652 944 735 988 est
762 951 788 988 a
811 943 1031 1002 peccato
1052 946 1156 1000 quo
1180 945 1239 984 se
1260 930 1458 998 jugiter
1483 946 1710 1000 purgare
1740 932 1943 995 studet,
1963 942 2014 985 et
2043 933 2108 985 ad

564 1022 859 1090 perfectum
890 1021 1101 1088 nequit.
1133 1018 1252 1071 dum
1284 1014 1455 1069 adhuc
1489 1019 1711 1074 mortale
1738 1034 1927 1089 corpus
1953 1021 2102 1088 gerit.

568 1109 716 1165 Unde
745 1109 1020 1163 Psalmista
1054 1127 1067 1162 :
1097 1102 1215 1162 Non
1244 1110 1615 1178 jttsti/icabitur
1651 1110 1703 1162 in
1732 1119 1998 1174 conspectu
2020 1117 2105 1159 tuo

564 1200 729 1259 annuis
753 1200 922 1251 vivens
962 1197 1199 1267 (Psalm.
1243 1212 1406 1260 cun,
1437 1198 1472 1250 ἓ
1493 1195 1533 1265 ).
1576 1197 1639 1250 Et
1669 1197 1953 1251 Salomon:
1986 1192 2128 1249 Non-

562 1299 646 1341 est-
682 1288 831 1340 homo
851 1286 1026 1356 justus
1066 1288 1120 1340 in
1174 1299 1342 1351 terra,
1369 1287 1456 1356 qui
1494 1286 1653 1353 faciat
1680 1287 1863 1337 bonum
1909 1292 1957 1337 et
2004 1300 2105 1338 non

559 1385 726 1447 peccet
754 1374 921 1446 (Eccl.
955 1391 1054 1437 vn,
1082 1375 1193 1445 21).
1226 1376 1293 1429 Et
1341 1374 1626 1445 discipulus
1660 1374 1771 1435 ille.
1797 1385 1952 1441 quem
1982 1369 2100 1427 diliv

562 1463 719 1533 gebat
745 1460 900 1518 Jesus
928 1481 939 1515 :
974 1461 1350 1518 Si"di.terlmus
1373 1464 1494 1532 quia
1531 1472 1793 1532 peccatum
1819 1478 1919 1514 non
1947 1461 2103 1515 [tabc—

562 1569 705 1615 mus,
740 1564 830 1606 nos
867 1554 1002 1621 ipsos
1039 1551 1426 1627 seducimushet
1450 1553 1635 1605 veritas
1660 1550 1712 1603 in
1736 1550 1876 1603 nobis
1904 1565 2007 1603 non
2031 1558 2104 1603 est

562 1640 614 1709 (1
635 1641 792 1696 Joan.
818 1657 860 1705 ι,
892 1643 967 1699 8i.
999 1642 1219 1697 Constat
1244 1656 1371 1712 ergo
1400 1642 1520 1711 quia
1548 1654 1731 1695 omnes
1750 1641 1920 1709 quiin
1938 1653 2113 1695 carne

477 272 481 283 ’
564 280 669 333 625
923 280 983 335 S.
1023 278 1311 335 ANSELMI
1338 279 1678 336 CANTUAR.
1719 278 2025 333 ARCllll-LP.
2057 279 2203 333 OPP.
2246 277 2419 334 PARS
2449 280 2509 333 ll.
2532 307 2601 319 --
2625 279 2981 335 PAR/ENET.
3027 283 3111 337 ET
3141 282 3379 341 ASCET.
3650 293 3751 347 πει

568 408 660 446 rus
688 406 749 445 ex
784 393 1030 445 tcrnariis
1058 400 1298 457 constat,
1335 399 1389 448 et
1428 392 1557 447 ﬁdei
1587 402 1790 462 tempus
1829 391 2109 462 signiﬁcat.
2144 398 2185 453 Α
2216 406 2310 443 sua
2345 398 2565 444 noverat
2593 389 2798 446 futuros
2829 393 2897 446 ita
2924 387 3257 463 puriﬁcaret,
3300 406 3355 451 ut
3390 399 3454 451 ad
3478 399 3612 454 hanc
3637 403 3749 470 glo-
3834 427 3843 432 ~

2210 480 2338 532 riam
2362 481 2635 548 pervenire
2659 482 2848 549 dignos
2872 481 3086 537 faceret.
3113 483 3225 551 ipse
3248 486 3412 551 enim,
3437 497 3490 541 ut
3512 497 3564 541 et
3586 503 3749 556 supra

2207 567 2403 620 dictum
2436 575 2545 632 est,
2578 576 2669 621 aut
2702 569 2863 639 Virgo
2907 570 3076 625 mater
3102 570 3248 639 ejus,
3288 576 3602 646 purgatione
3642 593 3749 633 non

2206 655 2348 722 eguit
2379 672 2393 707 :
2422 656 2545 723 quia
2581 655 2814 723 Spiritus
2845 668 3068 714 sanctus
3092 673 3207 715 eam
3234 661 3303 715 ab
3329 664 3483 718 initio
3510 664 3621 732 jam
3654 683 3752 733 pu-

2208 742 2543 807 rificaverat,
2570 755 2623 797 et
2657 745 2743 800 ille
2785 757 2891 800 tam
2934 750 3180 803 mundam
3214 750 3267 804 in
3296 751 3407 819 ejus
3437 762 3588 808 utero
3625 771 3747 809 car-

2207 846 2327 885 nem
2357 834 2455 886 sibi
2487 836 2709 899 creavit,
2733 847 2787 889 ut
2810 852 2904 904 per
2931 853 3049 899 eam
3078 840 3271 893 alliciat
3294 856 3512 896 suorum
3530 860 3749 899 carnem

2216 918 2285 970 ita
2318 921 2565 973 mundam
2598 932 2653 975 ut
2673 932 2796 977 sunt
2834 940 2936 995 ang
2957 926 3003 979 -li
3039 943 3050 977 :
3082 929 3172 980 sed
3199 936 3253 981 et
3282 929 3516 983 animam
3544 932 3616 986 ibi
3640 944 3747 985 tam

2204 1016 2441 1061 sanctam
2489 1012 2811 1079 assumpsit,
2862 1023 2917 1067 ut
2968 1031 3062 1083 per
3101 1026 3217 1069 eam
3252 1009 3751 1074 redtlet‘animalms

2204 1096 2440 1150 omnium
2477 1112 2693 1153 suorum
2739 1100 2884 1156 illam
2930 1104 3267 1159 sanctitatem
3315 1120 3433 1174 qum
3479 1114 3660 1161 ntanrt
3693 1110 3747 1162 iu

2204 1183 2425 1250 angelis.
2459 1184 2563 1239 Sed
2597 1188 2845 1254 quoniam
2878 1190 2989 1259 ipse
3026 1192 3077 1245 in
3120 1193 3229 1247 suis
3256 1204 3335 1248 est
3360 1231 3375 1258 ,
3405 1196 3542 1263 quod
3572 1197 3751 1264 agitur

2204 1269 2269 1323 de
2301 1270 2443 1337 suis,
2475 1281 2534 1325 ut
2567 1281 2623 1327 et
2665 1277 3001 1343 prmmissum
3031 1280 3144 1345 eet,
3176 1281 3370 1335 dicitur
3391 1283 3471 1353 agi
3502 1284 3571 1338 de
3604 1285 3747 1353 ipso,

2203 1359 2326 1426 quia
2361 1360 2456 1429 ipsi
2482 1373 2607 1417 sunt
2632 1378 2825 1434 corpus
2848 1365 2980 1435 ejus.
3014 1368 3088 1423 De
3115 1385 3221 1438 quo
3257 1372 3461 1427 scilicet
3522 1388 3748 1443 corpore

2204 1448 2581 1519 subjungitur:
2618 1453 2683 1507 Et
2718 1466 2769 1508 ut
2806 1457 2987 1511 darent
3035 1459 3258 1513 hostiam
3296 1465 3575 1517 secundum
3610 1465 3749 1532 quod

2162 1544 2167 1551 ’
2202 1540 2393 1593 dictum
2422 1554 2494 1596 est
2532 1546 2583 1598 in
2627 1545 2736 1615 lege
2784 1546 3022 1611 Domini,
3048 1566 3145 1618 par
3174 1560 3429 1604 turturum
3450 1592 3464 1614 ,
3494 1563 3581 1605 ant
3618 1558 3749 1607 t'ttos

2201 1628 2371 1697 pullos
2395 1631 2771 1689 columbarum.
2794 1635 2929 1689 Nam
2952 1637 3177 1691 tulerunt
3202 1639 3346 1693 illum
3364 1643 3743 1705 inJerusalcm,

559 1732 764 1799 peccati
791 1732 994 1797 vivunt,
1023 1731 1226 1800 peccati
1248 1732 1456 1785 sordem
1482 1731 1549 1785 ad
1567 1744 1758 1798 purum
1780 1742 1975 1785 eXuere
1996 1744 2101 1784 non

2144 1701 2177 1759 Β
2203 1728 2259 1771 et
2305 1716 2537 1776 sisterent
2568 1739 2683 1777 eum
2722 1724 2973 1790 Domino,
3017 1727 3153 1781 sicut
3196 1730 3571 1795 disseruimus;
3610 1744 3657 1785 et
3691 1746 3745 1785 ut

557 1828 796 1890 possunt.
833 1819 982 1879 Uhdc
1025 1821 1198 1874 adluc
1234 1821 1300 1875 de
1340 1820 1576 1875 Ecclesia
1622 1831 1789 1875 matre
1817 1822 2103 1877 subditur:

557 1909 679 1978 quia
716 1925 864 1962 omne
901 1918 1133 1963 sanctam
1160 1926 1260 1965 non
1290 1921 1506 1981 tanget;
1543 1911 1665 1963 illud
1705 1911 1951 1965 videlicet
1985 1925 2107 1979 ρον-

556 1998 858 2065 lectissima:
880 1998 1125 2066 puritatis
1144 2040 1158 2065 ,
1199 1999 1337 2067 quod
1358 1999 1555 2052 habent
1583 1999 1784 2065 angeli;
1818 2013 1907 2051 nec
1932 2001 2103 2067 ingre-

512 2097 518 2105 ‘
556 2085 726 2139 dietur
750 2088 1128 2151 sanctuarium,
1157 2088 1471 2142 subauditur
1495 2088 1681 2156 patria:
1707 2087 1940 2150 ccclestis
1964 2128 1980 2151 ,
2017 2088 2106 2139 do-

557 2192 647 2229 nec
689 2174 998 2242 impleantur
1024 2177 1132 2229 dies
1170 2177 1488 2243 purgationis
1512 2177 1623 2244 ejus
1650 2175 1836 2244 (Leuit.
1868 2191 1940 2229 xu
1968 2215 1982 2239 ,
2011 2175 2100 2240 4),

558 2264 610 2317 id
640 2274 720 2318 cst
742 2264 910 2318 donec
938 2273 1205 2333 peractum
1245 2266 1314 2339 sit
1349 2266 1396 2319 ei
1437 2276 1644 2337 tempus
1668 2267 1792 2322 vita:
1828 2266 2099 2330 mortalis,

556 2355 609 2408 in
645 2370 749 2423 quo
782 2364 1035 2424 purgatur
1059 2355 1299 2419 assidue,
1342 2356 1434 2409 sed
1480 2354 1858 2424 perfectionem
1902 2371 2099 2426 purga-

556 2443 715 2497 tionis
766 2442 816 2495 in
864 2458 930 2496 eo
980 2459 1081 2498 non
1136 2445 1457 2513 assequitur.
1499 2444 1671 2503 Tanta
1706 2445 1898 2513 quipp‘,
1938 2454 2099 2498 estet

558 2543 663 2585 tam
697 2546 1048 2599 perseverans
1085 2518 1414 2599 inquinatio,
1454 2549 1614 2601 quam
1660 2532 1963 2587 immundus
1994 2533 2102 2601 spi-

556 2621 691 2675 ritus
729 2622 959 2674 humano
988 2622 1166 2690 generi
1204 2636 1299 2691 per
1337 2622 1498 2677 Evam
1551 2622 1773 2685 infudit,
1808 2633 1863 2675 ut
1896 2637 1958 2674 ex
1991 2631 2100 2675 toto

548 2707 775 2777 purgari
808 2719 1057 2776 nequeat,
1089 2708 1188 2762 nisi
1225 2723 1345 2763 cum
1378 2710 1501 2764 vitae
1541 2710 1781 2763 mortalis
1806 2719 1895 2762 aut
1922 2710 2098 2763 szrculi

556 2798 818 2849 terminus
853 2796 1143 2850 advenerit.
1196 2798 1298 2852 Sed
1339 2798 1472 2852 sicut
1526 2811 1619 2866 per
1653 2797 1811 2849 Evam
1847 2798 1990 2848 vruit
2017 2797 2100 2847 in-

555 2885 834 2952 quinatio,
880 2886 958 2940 sic
1010 2902 1105 2956 per
1167 2888 1385 2940 Mariam
1438 2885 1723 2939 revertitur
1768 2885 2093 2937 emnndatlo.

553 2969 702 3025 Tunc
746 2983 921 3027 autem
948 2975 1050 3027 erit
1082 2974 1408 3044 purgationis
1446 2984 1498 3027 et
1542 2973 1935 3026 emendationis
1980 2987 2099 3039 per-
2126 3011 2166 3066 ϐ

554 3060 750 3125 lectio,
798 3077 919 3116 cum
964 3063 1092 3133 justi
1164 3064 1215 3118 in
1270 3063 1661 3117 resurrectione
1713 3060 2147 3129 triumphantcs',

556 3152 816 3208 dixerint:
834 3151 927 3206 Ubi
952 3164 1047 3219 est,
1070 3172 1230 3215 mors,
1249 3154 1500 3207 contentio
1520 3160 1608 3204 tua
1628 3154 1651 3203 2
1675 3151 1964 3215 Ubi,mors,
1981 3168 2103 3204 acu-

516 3224 519 3229 .
556 3241 667 3296 lett:
699 3243 855 3296 tuus?
876 3244 1094 3296 Aculens
1116 3243 1246 3295 enim
1273 3242 1485 3303 mortis,
1516 3250 1779 3309 peccatum
1807 3250 1880 3293 est
1905 3241 1951 3306 (·1
1980 3240 2101 3293 Cor.

556 3345 657 3392 xv,
698 3329 795 3392 55,
839 3330 949 3395 56).
990 3330 1206 3382 Talibus
1250 3330 1431 3402 itaque
1478 3328 1649 3382 modis
1684 3324 1966 3395 implentur
1992 3323 2102 3379 dies

556 3418 878 3488 purgationis
902 3418 1075 3486 populi
1115 3417 1204 3471 Dei
1224 3456 1239 3481 ,
1266 3420 1554 3471 secundum
1587 3415 1745 3484 legem
1775 3413 1960 3482 Moysi.
1993 3412 2100 3467 Sed

557 3520 679 3560 cum
708 3506 815 3556 dies
850 3505 1167 3572 purgationis
1205 3504 1282 3559 sie
1331 3503 1525 3569 impleti
1574 3500 1810 3562 fuerint,
1858 3498 2101 3551 deferent

557 3608 678 3647 eum
712 3592 879 3661 angeli
909 3593 963 3646 in
1000 3607 1281 3659 supernam
1309 3590 1639 3656 Jerusalem,
1670 3598 1727 3641 ιιι
1757 3587 1952 3641 sistant
1976 3602 2098 3641 eum

561 3682 809 3747 Domino,
857 3696 1167 3734 mansurum
1207 3680 1276 3734 ibi
1332 3681 1638 3748 perenniter
1680 3692 1858 3731 coram
1909 3690 1992 3729 eo.
2034 3676 2130 3736 Et,

556 3773 653 3825 hoc
688 3770 804 3835 ﬁet;
843 3772 1086 3837 scriptum
1134 3780 1206 3822 est
1241 3770 1295 3821 in
1338 3768 1443 3834 lege
1496 3765 1699 3818 Domini
1742 3780 1758 3814 :
1793 3769 1917 3835 quia
1954 3779 2100 3817 omne

555 3859 895 3911 masculinum
951 3857 1252 3923 adaperiens
1306 3854 1535 3913 vulvam,
1593 3864 1827 3906 sanctum
1880 3854 2099 3906 Domino

554 3946 834 3999 vocabitur.
876 3945 1085 3996 Scimus
1115 3943 1255 3994 enim
1310 3941 1431 4006 quia
1482 3941 1565 3993 lex
1611 3940 1869 4008 spiritalis
1908 3950 2100 4005 θευοι

557 4035 867 4105 spiritaliter
916 4035 1130 4101 loquens
1164 4031 1451 4101 spiritalem
1475 4029 1683 4084 vulvam
1714 4032 1979 4099 signiﬁcat
2002 4073 2015 4094 ,
2046 4043 2100 4088 et

555 4124 846 4193 spiritalem
902 4121 1216 4175 masculum.
1282 4119 1377 4173 llic
1426 4132 1653 4187 namque
1703 4121 1970 4174 masculus
2019 4132 2099 4176 est

552 4214 705 4268 fortis
742 4228 805 4265 ac
840 4225 1005 4266 novus
1042 4209 1329 4263 electorum
1369 4207 1795 4262 Christianorum
1840 4212 2093 4278 populus',

550 4304 633 4359 vel
665 4302 1024 4370 unusquisque
1059 4314 1261 4351 eorum.
1308 4298 1373 4350 Et
1422 4296 1671 4364 quoniam
1706 4298 1940 4352 Ecclesia
1966 4341 1985 4361 ,
2014 4316 2096 4353 se-

550 4391 780 4445 cundum
826 4388 1013 4439 Isaiam
1064 4385 1197 4452 (cap.
1241 4385 1379 4451 ων),
1412 4383 1499 4437 ditt
1528 4384 1727 4439 sterilis
1750 4386 1953 4451 fuerat;
1996 4389 2097 4442 iste

552 4476 774 4545 populus
813 4490 873 4528 ex
930 4490 988 4527 ca
1028 4471 1334 4540 spiritaliter
1365 4487 1616 4536 nascens,
1652 4476 1859 4543 aperuit
1887 4478 2093 4531 vulvam

549 4568 695 4635 ejus,
742 4566 791 4617 id
831 4574 912 4617 est
959 4562 1186 4631 genitale
1216 4571 1480 4616 secretum
1517 4562 1721 4630 ipsius:
1749 4564 1889 4618 unde
1936 4582 2097 4621 nemo

549 4658 726 4711 taliter
753 4665 909 4709 antea
944 4664 1095 4706 natus
1127 4653 1317 4707 fuerat.
1356 4653 1517 4705 Omne
1537 4650 1661 4707 vero
1691 4655 1956 4723 signiﬁcat
1984 4658 2097 4709 nui-

548 4749 853 4801 versitatcm
891 4764 901 4797 :
933 4745 1071 4813 quod
1118 4745 1201 4798 hic
1252 4744 1499 4811 ponitur.
1547 4730 1667 4797 eum
1701 4746 1899 4800 dicitur
1949 4764 2095 4800 omne

548 4841 922 4895 "insana/inm,-
967 4835 1086 4901 quia
1142 4833 1362 4900 populus
1410 4833 1513 4887 iste
1552 4834 1843 4889 catholicus
1888 4846 1988 4897 est,
2040 4847 2093 4889 et

549 4937 736 4976 names
772 4925 966 4975 etc-etas
1016 4923 1064 4973 in
1109 4938 1164 4975 se
1211 4916 1464 4976 continet.
1507 4922 1603 4977 llic
1641 4937 1767 4993 ergo
1802 4926 2091 4991 spiritalem

550 5009 798 5063 licclesite
834 5008 1061 5073 rulvam,
1092 5010 1228 5063 sicut
1268 5011 1526 5073 diximus,
1560 5013 1803 5079 aperiens
1835 5014 2096 5067 vocabitur

552 5109 765 5150 sanctus
816 5096 1032 5148 Domino
1053 5137 1066 5158 ,
1109 5099 1157 5149 id
1196 5109 1275 5151 est
1303 5099 1617 5152 vocabulum
1648 5111 1700 5153 et
1736 5101 1941 5154 laudem
1972 5117 2093 5154 san-

551 5186 750 5239 ctitatis
793 5186 841 5237 in
877 5200 1038 5253 ri-gno
1072 5198 1308 5253 supernae
1338 5186 1681 5241 beatitudinis
1715 5170 2005 5249 ohtinchit;
2038 5198 2095 5240 ut

554 5276 604 5325 in
633 5275 772 5326 omni
794 5274 1077 5327 sanctitate
1102 5273 1520 5341 lteatismquatus
1550 5276 1767 5344 angelis,
1792 5278 2093 5343 perenniter

556 5363 770 5415 assistat
814 5363 1115 5429 conspectui
1143 5362 1321 5430 gloria:
1359 5364 1648 5419 Creatoris.
1674 5366 1761 5417 ‘Et
1793 5366 1915 5420 ideo
1942 5365 2087 5418 Chri«

558 5460 669 5503 stus
695 5450 975 5515 Dominus,
999 5464 1050 5505 et
1091 5453 1420 5505 sanctissima
1454 5455 1617 5522 ipsius
1646 5455 1867 5522 genitrix
1903 5470 2092 5521 purga-

562 5539 755 5591 tionem
805 5541 932 5609 legis
979 5542 1305 5603 observavit,
1360 5549 1416 5592 ut
1464 5557 1648 5595 omnes
1677 5558 1809 5609 quos
1855 5542 2088 5595 membra

2202 1808 2382 1862 darent
2406 1811 2627 1865 hostiam
2665 1828 2762 1882 pro
2804 1828 2905 1879 eo,
2932 1815 3087 1883 insta
3129 1817 3178 1870 id
3209 1818 3345 1887 quod
3371 1819 3565 1873 dictant
3591 1833 3663 1874 est
3691 1822 3747 1874 in

2202 1897 2309 1967 lege
2336 1898 2564 1965 Dontini,
2591 1918 2689 1973 par
2716 1912 2998 1971 turturum,
3031 1905 3082 1959 id
3104 1914 3207 1970 est,
3230 1922 3412 1975 parem
3443 1910 3749 1965 castitatem

2202 1990 2441 2058 corporis
2468 2004 2521 2046 et
2546 1993 2735 2047 anima:
2755 1994 2870 2063 ejus
2893 2036 2907 2058 ,
2934 2006 3022 2049 aut
3044 1997 3176 2051 duos
3202 1998 3368 2065 pullos
3393 1998 3747 2071 columbarum

2199 2078 2386 2148 (Lavit.
2421 2096 2516 2145 xu,
2547 2082 2636 2151 8),
2673 2082 2723 2136 id
2754 2091 2836 2138 est
2864 2086 3043 2139 carnis
3078 2095 3133 2140 et
3169 2087 3345 2141 cordis
3381 2085 3495 2152 ejus
3541 2090 3753 2156 patien-

2202 2168 2352 2222 tiam.
2382 2169 2583 2223 Turtur
2620 2173 2761 2225 enim
2810 2174 3105 2228 castissima
3147 2176 3262 2230 avis
3304 2183 3417 2240 est,
3446 2186 3500 2231 et
3532 2178 3748 2233 vironc

2200 2268 2410 2313 mortuo
2438 2261 2584 2314 socio
2633 2261 3051 2317 indissolubilem
3089 2263 3241 2319 ﬁdem
3273 2280 3633 2320 conservans:
3658 2282 3748 2322 co-

2202 2345 2379 2400 lumba
2404 2363 2531 2404 vero
2566 2347 2687 2405 felle
2713 2358 2767 2403 et
2798 2352 3151 2406 amaritudine
3196 2362 3361 2407 caret.
3393 2353 3618 2424 Ideoque
3653 2371 3752 2425 par

2205 2444 2469 2492 turturum
2494 2439 2736 2510 designat
2761 2441 3063 2494 caStitatom
3088 2440 3357 2515 interioris
3388 2454 3440 2498 et
3466 2446 3748 2499 exterioris

2198 2523 2467 2590 hominis;
2499 2540 2562 2581 ac
2586 2527 2688 2580 dno
2717 2526 3066 2580 columbarum
3091 2520 3240 2597 pulli,
3264 2530 3573 2598 patientiam
3597 2531 3749 2587 fortis

2199 2622 2462 2667 ostensam
2490 2622 2544 2668 et
2583 2615 2724 2668 intus
2756 2613 2805 2667 in
2848 2624 3024 2669 mente
3058 2625 3342 2670 servatam.
3384 2617 3619 2673 Oderunt
3652 2621 3749 2689 igi-

2201 2707 2286 2754 tur
2312 2701 2481 2771 angeli
2524 2704 2742 2755 hostium
2786 2705 3063 2757 secundum
3094 2704 3293 2774 legem,
3326 2707 3374 2760 id
3399 2716 3481 2760 est
3513 2725 3610 2775 par
3631 2720 3747 2761 Iur-

2200 2800 2403 2854 tttrtun,
2435 2791 2517 2845 vel
2544 2793 2673 2844 duos
2700 2792 2868 2867 pullos
2897 2793 3279 2856 columbarum,
3313 2810 3410 2863 pro
3436 2807 3746 2850 sanctorum

2200 2878 2391 2947 populo
2409 2918 2422 2941 ,
2448 2879 2528 2931 rei
2547 2895 2644 2949 pro
2668 2879 2901 2947 quolibet
2928 2881 3116 2945 electo,
3138 2896 3293 2950 quem
3322 2881 3572 2936 exhibent
3598 2884 3706 2937 Deo
3728 2925 3745 2946 ,

2199 2980 2315 3017 cum
2346 2967 2535 3020 merita
2581 2967 2838 3020 castitatis
2864 2966 2979 3034 ejus
3019 2980 3178 3036 quam
3220 2982 3443 3038 corpore
3487 2980 3541 3024 et
3585 2975 3747 3025 corde

2201 3055 2430 3108 servavit
2450 3095 2464 3119 ,
2493 3066 2581 3107 aut
2602 3055 2868 3123 patientia:
2912 3072 3070 3123 quam
3106 3058 3249 3112 intus
3274 3068 3326 3111 et
3358 3058 3486 3113 iuris
3513 3062 3744 3113 custodi.

2200 3146 2277 3197 vit
2300 3184 2313 3206 ,
2344 3140 2723 3214 repraesentant
2767 3146 3006 3199 Domino.
3052 3147 3282 3202 Castitas
3308 3163 3434 3202 vero
3482 3151 3649 3219 magis
3678 3153 3746 3203 a.l

2203 3233 2562 3298 confessurus,
2595 3243 2650 3288 et
2691 3234 2944 3303 patientia
2985 3235 3103 3303 plus
3143 3237 3412 3304 pertinere
3442 3238 3748 3292 videtur‘ad

2201 3332 2483 3393 martyres.
2524 3323 2586 3376 Et
2609 3324 2731 3391 quia
2771 3323 2943 3379 nullus
2984 3314 3271 3382 electorum
3313 3336 3425 3390 est,
3454 3328 3654 3395 quiant
3690 3329 3745 3381 in

2200 3402 2782 3469 ordine'eoul‘essorum
2805 3450 2820 3478 ,
2861 3422 2952 3468 aut
3002 3414 3056 3467 in
3082 3416 3268 3468 ordine
3306 3424 3597 3484 martyrum
3636 3432 3744 3469 non

2198 3507 2551 3567 computetur,
2602 3502 2721 3557 ideo
2750 3503 2815 3556 ad
2846 3503 3070 3557 hostiam
3100 3503 3278 3572 populi
3316 3503 3406 3557 Dei
3437 3504 3625 3558 antiit-it
3646 3522 3747 3573 par

2199 3591 2495 3651 turturum,
2546 3597 2638 3642 aut
2685 3592 2788 3643 duo
2835 3590 2958 3658 pulli
3008 3590 3391 3644 columbarum.
3430 3588 3533 3644 Per
3572 3591 3745 3658 pul'os

2196 3676 2335 3729 enim
2386 3677 2734 3730 columbarum
2780 3680 2952 3745 potius
2989 3691 3146 3747 quam
3198 3694 3293 3746 per
3336 3680 3603 3734 columbas
3644 3682 3744 3734 hoc

2198 3762 2313 3816 loco
2357 3765 2608 3832 patientia
2663 3766 3005 3836 designatur,
3051 3767 3174 3835 quia
3227 3768 3315 3835 qui
3356 3769 3493 3821 sicut
3534 3779 3745 3835 oportet

2200 3852 2507 3919 patientiam
2550 3855 2878 3925 custodiunt"
2914 3857 2967 3909 hi
3001 3857 3134 3924 apud
3164 3870 3223 3910 se
3261 3858 3459 3926 parvuli
3486 3867 3537 3912 et
3576 3860 3740 3913 inﬁmi

2198 3949 2350 4004 sunt,
2393 3950 2447 3995 et
2490 3943 2714 4011 majores
2746 3945 2999 3998 imitando
3026 3944 3221 4015 iugiter
3255 3956 3521 4000 crescunt.
3549 3948 3742 4001 Totum

2197 4043 2325 4097 ergo
2367 4030 2523 4082 simul
2568 4032 2816 4100 populuut
2859 4036 3145 4089 electorum
3194 4035 3451 4103 completa
3504 4038 3742 4102 generali

2197 4122 2581 4175 resurrectione
2600 4124 2838 4177 deferent
2860 4124 3028 4193 angeli
3054 4126 3341 4194 gaudentes
3371 4126 3422 4179 in
3451 4140 3741 4195 supernam

2194 4207 2514 4271 Jerusalem,
2549 4226 2669 4263 cum
2694 4211 2879 4266 hostiis
2906 4213 3160 4266 bonorum
3185 4227 3435 4282 operum,
3468 4223 3524 4268 ιιι
3549 4215 3695 4269 sista;
3721 4223 3745 4272 t

2126 4308 2172 4365 ι)
2198 4312 2314 4349 cum
2355 4297 2612 4362 Domino;
2658 4309 2710 4353 et
2754 4300 2821 4353 ab
2868 4303 3177 4357 ascensione
3228 4303 3595 4373 Redemptoris
3630 4320 3740 4359 non

2196 4398 2533 4441 cessaverunt
2566 4403 2684 4441 eum
2718 4388 2768 4441 in
2796 4391 3011 4458 singulis
3035 4430 3049 4454 ,
3085 4392 3167 4445 cui
3212 4392 3466 4461 migrant,
3498 4384 3744 4448 illuc'de—

2196 4473 2358 4539 ferre,
2386 4475 2593 4543 quando
2626 4477 2819 4544 impleti
2839 4487 2955 4530 sunt
2986 4480 3092 4531 dies
3115 4482 3431 4548 purgationis
3458 4480 3740 4550 cujusque.

2263 4560 2328 4613 Et
2350 4578 2463 4615 ecce
2486 4563 2634 4615 Itomo
2656 4574 2763 4616 erat
2792 4565 2845 4615 in
2863 4562 3172 4627 Jerusalem,
3199 4566 3281 4617 cui
3303 4582 3484 4619 nomen
3506 4566 3743 4623 Simeon.

2195 4650 2259 4703 Et
2287 4652 2436 4705 homo
2457 4654 2550 4715 iste
2568 4654 2743 4719 justus
2766 4663 2812 4705 et
2842 4654 3111 4706 timoratus
3130 4692 3146 4717 ,
3181 4656 3473 4720 exspectans
3503 4656 3743 4710 consola-

2194 4742 2379 4793 tionem
2405 4740 2607 4805 lsrael;
2636 4752 2682 4793 et
2717 4741 2938 4808 Spiritus
2973 4752 3179 4796 sanctus
3215 4754 3323 4795 erat
3354 4743 3405 4793 in
3440 4759 3517 4795 eo.
3565 4744 3629 4796 Et
3658 4763 3744 4798 re-

2194 4845 2433 4896 sponsum
2462 4841 2723 4893 acceperat
2754 4848 2785 4883 a
2824 4831 3020 4896 Spiritu
3068 4842 3246 4884 sancto
3290 4851 3389 4887 non
3429 4839 3650 4887 visurum
3690 4856 3748 4892 se

2194 4928 2425 4979 mortem,
2458 4918 2556 4969 nisi
2576 4918 2719 4984 prius
2748 4919 2933 4970 videret
2972 4919 3231 4973 (litt‘istttm
3263 4918 3486 4977 Domini.
3518 4920 3582 4975 Et
3608 4941 3700 4976 ren
3726 4938 3745 4979 t

2193 5006 2245 5057 in
2271 5007 2450 5072 spiritu
2478 5007 2530 5058 in
2553 5007 2813 5073 templum.
2844 5006 3011 5061 Homo
3041 5010 3133 5061 iste
3161 5022 3403 5064 sanctum
3435 5012 3746 5068 Israelitica)

2194 5096 2364 5163 gentis
2388 5096 2634 5164 populum
2661 5097 2923 5167 designat,
2946 5099 3032 5167 qui
3060 5100 3341 5153 adtrenutm
3373 5101 3745 5166 Redemptoris

2195 5184 2391 5235 diutius
2419 5186 2746 5251 exSpectavit
2774 5196 2827 5239 et
2857 5188 2922 5240 ab
2948 5202 3009 5239 co
3033 5188 3097 5239 tle
3126 5188 3352 5241 miseriis
3375 5190 3543 5243 exsilii
3577 5192 3742 5258 hujus

2196 5271 2407 5325 liberari
2436 5275 2683 5341 speravit.
2716 5274 2864 5329 Unde
2892 5284 2945 5329 et
2981 5276 3187 5344 Simeon
3220 5288 3457 5340 vocatur,
3493 5270 3742 5346 quodest

2194 5362 2405 5415 audiens
2446 5364 2749 5415 tristitiam:
2785 5364 2905 5431 quia
2953 5364 3171 5432 popqus
3224 5366 3307 5418 ille
3359 5367 3523 5420 ﬁdelis
3565 5366 3659 5419 tris
3689 5367 3739 5417 i-

2197 5451 2319 5501 tiam
2365 5451 2687 5517 expulsionis
2733 5467 2838 5503 sua:
2889 5452 2952 5503 de
3002 5454 3275 5519 paradiso,
3329 5464 3381 5505 ct
3432 5453 3741 5507 omissionis

2194 5542 2515 5593 mtcrnalium
2545 5542 2799 5594 honorum
2839 5557 2929 5608 per
2958 5541 3257 5609 Stripturas
3291 5542 3469 5593 audire
3504 5556 3735 5597 censue.
