4190 6256
408 337 510 389 623i
1472 329 1766 382 ιιοιιιωιις
1802 330 1884 383 ΕΤ
1926 328 2059 383 EX“

1926 328 2511 383 ΕΧιιοιιιιγιιοκιςδ.
2606 330 2614 343 ’
3467 333 3569 383 ϋῖὲϋ

405 454 579 508 verat;
634 446 856 512 ideoque
904 458 1061 510 super
1111 443 1192 493 bis
1242 440 1637 493 consolationem
1691 442 1944 494 divinitus
1975 447 2017 499 Α
2043 450 2145 502 est,
2173 440 2464 507 intelligere
2487 440 2737 492 debemus
2767 441 2815 491 in
2844 455 2978 492 novo
2998 439 3326 507 credentium
3357 438 3570 504 populo.

404 539 499 591 sibi
553 547 827 589 venturam
879 533 1240 599 exspectabat.
1283 532 1396 583 Alia
1447 533 1809 599 ittletpretatio
1858 532 1943 582 Si-
2046 526 2293 594 quoniam
2338 525 2572 579 Ecclesia
2619 536 2697 577 est
2727 541 2917 594 Corpus
2955 525 3087 592 ejus,
3120 534 3171 581 et
3198 540 3383 580 omnes
3412 526 3613 577 sancti'

406 548 499 591 sibi
553 548 827 589 venturam
879 548 1240 586 cxsmt'tzttntl.
1283 548 1396 583 Atta
1447 548 1809 599 tttletpt‘etatlo
1858 548 1943 582 δι·
2046 548 2293 594 quoniam
2338 548 2572 579 Leucata
2619 548 2697 577 cst
2727 548 2917 594 corpus
2955 548 3087 592 ejus,
3120 548 3171 581 et
3198 548 3383 580 uniues
3412 548 3581 577 sal-cu

406 627 603 679 meonis
653 599 771 683 est,
825 548 1116 681 munditia,
1165 619 1286 684 quia
1336 619 1557 686 populus
1606 618 1942 671 llebrzcoium
2046 615 2279 669 membra
2325 614 2489 682 ipsius
2532 630 2544 666 :
2592 614 2812 683 ideoque
2858 618 2995 682 quod
3026 616 3288 684 tle‘oapite
3316 623 3581 675 narratur,

404 713 653 766 exaudire
695 710 902 762 solebat
954 709 1118 760 Deum
1146 707 1464 773 ,jubentem,
1525 716 1588 759 ιιι
1643 707 1779 760 Deus
1824 722 1943 760 cum
2044 704 2111 757 dc
2138 717 2359 771 corpore
2397 703 2474 756 vel
2524 704 2775 756 membris
2820 718 2959 755 nunc
2993 703 3330 771 intelligatur.
3366 705 3444 757 Ad
3484 704 3585 756 boc

402 802 681 869 exaudiret
709 808 947 851 ()l':tl)lt‘|ll
974 815 986 849 :
1021 814 1121 849 non
1153 797 1291 849 eiiim
1321 805 1401 849 est
1438 811 1575 849 nunc
1619 810 1794 849 sermo
1846 796 1944 848 nisi
2045 793 2185 844 enim
2212 802 2415 860 spectat»
2468 801 2521 845 ct
2544 793 2681 858 quod
2711 793 2819 859 ipse
2844 791 3173 844 dicturusest
3201 792 3381 855 :Quod
3410 794 3495 845 uni
3522 809 3585 844 ea:

404 898 467 945 de
497 889 661 943 electa
696 899 844 954 pane
866 886 997 955 ejus.
1029 885 1252 953 Propter
1294 886 1432 952 quod
1467 895 1520 938 et
1550 884 1706 937 homo
1733 882 1943 951 dicitur,

401 980 527 1047 quia
563 976 637 1030 uti
672 975 879 1030 ratione
926 984 1144 1028 noverat
1188 976 1239 1027 in
1282 974 1583 1041 cognitione
1618 972 1943 1035 divinorum,

405 1069 539 1120 etin
574 1066 926 1133 exquisitione
971 1065 1232 1119 cv.isionis
1279 1065 1433 1131 hujus
1474 1064 1717 1118 miseriae.
1768 1064 1831 1115 Et
1866 1064 1948 1117 hic

406 1164 515 1205 erat
545 1154 598 1206 in
632 1151 921 1205 Jerusalem
945 1194 959 1219 ,
988 1154 1088 1217 ltoc
1121 1161 1204 1205 est
1236 1153 1287 1205 in
1314 1153 1529 1206 civitate
1572 1152 1744 1219 magni
1777 1152 1945 1219 regis,

409 1259 683 1313 perquam
722 1244 904 1312 jurare
933 1226 1308 1310 prcliibemus;
1340 1242 1390 1294 in
1415 1241 1628 1295 civitate
1652 1241 1760 1294 Dei
1786 1280 1800 1305 ,
1833 1257 1950 1309 qua:

411 1341 491 1383 est
525 1331 777 1385 Ecclt-s'a.
828 1330 1118 1383 Jerusalem
1166 1331 1304 1384 enim
1353 1338 1413 1383 et
1452 1344 1693 1397 superna:
1727 1328 1950 1383 beatitu~

409 1420 549 1473 diuis
576 1434 825 1488 regnum,
856 1427 913 1470 ut
939 1433 1101 1486 supra
1124 1417 1382 1481 diximus,
1425 1416 1689 1485 signiﬁcat
1709 1455 1725 1481 ,
1755 1427 1808 1471 et
1850 1418 1946 1471 Ec-

410 1509 625 1565 clesium
690 1508 953 1581 justorum
1023 1508 1194 1561 adhuc
1269 1509 1320 1561 in
1389 1508 1543 1562 terris
1609 1508 1942 1577 peregrinan-

411 1600 564 1651 tium.
616 1598 669 1653 in
725 1599 822 1651 hac
872 1611 998 1667 ergo
1023 1596 1341 1661 Jerusalem,
1388 1599 1484 1651 hoc
1517 1598 1687 1653 estin
1730 1612 1950 1654 numero

415 1688 567 1757 171
617 1687 870 1752 iidelium,
922 1695 1038 1741 erat
1070 1685 1271 1754 jamdiu
1317 1687 1538 1756 pupulas
1586 1687 1948 1750 llebrzeorum,

410 1752 625 1843 quau—do
674 1789 804 1842 puer
848 1775 915 1829 ad
961 1752 1211 1843 templum
1263 1752 1603 1843 portabatur;
1659 1777 1758 1829 hoc
1798 1777 1952 1829 estin
1988 1752 2024 1807 Β

410 1864 644 1918 exordiis
671 1862 971 1929 apostolica:
1000 1863 1403 1932 praedicationis,
1433 1864 1661 1943 quajulo,
1690 1878 1783 1931 per
1804 1863 1954 1917 Cliri-

410 1962 555 2007 stum
588 1951 850 2019 patefacto
870 1952 1124 2006 caelorum
1153 1954 1413 2019 ingressu,
1443 1953 1957 2013 novellttsCliristia-

412 2048 603 2095 norum
636 2040 855 2109 populus
907 2039 961 2093 in
1008 2040 1141 2103 suis,
1169 2042 1260 2109 qui
1303 2042 1367 2094 de
1411 2043 1512 2123 ltpc
1547 2041 1739 2096 sacculo
1771 2042 1958 2122 migra-

411 2130 565 2191 bant,
588 2126 1047 2194 deferebaturjam
1078 2126 1202 2180 illuc
1230 2142 1324 2195 per
1348 2113 1577 2197 angelos.
1607 2128 1739 2183 Nam
1762 2113 1959 2185 eiectus

412 2214 504 2268 ill:
546 2214 880 2268 Hebraeorum
919 2214 1139 2283 populus
1167 2216 1347 2268 tandiu
1377 2219 1755 2284 perseveravit,
1793 2220 1958 2273 donec

411 2305 584 2373 gratia
626 2302 753 2356 Novi
783 2303 1104 2357 Testamenti
1149 2320 1241 2372 per
1287 2321 1452 2359 novos
1480 2307 1724 2361 doctores
1766 2309 1958 2376 ubique

412 2391 690 2460 prteilicari
745 2392 1013 2458 cuzpisset,
1063 2402 1117 2445 ct
1166 2394 1313 2445 multi
1363 2394 1686 2446 credentium
1737 2397 1957 2462 patriam

413 2489 631 2533 aeterna:
662 2479 929 2533 felicitatis
968 2469 1189 2533 transitu
1221 2481 1375 2534 beato
1408 2483 1688 2536 intrarent.
1725 2483 1786 2535 Et
1812 2484 1960 2536 homo

410 2568 535 2631 iste,
566 2584 658 2635 per
684 2582 838 2636 quem
885 2568 1103 2635 mystice
1131 2568 1353 2637 populus
1384 2568 1469 2623 ille
1512 2571 1728 2623 sanctus
1764 2568 1963 2645 intelli-

412 2661 581 2728 gitur,
601 2662 776 2728 justus
801 2668 945 2726 erat;
993 2661 1116 2728 quia
1145 2662 1281 2714 idem
1311 2662 1536 2730 populus
1569 2664 1675 2716 Deo
1700 2664 1960 2727 serviens,

411 2762 539 2816 qua:
581 2747 675 2815 Dei
696 2755 848 2800 erant
875 2747 979 2801 Deo
1022 2749 1289 2802 reddebat.
1318 2748 1527 2803 Iustitia
1553 2751 1693 2803 enim
1723 2753 1812 2805 dat
1842 2753 1961 2804 uni-

413 2833 613 2901 cuique
638 2834 774 2901 quod
820 2848 971 2887 suum
1021 2844 1131 2901 cst;
1161 2842 1215 2887 et
1247 2836 1337 2888 Dei
1378 2845 1459 2889 est
1486 2838 1713 2891 humana
1754 2846 1958 2901 natura,

416 2928 483 2972 ut
502 2919 613 2987 ejus
644 2918 897 2973 voluntati
929 2920 1220 2984 deserviat;
1247 2923 1468 2990 ideoque
1487 2923 1628 2991 juste
1656 2925 1763 2992 agit
1790 2924 1961 2978 omnis

415 3011 582 3062 homo
622 3010 709 3077 qui
767 3009 1100 3078 obtemperat
1141 3012 1268 3065 Deo.
1307 3009 1373 3064 Et
1417 3014 1683 3065 timoratus
1711 3022 1825 3066 erat
1852 3014 1962 3081 ipse
1992 3055 2033 3081 ,η

416 3099 678 3170 populus;
704 3092 825 3167 qu’a
853 3098 935 3152 vel
967 3102 1156 3153 timore
1184 3100 1328 3169 legis,
1364 3102 1442 3154 vel
1472 3102 1658 3167 timore
1691 3102 1966 3155 charitatis

419 3188 591 3247 Deum
638 3188 919 3242 metuebat.
950 3187 1051 3241 Sed
1081 3198 1133 3240 et
1161 3190 1554 3242 consolationem
1584 3189 1750 3243 Israel
1777 3205 1969 3258 διενυ-

417 3275 628 3338 etabat,
655 3274 778 3342 quia
822 3274 1077 3329 sollicitus
1104 3277 1506 3343 prmstolabatur
1532 3276 1671 3329 inter
1690 3292 1971 3345 pressuras

418 3361 587 3430 hujus
638 3361 810 3417 exsilii
863 3364 1075 3430 quando
1117 3364 1365 3432 pupulum
1388 3380 1541 3418 suum
1588 3365 1841 3419 Doninus
1881 3368 1976 3418 ad-

420 3463 593 3507 ventu
620 3468 714 3507 suo
743 3453 1002 3507 consolari
1032 3455 1355 3523 dignaretur.
1384 3455 1514 3508 Nam
1539 3465 1583 3508 ct
1612 3452 1837 3523 Spiritus
1860 3473 1977 3509 sun-

411 3548 543 3593 'ctns
570 3550 678 3593 erat
707 3542 759 3594 in
781 3557 857 3602 co,
890 3540 1307 3609 quiajustiﬁcari
1333 3556 1426 3609 per
1454 3541 1619 3611 legem
1647 3558 1751 3595 non
1781 3543 1975 3595 valuis-

423 3636 535 3692 set,
585 3629 683 3682 nisi
720 3628 923 3683 occulta
970 3629 1137 3694 sancti
1186 3628 1415 3699 Spiritus
1457 3630 1623 3697 gratia
1664 3644 1758 3697 per
1778 3630 1973 3683 Christi

426 3720 591 3772 tidem
637 3734 756 3772 eum
801 3718 1166 3787 justiﬁcassct.
1210 3718 1277 3771 Et
1312 3735 1605 3784 responsum
1650 3730 1907 3793 acceperat
1944 3738 1974 3771 a

406 3805 634 3875 Spiritu
660 3818 857 3871 sancto,
893 3824 992 3859 non
1019 3808 1241 3860 visurum
1267 3824 1317 3860 se
1343 3818 1577 3871 mortem,
1605 3808 1703 3862 nisi
1727 3809 1869 3875 prius
1896 3809 1973 3862 vi-

429 3899 576 3949 deret
600 3895 859 3949 Christum
908 3896 1146 3960 Domini;
1178 3896 1302 3965 quia
1342 3897 1443 3951 boc
1467 3894 1591 3962 ejus
1620 3898 1894 3952 desideriis
1924 3908 1978 3951 et

429 3987 767 4043 orationibus
812 3986 1043 4041 etelestis
1082 3988 1360 4055 inspiratio
1398 3988 1720 4041 revelare-rat
1747 3988 1885 4056 quod
1925 3988 1975 4041 in

432 4072 541 4124 [ide
571 4074 803 4126 victurus
850 4081 1006 4133 esset,
1041 4089 1134 4127 nec
1163 4081 1383 4126 mortem
1409 4074 1640 4143 perﬁdia:
1679 4075 1976 4136 subiturus,

428 4166 605 4214 donec
632 4162 829 4215 videret
865 4163 917 4215 in
940 4178 1101 4216 carne
1134 4170 1444 4229 praesentem
1485 4164 1649 4216 Deum
1679 4180 1706 4215 a
1737 4164 1843 4217 Deo
1876 4179 1982 4230 pra:

431 4250 550 4300 suis
586 4250 926 4315 participibus
955 4261 1187 4311 unctum,
1213 4253 1301 4319 qui
1330 4253 1782 4320 participationem
1816 4253 1980 4319 ipsam

2050 878 2270 930 minimis
2301 882 2423 932 nucis
2468 880 2679 947 fecistis,
2713 880 2837 931 milii
2872 879 3062 947 fecistis
3093 877 3303 948 (Matth.
3326 896 3444 940 xxv,
3474 880 3581 950 40).

2047 967 2227 1034 Itaque
2263 985 2389 1037 puer
2428 968 2580 1055 Iesus
2610 971 2685 1023 sic
2723 984 2864 1022 nunc
2897 969 3191 1038 accipiatur
3224 984 3287 1023 ac
3313 970 3609 1023 si*dicerc-'

2051 1066 2153 1120 tur,
2191 1057 2427 1112 novellus
2475 1058 2894 1112 Christianorum
2927 1059 3168 1127 populus.
3205 1058 3309 1112 Sed
3342 1058 3431 1126 qui
3466 1067 3591 1111 sunt

2046 1159 2279 1216 parentes
2326 1154 2460 1216 ejus,
2517 1149 2615 1200 nisi
2671 1149 2872 1216 angeli?
2908 1148 3035 1201 Nam
3062 1157 3117 1203 et
3173 1149 3273 1217 ipsi
3302 1148 3587 1217 quamdam

2049 1236 2297 1305 Spit-italis
2352 1236 2822 1305 consanguinitatis
2871 1237 3193 1304 parcntclam
3259 1253 3316 1291 se
3366 1238 3589 1290 demon~

2049 1337 2219 1381 straut
2250 1330 2443 1383 habere
2465 1329 2756 1392 nobiscum,
2782 1329 2868 1382 ubi
2894 1345 2991 1382 nos
3006 1329 3197 1384 fratres
3222 1347 3345 1384 suos
3372 1331 3422 1383 in
3453 1332 3590 1397 Apo-

2049 1417 2248 1487 calypsi
2276 1428 2481 1481 vocant,
2504 1419 2725 1473 dicendo
2744 1432 2773 1474 .:
2800 1418 3065 1487 l’rojcctus
3086 1429 3158 1471 est
3201 1430 3465 1471 accusator
3486 1419 3590 1484 [ro—

2049 1509 2184 1558 ti‘um
2210 1516 2518 1568 nostrorum,
2550 1508 2636 1573 qui
2668 1506 2942 1559 accusabat
2978 1506 3092 1557 illos
3123 1516 3239 1557 ante
3268 1514 3588 1572 conspectum

2053 1594 2143 1647 Dei
2167 1600 2327 1648 nostri
2354 1596 2533 1663 (Apoc.
2577 1612 2672 1657 xu,
2706 1597 2812 1663 10).
2847 1595 2909 1647 lli
2940 1610 3067 1663 ergo
3085 1604 3314 1662 pttt'ettlcs
3344 1594 3592 1646 inducunt

2054 1693 2291 1735 uestrum
2347 1700 2587 1752 puerum,
2618 1685 2755 1737 sicut
2782 1694 2833 1737 et
2871 1684 3114 1766 superius
3144 1684 3462 1737 declaratum
3489 1691 3590 1745 est,

2055 1774 2107 1826 in
2130 1773 2360 1827 etelcstis
2404 1775 2693 1826 sanctuarii
2742 1774 3010 1843 templum,
3042 1775 3123 1828 vel
3154 1776 3202 1827 in
3233 1775 3374 1827 (›1›ἰιιι
3411 1774 3592 1837 singu-

2057 1861 2244 1923 lorum,
2279 1862 2357 1912 vel
2386 1861 2435 1912 in
2467 1861 2849 1914 resurrectione
2887 1862 3143 1915 omnium.
3187 1862 3249 1914 Et
3289 1863 3409 1921 hoc,
3442 1868 3497 1911 ut
3521 1858 3598 1910 fa-

2055 1953 2201 2005 ciant
2226 1956 2502 2004 secundum
2533 1952 2946 2005 consuetudinem
2970 1954 3091 2020 legis
3112 1969 3202 2020 pro
3231 1969 3321 2014 eo;
3353 1951 3472 2018 quia
3494 1950 3595 2001 ritu

2058 2040 2186 2110 legis
2236 2040 2442 2108 expleta
2489 2042 2796 2109 purgatione
2845 2050 3167 2108 prmscutant
3205 2057 3325 2092 cum
3380 2038 3599 2091 Donnuu

2057 2143 2175 2181 cum
2211 2126 2468 2181 bonorum
2498 2128 2852 2180 oblationibus
2892 2128 3219 2181 meritorum.
3254 2126 3341 2180 Vel
3372 2127 3454 2178 isti
3500 2142 3597 2193 pa-

2059 2226 2218 2269 rentes
2245 2216 2460 2285 intelligi
2492 2226 2709 2285 possunt
2734 2217 2899 2269 sancti
2928 2217 3321 2285 prtezlicatorcs,
3349 2214 3437 2282 qui
3468 2228 3601 2281 quo-~

2060 2308 2197 2379 piam
2260 2308 2309 2360 in
2339 2290 2496 2361 Petro
2538 2308 2713 2361 claves
2752 2308 2897 2376 regni
2947 2309 3205 2361 cmlorum
3254 2314 3596 2373 acceperunt,

2059 2396 2304 2460 aperiunt
2331 2394 2455 2446 illud
2482 2410 2617 2449 novo
2653 2394 2879 2447 ﬁdelium
2924 2395 3146 2463 populo;
3176 2404 3229 2447 ct
3260 2395 3309 2446 in
3351 2392 3600 2461 templum

2060 2481 2293 2547 ejusdem
2346 2483 2490 2550 regni
2534 2483 2765 2536 ctelcstis
2809 2499 2927 2536 emn
2961 2484 3235 2545 inducunt,
3271 2483 3395 2534 dum
3426 2481 3607 2534 aiisol-

2063 2578 2192 2622 vunt
2223 2584 2343 2622 eum
2372 2578 2426 2623 et
2462 2570 2780 2623 benedicunt
2820 2580 2976 2637 atque
3019 2580 3205 2639 regant
3250 2580 3305 2622 ut
3343 2571 3463 2622 hinc
3508 2572 3609 2621 nii-

2063 2673 2223 2727 grans
2255 2656 2361 2709 illic
2394 2656 2735 2725 suscipiatur.
2770 2658 2833 2710 Et
2882 2663 2979 2711 lzoc
3015 2670 3175 2727 agunt
3205 2668 3261 2711 ut
3292 2659 3449 2710 ritum
3480 2657 3609 2725 legis

2061 2747 2328 2814 expleant,
2359 2747 2483 2814 quia
2532 2747 2709 2800 taliter
2751 2762 2870 2800 eum
2902 2748 3011 2801 suis
3038 2748 3364 2800 orationibus
3394 2748 3445 2798 in
3481 2746 3608 2798 illud

2061 2833 2400 2887 beatitudinis
2414 2834 2768 2889 sanctuarium
2794 2820 3145 2897 inducunt,ut
3168 2835 3296 2888 sicut
3322 2834 3401 2886 lex
3427 2834 3606 2890 decre-

2064 2930 2214 2974 verat
2259 2923 2480 2990 expletis
2527 2924 2576 2975 in
2627 2924 2730 2976 line
2774 2925 2957 2977 diebus
3006 2927 3323 2991 purgationis
3359 2940 3377 2977 :
3416 2926 3609 2976 sistant

2064 3025 2178 3062 eum
2212 3010 2450 3063 Domino
2476 3028 2595 3065 cum
2626 3011 2889 3067 oblatione
2928 3006 3394 3087 meritorumejus.
3428 3012 3606 3064 Potest

2067 3100 2222 3152 etiam
2248 3114 2377 3166 puer
2408 3101 2526 3162 iste,
2558 3101 2646 3167 qui
2672 3100 2722 3153 in
2752 3101 2999 3168 templum
3017 3102 3301 3161 inducitur,
3335 3101 3606 3155 illosnnuc

2069 3188 2387 3252 signiﬁcare,
2418 3188 2507 3255 qui
2537 3189 2601 3240 ad
2632 3189 2785 3239 [idem
2816 3189 3084 3242 venientes
3111 3190 3164 3241 in
3196 3188 3483 3242 Ecclesium
3526 3190 3610 3241 in-

2072 3278 2356 3330 ducuntur.
2380 3277 2510 3329 Nam
2541 3286 2593 3330 et
2623 3279 2758 3330 hanc.
2804 3272 3160 3331 inductionem
3189 3281 3265 3333 sic
3298 3289 3462 3344 agunt
3488 3296 3612 3333 san-

2073 3364 2142 3418 cti
2173 3365 2375 3433 Patres,
2413 3375 2467 3419 ut
2497 3366 2931 3421 consuetudinem
2967 3366 3095 3436 legis
3125 3369 3439 3435 observent;
3460 3370 3605 3437 quia,

2073 3457 2280 3524 expleta
2332 3457 2381 3509 in
2412 3448 2672 3524 baptismo
2695 3456 3021 3533 purgatione,
3054 3457 3398 3511 introducunt
3432 3472 3523 3512 eos
3550 3458 3617 3510 ad

2075 3556 2313 3599 sanctum
2362 3544 2533 3599 altare
2570 3545 2959 3599 consecrandos
2980 3546 3191 3600 victima
3215 3547 3402 3600 divina:
3422 3546 3618 3601 eucha-

2077 3635 2256 3687 ristize.
2287 3633 2466 3701 Itaque
2492 3635 2612 3686 dum
2642 3649 2672 3685 a
2698 3634 2807 3686 suis
2836 3634 3163 3701 parentibus,
3190 3635 3237 3688 id
3266 3644 3345 3689 est
3366 3636 3433 3689 ab
3457 3651 3619 3704 ange~

2076 3723 2158 3784 lis,
2191 3721 2271 3774 vel
2308 3736 2335 3772 a
2373 3722 2805 3790 praedicatoribus
2835 3731 3070 3791 tempore
3108 3724 3360 3791 fulgentis
3388 3739 3617 3791 evange-

2077 3812 2128 3863 lii
2183 3812 2415 3868 novellus
2455 3812 2684 3865 ﬁdelium
2722 3813 2964 3882 populus,
2992 3813 3142 3883 quasi
3177 3829 3327 3881 puer,
3366 3816 3616 3884 coepissu

2077 3902 2129 3954 in
2166 3901 2276 3953 suis
2295 3900 2461 3968 quide
2482 3901 2580 3954 hac
2610 3901 2723 3954 luce
2739 3901 3056 3971 migrabant,
3090 3904 3227 3956 sicut
3249 3904 3611 3965 disseruimus,

2078 3990 2129 4041 in
2158 3976 2399 4059 superna!
2442 3990 2737 4043 sanctitatis
2775 4006 2836 4043 ac
2861 3990 3201 4045 beatitudinis
3240 3992 3488 4059 templum
3539 3993 3617 4043 in-

2078 4060 2511 4145 tlaci,'ve‘lﬁinjbis
2536 4077 2625 4143 qui
2648 4077 2713 4129 ad
2743 4076 2896 4130 ﬁdem
2921 4078 3225 4141 veniebant,
3255 4080 3305 4131 in
3331 4080 3617 4133 Ecclesium

2080 4162 2301 4227 adduci;
2340 4162 2547 4232 etcepit
2583 4180 2702 4217 eum
2743 4175 2789 4219 ct
2817 4166 2923 4234 ipse
2954 4165 3165 4221 Simeon
3215 4170 3269 4221 in
3298 4169 3448 4221 ulnas
3476 4186 3617 4231 suus,

2082 4255 2180 4306 huc
2197 4263 2278 4306 est
2319 4257 2375 4305 et'
2404 4253 2512 4321 ipse
2550 4254 2828 4323 religiosus
2864 4256 3201 4311 llebrtcorum
3232 4258 3452 4326 populus
3483 4258 3618 4312 ulnis

430 4349 494 4393 et
521 4340 573 4391 in
600 4341 854 4394 vocabulo
906 4341 1348 4404 demonstrarent,
1406 4352 1463 4395 ut
1516 4358 1544 4394 a
1587 4343 1797 4395 Christo
1825 4341 1982 4396 Cliri-
2015 4356 2057 4418 υ
2084 4342 2358 4394 rharitatis
2401 4341 2674 4409 amplexus
2721 4352 2803 4397 est
2855 4360 2973 4398 eum
3018 4346 3157 4399 sicut
3200 4346 3617 4399 dilectissimum.

433 4427 600 4481 ﬁliani
648 4437 979 4481 vocarentur.
1034 4427 1095 4479 Et
1120 4431 1248 4480 venit
1290 4432 1341 4480 in
1391 4429 1585 4496 Spiritu
1627 4431 1678 4482 in
1709 4428 1982 4496 templum;

432 4520 564 4585 quia
610 4533 713 4582 quo
746 4532 930 4570 onmes
964 4516 1093 4581 justi
1140 4527 1258 4583 post
1294 4520 1730 4570 resurrectionem
1777 4519 1827 4569 in
1872 4520 1984 4571 suis

435 4607 755 4673 corporibus
786 4605 987 4657 venturi
1035 4615 1175 4668 sunt,
1228 4607 1347 4659 illuc
1387 4607 1496 4672 ipse
1526 4606 1711 4673 spiritu
1747 4621 1840 4673 per
1864 4621 1985 4658 con-

409 4697 839 4764 'templatione:n
884 4702 938 4746 et
982 4695 1341 4762 proplieticam
1383 4696 1636 4747 visionem
1682 4695 1986 4761 frequenter

438 4788 607 4845 venit,
636 4786 858 4845 intrans,
885 4784 1084 4837 scilicet
1137 4783 1186 4835 in
1216 4784 1576 4837 sanctuarium
1607 4783 1722 4847 Dei,
1753 4791 1802 4836 et
1832 4781 1987 4836 intel-

438 4881 614 4945 ligens
641 4882 689 4929 in
724 4878 1033 4931 novissima.

523 4966 582 5018 Et
605 4984 718 5019 cum
748 4969 1042 5018 inducerent
1068 4979 1282 5032 puerum
1310 4963 1489 5015 Jesum
1510 4973 1746 5029 parentes
1777 4964 1908 5029 ejus,
1934 4977 1985 5017 ut

440 5058 672 5123 {urerent
699 5058 974 5109 secundum
1001 5054 1415 5107 consuetudinem
1449 5052 1573 5119 legis
1600 5069 1691 5119 pro
1713 5068 1791 5114 eo,
1815 5063 1859 5105 et
1883 5056 1985 5121 ipse

420 5147 833 5210 .ucrepiteumiii
864 5145 1009 5196 ulnas
1033 5126 1173 5205 snsi,
1187 5152 1231 5194 et
1257 5142 1508 5193 benedixit
1532 5142 1715 5193 Deum.
1747 5142 1985 5198 Etdixit:

447 5230 609 5286 Nunc
630 5233 842 5283 dimittis
868 5247 1065 5284 servum
1103 5242 1265 5291 tuum,
1309 5230 1541 5290 Domine,
1577 5231 1855 5281 secundum
1880 5249 1988 5284 vcr-

444 5323 728 5372 bumluum
761 5322 811 5371 in
836 5337 975 5387 pace.
1020 5320 1177 5383 Quia.
1204 5322 1435 5371 viderunt
1460 5317 1597 5370 oculi
1630 5318 1725 5369 mei
1759 5320 1986 5373 salutare

443 5422 612 5464 tuum.
647 5409 794 5474 Quod
830 5412 1023 5481 parasti
1063 5421 1179 5461 mite
1205 5410 1385 5477 facient
1409 5408 1633 5459 omnium
1662 5410 1983 5475 populorum.

376 5554 385 5561 ,
450 5502 647 5554 Lumen
673 5502 738 5552 ad
756 5499 1107 5552 reuelationem
1131 5502 1373 5567 gentium,
1397 5508 1442 5550 et
1464 5497 1677 5566 gloriam
1702 5498 1860 5563 plebis
1885 5509 1985 5551 tutv

447 5593 637 5646 lsratl.
660 5590 880 5647 Puerum
903 5592 1253 5661 Jesum,juxta
1278 5592 1414 5660 quod
1444 5590 1678 5657 superius
1706 5597 1983 5643 tractatum

2086 4434 2361 4502 Ausplexio
2403 4434 2595 4503 quippe
2621 4435 2958 4496 cltaritatcm,
2995 4444 3047 4488 et
3092 4436 3225 4507 ulna;
3274 4436 3423 4489 l'ortia
3480 4436 3618 4489 desi-

2086 4521 2249 4586 gnant
2273 4535 2430 4588 opera
2459 4539 2472 4574 :
2499 4521 2718 4587 ideoque
2742 4518 2791 4570 in
2826 4518 2974 4570 ulnas
3000 4520 3283 4585 suscipere,
3308 4529 3360 4571 et
3392 4520 3620 4571 robustis

2085 4610 2331 4674 opt-ribus
2378 4598 2675 4664 dilectionis
2712 4608 2977 4673 amplecti.
3011 4607 3206 4657 Taliter
3236 4622 3363 4672 ergo
3390 4607 3636 4673 sustepib

2082 4710 2197 4745 eum
2224 4696 2275 4748 in
2303 4696 2449 4749 ulnas
2473 4710 2615 4758 suas,
2645 4696 2745 4747 hoc
2765 4702 2843 4745 cst
2868 4694 2917 4743 in
2951 4692 3160 4743 brachia
3184 4702 3400 4758 portans
3424 4708 3542 4743 eum
3566 4693 3617 4744 in

2088 4785 2310 4838 fortibus
2363 4798 2564 4852 magna:
2600 4782 2876 4835 cbaritatis
2918 4780 3168 4846 operibus
3214 4799 3227 4833 :
3272 4791 3317 4832 et
3365 4781 3618 4834 benedixit

2089 4874 2267 4933 Deum,
2297 4873 2383 4940 qui
2414 4872 2511 4924 sibi
2561 4878 2872 4938 prtescntent
2913 4870 3220 4920 ostenderat
3269 4884 3412 4920 noui:
3440 4871 3621 4937 gratia:

2086 4960 2348 5026 populum,
2395 4959 2774 5028 ingredientem
2811 4957 3007 5024 jugiter
3037 4957 3179 5024 regni
3213 4956 3441 5009 cmlcstis
3471 4957 3621 5010 babi-

2089 5049 2339 5111 taculnm,
2379 5056 2433 5099 et
2480 5047 2589 5098 ait:
2619 5045 2797 5109 Nunc,
2826 5046 2876 5098 id
2911 5054 2992 5098 est
3031 5054 3148 5112 post
3174 5046 3345 5098 datam
3375 5046 3621 5112 gratiam,

2086 5138 2317 5198 dimittis,
2340 5136 2576 5201 Domine,
2598 5151 2795 5188 servum
2819 5146 2959 5187 tuum
2985 5135 3035 5186 in
3057 5151 3199 5201 pace,
3228 5135 3276 5187 id
3306 5143 3380 5186 est
3416 5134 3622 5186 relaxas

2088 5229 2151 5281 de
2180 5225 2443 5294 ergastulo
2476 5224 2754 5291 praesentis
2793 5223 2966 5275 exsilii
2996 5236 3098 5283 me,
3127 5223 3212 5290 qui
3240 5224 3334 5273 sub
3358 5223 3486 5290 ivgis
3508 5238 3620 5276 ser-

2087 5317 2252 5368 vitute
2277 5312 2564 5380 premebat,
2588 5316 2646 5363 ut
2668 5309 2775 5376 jam
2804 5312 2871 5362 ad
2901 5310 3131 5363 caelestis
3168 5311 3504 5363 habitationis
3533 5327 3625 5377 pa-

2088 5405 2241 5457 triam
2271 5403 2321 5454 in
2347 5416 2473 5469 pace
2501 5408 2785 5462 transeam,
2818 5400 2974 5466 ligato
2997 5412 3087 5464 per
3108 5398 3299 5450 Christi
3329 5400 3619 5464 trophauuu

2089 5494 2272 5544 mortis
2304 5488 2553 5558 principe,
2587 5488 2863 5539 secundum
2890 5490 3109 5551 verbum,
3142 5492 3277 5558 quol
3314 5490 3438 5542 milii
3469 5488 3618 5539 dixe-

2090 5601 2173 5636 ras
2206 5583 2267 5635 de
2290 5580 2513 5635 adventu
2544 5579 2743 5647 gratim.
2768 5577 2895 5642 Quia
2923 5582 3259 5649 cccejamvcl
3287 5583 3334 5632 iu
3367 5594 3440 5643 se,
3477 5576 3553 5629 vcl
3573 5577 3619 5626 in
