4190 6208
648 298 750 358 (327

641 500 927 568 est'Jt-sum
952 524 1120 576 tuum,
1160 517 1249 583 qui
1281 516 1526 571 salutaris
1542 518 1654 573 sive
1675 518 1912 573 Salvator
1932 520 2191 588 interpre-

644 610 808 665 tatur,
833 610 887 655 et
910 603 997 669 qui
1027 604 1218 657 missus
1245 615 1327 658 est
1356 621 1383 658 a
1426 615 1477 659 te
1504 608 1754 665 mundum
1786 588 2012 661 salvare.
2043 608 2190 675 Quod

642 693 861 755 scilicet,
887 692 1116 747 salutare
1144 696 1342 762 parasti
1366 706 1483 749 ante
1513 695 1695 763 faciem
1719 698 1946 750 omnium
1974 699 2189 765 populo-

661 799 779 846 ‘um,
811 790 867 837 ut
896 784 963 837 ab
990 785 1238 838 omnibus
1263 786 1467 855 populis
1497 786 1587 853 qui
1612 794 1737 856 sunt
1763 788 1813 840 in
1842 788 1991 854 orbe,
2025 789 2189 843 videri

636 870 804 928 {scias
856 873 1026 928 oculis
1075 875 1193 929 ﬁdei
1226 875 1555 929 Salvatorem
1602 876 1805 931 mundi.
1842 876 2071 943 Parasti,
2103 881 2188 934 in-

639 960 823 1032 quam‘,’
854 978 976 1018 eum
1007 964 1178 1018 lumen
1199 964 1267 1018 ad
1295 963 1653 1020 reuelationem
1676 961 1997 1037 gentium,ut
2018 970 2190 1040 splen-

565 1127 573 1134 .
636 1054 766 1110 dore
798 1054 1055 1109 claritatis
1098 1054 1213 1121 ejus
1266 1053 1515 1123 fugentur
1546 1057 1798 1126 tenebra',
1827 1060 2015 1128 quibus
2052 1060 2193 1115 vela-

636 1142 832 1196 bantur
883 1142 1044 1197 corda
1100 1142 1398 1212 gentilium,
1456 1160 1524 1200 ne
1566 1144 2185 1212 illustrarentur;divina

636 1234 964 1301 cogitatione
1000 1252 1012 1287 :
1054 1244 1103 1288 et
1132 1234 1354 1305 gloriam
1394 1235 1553 1299 plebis
1601 1247 1705 1290 tute
1747 1236 1935 1305 Israel,
1974 1250 2031 1293 ut
2077 1220 2189 1309 ipse

638 1323 706 1377 sit
732 1324 896 1394 gloria
945 1324 1116 1394 plebis
1158 1324 1459 1381 Israeliticae
1496 1327 1781 1393 credentis,
1826 1344 1943 1397 quze
1980 1343 2189 1400 semper

636 1422 728 1468 tua
764 1414 885 1469 fuit.
902 1414 1094 1486 Magna
1117 1416 1258 1473 enim
1282 1415 1447 1486 gloria
1470 1425 1548 1471 est
1566 1417 1801 1474 Hebrteis
1826 1420 2183 1484 credentibus,

632 1502 775 1573 quod
812 1519 877 1559 ex
916 1520 1102 1559 eorum
1139 1519 1329 1575 genere
1367 1518 1582 1559 carnem
1623 1509 1970 1577 assumpscrit
2020 1509 2181 1575 Deus,

634 1592 727 1661 qui
754 1601 808 1646 et
845 1604 1030 1663 gentes
1073 1610 1166 1665 per
1194 1596 1348 1651 ﬁdem
1378 1612 1535 1651 suam
1572 1597 1910 1661 illuminavit,
1951 1598 2132 1653 dicens
2166 1618 2179 1653 :

634 1681 747 1752 Ego
770 1682 862 1737 lux
900 1685 955 1739 in
990 1686 1234 1739 mundum
1261 1689 1393 1752 veni,
1422 1696 1476 1741 ut
1512 1688 1674 1741 omnis
1702 1690 1787 1757 qui
1811 1688 1969 1741 credit
1999 1690 2052 1742 in
2080 1706 2179 1754 me,

969 306 1027 361 s.
1075 268 1367 365 ansam
1404 308 1750 365 caurum.
1783 290 2093 365 ARCIIIEP.
2134 310 2226 364 ot».

2274 352 2280 365 .
2320 313 2496 389 P.\ltS
2529 312 2589 367 ll.
2628 343 2699 355 —-
2737 314 3095 371 ῐἈΙὶᾹΞΝΙΞΤ.
3132 313 3215 369 ΕΤ
3252 315 3488 371 ASCET.

647 426 779 485 suis,
806 424 1051 478 viderunt
1082 427 1215 479 oculi
1255 429 1380 491 mei,
1410 428 1653 492 Domine,
1694 422 1933 484 salutare
1956 411 2120 494 ttuuu,
2142 429 2191 483 id
2221 431 2265 485 A

3741 320 3840 374 628

2366 430 2615 499 Religiosi
2645 441 2880 497 parentes
2906 431 3218 494 Salvatoris,
3239 431 3387 497 juxta
3413 442 3730 499 praeceptum
3763 433 3836 488 le-

2291 518 2369 587 gis
2398 536 2489 587 per
2529 518 2763 589 singulos
2803 536 2966 573 annos
2992 520 3133 573 ibant
3175 521 3235 589 ig
3266 516 3558 572 Jerusalem
3589 528 3644 571 ut
3673 519 3837 588 legent

2292 606 2558 673 audirent,
2624 609 2903 663 sacriﬁciis
2948 610 3352 679 participarent,
3414 607 3840 664 solemnitatibus

2290 698 2629 760 interessent,
2659 706 2713 749 et
2750 695 2865 765 ejus
2892 697 3065 751 adhuc
3107 698 3307 751 umbra:
3338 697 3642 751 serviebant
3692 694 3838 762 cujus

2290 785 2569 839 veritatem
2604 785 2875 839 tenebant.
2915 785 3298 852 Signilicabant
3326 793 3506 839 autem
3530 784 3836 844 Judteos,ex

2289 873 2481 942 quibus
2510 887 2726 927 carnem
2773 872 3029 927 Dominus
3076 874 3384 944 assumpsit,
3420 884 3472 928 et
3513 874 3603 941 qui
3641 873 3840 928 veteris

2288 965 2639 1022 observantia:
2672 964 2830 1018 ritum
2874 963 3075 1035 jugiter
3123 964 3510 1021 custodiebant.
3560 964 3676 1033 ipse
3713 978 3839 1017 vero

2288 1060 2509 1130 mystice
2550 1057 2829 1113 duodecim
2886 1072 3147 1112 annorum
3199 1057 3371 1113 factUs
3409 1065 3507 1123 est,
3548 1044 3759 1125 quando
3788 1058 3839 1113 ei

2287 1148 2593 1221 praedicatio
2619 1148 2682 1202 ad
2720 1148 2822 1202 hoc
2854 1162 3019 1218 usque
3048 1146 3275 1216 profecit
3308 1158 3366 1202 ut
3393 1147 3671 1203 duodecim
3708 1160 3837 1216 apo-

2286 1238 2436 1294 stolis
2459 1238 2896 1299 couunittcretur,
2921 1237 3007 1305 qui
3032 1251 3125 1305 per
3152 1252 3270 1292 eam
3298 1245 3524 1306 quatuor
3550 1236 3693 1306 orbis
3717 1250 3841 1303 par-

2288 1330 2427 1383 tibus
2462 1328 2708 1382 notitiam
2755 1342 2977 1382 summa:
3008 1326 3291 1383 Trinitatis
3343 1328 3678 1392 intimarent;
3713 1328 3835 1392 quia

2285 1419 2561 1473 duodecim
2593 1426 2737 1489 ⁸ειιιιι
2780 1426 2863 1473 ter
2905 1427 3150 1486 quatuor.
3182 1417 3250 1471 Et
3290 1424 3415 1470 tunc
3448 1427 3685 1487 parentes
3724 1417 3837 1483 ejus

2283 1511 2562 1562 secundum
2606 1509 3025 1562 consuetudinem
3057 1507 3161 1562 diei
3183 1508 3301 1576 festi
3328 1508 3683 1562 ascenderunt
3710 1507 3839 1560 Hie-

2284 1600 2643 1671 rosolymam;
2677 1598 2797 1666 quia
2850 1597 3015 1653 Judaei
3062 1598 3355 1653 secundum
3402 1613 3601 1655 morem
3633 1596 3840 1661 festivae

2282 1690 2674 1751 exsultationis.
2719 1704 2877 1757 quam
2905 1698 3069 1757 agunt
3098 1692 3186 1758 qui
3216 1689 3283 1742 ad
3316 1689 3481 1743 Deum
3508 1696 3835 1742 convertun-

633 1776 709 1826 in-
734 1774 950 1827 tenebris
993 1790 1093 1826 non
1122 1786 1326 1827 maneat
1355 1776 1533 1843 (Joan.
1582 1792 1676 1839 xu,
1730 1775 1840 1846 46).
1884 1776 2032 1831 Unde
2065 1778 2179 1847 pulv
2214 1759 2391 1845 Βἰιιιι,
2424 1780 2650 1851 promoti
2688 1786 2812 1833 sunt
2860 1777 2925 1830 ad
2950 1776 3279 1847 spiritualem
3318 1791 3554 1841 sensum,
3596 1785 3649 1829 et
3680 1789 3840 1828 vene-

632 1863 764 1917 cher
791 1862 1040 1917 Ecclesiae
1068 1878 1183 1918 mos
1216 1864 1431 1919 inolevit
1464 1876 1521 1918 ut
1548 1865 1731 1920 ﬁdeles
1760 1868 1809 1919 in
1841 1866 1939 1920 hac
1961 1866 2186 1923 celebri-

637 1964 746 2008 tate
782 1969 965 2010 cereos
1005 1956 1116 2009 sive
1152 1955 1403 2011 candelas
1427 1954 1663 2011 eﬁ‘erant.
1714 1955 1846 2010 Nam
1876 1957 1996 2025 quia
2031 1955 2186 2012 Chri-

632 2054 751 2098 stus
772 2043 931 2098 hodie
972 2044 1023 2097 in
1060 2043 1255 2114 templo
1297 2052 1377 2098 est
1404 2043 1628 2109 oblatus,
1660 2045 1754 2114 ipsi
1780 2044 1999 2114 mystica
2032 2044 2181 2099 obla-

540 2112 543 2129 ί
634 2130 778 2187 tione
824 2148 919 2187 sua
964 2134 1063 2186 hoc
1114 2112 1284 2202 ipsum
1326 2112 1742 2202 repnte-sentam;
1791 2112 1915 2185 «Ιιιιιι
1964 2133 2183 2202 singulis

632 2222 1025 2277 recurrentibus
1052 2218 1303 2276 annis'ad
1324 2223 1536 2275 domum
1564 2224 1651 2277 Dei
1678 2232 1862 2276 cereos
1899 2223 1947 2275 in
1982 2224 2079 2277 hac
2095 2224 2181 2277 die

633 2318 867 2377 portant.
898 2310 1097 2363 Cereus
1128 2295 1292 2373 enim,
1323 2310 1403 2363 vel
1446 2310 1685 2376 candela,
1716 2310 1987 2365 Christum
2019 2312 2181 2381 signi-

630 2397 776 2453 ιω.
814 2399 878 2454 Et
902 2399 1023 2468 quia
1053 2399 1415 2468 unusquisque
1447 2400 1671 2457 devotus
1708 2403 1774 2456 ad
1819 2402 1957 2456 hanc
1989 2402 2182 2455 solem-

633 2488 853 2544 nitatem
896 2490 1133 2553 veniens,
1172 2488 1441 2555 Christum
1489 2490 1665 2545 lumen
1717 2506 1900 2545 verum
1943 2488 2095 2543 aliert
2127 2491 2178 2543 in

634 2586 852 2647 pectore
881 2616 896 2641 ,
954 2576 1072 2630 ideo
1120 2576 1498 2631 convenienter
1541 2592 1754 2631 cereum
1798 2586 2083 2645 praesentat
2127 2577 2178 2631 in

631 2665 922 2725 oblatione.
971 2665 1027 2720 In
1072 2680 1228 2721 cereo
1279 2666 1470 2735 quippe
1517 2666 1619 2719 tria
1665 2664 1983 2729 offeruntur,
2033 2681 2177 2733 cera,

633 2758 858 2829 lychnus
879 2768 933 2812 et
971 2755 1179 2831 ﬂamma
1207 2774 1221 2811 :
1258 2771 1401 2819 cera,
1429 2771 1587 2825 quam
1612 2757 1727 2825 apis
1751 2756 1897 2826 virgo
1924 2755 2177 2821 coniecit,

629 2850 895 2921 signiﬁcat
915 2848 1109 2903 Christi
1140 2862 1371 2911 carnem,
1402 2861 1559 2915 quam
1586 2846 1735 2915 virgo
1769 2846 1930 2901 Maria
1955 2847 2173 2915 genuit;

629 2938 851 3009 interior
869 2945 1045 2993 autem
1074 2936 1321 3008 lychnus,
1353 2936 1613 3000 animam;
1645 2935 1855 2999 ﬂamma
1880 2951 2003 2990 vero
2026 2951 2177 3006 supe-

626 3030 761 3095 rior,
808 3027 1160 3084 divinitatem.
1215 3025 1321 3104 Nec
1352 3026 1578 3081 inveniri
1608 3024 1805 3095 aliquid
1855 3026 1907 3080 in
1932 3037 2173 3080 creatura
2205 3081 2245 3104 Α

622 3092 821 3187 potest,
846 3132 950 3186 quo
976 3096 1353 3184 congruentius
1378 3092 1772 3187 signiﬁcaretur
1790 3114 2054 3169 Christus.
2071 3115 2175 3170 Sed
2203 3092 2247 3143 υ

626 3216 681 3263 et
708 3208 811 3263 hoc
836 3216 994 3277 auget
1022 3208 1185 3260 decus
1221 3194 1521 3259 festivitatis
1558 3204 1736 3273 hujus,
1769 3206 1908 3273 quod
1941 3204 2007 3257 ad
2031 3219 2173 3263 eam,

628 3304 787 3368 prout
820 3296 1017 3359 decuit,
1070 3309 1221 3349 versa
1253 3302 1333 3357 est
1365 3292 1532 3365 gloria
1588 3307 1793 3361 magna:
1822 3291 2178 3362 processionis

629 3383 793 3452 illius,
822 3386 977 3452 quam
1024 3382 1074 3438 in
1114 3380 1215 3437 isto
1260 3395 1464 3447 mense,
1500 3379 1587 3450 qui
1637 3381 1977 3445 Februarius,
2017 3379 2069 3433 id
2097 3387 2178 3434 est

628 3477 969 3546 porgatorius
1002 3475 1216 3539 dicitur,
1247 3456 1664 3544 agere'solebant
1710 3472 1933 3545 Romani
1971 3480 2177 3525 veteres

632 3564 985 3635 anno'quinto
1013 3563 1279 3617 civitatem
1306 3562 1610 3623 mstrantes,
1646 3562 1693 3617 id
1728 3570 1809 3615 est
1835 3560 2174 3615 circumeun-

630 3662 713 3711 tes
740 3670 755 3719 ;
786 3663 859 3718 et,
897 3661 953 3706 ut
994 3653 1272 3720 putabant,
1300 3666 1331 3702 a
1358 3652 1591 3720 peccatis
1618 3666 1735 3719 qua:
1761 3665 1857 3719 per
1884 3651 2174 3719 quinquen-

628 3742 773 3798 nium
802 3740 925 3795 illud
952 3740 1351 3803 commiserant,
1388 3750 1694 3809 purgantes.
1726 3739 1979 3792 Lustrare
2006 3740 2171 3805 enim,

622 3840 679 3889 et
705 3831 936 3888 circuire
963 3831 1225 3901 signiﬁcat
1249 3838 1304 3883 et
1326 3844 1568 3898 purgare.
1596 3830 1660 3883 Et
1681 3830 1793 3883 lucc
1819 3839 1997 3884 nostra
2025 3828 2173 3885 festi-

625 3923 763 3978 vitas
794 3930 878 3977 est
916 3920 1266 3991 purgationis,
1316 3921 1539 3987 ideoque
1566 3911 1927 3987 competenter
1958 3920 2025 3975 ad
2052 3935 2171 3975 eam

628 4014 886 4070 translata
924 4022 1005 4068 est
1040 4013 1309 4081 processio
1344 4010 1697 4080 purgationis,
1742 4012 1987 4078 quamvis
2021 4011 2173 4081 longe

623 4103 957 4159 dissimiliter
989 4102 1079 4155 ﬁat
1105 4116 1136 4155 a
1173 4100 1352 4165 nabis,
1377 4115 1536 4170 quam
1562 4100 1722 4153 ﬁebat
1744 4100 1811 4153 ab
1834 4100 2079 4153 ethnicis.
2112 4101 2177 4153 Et

624 4195 780 4249 lectio
807 4193 966 4263 igitur
992 4191 1317 4262 evangelica,
1347 4201 1401 4245 ct
1425 4190 1704 4257 lestivitas,
1727 4198 1783 4243 et
1807 4198 2015 4257 tempus
2038 4190 2173 4260 ejus,

626 4283 991 4353 purgationem
1034 4280 1335 4348 signiﬁcant
1368 4287 1425 4331 ut
1462 4294 1557 4346 per
1583 4278 1695 4331 lucc
1724 4277 1901 4333 omnia
1936 4290 2053 4343 nos,
2084 4277 2174 4345 qui

2288 1881 2411 1927 runt
2444 1884 2537 1939 per
2570 1870 2724 1923 ﬁdem
2759 1866 2822 1921 ad
2868 1867 3177 1922 Ecclesium.
3210 1867 3571 1935 Tandemque,
3601 1880 3839 1918 consum-

2285 1963 2437 2016 matis
2463 1962 2640 2015 diebus
2674 1971 2719 2013 et
2747 1959 3006 2027 completa
3056 1959 3413 2023 solemnitate,
3450 1974 3564 2011 cum
3591 1958 3836 2019 redirent,

2286 2042 2527 2109 remansit
2553 2070 2681 2123 puer
2708 2053 2858 2105 Jesus
2879 2051 2931 2103 in
2953 2049 3264 2104 Jerusalem.
3296 2050 3441 2103 Tunc
3463 2048 3602 2115 enim
3627 2046 3841 2100 ludant-

2284 2157 2398 2195 rum
2428 2140 2792 2195 solemnitatcs
2820 2141 3093 2210 completas
3140 2146 3291 2201 sunt,
3314 2135 3527 2205 quando
3555 2134 3840 2188 Salvatore

2280 2242 2469 2287 nostro
2515 2247 2543 2285 a
2594 2233 2819 2286 mortuis
2847 2238 3160 2298 resnrgente
3196 2240 3373 2282 vetera
3409 2226 3755 2287 transierunt,
3783 2232 3841 2278 ct

2282 2322 2417 2379 facta
2443 2332 2563 2378 sunt
2586 2322 2763 2377 omnia
2796 2336 2952 2376 nova.
2973 2321 3038 2374 Et
3065 2329 3190 2375 tunc
3216 2315 3504 2373 incredulis
3532 2314 3837 2367 .ludzeorum

2279 2416 2343 2468 ad
2380 2428 2441 2468 ea
2471 2427 2588 2482 qua:
2638 2420 2783 2467 retro
2830 2422 2953 2466 sunt
3005 2408 3369 2469 redeuntibus,
3416 2405 3661 2459 remansit
3708 2419 3840 2470 puer

2279 2501 2430 2556 Iesus
2453 2502 2505 2555 in
2530 2500 2841 2564 Jerusalem,
2872 2514 2989 2567 qua:
3029 2500 3153 2557 visio
3177 2499 3319 2565 pacis
3348 2498 3747 2564 intetpretatur,
3783 2503 3840 2546 et

2283 2591 2569 2647 Ecclesium
2614 2590 2875 2657 designat.
2912 2589 3062 2644 Unde
3088 2597 3140 2641 et
3177 2588 3375 2642 dicitur
3405 2602 3421 2640 :
3458 2585 3651 2637 Factus
3676 2592 3749 2637 est
3780 2584 3838 2635 in

2278 2700 2402 2751 pace
2422 2683 2562 2735 locus
2585 2681 2716 2750 ejus,
2755 2690 2800 2733 et
2830 2680 3079 2733 habitatio
3105 2680 3220 2751 ejus
3236 2680 3289 2733 in
3321 2678 3449 2731 Sion
3471 2676 3639 2747 (Psal.
3669 2691 3833 2739 Lxxv,

2276 2770 2350 2838 2).
2390 2769 2500 2823 Hoc
2528 2777 2703 2823 autem
2733 2778 2967 2837 parentes
3002 2768 3132 2829 eius,
3174 2767 3223 2820 id
3256 2776 3338 2820 est
3362 2764 3636 2835 Syuagoga
3661 2773 3714 2817 et
3742 2763 3855 2819 Ju-.

2277 2860 2509 2913 dteorum
2531 2859 2776 2927 populus,
2825 2873 2929 2910 non
2957 2866 3322 2927 cognoverunt,
3368 2855 3460 2909 sed
3505 2871 3625 2909 eum
3652 2856 3705 2909 in
3739 2869 3835 2907 co-

2275 2949 2458 3001 mitatu
2487 2964 2595 3002 esse
2621 2947 2993 3009 existimantes,
3022 2956 3261 2999 venerunt
3285 2946 3382 2998 iter
3408 2944 3531 3010 diei,
3560 2960 3657 3013 per
3684 2948 3832 3015 quod

2280 3038 2590 3107 intelligitur
2636 3048 2863 3104 tempus,
2912 3051 3015 3104 quo
3062 3044 3183 3105 post
3227 3020 3671 3090 resurrection/em
3715 3036 3837 3105 ejus

2280 3129 2509 3182 nomium
2542 3143 2600 3182 se
2630 3127 3024 3195 cognoscebant
3059 3137 3261 3181 errare.
3292 3127 3429 3181 Caci
3477 3128 3617 3181 enim
3648 3143 3833 3181 secum

2279 3220 2451 3272 adhuc
2492 3236 2611 3273 cum
2644 3234 2760 3271 esse
2787 3218 3065 3286 putabant,
3090 3232 3245 3285 quem
3278 3216 3387 3283 jam
3420 3218 3743 3279 occiderant,
3781 3226 3837 3273 et

2278 3306 2539 3361 dicentem
2581 3307 2859 3359 audierant
2894 3322 2907 3356 :
2952 3305 3087 3359 Ecce
3124 3306 3439 3371 relinquetur
3458 3306 3597 3359 vobis
3639 3306 3835 3359 domus

2277 3398 2476 3451 deserta
2528 3395 2741 3464 (Matth.
2791 3409 2943 3459 mu,
2996 3394 3084 3463 38)
3119 3412 3131 3446 :
3171 3404 3226 3449 et
3269 3395 3321 3448 in
3367 3395 3594 3450 Psalmis
3636 3412 3648 3448 :
3699 3395 3837 3449 Ecce

2275 3485 2503 3554 elongaui
2552 3486 2753 3554 fugiens
2784 3526 2797 3550 ,
2855 3496 2901 3537 et
2962 3486 3131 3537 mansi
3177 3485 3228 3536 in
3300 3484 3574 3538 solitudine
3636 3484 3825 3551 (Psal.

2274 3593 2381 3642 LIV,
2414 3578 2488 3645 8).
3684 3594 3692 3601 ε
3722 3642 3733 3647 μ

2347 3664 2673 3734 Iicquirenles
2712 3672 2887 3719 autem
2921 3680 3033 3717 eum
3062 3665 3196 3717 inter
3227 3673 3468 3732 cognatos
3500 3673 3548 3716 et
3577 3674 3741 3726 natos,
3784 3673 3833 3717 et

2274 3772 2375 3810 non
2402 3754 2732 3818 invenientes,
2763 3755 2979 3823 regressi
3006 3764 3123 3806 sunt
3154 3755 3206 3807 in
3227 3751 3545 3815 Jerusalem,
3575 3755 3831 3821 requiren-

2273 3856 2345 3899 tes
2376 3862 2512 3901 eum.
2542 3845 2652 3900 lloc
2673 3854 2800 3900 tunc
2824 3843 3173 3913 spiritualiter
3200 3843 3519 3911 cmtipletum
3547 3853 3650 3906 est,
3668 3858 3831 3912 quan—
3858 3830 3863 3834 ’

2274 3937 2341 3991 do
2366 3946 2487 4007 post
2531 3936 2730 3992 Christi
2774 3936 3073 4006 passionem
3099 3933 3313 4004 quidam
3345 3932 3644 3987 Judteorum
3675 3935 3831 3987 corde

2275 4025 2563 4094 compuncti
2605 4033 2864 4080 venerunt
2911 4026 2976 4078 ad
3024 4025 3313 4093 apostolos.
3375 4022 3484 4077 iloc
3535 4023 3674 4077 enim
3731 4023 3830 4077 fuit

2274 4129 2513 4181 qtmrere
2533 4114 2826 4180 Christum,
2856 4124 2911 4169 et
2940 4115 3114 4169 redire
3143 4115 3193 4168 in
3218 4114 3567 4168 Hierusalem.
3594 4113 3657 4167 Et
3683 4114 3829 4167 dise-

2278 4214 2393 4257 runt
2427 4218 2445 4255 :
2475 4204 2613 4269 Quid
2641 4206 2913 4273 faciemus,
2938 4206 3033 4257 viri
3056 4204 3242 4273 fratres
3268 4205 3515 4270 ?Qulbus
3540 4205 3612 4258 ait
3639 4203 3829 4260 beatus

2277 4294 2463 4348 Petrus
2495 4311 2507 4347 :
2538 4293 2894 4347 Ptenitentiam
2915 4294 3070 4362 agite,
3095 4304 3141 4346 et
3170 4293 3456 4359 baptisetur
3476 4294 3829 4361 unusquisque

622 4374 935 4443 purgatione
992 4370 1311 4438 indigemus,
1374 4372 1587 4441 purgari
1641 4384 1943 4426 mereamur
1984 4383 2226 4461 coope-l

2278 4396 2498 4439 vestrum
2522 4384 2659 4455 (Act.
2695 4401 2757 4447 ιι,
2779 4384 2890 4451 '58).
2922 4382 3027 4439 llos
3060 4383 3220 4453 igitur
3244 4392 3298 4436 et
3321 4391 3563 4444 czetcros,
3590 4384 3678 4451 qui
3703 4390 3827 4435 tunc

624 4474 775 4519 rsute
797 4462 993 4517 Chrisﬁ
1022 4461 1213 4531 gratis,
1266 4462 1349 4514 cui
1376 4476 1496 4515 cum
1528 4461 1686 4515 Patre
1714 4470 1768 4514 et
1803 4460 2003 4528 Spiritu
2046 4474 2172 4512 san-

622 4564 709 4611 cto
754 4552 927 4609 omnis
969 4552 1138 4607 honor
1185 4559 1239 4606 et
1293 4550 1482 4621 gloria,
1525 4560 1578 4606 et
1615 4559 1898 4622 antequam
1947 4550 2175 4604 mundus

620 4650 783 4707 esset,
821 4651 871 4696 et
919 4657 1096 4705 nunc,
1134 4648 1187 4694 et
1250 4640 1300 4692 in
1367 4639 1541 4693 omnia
1596 4639 1787 4693 saecula
1834 4638 2169 4693 Steculorum.

620 4737 818 4788 Amer.

1100 4858 1253 4927 172
1294 4854 1564 4910 HOMILIA
1611 4854 1714 4909 VII.

627 5011 678 5064 In
732 5024 1059 5063 EVANGBLIUI
1127 5025 1392 5064 sscusouu
1434 5009 1618 5063 Lucan
1671 5022 1685 5061 :
1736 5008 1889 5062 Ibant
1937 5018 2170 5075 parentes

692 5100 803 5172 ejus
844 5116 933 5168 per
980 5116 1153 5154 omnes
1200 5117 1363 5153 annos
1382 5101 1673 5155 Jerusalem
1705 5140 1718 5164 ,
1752 5102 1804 5152 in
1840 5098 1923 5151 die
1957 5098 2172 5153 solemni

697 5190 933 5247 Pasrlue.
962 5191 1030 5245 Et
1067 5207 1183 5243 cum
1217 5191 1383 5259 factus
1430 5201 1557 5245 esset
1583 5206 1837 5246 annorum
1882 5189 2169 5250 duodecim,

694 5283 1083 5337 ascendentibus
1104 5280 1207 5334 illis
1238 5282 1290 5334 in
1319 5280 1731 5348 Hierosolymam
1754 5279 2031 5332 secundum
2058 5294 2171 5330 con-

694 5376 1016 5429 suetudinem
1055 5374 1157 5426 diei
1187 5371 1325 5441 festi,
1354 5373 1819 5440 causummatisqne
1852 5369 2027 5421 diebus
2057 5385 2171 5420 cum

694 5464 935 5527 redirent,
990 5462 1233 5515 remansit
1281 5475 1409 5529 puer
1447 5459 1597 5511 Jesus
1653 5468 1703 5511 in
1748 5457 2034 5523 Jerusalem
2073 5472 2091 5508 :
2124 5468 2168 5511 et

698 5566 799 5603 non
843 5561 1181 5621 cognoverunt
1238 5558 1473 5620 parentes
1503 5550 1632 5617 ejus.
1665 5550 1728 5603 Et
1767 5550 1965 5617 reliqua
2022 5547 2166 5617 (Luc.

696 5654 756 5708 tt,
785 5639 895 5709 41).

2280 4476 2531 4544 temporis
2570 4476 2927 4541 crediderunt,
2967 4473 3337 4542 signiﬁcabant
3382 4482 3630 4542 parentes
3657 4471 3822 4537 Iesu;

2273 4568 2524 4635 quoniam
2572 4566 2709 4619 sicut
2748 4564 2820 4618 illi
2863 4565 3173 4631 ignorantes
3196 4576 3316 4615 eum
3351 4563 3710 4629 perdiderant,
3751 4562 3824 4617 ita

2262 4666 2326 4709 -et
2362 4655 2448 4710 isti
2472 4656 2776 4725 iguoranter
2806 4668 2927 4708 cum
2968 4653 3291 4707 occiderant.
3328 4652 3540 4705 Sienfm
3562 4652 3824 4720 cognovis-

2276 4756 2406 4809 sent,
2434 4761 2693 4813 uunquam
2723 4743 2999 4796 Dominum
3024 4742 3203 4812 gloria:
3225 4741 3600 4807 cruciﬁrisseut
3625 4738 3674 4807 (I
3698 4740 3820 4793 Cor.

2274 4853 2331 4901 ιι,
2362 4836 2437 4903 8).

2346 4926 2410 4978 Et
2460 4926 2652 4994 factum
2702 4934 2797 4989 est,
2838 4934 2949 4993 post
3000 4923 3227 4976 triduum
3263 4921 3563 4974 invenerunt
3590 4918 3733 4971 illunt
3772 4920 3824 4970 in

2273 5018 2456 5085 templo
2478 5017 2753 5080 sedentem,
2785 5016 2837 5068 in
2862 5015 3028 5069 medio
3051 5015 3342 5077 doctorum,
3370 5011 3657 5063 audientem
3684 5008 3821 5070 illos,

2272 5118 2315 5161 et
2342 5110 2756 5175 interrogantem.
2799 5104 2922 5158 Post
2952 5106 3181 5159 triduum
3214 5105 3266 5155 in
3308 5100 3490 5169 templo
3518 5098 3644 5155 Iesu
3679 5100 3821 5151 inve-

2274 5198 2445 5260 nitur;
2508 5196 2628 5264 quia
2684 5205 2801 5262 post
2859 5194 3328 5253 resurrectionem,
3372 5206 3490 5259 qua:
3527 5190 3611 5243 die
3667 5188 3819 5239 tertia

2276 5288 2411 5339 facta
2438 5295 2539 5346 est,
2564 5284 2631 5337 ab
2673 5285 2754 5338 his
2780 5284 2867 5353 qui
2897 5298 3017 5337 eum
3040 5289 3304 5347 quaerunt,
3338 5281 3387 5333 iu
3415 5278 3649 5333 Ecclesia
3677 5287 3819 5342 repe-

2274 5376 2428 5429 ritur.
2474 5376 2611 5429 Ante
2641 5374 2868 5427 triduum
2907 5373 3047 5427 enim
3099 5386 3203 5425 non
3258 5368 3649 5431 inveniebatur,
3695 5365 3816 5433 quia

2276 5483 2376 5521 non
2417 5468 2571 5530 Deus,
2616 5466 2707 5519 sed
2741 5466 2898 5519 homo
2935 5473 3137 5517 tantum
3174 5462 3238 5515 ab
3270 5460 3571 5515 hominibus
3594 5456 3839 5527 putabo-.-

2274 5566 2377 5608 tur.
2417 5553 2519 5607 Sed
2557 5555 2642 5607 ubi
2686 5554 2983 5607 invenitur?
3026 5552 3089 5606 In
3128 5551 3333 5619 templo,
3368 5551 3418 5603 in
3457 5548 3711 5608 Ecclesia,
3762 5544 3814 5596 in

2274 5650 2535 5701 conventu
2578 5643 2831 5707 fidelium,
2855 5644 2905 5695 in
2940 5644 3104 5695 medio
3129 5642 3413 5703 doctorum,
3449 5639 3501 5692 in
3525 5646 3662 5691 (ωιιι
3686 5650 3817 5703 pne-

3592 5870 4089 6192 ΛΔ
