  <div class='ocr_page' id='page_1' title='image "/cluster/home/n/w/nwhite01/storage/ocr_20150623/158/uva.x000829800/318.png"; bbox 0 0 4190 6246; ppageno 0'>
   <div class='ocr_carea' id='block_1_1' title="bbox 362 275 471 333">
    <p class='ocr_par' dir='ltr' id='par_1_1' title="bbox 362 275 471 333">
     <span class='ocr_line' id='line_1_1' title="bbox 362 275 471 333; baseline 0.009 -1"><span class='ocrx_word' id='word_1_1' title='bbox 362 275 471 333; x_wconf 70' lang='lat'><strong>€29</strong></span> 
     </span>
    </p>
   </div>
   <div class='ocr_carea' id='block_1_2' title="bbox 1492 274 2530 333">
    <p class='ocr_par' dir='ltr' id='par_1_2' title="bbox 1492 274 2530 333">
     <span class='ocr_line' id='line_1_2' title="bbox 1492 274 2530 333; baseline -0.002 -2"><span class='ocrx_word' id='word_1_2' title='bbox 1492 278 1789 333; x_wconf 60' lang='lat' dir='ltr'><strong>IIOMILIE</strong></span> <span class='ocrx_word' id='word_1_3' title='bbox 1826 276 1913 331; x_wconf 81' lang='grc' dir='ltr'><strong>ΕΤ</strong></span> <span class='ocrx_word' id='word_1_4' title='bbox 1938 274 2530 332; x_wconf 76' lang='lat' dir='ltr'><strong>EXHORTATIONES.</strong></span> 
     </span>
    </p>
   </div>
   <div class='ocr_carea' id='block_1_3' title="bbox 3480 283 3579 335">
    <p class='ocr_par' dir='ltr' id='par_1_3' title="bbox 3480 283 3579 335">
     <span class='ocr_line' id='line_1_3' title="bbox 3480 283 3579 335; baseline -0.02 0"><span class='ocrx_word' id='word_1_5' title='bbox 3480 283 3579 335; x_wconf 75' lang='lat'><strong>650</strong></span> 
     </span>
    </p>
   </div>
   <div class='ocr_carea' id='block_1_4' title="bbox 374 388 3584 462">
    <p class='ocr_par' dir='ltr' id='par_1_4' title="bbox 374 388 3584 462">
     <span class='ocr_line' id='line_1_4' title="bbox 374 388 3584 462; baseline 0 -14"><span class='ocrx_word' id='word_1_6' title='bbox 374 397 690 448; x_wconf 79' lang='lat' dir='ltr'><strong>dicaturum.</strong></span> <span class='ocrx_word' id='word_1_7' title='bbox 741 392 813 446; x_wconf 88' lang='lat' dir='ltr'><strong>lbi</strong></span> <span class='ocrx_word' id='word_1_8' title='bbox 854 395 1115 462; x_wconf 88' lang='lat' dir='ltr'><strong>reperitur</strong></span> <span class='ocrx_word' id='word_1_9' title='bbox 1168 393 1389 447; x_wconf 84' lang='lat' dir='ltr'><strong>audiens</strong></span> <span class='ocrx_word' id='word_1_10' title='bbox 1427 409 1540 457; x_wconf 81' lang='lat' dir='ltr'><strong>eos,</strong></span> <span class='ocrx_word' id='word_1_11' title='bbox 1596 404 1649 449; x_wconf 90' lang='lat' dir='ltr'><strong>et</strong></span> <span class='ocrx_word' id='word_1_12' title='bbox 1707 396 1929 447; x_wconf 84' lang='lat' dir='ltr'><strong>interro-</strong></span> <span class='ocrx_word' id='word_1_13' title='bbox 1959 403 2001 461; x_wconf 73' lang='grc' dir='ltr'><strong>Α</strong></span> <span class='ocrx_word' id='word_1_14' title='bbox 2034 392 2163 444; x_wconf 85' lang='lat' dir='ltr'><strong>batis</strong></span> <span class='ocrx_word' id='word_1_15' title='bbox 2201 393 2321 459; x_wconf 86' lang='lat' dir='ltr'><strong>quia</strong></span> <span class='ocrx_word' id='word_1_16' title='bbox 2346 394 2398 445; x_wconf 80' lang='lat' dir='ltr'><strong>in</strong></span> <span class='ocrx_word' id='word_1_17' title='bbox 2440 392 2518 443; x_wconf 86' lang='lat' dir='ltr'><strong>his</strong></span> <span class='ocrx_word' id='word_1_18' title='bbox 2564 406 2676 457; x_wconf 64' lang='lat' dir='ltr'><strong>qua!</strong></span> <span class='ocrx_word' id='word_1_19' title='bbox 2707 388 2883 443; x_wconf 76' lang='lat' dir='ltr'><strong>Patris</strong></span> <span class='ocrx_word' id='word_1_20' title='bbox 2914 392 3010 443; x_wconf 81' lang='lat' dir='ltr'><strong>mei</strong></span> <span class='ocrx_word' id='word_1_21' title='bbox 3057 401 3270 448; x_wconf 86' lang='lat' dir='ltr'><strong>sunt.et</strong></span> <span class='ocrx_word' id='word_1_22' title='bbox 3302 392 3442 446; x_wconf 82' lang='lat' dir='ltr'><strong>inter</strong></span> <span class='ocrx_word' id='word_1_23' title='bbox 3469 394 3584 449; x_wconf 83' lang='lat' dir='ltr'><strong>illos</strong></span> 
     </span>
    </p>
   </div>
   <div class='ocr_carea' id='block_1_5' title="bbox 366 481 1919 554">
    <p class='ocr_par' dir='ltr' id='par_1_5' title="bbox 366 481 1919 554">
     <span class='ocr_line' id='line_1_5' title="bbox 366 481 1919 554; baseline -0.005 -15"><span class='ocrx_word' id='word_1_24' title='bbox 366 500 513 554; x_wconf 83' lang='lat' dir='ltr'><strong>gans.</strong></span> <span class='ocrx_word' id='word_1_25' title='bbox 567 485 764 539; x_wconf 83' lang='lat' dir='ltr'><strong>Audire</strong></span> <span class='ocrx_word' id='word_1_26' title='bbox 810 494 1051 539; x_wconf 91' lang='lat' dir='ltr'><strong>nostrum</strong></span> <span class='ocrx_word' id='word_1_27' title='bbox 1078 492 1181 543; x_wconf 87' lang='lat' dir='ltr'><strong>est.</strong></span> <span class='ocrx_word' id='word_1_28' title='bbox 1230 498 1364 537; x_wconf 88' lang='lat' dir='ltr'><strong>sono</strong></span> <span class='ocrx_word' id='word_1_29' title='bbox 1415 484 1629 538; x_wconf 98' lang='lat' dir='ltr'><strong>aliunde</strong></span> <span class='ocrx_word' id='word_1_30' title='bbox 1687 481 1919 538; x_wconf 88' lang='lat' dir='ltr'><strong>venienti</strong></span> 
     </span>
    </p>
   </div>
   <div class='ocr_carea' id='block_1_6' title="bbox 365 570 1921 641">
    <p class='ocr_par' dir='ltr' id='par_1_6' title="bbox 365 570 1921 641">
     <span class='ocr_line' id='line_1_6' title="bbox 365 570 1921 641; baseline 0.002 -18"><span class='ocrx_word' id='word_1_31' title='bbox 365 588 549 626; x_wconf 87' lang='lat' dir='ltr'><strong>aurem</strong></span> <span class='ocrx_word' id='word_1_32' title='bbox 601 570 705 626; x_wconf 87' lang='lat' dir='ltr'><strong>alio</strong></span> <span class='ocrx_word' id='word_1_33' title='bbox 750 572 975 641; x_wconf 88' lang='lat' dir='ltr'><strong>positam</strong></span> <span class='ocrx_word' id='word_1_34' title='bbox 1017 572 1377 625; x_wconf 83' lang='lat' dir='ltr'><strong>commodare.</strong></span> <span class='ocrx_word' id='word_1_35' title='bbox 1423 572 1492 625; x_wconf 83' lang='lat' dir='ltr'><strong>At</strong></span> <span class='ocrx_word' id='word_1_36' title='bbox 1536 582 1743 636; x_wconf 88' lang='lat' dir='ltr'><strong>contra,</strong></span> <span class='ocrx_word' id='word_1_37' title='bbox 1794 571 1921 636; x_wconf 85' lang='lat' dir='ltr'><strong>Deo,</strong></span> 
     </span>
    </p>
   </div>
   <div class='ocr_carea' id='block_1_7' title="bbox 367 660 1922 730">
    <p class='ocr_par' dir='ltr' id='par_1_7' title="bbox 367 660 1922 730">
     <span class='ocr_line' id='line_1_7' title="bbox 367 660 1922 730; baseline 0.002 -17"><span class='ocrx_word' id='word_1_38' title='bbox 367 662 453 718; x_wconf 83' lang='lat' dir='ltr'><strong>cui</strong></span> <span class='ocrx_word' id='word_1_39' title='bbox 477 662 606 715; x_wconf 83' lang='lat' dir='ltr'><strong>nihil</strong></span> <span class='ocrx_word' id='word_1_40' title='bbox 633 670 781 714; x_wconf 77' lang='lat' dir='ltr'><strong>extra</strong></span> <span class='ocrx_word' id='word_1_41' title='bbox 812 670 913 723; x_wconf 90' lang='lat' dir='ltr'><strong>est,</strong></span> <span class='ocrx_word' id='word_1_42' title='bbox 936 660 1119 713; x_wconf 90' lang='lat' dir='ltr'><strong>audire</strong></span> <span class='ocrx_word' id='word_1_43' title='bbox 1147 661 1359 728; x_wconf 82' lang='lat' dir='ltr'><strong>proprie</strong></span> <span class='ocrx_word' id='word_1_44' title='bbox 1389 671 1489 725; x_wconf 83' lang='lat' dir='ltr'><strong>est,</strong></span> <span class='ocrx_word' id='word_1_45' title='bbox 1521 662 1790 730; x_wconf 71' lang='lat' dir='ltr'><strong>surgentia</strong></span> <span class='ocrx_word' id='word_1_46' title='bbox 1822 664 1922 716; x_wconf 88' lang='lat' dir='ltr'><strong>sub</strong></span> 
     </span>
    </p>
   </div>
   <div class='ocr_carea' id='block_1_8' title="bbox 365 748 1922 817">
    <p class='ocr_par' dir='ltr' id='par_1_8' title="bbox 365 748 1922 817">
     <span class='ocr_line' id='line_1_8' title="bbox 365 748 1922 817; baseline -0.001 -14"><span class='ocrx_word' id='word_1_47' title='bbox 365 750 652 817; x_wconf 74' lang='lat' dir='ltr'><strong>semetipso</strong></span> <span class='ocrx_word' id='word_1_48' title='bbox 680 748 941 800; x_wconf 80' lang='lat' dir='ltr'><strong>desideria</strong></span> <span class='ocrx_word' id='word_1_49' title='bbox 986 756 1168 801; x_wconf 82' lang='lat' dir='ltr'><strong>nostra</strong></span> <span class='ocrx_word' id='word_1_50' title='bbox 1196 750 1486 817; x_wconf 87' lang='lat' dir='ltr'><strong>percipere.</strong></span> <span class='ocrx_word' id='word_1_51' title='bbox 1520 751 1715 803; x_wconf 82' lang='lat' dir='ltr'><strong>Tribus</strong></span> <span class='ocrx_word' id='word_1_52' title='bbox 1745 758 1922 802; x_wconf 80' lang='lat' dir='ltr'><strong>autent</strong></span> 
     </span>
    </p>
   </div>
   <div class='ocr_carea' id='block_1_9' title="bbox 368 835 1923 905">
    <p class='ocr_par' dir='ltr' id='par_1_9' title="bbox 368 835 1923 905">
     <span class='ocr_line' id='line_1_9' title="bbox 368 835 1923 905; baseline 0.001 -17"><span class='ocrx_word' id='word_1_53' title='bbox 368 837 535 889; x_wconf 51' lang='lat' dir='ltr'><strong>modis</strong></span> <span class='ocrx_word' id='word_1_54' title='bbox 568 852 663 889; x_wconf 84' lang='lat' dir='ltr'><strong>nos</strong></span> <span class='ocrx_word' id='word_1_55' title='bbox 707 835 1038 901; x_wconf 65' lang='lat' dir='ltr'><strong>interrogare</strong></span> <span class='ocrx_word' id='word_1_56' title='bbox 1081 838 1374 900; x_wconf 78' lang='lat' dir='ltr'><strong>consuevit,</strong></span> <span class='ocrx_word' id='word_1_57' title='bbox 1428 852 1550 892; x_wconf 87' lang='lat' dir='ltr'><strong>cum</strong></span> <span class='ocrx_word' id='word_1_58' title='bbox 1594 845 1687 890; x_wconf 85' lang='lat' dir='ltr'><strong>aut</strong></span> <span class='ocrx_word' id='word_1_59' title='bbox 1731 836 1923 905; x_wconf 78' lang='lat' dir='ltr'><strong>ﬂagelli</strong></span> 
     </span>
    </p>
   </div>
   <div class='ocr_carea' id='block_1_10' title="bbox 364 925 1926 993">
    <p class='ocr_par' dir='ltr' id='par_1_10' title="bbox 364 925 1926 993">
     <span class='ocr_line' id='line_1_10' title="bbox 364 925 1926 993; baseline 0.002 -15"><span class='ocrx_word' id='word_1_60' title='bbox 364 925 697 979; x_wconf 75' lang='lat' dir='ltr'><strong>districtione</strong></span> <span class='ocrx_word' id='word_1_61' title='bbox 726 925 970 992; x_wconf 79' lang='lat' dir='ltr'><strong>perculit,</strong></span> <span class='ocrx_word' id='word_1_62' title='bbox 1006 934 1057 991; x_wconf 87' lang='lat' dir='ltr'><strong>et</strong></span> <span class='ocrx_word' id='word_1_63' title='bbox 1100 936 1299 993; x_wconf 84' lang='lat' dir='ltr'><strong>quanta</strong></span> <span class='ocrx_word' id='word_1_64' title='bbox 1330 929 1483 981; x_wconf 89' lang='lat' dir='ltr'><strong>nobis</strong></span> <span class='ocrx_word' id='word_1_65' title='bbox 1524 929 1649 982; x_wconf 93' lang='lat' dir='ltr'><strong>insit</strong></span> <span class='ocrx_word' id='word_1_66' title='bbox 1678 928 1757 980; x_wconf 80' lang='lat' dir='ltr'><strong>vel</strong></span> <span class='ocrx_word' id='word_1_67' title='bbox 1788 930 1926 981; x_wconf 81' lang='lat' dir='ltr'><strong>desit</strong></span> 
     </span>
    </p>
   </div>
   <div class='ocr_carea' id='block_1_11' title="bbox 364 1004 1925 1091">
    <p class='ocr_par' dir='ltr' id='par_1_11' title="bbox 364 1004 1925 1091">
     <span class='ocr_line' id='line_1_11' title="bbox 364 1004 1925 1091; baseline 0.004 -28"><span class='ocrx_word' id='word_1_68' title='bbox 364 1015 618 1082; x_wconf 81' lang='lat' dir='ltr'><strong>patientia</strong></span> <span class='ocrx_word' id='word_1_69' title='bbox 647 1012 909 1076; x_wconf 87' lang='lat' dir='ltr'><strong>ostendit;</strong></span> <span class='ocrx_word' id='word_1_70' title='bbox 944 1021 1030 1067; x_wconf 80' lang='lat' dir='ltr'><strong>aut</strong></span> <span class='ocrx_word' id='word_1_71' title='bbox 1056 1014 1293 1081; x_wconf 72' lang='lat' dir='ltr'><strong>qnmdam</strong></span> <span class='ocrx_word' id='word_1_72' title='bbox 1325 1004 1710 1091; x_wconf 23' lang='lat' dir='ltr'><strong>qute‘nolumus</strong></span> <span class='ocrx_word' id='word_1_73' title='bbox 1742 1017 1925 1083; x_wconf 84' lang='lat' dir='ltr'><strong>praeci-</strong></span> 
     </span>
    </p>
   </div>
   <div class='ocr_carea' id='block_1_12' title="bbox 364 1103 1923 1177">
    <p class='ocr_par' dir='ltr' id='par_1_12' title="bbox 364 1103 1923 1177">
     <span class='ocr_line' id='line_1_12' title="bbox 364 1103 1923 1177; baseline 0.003 -24"><span class='ocrx_word' id='word_1_74' title='bbox 364 1104 459 1171; x_wconf 83' lang='lat' dir='ltr'><strong>pit,</strong></span> <span class='ocrx_word' id='word_1_75' title='bbox 496 1111 804 1155; x_wconf 70' lang='lat' dir='ltr'><strong>ctuostram</strong></span> <span class='ocrx_word' id='word_1_76' title='bbox 835 1103 987 1157; x_wconf 91' lang='lat' dir='ltr'><strong>nobis</strong></span> <span class='ocrx_word' id='word_1_77' title='bbox 1016 1103 1371 1159; x_wconf 73' lang='lat' dir='ltr'><strong>obedientiam</strong></span> <span class='ocrx_word' id='word_1_78' title='bbox 1397 1106 1479 1159; x_wconf 91' lang='lat' dir='ltr'><strong>vel</strong></span> <span class='ocrx_word' id='word_1_79' title='bbox 1513 1105 1923 1177; x_wconf 76' lang='lat' dir='ltr'><strong>inobedientiam</strong></span> 
     </span>
    </p>
   </div>
   <div class='ocr_carea' id='block_1_13' title="bbox 365 1190 1916 1264">
    <p class='ocr_par' dir='ltr' id='par_1_13' title="bbox 365 1190 1916 1264">
     <span class='ocr_line' id='line_1_13' title="bbox 365 1190 1916 1264; baseline 0.003 -19"><span class='ocrx_word' id='word_1_80' title='bbox 365 1190 649 1261; x_wconf 75' lang='lat' dir='ltr'><strong>patefacit;</strong></span> <span class='ocrx_word' id='word_1_81' title='bbox 695 1202 785 1247; x_wconf 90' lang='lat' dir='ltr'><strong>aut</strong></span> <span class='ocrx_word' id='word_1_82' title='bbox 811 1193 988 1263; x_wconf 87' lang='lat' dir='ltr'><strong>aliqua</strong></span> <span class='ocrx_word' id='word_1_83' title='bbox 1033 1195 1185 1249; x_wconf 91' lang='lat' dir='ltr'><strong>nobis</strong></span> <span class='ocrx_word' id='word_1_84' title='bbox 1214 1195 1420 1249; x_wconf 88' lang='lat' dir='ltr'><strong>occulta</strong></span> <span class='ocrx_word' id='word_1_85' title='bbox 1451 1196 1623 1264; x_wconf 85' lang='lat' dir='ltr'><strong>aperit</strong></span> <span class='ocrx_word' id='word_1_86' title='bbox 1660 1204 1711 1248; x_wconf 91' lang='lat' dir='ltr'><strong>et</strong></span> <span class='ocrx_word' id='word_1_87' title='bbox 1740 1196 1916 1263; x_wconf 88' lang='lat' dir='ltr'><strong>aliqua</strong></span> 
     </span>
    </p>
   </div>
   <div class='ocr_carea' id='block_1_14' title="bbox 365 1283 1925 1350">
    <p class='ocr_par' dir='ltr' id='par_1_14' title="bbox 365 1283 1925 1350">
     <span class='ocr_line' id='line_1_14' title="bbox 365 1283 1925 1350; baseline 0.003 -15"><span class='ocrx_word' id='word_1_88' title='bbox 365 1283 665 1350; x_wconf 80' lang='lat' dir='ltr'><strong>abscondit,</strong></span> <span class='ocrx_word' id='word_1_89' title='bbox 717 1293 771 1337; x_wconf 88' lang='lat' dir='ltr'><strong>et</strong></span> <span class='ocrx_word' id='word_1_90' title='bbox 811 1299 1113 1339; x_wconf 90' lang='lat' dir='ltr'><strong>mensuram</strong></span> <span class='ocrx_word' id='word_1_91' title='bbox 1164 1285 1317 1339; x_wconf 83' lang='lat' dir='ltr'><strong>nobis</strong></span> <span class='ocrx_word' id='word_1_92' title='bbox 1369 1294 1566 1338; x_wconf 69' lang='lat' dir='ltr'><strong>nostrae</strong></span> <span class='ocrx_word' id='word_1_93' title='bbox 1610 1284 1925 1341; x_wconf 87' lang='lat' dir='ltr'><strong>humilitatis</strong></span> 
     </span>
    </p>
   </div>
   <div class='ocr_carea' id='block_1_15' title="bbox 366 1374 1926 1445">
    <p class='ocr_par' dir='ltr' id='par_1_15' title="bbox 366 1374 1926 1445">
     <span class='ocr_line' id='line_1_15' title="bbox 366 1374 1926 1445; baseline 0.003 -20"><span class='ocrx_word' id='word_1_94' title='bbox 366 1374 674 1427; x_wconf 76' lang='lat' dir='ltr'><strong>innutescit.</strong></span> <span class='ocrx_word' id='word_1_95' title='bbox 714 1375 778 1428; x_wconf 87' lang='lat' dir='ltr'><strong>Et</strong></span> <span class='ocrx_word' id='word_1_96' title='bbox 814 1375 914 1429; x_wconf 90' lang='lat' dir='ltr'><strong>hoc</strong></span> <span class='ocrx_word' id='word_1_97' title='bbox 948 1375 1109 1430; x_wconf 89' lang='lat' dir='ltr'><strong>tertio</strong></span> <span class='ocrx_word' id='word_1_98' title='bbox 1141 1375 1297 1429; x_wconf 89' lang='lat' dir='ltr'><strong>modo</strong></span> <span class='ocrx_word' id='word_1_99' title='bbox 1348 1375 1516 1445; x_wconf 83' lang='lat' dir='ltr'><strong>magis</strong></span> <span class='ocrx_word' id='word_1_100' title='bbox 1550 1374 1797 1430; x_wconf 77' lang='lat' dir='ltr'><strong>doczores</strong></span> <span class='ocrx_word' id='word_1_101' title='bbox 1845 1376 1926 1429; x_wconf 79' lang='lat' dir='ltr'><strong>in-</strong></span> 
     </span>
    </p>
   </div>
   <div class='ocr_carea' id='block_1_16' title="bbox 365 1471 621 1531">
    <p class='ocr_par' dir='ltr' id='par_1_16' title="bbox 365 1471 621 1531">
     <span class='ocr_line' id='line_1_16' title="bbox 365 1471 621 1531; baseline -0.008 -14"><span class='ocrx_word' id='word_1_102' title='bbox 365 1471 621 1531; x_wconf 84' lang='lat' dir='ltr'><strong>terrogat.</strong></span> 
     </span>
    </p>
   </div>
   <div class='ocr_carea' id='block_1_17' title="bbox 438 1556 1925 1629">
    <p class='ocr_par' dir='ltr' id='par_1_17' title="bbox 438 1556 1925 1629">
     <span class='ocr_line' id='line_1_17' title="bbox 438 1556 1925 1629; baseline 0.002 -19"><span class='ocrx_word' id='word_1_103' title='bbox 438 1556 742 1625; x_wconf 72' lang='lat' dir='ltr'><strong>Stupebant,</strong></span> <span class='ocrx_word' id='word_1_104' title='bbox 782 1559 975 1627; x_wconf 91' lang='lat' dir='ltr'><strong>inquit,</strong></span> <span class='ocrx_word' id='word_1_105' title='bbox 1009 1566 1202 1625; x_wconf 77' lang='lat' dir='ltr'><strong>omnes,</strong></span> <span class='ocrx_word' id='word_1_106' title='bbox 1228 1577 1316 1629; x_wconf 84' lang='lat' dir='ltr'><strong>qut</strong></span> <span class='ocrx_word' id='word_1_107' title='bbox 1351 1578 1467 1613; x_wconf 88' lang='lat' dir='ltr'><strong>eum</strong></span> <span class='ocrx_word' id='word_1_108' title='bbox 1502 1561 1801 1625; x_wconf 88' lang='lat' dir='ltr'><strong>audiebant,</strong></span> <span class='ocrx_word' id='word_1_109' title='bbox 1832 1578 1925 1613; x_wconf 84' lang='lat' dir='ltr'><strong>sn-</strong></span> 
     </span>
    </p>
   </div>
   <div class='ocr_carea' id='block_1_18' title="bbox 361 1646 1926 1716">
    <p class='ocr_par' dir='ltr' id='par_1_18' title="bbox 361 1646 1926 1716">
     <span class='ocr_line' id='line_1_18' title="bbox 361 1646 1926 1716; baseline 0.003 -21"><span class='ocrx_word' id='word_1_110' title='bbox 361 1660 456 1710; x_wconf 83' lang='lat' dir='ltr'><strong>per</strong></span> <span class='ocrx_word' id='word_1_111' title='bbox 485 1646 755 1712; x_wconf 78' lang='lat' dir='ltr'><strong>prudentia</strong></span> <span class='ocrx_word' id='word_1_112' title='bbox 798 1655 844 1700; x_wconf 86' lang='lat' dir='ltr'><strong>et</strong></span> <span class='ocrx_word' id='word_1_113' title='bbox 905 1649 1157 1713; x_wconf 86' lang='lat' dir='ltr'><strong>responsis</strong></span> <span class='ocrx_word' id='word_1_114' title='bbox 1215 1648 1351 1715; x_wconf 81' lang='lat' dir='ltr'><strong>ejus.</strong></span> <span class='ocrx_word' id='word_1_115' title='bbox 1391 1648 1704 1716; x_wconf 86' lang='lat' dir='ltr'><strong>Quicunque</strong></span> <span class='ocrx_word' id='word_1_116' title='bbox 1747 1648 1926 1703; x_wconf 80' lang='lat' dir='ltr'><strong>cordis</strong></span> 
     </span>
    </p>
   </div>
   <div class='ocr_carea' id='block_1_19' title="bbox 2022 480 3586 551">
    <p class='ocr_par' dir='ltr' id='par_1_19' title="bbox 2022 480 3586 551">
     <span class='ocr_line' id='line_1_19' title="bbox 2022 480 3586 551; baseline 0.003 -18"><span class='ocrx_word' id='word_1_117' title='bbox 2022 483 2111 551; x_wconf 81' lang='lat' dir='ltr'><strong>qui</strong></span> <span class='ocrx_word' id='word_1_118' title='bbox 2144 482 2318 535; x_wconf 83' lang='lat' dir='ltr'><strong>Patris</strong></span> <span class='ocrx_word' id='word_1_119' title='bbox 2359 483 2462 536; x_wconf 87' lang='lat' dir='ltr'><strong>mei</strong></span> <span class='ocrx_word' id='word_1_120' title='bbox 2505 482 2831 535; x_wconf 69' lang='lat' dir='ltr'><strong>voluntatem</strong></span> <span class='ocrx_word' id='word_1_121' title='bbox 2865 480 3066 536; x_wconf 75' lang='lat' dir='ltr'><strong>faciunt</strong></span> <span class='ocrx_word' id='word_1_122' title='bbox 3115 492 3311 550; x_wconf 83' lang='lat' dir='ltr'><strong>oportet</strong></span> <span class='ocrx_word' id='word_1_123' title='bbox 3338 500 3416 536; x_wconf 89' lang='lat' dir='ltr'><strong>me</strong></span> <span class='ocrx_word' id='word_1_124' title='bbox 3441 488 3586 538; x_wconf 75' lang='lat' dir='ltr'><strong>esse?</strong></span> 
     </span>
    </p>
   </div>
   <div class='ocr_carea' id='block_1_20' title="bbox 2026 572 3586 641">
    <p class='ocr_par' dir='ltr' id='par_1_20' title="bbox 2026 572 3586 641">
     <span class='ocr_line' id='line_1_20' title="bbox 2026 572 3586 641; baseline 0.001 -16"><span class='ocrx_word' id='word_1_125' title='bbox 2026 572 2091 625; x_wconf 79' lang='lat' dir='ltr'><strong>Et</strong></span> <span class='ocrx_word' id='word_1_126' title='bbox 2136 574 2234 641; x_wconf 86' lang='lat' dir='ltr'><strong>ipsi</strong></span> <span class='ocrx_word' id='word_1_127' title='bbox 2268 589 2367 626; x_wconf 77' lang='lat' dir='ltr'><strong>non</strong></span> <span class='ocrx_word' id='word_1_128' title='bbox 2405 573 2768 626; x_wconf 71' lang='lat' dir='ltr'><strong>intellexerunt</strong></span> <span class='ocrx_word' id='word_1_129' title='bbox 2796 572 3002 625; x_wconf 85' lang='lat' dir='ltr'><strong>verbum</strong></span> <span class='ocrx_word' id='word_1_130' title='bbox 3031 574 3168 640; x_wconf 83' lang='lat' dir='ltr'><strong>quod</strong></span> <span class='ocrx_word' id='word_1_131' title='bbox 3200 573 3400 627; x_wconf 89' lang='lat' dir='ltr'><strong>locutus</strong></span> <span class='ocrx_word' id='word_1_132' title='bbox 3422 575 3586 629; x_wconf 79' lang='lat' dir='ltr'><strong>estad</strong></span> 
     </span>
    </p>
   </div>
   <div class='ocr_carea' id='block_1_21' title="bbox 2024 659 3583 727">
    <p class='ocr_par' dir='ltr' id='par_1_21' title="bbox 2024 659 3583 727">
     <span class='ocr_line' id='line_1_21' title="bbox 2024 659 3583 727; baseline 0.001 -15"><span class='ocrx_word' id='word_1_133' title='bbox 2024 676 2128 712; x_wconf 77' lang='lat' dir='ltr'><strong>eos.</strong></span> <span class='ocrx_word' id='word_1_134' title='bbox 2167 661 2283 711; x_wconf 84' lang='lat' dir='ltr'><strong>Non</strong></span> <span class='ocrx_word' id='word_1_135' title='bbox 2326 660 2708 727; x_wconf 73' lang='lat' dir='ltr'><strong>intellexerunt,</strong></span> <span class='ocrx_word' id='word_1_136' title='bbox 2732 659 2853 727; x_wconf 89' lang='lat' dir='ltr'><strong>quia</strong></span> <span class='ocrx_word' id='word_1_137' title='bbox 2882 674 2977 713; x_wconf 91' lang='lat' dir='ltr'><strong>cor</strong></span> <span class='ocrx_word' id='word_1_138' title='bbox 3002 670 3258 713; x_wconf 74' lang='lat' dir='ltr'><strong>czecatum</strong></span> <span class='ocrx_word' id='word_1_139' title='bbox 3295 660 3583 724; x_wconf 81' lang='lat' dir='ltr'><strong>habebant,</strong></span> 
     </span>
    </p>
   </div>
   <div class='ocr_carea' id='block_1_22' title="bbox 2025 748 3588 819">
    <p class='ocr_par' dir='ltr' id='par_1_22' title="bbox 2025 748 3588 819">
     <span class='ocr_line' id='line_1_22' title="bbox 2025 748 3588 819; baseline 0.004 -20"><span class='ocrx_word' id='word_1_140' title='bbox 2025 755 2077 799; x_wconf 86' lang='lat' dir='ltr'><strong>et</strong></span> <span class='ocrx_word' id='word_1_141' title='bbox 2113 748 2163 799; x_wconf 92' lang='lat' dir='ltr'><strong>in</strong></span> <span class='ocrx_word' id='word_1_142' title='bbox 2204 748 2438 803; x_wconf 82' lang='lat' dir='ltr'><strong>Ecclesia</strong></span> <span class='ocrx_word' id='word_1_143' title='bbox 2467 751 2700 818; x_wconf 87' lang='lat' dir='ltr'><strong>gentium</strong></span> <span class='ocrx_word' id='word_1_144' title='bbox 2742 764 2862 803; x_wconf 87' lang='lat' dir='ltr'><strong>esse</strong></span> <span class='ocrx_word' id='word_1_145' title='bbox 2895 749 3169 803; x_wconf 81' lang='lat' dir='ltr'><strong>Christum</strong></span> <span class='ocrx_word' id='word_1_146' title='bbox 3197 764 3299 803; x_wconf 90' lang='lat' dir='ltr'><strong>non</strong></span> <span class='ocrx_word' id='word_1_147' title='bbox 3333 764 3588 819; x_wconf 85' lang='lat' dir='ltr'><strong>agnosce-</strong></span> 
     </span>
    </p>
   </div>
   <div class='ocr_carea' id='block_1_23' title="bbox 2026 836 3589 908">
    <p class='ocr_par' dir='ltr' id='par_1_23' title="bbox 2026 836 3589 908">
     <span class='ocr_line' id='line_1_23' title="bbox 2026 836 3589 908; baseline 0.003 -19"><span class='ocrx_word' id='word_1_148' title='bbox 2026 836 2188 898; x_wconf 84' lang='lat' dir='ltr'><strong>bant;</strong></span> <span class='ocrx_word' id='word_1_149' title='bbox 2220 839 2467 905; x_wconf 89' lang='lat' dir='ltr'><strong>quoniam</strong></span> <span class='ocrx_word' id='word_1_150' title='bbox 2496 842 2699 892; x_wconf 69' lang='lat' dir='ltr'><strong>accitas</strong></span> <span class='ocrx_word' id='word_1_151' title='bbox 2726 856 2790 893; x_wconf 77' lang='lat' dir='ltr'><strong>ea:</strong></span> <span class='ocrx_word' id='word_1_152' title='bbox 2810 850 2956 907; x_wconf 87' lang='lat' dir='ltr'><strong>parte</strong></span> <span class='ocrx_word' id='word_1_153' title='bbox 2978 841 3187 908; x_wconf 80' lang='lat' dir='ltr'><strong>contigit</strong></span> <span class='ocrx_word' id='word_1_154' title='bbox 3212 841 3263 892; x_wconf 87' lang='lat' dir='ltr'><strong>in</strong></span> <span class='ocrx_word' id='word_1_155' title='bbox 3290 838 3481 905; x_wconf 89' lang='lat' dir='ltr'><strong>Israel,</strong></span> <span class='ocrx_word' id='word_1_156' title='bbox 3500 842 3589 894; x_wconf 82' lang='lat' dir='ltr'><strong>do-</strong></span> 
     </span>
    </p>
   </div>
   <div class='ocr_carea' id='block_1_24' title="bbox 2026 923 3588 994">
    <p class='ocr_par' dir='ltr' id='par_1_24' title="bbox 2026 923 3588 994">
     <span class='ocr_line' id='line_1_24' title="bbox 2026 923 3588 994; baseline 0.003 -19"><span class='ocrx_word' id='word_1_157' title='bbox 2026 940 2117 977; x_wconf 87' lang='lat' dir='ltr'><strong>nec</strong></span> <span class='ocrx_word' id='word_1_158' title='bbox 2162 923 2423 992; x_wconf 78' lang='lat' dir='ltr'><strong>plenitudo</strong></span> <span class='ocrx_word' id='word_1_159' title='bbox 2470 929 2694 994; x_wconf 86' lang='lat' dir='ltr'><strong>gentium</strong></span> <span class='ocrx_word' id='word_1_160' title='bbox 2739 930 2974 992; x_wconf 78' lang='lat' dir='ltr'><strong>intraret,</strong></span> <span class='ocrx_word' id='word_1_161' title='bbox 3010 938 3057 981; x_wconf 87' lang='lat' dir='ltr'><strong>et</strong></span> <span class='ocrx_word' id='word_1_162' title='bbox 3101 929 3175 981; x_wconf 85' lang='lat' dir='ltr'><strong>sic</strong></span> <span class='ocrx_word' id='word_1_163' title='bbox 3209 930 3374 982; x_wconf 84' lang='lat' dir='ltr'><strong>omnis</strong></span> <span class='ocrx_word' id='word_1_164' title='bbox 3419 928 3588 982; x_wconf 85' lang='lat' dir='ltr'><strong>Israel</strong></span> 
     </span>
    </p>
   </div>
   <div class='ocr_carea' id='block_1_25' title="bbox 2027 1014 3586 1087">
    <p class='ocr_par' dir='ltr' id='par_1_25' title="bbox 2027 1014 3586 1087">
     <span class='ocr_line' id='line_1_25' title="bbox 2027 1014 3586 1087; baseline 0.005 -21"><span class='ocrx_word' id='word_1_165' title='bbox 2027 1014 2200 1067; x_wconf 87' lang='lat' dir='ltr'><strong>salvus</strong></span> <span class='ocrx_word' id='word_1_166' title='bbox 2240 1015 2382 1080; x_wconf 82' lang='lat' dir='ltr'><strong>ﬁeret</strong></span> <span class='ocrx_word' id='word_1_167' title='bbox 2440 1015 2610 1081; x_wconf 84' lang='lat' dir='ltr'><strong>(Rom.</strong></span> <span class='ocrx_word' id='word_1_168' title='bbox 2651 1032 2726 1079; x_wconf 75' lang='lat' dir='ltr'><strong>XI,</strong></span> <span class='ocrx_word' id='word_1_169' title='bbox 2753 1018 2865 1085; x_wconf 73' lang='lat'><strong>25).</strong></span> <span class='ocrx_word' id='word_1_170' title='bbox 2900 1018 3031 1071; x_wconf 84' lang='lat' dir='ltr'><strong>Nam</strong></span> <span class='ocrx_word' id='word_1_171' title='bbox 3076 1019 3198 1087; x_wconf 87' lang='lat' dir='ltr'><strong>quia</strong></span> <span class='ocrx_word' id='word_1_172' title='bbox 3237 1020 3288 1072; x_wconf 89' lang='lat' dir='ltr'><strong>in</strong></span> <span class='ocrx_word' id='word_1_173' title='bbox 3343 1028 3586 1074; x_wconf 74' lang='lat' dir='ltr'><strong>extremo</strong></span> 
     </span>
    </p>
   </div>
   <div class='ocr_carea' id='block_1_26' title="bbox 2027 1104 3587 1181">
    <p class='ocr_par' dir='ltr' id='par_1_26' title="bbox 2027 1104 3587 1181">
     <span class='ocr_line' id='line_1_26' title="bbox 2027 1104 3587 1181; baseline 0.003 -24"><span class='ocrx_word' id='word_1_174' title='bbox 2027 1113 2266 1173; x_wconf 85' lang='lat' dir='ltr'><strong>tempore</strong></span> <span class='ocrx_word' id='word_1_175' title='bbox 2286 1104 2529 1181; x_wconf 82' lang='lat' dir='ltr'><strong>Salvator</strong></span> <span class='ocrx_word' id='word_1_176' title='bbox 2558 1104 2619 1155; x_wconf 91' lang='lat' dir='ltr'><strong>ad</strong></span> <span class='ocrx_word' id='word_1_177' title='bbox 2651 1105 2901 1173; x_wconf 78' lang='lat' dir='ltr'><strong>reliquias</strong></span> <span class='ocrx_word' id='word_1_178' title='bbox 2924 1105 3087 1160; x_wconf 85' lang='lat' dir='ltr'><strong>lsracl</strong></span> <span class='ocrx_word' id='word_1_179' title='bbox 3111 1118 3429 1172; x_wconf 79' lang='lat' dir='ltr'><strong>revertetur,</strong></span> <span class='ocrx_word' id='word_1_180' title='bbox 3462 1120 3587 1178; x_wconf 86' lang='lat' dir='ltr'><strong>apte</strong></span> 
     </span>
    </p>
   </div>
   <div class='ocr_carea' id='block_1_27' title="bbox 2026 1196 3589 1265">
    <p class='ocr_par' dir='ltr' id='par_1_27' title="bbox 2026 1196 3589 1265">
     <span class='ocr_line' id='line_1_27' title="bbox 2026 1196 3589 1265; baseline 0.002 -17"><span class='ocrx_word' id='word_1_181' title='bbox 2026 1196 2365 1265; x_wconf 79' lang='lat' dir='ltr'><strong>subjuugitur</strong></span> <span class='ocrx_word' id='word_1_182' title='bbox 2402 1214 2413 1247; x_wconf 90' lang='lat'>:</span> <span class='ocrx_word' id='word_1_183' title='bbox 2450 1196 2513 1248; x_wconf 83' lang='lat' dir='ltr'><strong>Et</strong></span> <span class='ocrx_word' id='word_1_184' title='bbox 2552 1196 2812 1248; x_wconf 75' lang='lat' dir='ltr'><strong>descendit</strong></span> <span class='ocrx_word' id='word_1_185' title='bbox 2853 1212 2968 1247; x_wconf 84' lang='lat' dir='ltr'><strong>cum</strong></span> <span class='ocrx_word' id='word_1_186' title='bbox 3014 1198 3106 1259; x_wconf 86' lang='lat' dir='ltr'><strong>eis,</strong></span> <span class='ocrx_word' id='word_1_187' title='bbox 3153 1208 3197 1248; x_wconf 89' lang='lat' dir='ltr'><strong>et</strong></span> <span class='ocrx_word' id='word_1_188' title='bbox 3244 1200 3371 1250; x_wconf 80' lang='lat' dir='ltr'><strong>venit</strong></span> <span class='ocrx_word' id='word_1_189' title='bbox 3414 1198 3589 1251; x_wconf 75' lang='lat' dir='ltr'><strong>Naza-</strong></span> 
     </span>
    </p>
   </div>
   <div class='ocr_carea' id='block_1_28' title="bbox 2027 1281 3583 1340">
    <p class='ocr_par' dir='ltr' id='par_1_28' title="bbox 2027 1281 3583 1340">
     <span class='ocr_line' id='line_1_28' title="bbox 2027 1281 3583 1340; baseline 0.003 -8"><span class='ocrx_word' id='word_1_190' title='bbox 2027 1282 2136 1333; x_wconf 83' lang='lat' dir='ltr'><strong>retlt</strong></span> <span class='ocrx_word' id='word_1_191' title='bbox 2161 1295 2177 1331; x_wconf 92' lang='lat'><em>:</em></span> <span class='ocrx_word' id='word_1_192' title='bbox 2206 1291 2254 1334; x_wconf 87' lang='lat' dir='ltr'><strong>et</strong></span> <span class='ocrx_word' id='word_1_193' title='bbox 2284 1292 2395 1334; x_wconf 86' lang='lat' dir='ltr'><strong>erat</strong></span> <span class='ocrx_word' id='word_1_194' title='bbox 2417 1282 2655 1334; x_wconf 79' lang='lat' dir='ltr'><strong>subditus</strong></span> <span class='ocrx_word' id='word_1_195' title='bbox 2680 1281 2801 1333; x_wconf 85' lang='lat' dir='ltr'><strong>illis.</strong></span> <span class='ocrx_word' id='word_1_196' title='bbox 2836 1281 3102 1340; x_wconf 71' lang='lat' dir='ltr'><strong>Descendit</strong></span> <span class='ocrx_word' id='word_1_197' title='bbox 3136 1283 3274 1335; x_wconf 88' lang='lat' dir='ltr'><strong>enim</strong></span> <span class='ocrx_word' id='word_1_198' title='bbox 3300 1285 3583 1339; x_wconf 84' lang='lat' dir='ltr'><strong>novissime</strong></span> 
     </span>
    </p>
   </div>
   <div class='ocr_carea' id='block_1_29' title="bbox 2027 1370 3585 1435">
    <p class='ocr_par' dir='ltr' id='par_1_29' title="bbox 2027 1370 3585 1435">
     <span class='ocr_line' id='line_1_29' title="bbox 2027 1370 3585 1435; baseline 0.002 -11"><span class='ocrx_word' id='word_1_199' title='bbox 2027 1388 2141 1424; x_wconf 85' lang='lat' dir='ltr'><strong>cum</strong></span> <span class='ocrx_word' id='word_1_200' title='bbox 2172 1370 2407 1425; x_wconf 61' lang='lat' dir='ltr'><strong>Hebraeis</strong></span> <span class='ocrx_word' id='word_1_201' title='bbox 2432 1390 2446 1425; x_wconf 86' lang='lat'><strong>:</strong></span> <span class='ocrx_word' id='word_1_202' title='bbox 2470 1383 2516 1425; x_wconf 92' lang='lat' dir='ltr'><strong>et</strong></span> <span class='ocrx_word' id='word_1_203' title='bbox 2539 1372 2671 1425; x_wconf 90' lang='lat' dir='ltr'><strong>venit</strong></span> <span class='ocrx_word' id='word_1_204' title='bbox 2696 1371 2985 1434; x_wconf 76' lang='lat' dir='ltr'><strong>Nazaretlt,</strong></span> <span class='ocrx_word' id='word_1_205' title='bbox 3017 1372 3102 1424; x_wconf 83' lang='lat' dir='ltr'><strong>tibi</strong></span> <span class='ocrx_word' id='word_1_206' title='bbox 3132 1372 3363 1425; x_wconf 87' lang='lat' dir='ltr'><strong>nutritus</strong></span> <span class='ocrx_word' id='word_1_207' title='bbox 3387 1374 3585 1435; x_wconf 83' lang='lat' dir='ltr'><strong>fuerat;</strong></span> 
     </span>
    </p>
   </div>
   <div class='ocr_carea' id='block_1_30' title="bbox 2027 1460 3591 1529">
    <p class='ocr_par' dir='ltr' id='par_1_30' title="bbox 2027 1460 3591 1529">
     <span class='ocr_line' id='line_1_30' title="bbox 2027 1460 3591 1529; baseline -0.003 -16"><span class='ocrx_word' id='word_1_208' title='bbox 2027 1462 2149 1529; x_wconf 89' lang='lat' dir='ltr'><strong>quia</strong></span> <span class='ocrx_word' id='word_1_209' title='bbox 2181 1477 2304 1514; x_wconf 88' lang='lat' dir='ltr'><strong>cum</strong></span> <span class='ocrx_word' id='word_1_210' title='bbox 2356 1462 2438 1514; x_wconf 86' lang='lat' dir='ltr'><strong>his</strong></span> <span class='ocrx_word' id='word_1_211' title='bbox 2466 1462 2552 1529; x_wconf 88' lang='lat' dir='ltr'><strong>qui</strong></span> <span class='ocrx_word' id='word_1_212' title='bbox 2603 1462 2666 1514; x_wconf 86' lang='lat' dir='ltr'><strong>de</strong></span> <span class='ocrx_word' id='word_1_213' title='bbox 2708 1460 3119 1514; x_wconf 79' lang='lat' dir='ltr'><strong>circumcisione</strong></span> <span class='ocrx_word' id='word_1_214' title='bbox 3142 1460 3501 1524; x_wconf 76' lang='lat' dir='ltr'><strong>crediderant,</strong></span> <span class='ocrx_word' id='word_1_215' title='bbox 3532 1477 3591 1514; x_wconf 78' lang='lat' dir='ltr'><strong>Se.</strong></span> 
     </span>
    </p>
   </div>
   <div class='ocr_carea' id='block_1_31' title="bbox 2028 1550 3585 1617">
    <p class='ocr_par' dir='ltr' id='par_1_31' title="bbox 2028 1550 3585 1617">
     <span class='ocr_line' id='line_1_31' title="bbox 2028 1550 3585 1617; baseline -0.002 -12"><span class='ocrx_word' id='word_1_216' title='bbox 2028 1552 2445 1605; x_wconf 88' lang='lat' dir='ltr'><strong>misericorditer</strong></span> <span class='ocrx_word' id='word_1_217' title='bbox 2500 1551 2773 1605; x_wconf 83' lang='lat' dir='ltr'><strong>inclinavit</strong></span> <span class='ocrx_word' id='word_1_218' title='bbox 2839 1551 2903 1603; x_wconf 90' lang='lat' dir='ltr'><strong>ad</strong></span> <span class='ocrx_word' id='word_1_219' title='bbox 2954 1550 3159 1617; x_wconf 80' lang='lat' dir='ltr'><strong>plebem</strong></span> <span class='ocrx_word' id='word_1_220' title='bbox 3211 1550 3585 1605; x_wconf 81' lang='lat' dir='ltr'><strong>lsraelitieam.</strong></span> 
     </span>
    </p>
   </div>
   <div class='ocr_carea' id='block_1_32' title="bbox 2029 1640 3589 1713">
    <p class='ocr_par' dir='ltr' id='par_1_32' title="bbox 2029 1640 3589 1713">
     <span class='ocr_line' id='line_1_32' title="bbox 2029 1640 3589 1713; baseline 0 -21"><span class='ocrx_word' id='word_1_221' title='bbox 2029 1640 2178 1713; x_wconf 81' lang='lat' dir='ltr'><strong>Quod</strong></span> <span class='ocrx_word' id='word_1_222' title='bbox 2207 1650 2381 1694; x_wconf 88' lang='lat' dir='ltr'><strong>tamen</strong></span> <span class='ocrx_word' id='word_1_223' title='bbox 2413 1641 2585 1693; x_wconf 86' lang='lat' dir='ltr'><strong>adhuc</strong></span> <span class='ocrx_word' id='word_1_224' title='bbox 2610 1649 2695 1693; x_wconf 90' lang='lat' dir='ltr'><strong>est</strong></span> <span class='ocrx_word' id='word_1_225' title='bbox 2722 1640 2977 1705; x_wconf 78' lang='lat' dir='ltr'><strong>futurum,</strong></span> <span class='ocrx_word' id='word_1_226' title='bbox 3005 1640 3127 1693; x_wconf 90' lang='lat' dir='ltr'><strong>licet</strong></span> <span class='ocrx_word' id='word_1_227' title='bbox 3154 1654 3435 1694; x_wconf 88' lang='lat' dir='ltr'><strong>narremus</strong></span> <span class='ocrx_word' id='word_1_228' title='bbox 3462 1641 3589 1693; x_wconf 90' lang='lat' dir='ltr'><strong>illud</strong></span> 
     </span>
    </p>
   </div>
   <div class='ocr_carea' id='block_1_33' title="bbox 365 1718 1968 1806">
    <p class='ocr_par' dir='ltr' id='par_1_33' title="bbox 365 1720 1968 1806">
     <span class='ocr_line' id='line_1_33' title="bbox 365 1720 1968 1806; baseline 0.001 -21"><span class='ocrx_word' id='word_1_229' title='bbox 365 1748 497 1786; x_wconf 88' lang='lat' dir='ltr'><strong>aure</strong></span> <span class='ocrx_word' id='word_1_230' title='bbox 519 1748 642 1787; x_wconf 87' lang='lat' dir='ltr'><strong>eum</strong></span> <span class='ocrx_word' id='word_1_231' title='bbox 675 1736 850 1789; x_wconf 83' lang='lat' dir='ltr'><strong>athuc</strong></span> <span class='ocrx_word' id='word_1_232' title='bbox 894 1736 1135 1798; x_wconf 87' lang='lat' dir='ltr'><strong>audiunt,</strong></span> <span class='ocrx_word' id='word_1_233' title='bbox 1183 1746 1393 1804; x_wconf 87' lang='lat' dir='ltr'><strong>stupent</strong></span> <span class='ocrx_word' id='word_1_234' title='bbox 1428 1736 1492 1789; x_wconf 88' lang='lat' dir='ltr'><strong>ad</strong></span> <span class='ocrx_word' id='word_1_235' title='bbox 1542 1735 1657 1804; x_wconf 81' lang='lat' dir='ltr'><strong>ejus</strong></span> <span class='ocrx_word' id='word_1_236' title='bbox 1701 1720 1968 1806; x_wconf 76' lang='lat' dir='ltr'><strong>pruden-l</strong></span> 
     </span>
    </p>
   </div>
   <div class='ocr_carea' id='block_1_34' title="bbox 2037 1718 3589 1806">
    <p class='ocr_par' dir='ltr' id='par_1_34' title="bbox 2037 1722 3589 1797">
     <span class='ocr_line' id='line_1_34' title="bbox 2037 1722 3589 1797; baseline 0 -19"><span class='ocrx_word' id='word_1_237' title='bbox 2037 1728 2181 1795; x_wconf 77' lang='lat' dir='ltr'><strong>quasi</strong></span> <span class='ocrx_word' id='word_1_238' title='bbox 2214 1728 2565 1795; x_wconf 75' lang='lat' dir='ltr'><strong>praeteritum.</strong></span> <span class='ocrx_word' id='word_1_239' title='bbox 2593 1726 2658 1780; x_wconf 84' lang='lat' dir='ltr'><strong>Et</strong></span> <span class='ocrx_word' id='word_1_240' title='bbox 2697 1741 2803 1780; x_wconf 89' lang='lat' dir='ltr'><strong>erat</strong></span> <span class='ocrx_word' id='word_1_241' title='bbox 2834 1728 3069 1781; x_wconf 58' lang='lat' dir='ltr'><strong>subdicus</strong></span> <span class='ocrx_word' id='word_1_242' title='bbox 3107 1728 3262 1797; x_wconf 72' lang='lat'><strong>1&#39;73</strong></span> <span class='ocrx_word' id='word_1_243' title='bbox 3290 1722 3417 1788; x_wconf 84' lang='lat' dir='ltr'><strong>illis,</strong></span> <span class='ocrx_word' id='word_1_244' title='bbox 3453 1730 3589 1782; x_wconf 82' lang='lat' dir='ltr'><strong>sicut</strong></span> 
     </span>
    </p>
   </div>
   <div class='ocr_carea' id='block_1_35' title="bbox 367 1820 1928 1890">
    <p class='ocr_par' dir='ltr' id='par_1_35' title="bbox 367 1820 1928 1890">
     <span class='ocr_line' id='line_1_35' title="bbox 367 1820 1928 1890; baseline 0.001 -18"><span class='ocrx_word' id='word_1_245' title='bbox 367 1824 495 1873; x_wconf 89' lang='lat' dir='ltr'><strong>tiam</strong></span> <span class='ocrx_word' id='word_1_246' title='bbox 527 1839 538 1874; x_wconf 94' lang='lat'><strong>:</strong></span> <span class='ocrx_word' id='word_1_247' title='bbox 569 1822 705 1875; x_wconf 89' lang='lat' dir='ltr'><strong>sicut</strong></span> <span class='ocrx_word' id='word_1_248' title='bbox 726 1830 779 1876; x_wconf 85' lang='lat' dir='ltr'><strong>et</strong></span> <span class='ocrx_word' id='word_1_249' title='bbox 807 1823 994 1876; x_wconf 88' lang='lat' dir='ltr'><strong>beatus</strong></span> <span class='ocrx_word' id='word_1_250' title='bbox 1023 1822 1141 1888; x_wconf 73' lang='lat' dir='ltr'><strong>Jult,</strong></span> <span class='ocrx_word' id='word_1_251' title='bbox 1163 1820 1257 1889; x_wconf 84' lang='lat' dir='ltr'><strong>qui</strong></span> <span class='ocrx_word' id='word_1_252' title='bbox 1280 1824 1418 1876; x_wconf 83' lang='lat' dir='ltr'><strong>inter</strong></span> <span class='ocrx_word' id='word_1_253' title='bbox 1448 1823 1689 1877; x_wconf 78' lang='lat' dir='ltr'><strong>homines</strong></span> <span class='ocrx_word' id='word_1_254' title='bbox 1716 1824 1928 1890; x_wconf 85' lang='lat' dir='ltr'><strong>sapien-</strong></span> 
     </span>
    </p>
   </div>
   <div class='ocr_carea' id='block_1_36' title="bbox 365 1909 1931 1975">
    <p class='ocr_par' dir='ltr' id='par_1_36' title="bbox 365 1909 1931 1975">
     <span class='ocr_line' id='line_1_36' title="bbox 365 1909 1931 1975; baseline 0.001 -14"><span class='ocrx_word' id='word_1_255' title='bbox 365 1918 453 1963; x_wconf 89' lang='lat' dir='ltr'><strong>tcr</strong></span> <span class='ocrx_word' id='word_1_256' title='bbox 482 1910 689 1964; x_wconf 86' lang='lat' dir='ltr'><strong>locutus</strong></span> <span class='ocrx_word' id='word_1_257' title='bbox 728 1909 937 1975; x_wconf 80' lang='lat' dir='ltr'><strong>fuerat;</strong></span> <span class='ocrx_word' id='word_1_258' title='bbox 983 1911 1075 1963; x_wconf 89' lang='lat' dir='ltr'><strong>sed</strong></span> <span class='ocrx_word' id='word_1_259' title='bbox 1120 1912 1316 1965; x_wconf 87' lang='lat' dir='ltr'><strong>auditis</strong></span> <span class='ocrx_word' id='word_1_260' title='bbox 1362 1913 1451 1964; x_wconf 88' lang='lat' dir='ltr'><strong>Dei</strong></span> <span class='ocrx_word' id='word_1_261' title='bbox 1491 1913 1827 1966; x_wconf 87' lang='lat' dir='ltr'><strong>sermonibus</strong></span> <span class='ocrx_word' id='word_1_262' title='bbox 1875 1925 1931 1962; x_wconf 86' lang='lat' dir='ltr'><strong>se</strong></span> 
     </span>
    </p>
   </div>
   <div class='ocr_carea' id='block_1_37' title="bbox 362 2000 1933 2069">
    <p class='ocr_par' dir='ltr' id='par_1_37' title="bbox 362 2000 1933 2069">
     <span class='ocr_line' id='line_1_37' title="bbox 362 2000 1933 2069; baseline 0.001 -18"><span class='ocrx_word' id='word_1_263' title='bbox 362 2001 504 2052; x_wconf 80' lang='lat' dir='ltr'><strong>dixit</strong></span> <span class='ocrx_word' id='word_1_264' title='bbox 550 2001 863 2069; x_wconf 83' lang='lat' dir='ltr'><strong>insipienter</strong></span> <span class='ocrx_word' id='word_1_265' title='bbox 915 2000 1167 2053; x_wconf 85' lang='lat' dir='ltr'><strong>locutum.</strong></span> <span class='ocrx_word' id='word_1_266' title='bbox 1226 2001 1504 2068; x_wconf 78' lang='lat' dir='ltr'><strong>Responsa</strong></span> <span class='ocrx_word' id='word_1_267' title='bbox 1560 2016 1771 2068; x_wconf 88' lang='lat' dir='ltr'><strong>quoque</strong></span> <span class='ocrx_word' id='word_1_268' title='bbox 1818 2000 1933 2067; x_wconf 76' lang='lat' dir='ltr'><strong>ejus</strong></span> 
     </span>
    </p>
   </div>
   <div class='ocr_carea' id='block_1_38' title="bbox 332 2087 1929 2155">
    <p class='ocr_par' dir='ltr' id='par_1_38' title="bbox 332 2087 1929 2155">
     <span class='ocr_line' id='line_1_38' title="bbox 332 2087 1929 2155; baseline 0.001 -16"><span class='ocrx_word' id='word_1_269' title='bbox 332 2132 333 2139; x_wconf 48' lang='grc' dir='ltr'><strong>η</strong></span> <span class='ocrx_word' id='word_1_270' title='bbox 364 2098 495 2141; x_wconf 81' lang='lat' dir='ltr'><strong>sunt</strong></span> <span class='ocrx_word' id='word_1_271' title='bbox 519 2088 783 2155; x_wconf 72' lang='lat' dir='ltr'><strong>sumenda</strong></span> <span class='ocrx_word' id='word_1_272' title='bbox 842 2087 1183 2155; x_wconf 78' lang='lat' dir='ltr'><strong>Respondere</strong></span> <span class='ocrx_word' id='word_1_273' title='bbox 1214 2088 1357 2140; x_wconf 88' lang='lat' dir='ltr'><strong>enim</strong></span> <span class='ocrx_word' id='word_1_274' title='bbox 1390 2088 1529 2141; x_wconf 87' lang='lat' dir='ltr'><strong>illius</strong></span> <span class='ocrx_word' id='word_1_275' title='bbox 1551 2097 1653 2149; x_wconf 89' lang='lat' dir='ltr'><strong>est,</strong></span> <span class='ocrx_word' id='word_1_276' title='bbox 1687 2102 1807 2140; x_wconf 88' lang='lat' dir='ltr'><strong>eum</strong></span> <span class='ocrx_word' id='word_1_277' title='bbox 1842 2089 1929 2155; x_wconf 89' lang='lat' dir='ltr'><strong>qui</strong></span> 
     </span>
    </p>
   </div>
   <div class='ocr_carea' id='block_1_39' title="bbox 363 2174 1931 2243">
    <p class='ocr_par' dir='ltr' id='par_1_39' title="bbox 363 2174 1931 2243">
     <span class='ocr_line' id='line_1_39' title="bbox 363 2174 1931 2243; baseline -0.001 -15"><span class='ocrx_word' id='word_1_278' title='bbox 363 2190 429 2228; x_wconf 63' lang='lat' dir='ltr'><strong>se</strong></span> <span class='ocrx_word' id='word_1_279' title='bbox 461 2174 730 2228; x_wconf 75' lang='lat' dir='ltr'><strong>hnmiiiter</strong></span> <span class='ocrx_word' id='word_1_280' title='bbox 758 2175 1083 2228; x_wconf 85' lang='lat' dir='ltr'><strong>nescientem</strong></span> <span class='ocrx_word' id='word_1_281' title='bbox 1110 2175 1445 2243; x_wconf 86' lang='lat' dir='ltr'><strong>cognoverit,</strong></span> <span class='ocrx_word' id='word_1_282' title='bbox 1495 2176 1719 2230; x_wconf 80' lang='lat' dir='ltr'><strong>occultis</strong></span> <span class='ocrx_word' id='word_1_283' title='bbox 1768 2175 1931 2243; x_wconf 86' lang='lat' dir='ltr'><strong>inspi-</strong></span> 
     </span>
    </p>
   </div>
   <div class='ocr_carea' id='block_1_40' title="bbox 368 2263 1933 2335">
    <p class='ocr_par' dir='ltr' id='par_1_40' title="bbox 368 2263 1933 2335">
     <span class='ocr_line' id='line_1_40' title="bbox 368 2263 1933 2335; baseline 0.002 -19"><span class='ocrx_word' id='word_1_284' title='bbox 368 2264 669 2319; x_wconf 84' lang='lat' dir='ltr'><strong>rationibns</strong></span> <span class='ocrx_word' id='word_1_285' title='bbox 714 2264 944 2318; x_wconf 86' lang='lat' dir='ltr'><strong>erudire.</strong></span> <span class='ocrx_word' id='word_1_286' title='bbox 1000 2263 1303 2335; x_wconf 82' lang='lat' dir='ltr'><strong>Respondet</strong></span> <span class='ocrx_word' id='word_1_287' title='bbox 1337 2265 1477 2318; x_wconf 87' lang='lat' dir='ltr'><strong>enim</strong></span> <span class='ocrx_word' id='word_1_288' title='bbox 1515 2278 1577 2317; x_wconf 79' lang='lat' dir='ltr'><strong>ex</strong></span> <span class='ocrx_word' id='word_1_289' title='bbox 1627 2264 1933 2331; x_wconf 81' lang='lat' dir='ltr'><strong>magisterio</strong></span> 
     </span>
    </p>
   </div>
   <div class='ocr_carea' id='block_1_41' title="bbox 369 2353 1933 2421">
    <p class='ocr_par' dir='ltr' id='par_1_41' title="bbox 369 2353 1933 2421">
     <span class='ocr_line' id='line_1_41' title="bbox 369 2353 1933 2421; baseline -0.001 -15"><span class='ocrx_word' id='word_1_290' title='bbox 369 2355 741 2421; x_wconf 67' lang='lat' dir='ltr'><strong>:Spirationis,</strong></span> <span class='ocrx_word' id='word_1_291' title='bbox 787 2365 842 2409; x_wconf 82' lang='lat' dir='ltr'><strong>et</strong></span> <span class='ocrx_word' id='word_1_292' title='bbox 890 2366 1121 2410; x_wconf 88' lang='lat' dir='ltr'><strong>mentem</strong></span> <span class='ocrx_word' id='word_1_293' title='bbox 1159 2356 1439 2409; x_wconf 89' lang='lat' dir='ltr'><strong>humilium</strong></span> <span class='ocrx_word' id='word_1_294' title='bbox 1484 2353 1803 2407; x_wconf 84' lang='lat' dir='ltr'><strong>mirabiliter</strong></span> <span class='ocrx_word' id='word_1_295' title='bbox 1843 2355 1933 2405; x_wconf 84' lang='lat' dir='ltr'><strong>do-</strong></span> 
     </span>
    </p>
   </div>
   <div class='ocr_carea' id='block_1_42' title="bbox 366 2441 1935 2512">
    <p class='ocr_par' dir='ltr' id='par_1_42' title="bbox 366 2441 1935 2512">
     <span class='ocr_line' id='line_1_42' title="bbox 366 2441 1935 2512; baseline -0.003 -15"><span class='ocrx_word' id='word_1_296' title='bbox 366 2454 479 2497; x_wconf 77' lang='lat' dir='ltr'><strong>cet.</strong></span> <span class='ocrx_word' id='word_1_297' title='bbox 516 2443 841 2512; x_wconf 73' lang='lat' dir='ltr'><strong>Respondet,</strong></span> <span class='ocrx_word' id='word_1_298' title='bbox 875 2445 1012 2499; x_wconf 87' lang='lat' dir='ltr'><strong>sicut</strong></span> <span class='ocrx_word' id='word_1_299' title='bbox 1042 2453 1096 2497; x_wconf 91' lang='lat' dir='ltr'><strong>ct</strong></span> <span class='ocrx_word' id='word_1_300' title='bbox 1144 2443 1267 2497; x_wconf 89' lang='lat' dir='ltr'><strong>alibi</strong></span> <span class='ocrx_word' id='word_1_301' title='bbox 1317 2444 1515 2497; x_wconf 89' lang='lat' dir='ltr'><strong>dictum</strong></span> <span class='ocrx_word' id='word_1_302' title='bbox 1550 2451 1631 2495; x_wconf 91' lang='lat' dir='ltr'><strong>est</strong></span> <span class='ocrx_word' id='word_1_303' title='bbox 1660 2441 1706 2495; x_wconf 89' lang='lat' dir='ltr'><strong>ei</strong></span> <span class='ocrx_word' id='word_1_304' title='bbox 1744 2460 1756 2494; x_wconf 87' lang='lat'><strong>:</strong></span> <span class='ocrx_word' id='word_1_305' title='bbox 1797 2441 1935 2493; x_wconf 73' lang='lat' dir='ltr'><strong>Voca</strong></span> 
     </span>
    </p>
   </div>
   <div class='ocr_carea' id='block_1_43' title="bbox 366 2531 1936 2602">
    <p class='ocr_par' dir='ltr' id='par_1_43' title="bbox 366 2531 1936 2602">
     <span class='ocr_line' id='line_1_43' title="bbox 366 2531 1936 2602; baseline -0.001 -18"><span class='ocrx_word' id='word_1_306' title='bbox 366 2550 473 2597; x_wconf 86' lang='lat' dir='ltr'><strong>me,</strong></span> <span class='ocrx_word' id='word_1_307' title='bbox 502 2544 546 2585; x_wconf 92' lang='lat' dir='ltr'><strong>et</strong></span> <span class='ocrx_word' id='word_1_308' title='bbox 566 2535 874 2602; x_wconf 77' lang='lat' dir='ltr'><strong>respondebo</strong></span> <span class='ocrx_word' id='word_1_309' title='bbox 906 2536 1031 2599; x_wconf 87' lang='lat' dir='ltr'><strong>tibi;</strong></span> <span class='ocrx_word' id='word_1_310' title='bbox 1055 2544 1143 2587; x_wconf 92' lang='lat' dir='ltr'><strong>aut</strong></span> <span class='ocrx_word' id='word_1_311' title='bbox 1162 2544 1295 2588; x_wconf 84' lang='lat' dir='ltr'><strong>certe</strong></span> <span class='ocrx_word' id='word_1_312' title='bbox 1316 2534 1518 2601; x_wconf 85' lang='lat' dir='ltr'><strong>loquar,</strong></span> <span class='ocrx_word' id='word_1_313' title='bbox 1548 2544 1592 2586; x_wconf 85' lang='lat' dir='ltr'><strong>et</strong></span> <span class='ocrx_word' id='word_1_314' title='bbox 1610 2542 1665 2584; x_wconf 85' lang='lat' dir='ltr'><strong>tu</strong></span> <span class='ocrx_word' id='word_1_315' title='bbox 1688 2531 1936 2599; x_wconf 79' lang='lat' dir='ltr'><strong>responde</strong></span> 
     </span>
    </p>
   </div>
   <div class='ocr_carea' id='block_1_44' title="bbox 367 2623 1937 2692">
    <p class='ocr_par' dir='ltr' id='par_1_44' title="bbox 367 2623 1937 2692">
     <span class='ocr_line' id='line_1_44' title="bbox 367 2623 1937 2692; baseline -0.001 -17"><span class='ocrx_word' id='word_1_316' title='bbox 367 2623 502 2676; x_wconf 85' lang='lat' dir='ltr'><strong>mihi</strong></span> <span class='ocrx_word' id='word_1_317' title='bbox 525 2623 646 2691; x_wconf 77' lang='lat' dir='ltr'><strong>(Job</strong></span> <span class='ocrx_word' id='word_1_318' title='bbox 700 2640 816 2683; x_wconf 75' lang='grc' dir='ltr'>χιιι,</span> <span class='ocrx_word' id='word_1_319' title='bbox 844 2624 956 2692; x_wconf 74' lang='lat'><strong>22).</strong></span> <span class='ocrx_word' id='word_1_320' title='bbox 982 2625 1185 2679; x_wconf 75' lang='lat' dir='ltr'><strong>Vocare</strong></span> <span class='ocrx_word' id='word_1_321' title='bbox 1206 2626 1347 2678; x_wconf 82' lang='lat' dir='ltr'><strong>enim</strong></span> <span class='ocrx_word' id='word_1_322' title='bbox 1379 2625 1469 2677; x_wconf 90' lang='lat' dir='ltr'><strong>Dei</strong></span> <span class='ocrx_word' id='word_1_323' title='bbox 1500 2632 1603 2687; x_wconf 88' lang='lat' dir='ltr'><strong>est,</strong></span> <span class='ocrx_word' id='word_1_324' title='bbox 1630 2639 1725 2676; x_wconf 89' lang='lat' dir='ltr'><strong>nos</strong></span> <span class='ocrx_word' id='word_1_325' title='bbox 1750 2637 1937 2676; x_wconf 82' lang='lat' dir='ltr'><strong>aman-</strong></span> 
     </span>
    </p>
   </div>
   <div class='ocr_carea' id='block_1_45' title="bbox 369 2698 1934 2781">
    <p class='ocr_par' dir='ltr' id='par_1_45' title="bbox 369 2698 1934 2781">
     <span class='ocr_line' id='line_1_45' title="bbox 369 2698 1934 2781; baseline -0.001 -17"><span class='ocrx_word' id='word_1_326' title='bbox 369 2713 443 2764; x_wconf 88' lang='lat' dir='ltr'><strong>do</strong></span> <span class='ocrx_word' id='word_1_327' title='bbox 504 2720 557 2763; x_wconf 89' lang='lat' dir='ltr'><strong>et</strong></span> <span class='ocrx_word' id='word_1_328' title='bbox 602 2698 845 2781; x_wconf 83' lang='lat' dir='ltr'><strong>eligendo</strong></span> <span class='ocrx_word' id='word_1_329' title='bbox 900 2713 1187 2781; x_wconf 84' lang='lat' dir='ltr'><strong>respicere.</strong></span> <span class='ocrx_word' id='word_1_330' title='bbox 1230 2711 1571 2779; x_wconf 79' lang='lat' dir='ltr'><strong>Rcspondcre</strong></span> <span class='ocrx_word' id='word_1_331' title='bbox 1610 2719 1788 2764; x_wconf 88' lang='lat' dir='ltr'><strong>autem</strong></span> <span class='ocrx_word' id='word_1_332' title='bbox 1842 2726 1934 2763; x_wconf 54' lang='lat' dir='ltr'><strong>not-</strong></span> 
     </span>
    </p>
   </div>
   <div class='ocr_carea' id='block_1_46' title="bbox 367 2794 1933 2866">
    <p class='ocr_par' dir='ltr' id='par_1_46' title="bbox 367 2794 1933 2866">
     <span class='ocr_line' id='line_1_46' title="bbox 367 2794 1933 2866; baseline -0.003 -14"><span class='ocrx_word' id='word_1_333' title='bbox 367 2809 545 2852; x_wconf 81' lang='lat' dir='ltr'><strong>strum</strong></span> <span class='ocrx_word' id='word_1_334' title='bbox 580 2806 678 2861; x_wconf 88' lang='lat' dir='ltr'><strong>est,</strong></span> <span class='ocrx_word' id='word_1_335' title='bbox 733 2800 900 2852; x_wconf 90' lang='lat' dir='ltr'><strong>amori</strong></span> <span class='ocrx_word' id='word_1_336' title='bbox 938 2799 1076 2852; x_wconf 89' lang='lat' dir='ltr'><strong>illius</strong></span> <span class='ocrx_word' id='word_1_337' title='bbox 1106 2798 1258 2853; x_wconf 88' lang='lat' dir='ltr'><strong>bonis</strong></span> <span class='ocrx_word' id='word_1_338' title='bbox 1284 2798 1535 2866; x_wconf 88' lang='lat' dir='ltr'><strong>operibus</strong></span> <span class='ocrx_word' id='word_1_339' title='bbox 1578 2813 1795 2865; x_wconf 71' lang='lat' dir='ltr'><strong>parere.</strong></span> <span class='ocrx_word' id='word_1_340' title='bbox 1828 2794 1933 2848; x_wconf 85' lang='lat' dir='ltr'><strong>Lo-</strong></span> 
     </span>
    </p>
   </div>
   <div class='ocr_carea' id='block_1_47' title="bbox 368 2886 1933 2957">
    <p class='ocr_par' dir='ltr' id='par_1_47' title="bbox 368 2886 1933 2957">
     <span class='ocr_line' id='line_1_47' title="bbox 368 2886 1933 2957; baseline -0.001 -17"><span class='ocrx_word' id='word_1_341' title='bbox 368 2890 590 2957; x_wconf 86' lang='lat' dir='ltr'><strong>quimur</strong></span> <span class='ocrx_word' id='word_1_342' title='bbox 639 2888 821 2953; x_wconf 85' lang='lat' dir='ltr'><strong>etiam,</strong></span> <span class='ocrx_word' id='word_1_343' title='bbox 891 2903 1010 2946; x_wconf 89' lang='lat' dir='ltr'><strong>cum</strong></span> <span class='ocrx_word' id='word_1_344' title='bbox 1061 2887 1177 2954; x_wconf 84' lang='lat' dir='ltr'><strong>ejus</strong></span> <span class='ocrx_word' id='word_1_345' title='bbox 1226 2887 1417 2940; x_wconf 73' lang='lat' dir='ltr'><strong>faciem</strong></span> <span class='ocrx_word' id='word_1_346' title='bbox 1468 2902 1564 2956; x_wconf 88' lang='lat' dir='ltr'><strong>per</strong></span> <span class='ocrx_word' id='word_1_347' title='bbox 1612 2886 1933 2940; x_wconf 77' lang='lat' dir='ltr'><strong>desiderium</strong></span> 
     </span>
    </p>
   </div>
   <div class='ocr_carea' id='block_1_48' title="bbox 370 2978 1934 3049">
    <p class='ocr_par' dir='ltr' id='par_1_48' title="bbox 370 2978 1934 3049">
     <span class='ocr_line' id='line_1_48' title="bbox 370 2978 1934 3049; baseline -0.001 -16"><span class='ocrx_word' id='word_1_348' title='bbox 370 2978 725 3049; x_wconf 84' lang='lat' dir='ltr'><strong>postulamus.</strong></span> <span class='ocrx_word' id='word_1_349' title='bbox 752 2978 817 3031; x_wconf 86' lang='lat' dir='ltr'><strong>Et</strong></span> <span class='ocrx_word' id='word_1_350' title='bbox 847 2979 957 3047; x_wconf 87' lang='lat' dir='ltr'><strong>ipse</strong></span> <span class='ocrx_word' id='word_1_351' title='bbox 1001 2980 1285 3047; x_wconf 78' lang='lat' dir='ltr'><strong>respondet</strong></span> <span class='ocrx_word' id='word_1_352' title='bbox 1310 2978 1669 3048; x_wconf 79' lang='lat' dir='ltr'><strong>loquentibus,</strong></span> <span class='ocrx_word' id='word_1_353' title='bbox 1690 2993 1811 3033; x_wconf 91' lang='lat' dir='ltr'><strong>cum</strong></span> <span class='ocrx_word' id='word_1_354' title='bbox 1839 2993 1934 3031; x_wconf 87' lang='lat' dir='ltr'><strong>no-</strong></span> 
     </span>
    </p>
   </div>
   <div class='ocr_carea' id='block_1_49' title="bbox 370 3068 1253 3135">
    <p class='ocr_par' dir='ltr' id='par_1_49' title="bbox 370 3068 1253 3135">
     <span class='ocr_line' id='line_1_49' title="bbox 370 3068 1253 3135; baseline -0.005 -12"><span class='ocrx_word' id='word_1_355' title='bbox 370 3069 471 3123; x_wconf 86' lang='lat' dir='ltr'><strong>bis.</strong></span> <span class='ocrx_word' id='word_1_356' title='bbox 487 3082 544 3122; x_wconf 88' lang='lat' dir='ltr'><strong>se</strong></span> <span class='ocrx_word' id='word_1_357' title='bbox 576 3068 874 3122; x_wconf 84' lang='lat' dir='ltr'><strong>amantibus</strong></span> <span class='ocrx_word' id='word_1_358' title='bbox 911 3076 1151 3135; x_wconf 84' lang='lat' dir='ltr'><strong>apparet.</strong></span> <span class='ocrx_word' id='word_1_359' title='bbox 1248 3124 1253 3127; x_wconf 98' lang='lat'>_</span> 
     </span>
    </p>
   </div>
   <div class='ocr_carea' id='block_1_50' title="bbox 451 3152 1934 3219">
    <p class='ocr_par' dir='ltr' id='par_1_50' title="bbox 451 3152 1934 3219">
     <span class='ocr_line' id='line_1_50' title="bbox 451 3152 1934 3219; baseline -0.004 -12"><span class='ocrx_word' id='word_1_360' title='bbox 451 3153 745 3219; x_wconf 77' lang='lat' dir='ltr'><strong>Sequitur:</strong></span> <span class='ocrx_word' id='word_1_361' title='bbox 782 3152 847 3205; x_wconf 78' lang='lat' dir='ltr'><strong>Et</strong></span> <span class='ocrx_word' id='word_1_362' title='bbox 898 3153 1122 3205; x_wconf 77' lang='lat' dir='ltr'><strong>ridentes</strong></span> <span class='ocrx_word' id='word_1_363' title='bbox 1179 3153 1426 3205; x_wconf 75' lang='lat' dir='ltr'><strong>admirati</strong></span> <span class='ocrx_word' id='word_1_364' title='bbox 1482 3161 1620 3205; x_wconf 87' lang='lat' dir='ltr'><strong>sunt.</strong></span> <span class='ocrx_word' id='word_1_365' title='bbox 1674 3152 1934 3204; x_wconf 81' lang='lat' dir='ltr'><strong>Admirati</strong></span> 
     </span>
    </p>
   </div>
   <div class='ocr_carea' id='block_1_51' title="bbox 371 3239 1937 3311">
    <p class='ocr_par' dir='ltr' id='par_1_51' title="bbox 371 3239 1937 3311">
     <span class='ocr_line' id='line_1_51' title="bbox 371 3239 1937 3311; baseline -0.004 -12"><span class='ocrx_word' id='word_1_366' title='bbox 371 3251 505 3299; x_wconf 77' lang='lat' dir='ltr'><strong>sunt</strong></span> <span class='ocrx_word' id='word_1_367' title='bbox 548 3250 798 3311; x_wconf 84' lang='lat' dir='ltr'><strong>parentes</strong></span> <span class='ocrx_word' id='word_1_368' title='bbox 846 3239 980 3309; x_wconf 83' lang='lat' dir='ltr'><strong>ejus,</strong></span> <span class='ocrx_word' id='word_1_369' title='bbox 1019 3256 1139 3293; x_wconf 89' lang='lat' dir='ltr'><strong>cum</strong></span> <span class='ocrx_word' id='word_1_370' title='bbox 1188 3255 1309 3293; x_wconf 88' lang='lat' dir='ltr'><strong>eum</strong></span> <span class='ocrx_word' id='word_1_371' title='bbox 1344 3242 1395 3293; x_wconf 91' lang='lat' dir='ltr'><strong>in</strong></span> <span class='ocrx_word' id='word_1_372' title='bbox 1430 3241 1625 3309; x_wconf 87' lang='lat' dir='ltr'><strong>templo</strong></span> <span class='ocrx_word' id='word_1_373' title='bbox 1656 3241 1709 3293; x_wconf 88' lang='lat' dir='ltr'><strong>in</strong></span> <span class='ocrx_word' id='word_1_374' title='bbox 1762 3241 1937 3293; x_wconf 89' lang='lat' dir='ltr'><strong>medio</strong></span> 
     </span>
    </p>
   </div>
   <div class='ocr_carea' id='block_1_52' title="bbox 373 3328 1938 3397">
    <p class='ocr_par' dir='ltr' id='par_1_52' title="bbox 373 3328 1938 3397">
     <span class='ocr_line' id='line_1_52' title="bbox 373 3328 1938 3397; baseline 0 -14"><span class='ocrx_word' id='word_1_375' title='bbox 373 3331 658 3392; x_wconf 77' lang='lat' dir='ltr'><strong>doctorum</strong></span> <span class='ocrx_word' id='word_1_376' title='bbox 687 3328 874 3381; x_wconf 87' lang='lat' dir='ltr'><strong>sedere</strong></span> <span class='ocrx_word' id='word_1_377' title='bbox 909 3328 1188 3382; x_wconf 78' lang='lat' dir='ltr'><strong>vidissent.</strong></span> <span class='ocrx_word' id='word_1_378' title='bbox 1220 3328 1565 3382; x_wconf 81' lang='lat' dir='ltr'><strong>Admirantur</strong></span> <span class='ocrx_word' id='word_1_379' title='bbox 1589 3344 1757 3397; x_wconf 89' lang='lat' dir='ltr'><strong>usque</strong></span> <span class='ocrx_word' id='word_1_380' title='bbox 1782 3328 1938 3383; x_wconf 81' lang='lat' dir='ltr'><strong>hodie</strong></span> 
     </span>
    </p>
   </div>
   <div class='ocr_carea' id='block_1_53' title="bbox 373 3416 1935 3486">
    <p class='ocr_par' dir='ltr' id='par_1_53' title="bbox 373 3416 1935 3486">
     <span class='ocr_line' id='line_1_53' title="bbox 373 3416 1935 3486; baseline -0.001 -15"><span class='ocrx_word' id='word_1_381' title='bbox 373 3418 545 3472; x_wconf 64' lang='lat' dir='ltr'><strong>Judaei</strong></span> <span class='ocrx_word' id='word_1_382' title='bbox 574 3418 879 3486; x_wconf 87' lang='lat' dir='ltr'><strong>quicunque</strong></span> <span class='ocrx_word' id='word_1_383' title='bbox 909 3418 972 3471; x_wconf 90' lang='lat' dir='ltr'><strong>ad</strong></span> <span class='ocrx_word' id='word_1_384' title='bbox 1011 3418 1300 3473; x_wconf 72' lang='lat' dir='ltr'><strong>Ecclesium</strong></span> <span class='ocrx_word' id='word_1_385' title='bbox 1328 3416 1572 3481; x_wconf 88' lang='lat' dir='ltr'><strong>veniunt,</strong></span> <span class='ocrx_word' id='word_1_386' title='bbox 1604 3428 1659 3471; x_wconf 90' lang='lat' dir='ltr'><strong>et</strong></span> <span class='ocrx_word' id='word_1_387' title='bbox 1688 3420 1753 3470; x_wconf 90' lang='lat' dir='ltr'><strong>ad</strong></span> <span class='ocrx_word' id='word_1_388' title='bbox 1779 3417 1935 3471; x_wconf 85' lang='lat' dir='ltr'><strong>tidem</strong></span> 
     </span>
    </p>
   </div>
   <div class='ocr_carea' id='block_1_54' title="bbox 376 3507 1938 3572">
    <p class='ocr_par' dir='ltr' id='par_1_54' title="bbox 376 3507 1938 3572">
     <span class='ocr_line' id='line_1_54' title="bbox 376 3507 1938 3572; baseline -0.003 -11"><span class='ocrx_word' id='word_1_389' title='bbox 376 3519 763 3562; x_wconf 85' lang='lat' dir='ltr'><strong>convertuntur</strong></span> <span class='ocrx_word' id='word_1_390' title='bbox 796 3526 808 3561; x_wconf 89' lang='lat'><strong>:</strong></span> <span class='ocrx_word' id='word_1_391' title='bbox 840 3508 963 3561; x_wconf 89' lang='lat' dir='ltr'><strong>dum</strong></span> <span class='ocrx_word' id='word_1_392' title='bbox 1020 3507 1089 3561; x_wconf 91' lang='lat' dir='ltr'><strong>ibi</strong></span> <span class='ocrx_word' id='word_1_393' title='bbox 1118 3507 1386 3572; x_wconf 82' lang='lat' dir='ltr'><strong>Messiam,</strong></span> <span class='ocrx_word' id='word_1_394' title='bbox 1445 3509 1495 3561; x_wconf 91' lang='lat' dir='ltr'><strong>id</strong></span> <span class='ocrx_word' id='word_1_395' title='bbox 1546 3516 1629 3561; x_wconf 86' lang='lat' dir='ltr'><strong>est</strong></span> <span class='ocrx_word' id='word_1_396' title='bbox 1668 3507 1938 3561; x_wconf 88' lang='lat' dir='ltr'><strong>Christum</strong></span> 
     </span>
    </p>
   </div>
   <div class='ocr_carea' id='block_1_55' title="bbox 376 3596 1936 3667">
    <p class='ocr_par' dir='ltr' id='par_1_55' title="bbox 376 3596 1936 3667">
     <span class='ocr_line' id='line_1_55' title="bbox 376 3596 1936 3667; baseline -0.003 -16"><span class='ocrx_word' id='word_1_397' title='bbox 376 3597 582 3660; x_wconf 82' lang='lat' dir='ltr'><strong>vident,</strong></span> <span class='ocrx_word' id='word_1_398' title='bbox 617 3612 772 3666; x_wconf 85' lang='lat' dir='ltr'><strong>quem</strong></span> <span class='ocrx_word' id='word_1_399' title='bbox 800 3598 851 3651; x_wconf 90' lang='lat' dir='ltr'><strong>in</strong></span> <span class='ocrx_word' id='word_1_400' title='bbox 882 3596 1176 3667; x_wconf 81' lang='lat' dir='ltr'><strong>Synagoga,</strong></span> <span class='ocrx_word' id='word_1_401' title='bbox 1202 3606 1255 3650; x_wconf 88' lang='lat' dir='ltr'><strong>et</strong></span> <span class='ocrx_word' id='word_1_402' title='bbox 1280 3600 1413 3649; x_wconf 88' lang='lat' dir='ltr'><strong>inter</strong></span> <span class='ocrx_word' id='word_1_403' title='bbox 1433 3606 1676 3664; x_wconf 79' lang='lat' dir='ltr'><strong>cognatos</strong></span> <span class='ocrx_word' id='word_1_404' title='bbox 1698 3606 1743 3647; x_wconf 85' lang='lat' dir='ltr'><strong>et</strong></span> <span class='ocrx_word' id='word_1_405' title='bbox 1771 3604 1936 3659; x_wconf 87' lang='lat' dir='ltr'><strong>notos,</strong></span> 
     </span>
    </p>
   </div>
   <div class='ocr_carea' id='block_1_56' title="bbox 379 3685 1939 3756">
    <p class='ocr_par' dir='ltr' id='par_1_56' title="bbox 379 3685 1939 3756">
     <span class='ocr_line' id='line_1_56' title="bbox 379 3685 1939 3756; baseline -0.002 -15"><span class='ocrx_word' id='word_1_406' title='bbox 379 3686 529 3741; x_wconf 86' lang='lat' dir='ltr'><strong>nulla</strong></span> <span class='ocrx_word' id='word_1_407' title='bbox 579 3700 763 3741; x_wconf 88' lang='lat' dir='ltr'><strong>eortnn</strong></span> <span class='ocrx_word' id='word_1_408' title='bbox 808 3688 1137 3755; x_wconf 80' lang='lat' dir='ltr'><strong>expositione</strong></span> <span class='ocrx_word' id='word_1_409' title='bbox 1179 3686 1360 3740; x_wconf 88' lang='lat' dir='ltr'><strong>videre</strong></span> <span class='ocrx_word' id='word_1_410' title='bbox 1405 3686 1486 3739; x_wconf 84' lang='lat' dir='ltr'><strong>vel</strong></span> <span class='ocrx_word' id='word_1_411' title='bbox 1516 3685 1815 3756; x_wconf 75' lang='lat' dir='ltr'><strong>intelligere</strong></span> <span class='ocrx_word' id='word_1_412' title='bbox 1842 3698 1939 3753; x_wconf 89' lang='lat' dir='ltr'><strong>po-</strong></span> 
     </span>
    </p>
   </div>
   <div class='ocr_carea' id='block_1_57' title="bbox 380 3780 619 3831">
    <p class='ocr_par' dir='ltr' id='par_1_57' title="bbox 380 3780 619 3831">
     <span class='ocr_line' id='line_1_57' title="bbox 380 3780 619 3831; baseline -0.008 0"><span class='ocrx_word' id='word_1_413' title='bbox 380 3780 619 3831; x_wconf 74' lang='lat' dir='ltr'><strong>uterum.</strong></span> 
     </span>
    </p>
   </div>
   <div class='ocr_carea' id='block_1_58' title="bbox 456 3862 1942 3933">
    <p class='ocr_par' dir='ltr' id='par_1_58' title="bbox 456 3862 1942 3933">
     <span class='ocr_line' id='line_1_58' title="bbox 456 3862 1942 3933; baseline -0.004 -13"><span class='ocrx_word' id='word_1_414' title='bbox 456 3865 524 3920; x_wconf 87' lang='lat' dir='ltr'><strong>Et</strong></span> <span class='ocrx_word' id='word_1_415' title='bbox 556 3866 684 3917; x_wconf 71' lang='lat' dir='ltr'><strong>dixit</strong></span> <span class='ocrx_word' id='word_1_416' title='bbox 706 3871 869 3915; x_wconf 88' lang='lat' dir='ltr'><strong>mater</strong></span> <span class='ocrx_word' id='word_1_417' title='bbox 886 3863 997 3931; x_wconf 81' lang='lat' dir='ltr'><strong>ejus</strong></span> <span class='ocrx_word' id='word_1_418' title='bbox 1026 3866 1091 3915; x_wconf 83' lang='lat' dir='ltr'><strong>ad</strong></span> <span class='ocrx_word' id='word_1_419' title='bbox 1120 3863 1265 3917; x_wconf 84' lang='lat' dir='ltr'><strong>illum</strong></span> <span class='ocrx_word' id='word_1_420' title='bbox 1285 3879 1303 3915; x_wconf 91' lang='lat'><strong><em>:</em></strong></span> <span class='ocrx_word' id='word_1_421' title='bbox 1334 3863 1458 3929; x_wconf 82' lang='lat' dir='ltr'><strong>Fili,</strong></span> <span class='ocrx_word' id='word_1_422' title='bbox 1506 3864 1632 3933; x_wconf 84' lang='lat' dir='ltr'><strong>quid</strong></span> <span class='ocrx_word' id='word_1_423' title='bbox 1659 3862 1827 3931; x_wconf 76' lang='lat' dir='ltr'><strong>fecisti</strong></span> <span class='ocrx_word' id='word_1_424' title='bbox 1848 3877 1942 3915; x_wconf 89' lang='lat' dir='ltr'><strong>no-</strong></span> 
     </span>
    </p>
   </div>
   <div class='ocr_carea' id='block_1_59' title="bbox 382 3953 1940 4025">
    <p class='ocr_par' dir='ltr' id='par_1_59' title="bbox 382 3953 1940 4025">
     <span class='ocr_line' id='line_1_59' title="bbox 382 3953 1940 4025; baseline -0.002 -17"><span class='ocrx_word' id='word_1_425' title='bbox 382 3957 463 4009; x_wconf 84' lang='lat' dir='ltr'><strong>bis</strong></span> <span class='ocrx_word' id='word_1_426' title='bbox 487 3956 603 4008; x_wconf 78' lang='lat' dir='ltr'><strong>sic?</strong></span> <span class='ocrx_word' id='word_1_427' title='bbox 642 3954 774 4009; x_wconf 78' lang='lat' dir='ltr'><strong>Ecce</strong></span> <span class='ocrx_word' id='word_1_428' title='bbox 801 3967 946 4024; x_wconf 85' lang='lat' dir='ltr'><strong>pater</strong></span> <span class='ocrx_word' id='word_1_429' title='bbox 985 3965 1102 4007; x_wconf 87' lang='lat' dir='ltr'><strong>tuus</strong></span> <span class='ocrx_word' id='word_1_430' title='bbox 1136 3966 1182 4008; x_wconf 89' lang='lat' dir='ltr'><strong>et</strong></span> <span class='ocrx_word' id='word_1_431' title='bbox 1210 3972 1299 4024; x_wconf 84' lang='lat' dir='ltr'><strong>ego</strong></span> <span class='ocrx_word' id='word_1_432' title='bbox 1337 3955 1563 4009; x_wconf 77' lang='lat' dir='ltr'><strong>dolentes</strong></span> <span class='ocrx_word' id='word_1_433' title='bbox 1583 3953 1940 4025; x_wconf 73' lang='lat' dir='ltr'><strong>qumrebamus</strong></span> 
     </span>
    </p>
   </div>
   <div class='ocr_carea' id='block_1_60' title="bbox 384 4043 1941 4114">
    <p class='ocr_par' dir='ltr' id='par_1_60' title="bbox 384 4043 1941 4114">
     <span class='ocr_line' id='line_1_60' title="bbox 384 4043 1941 4114; baseline 0 -19"><span class='ocrx_word' id='word_1_434' title='bbox 384 4056 457 4096; x_wconf 87' lang='lat' dir='ltr'><strong>te.</strong></span> <span class='ocrx_word' id='word_1_435' title='bbox 492 4043 730 4098; x_wconf 78' lang='lat' dir='ltr'><strong>Diximus</strong></span> <span class='ocrx_word' id='word_1_436' title='bbox 761 4061 855 4113; x_wconf 89' lang='lat' dir='ltr'><strong>per</strong></span> <span class='ocrx_word' id='word_1_437' title='bbox 888 4053 1111 4098; x_wconf 85' lang='lat' dir='ltr'><strong>matrem</strong></span> <span class='ocrx_word' id='word_1_438' title='bbox 1150 4044 1357 4097; x_wconf 86' lang='lat' dir='ltr'><strong>Domini</strong></span> <span class='ocrx_word' id='word_1_439' title='bbox 1396 4043 1730 4114; x_wconf 80' lang='lat' dir='ltr'><strong>Synagogam</strong></span> <span class='ocrx_word' id='word_1_440' title='bbox 1776 4043 1941 4114; x_wconf 80' lang='lat' dir='ltr'><strong>signi-</strong></span> 
     </span>
    </p>
   </div>
   <div class='ocr_carea' id='block_1_61' title="bbox 385 4132 1939 4211">
    <p class='ocr_par' dir='ltr' id='par_1_61' title="bbox 385 4132 1939 4211">
     <span class='ocr_line' id='line_1_61' title="bbox 385 4132 1939 4211; baseline -0.001 -24"><span class='ocrx_word' id='word_1_441' title='bbox 385 4133 558 4199; x_wconf 84' lang='lat' dir='ltr'><strong>ﬁcari,</strong></span> <span class='ocrx_word' id='word_1_442' title='bbox 592 4133 656 4186; x_wconf 89' lang='lat' dir='ltr'><strong>de</strong></span> <span class='ocrx_word' id='word_1_443' title='bbox 682 4149 784 4202; x_wconf 88' lang='lat' dir='ltr'><strong>qua</strong></span> <span class='ocrx_word' id='word_1_444' title='bbox 819 4134 1072 4187; x_wconf 88' lang='lat' dir='ltr'><strong>Dominus</strong></span> <span class='ocrx_word' id='word_1_445' title='bbox 1116 4132 1408 4211; x_wconf 84' lang='lat' dir='ltr'><strong>secundum</strong></span> <span class='ocrx_word' id='word_1_446' title='bbox 1432 4148 1649 4188; x_wconf 84' lang='lat' dir='ltr'><strong>carnem</strong></span> <span class='ocrx_word' id='word_1_447' title='bbox 1678 4133 1939 4203; x_wconf 82' lang='lat' dir='ltr'><strong>originem</strong></span> 
     </span>
    </p>
   </div>
   <div class='ocr_carea' id='block_1_62' title="bbox 385 4223 1941 4292">
    <p class='ocr_par' dir='ltr' id='par_1_62' title="bbox 385 4223 1941 4292">
     <span class='ocr_line' id='line_1_62' title="bbox 385 4223 1941 4292; baseline -0.002 -14"><span class='ocrx_word' id='word_1_448' title='bbox 385 4224 555 4278; x_wconf 76' lang='lat' dir='ltr'><strong>duxit.</strong></span> <span class='ocrx_word' id='word_1_449' title='bbox 584 4223 705 4278; x_wconf 72' lang='lat' dir='ltr'><strong>llarc</strong></span> <span class='ocrx_word' id='word_1_450' title='bbox 728 4235 903 4278; x_wconf 83' lang='lat' dir='ltr'><strong>autem</strong></span> <span class='ocrx_word' id='word_1_451' title='bbox 933 4238 1246 4292; x_wconf 82' lang='lat' dir='ltr'><strong>quocunque</strong></span> <span class='ocrx_word' id='word_1_452' title='bbox 1279 4233 1515 4291; x_wconf 83' lang='lat' dir='ltr'><strong>tempore</strong></span> <span class='ocrx_word' id='word_1_453' title='bbox 1541 4224 1608 4277; x_wconf 90' lang='lat' dir='ltr'><strong>ad</strong></span> <span class='ocrx_word' id='word_1_454' title='bbox 1646 4223 1941 4277; x_wconf 82' lang='lat' dir='ltr'><strong>Ecclesiatn</strong></span> 
     </span>
    </p>
   </div>
   <div class='ocr_carea' id='block_1_63' title="bbox 387 4311 2023 4391">
    <p class='ocr_par' dir='ltr' id='par_1_63' title="bbox 387 4311 2023 4391">
     <span class='ocr_line' id='line_1_63' title="bbox 387 4311 2023 4391; baseline 0.001 -28"><span class='ocrx_word' id='word_1_455' title='bbox 387 4314 628 4377; x_wconf 87' lang='lat' dir='ltr'><strong>veniens,</strong></span> <span class='ocrx_word' id='word_1_456' title='bbox 656 4312 833 4379; x_wconf 84' lang='lat' dir='ltr'><strong>ibique</strong></span> <span class='ocrx_word' id='word_1_457' title='bbox 856 4312 1135 4366; x_wconf 86' lang='lat' dir='ltr'><strong>veritatem</strong></span> <span class='ocrx_word' id='word_1_458' title='bbox 1163 4311 1484 4380; x_wconf 80' lang='lat' dir='ltr'><strong>intelligens,</strong></span> <span class='ocrx_word' id='word_1_459' title='bbox 1517 4326 1668 4365; x_wconf 87' lang='lat' dir='ltr'><strong>suam</strong></span> <span class='ocrx_word' id='word_1_460' title='bbox 1693 4311 1942 4379; x_wconf 85' lang='lat' dir='ltr'><strong>ignoran-</strong></span> <span class='ocrx_word' id='word_1_461' title='bbox 1978 4338 2023 4391; x_wconf 74' lang='grc' dir='ltr'><strong>ι)</strong></span> 
     </span>
    </p>
   </div>
   <div class='ocr_carea' id='block_1_64' title="bbox 391 4402 1946 4473">
    <p class='ocr_par' dir='ltr' id='par_1_64' title="bbox 391 4402 1946 4473">
     <span class='ocr_line' id='line_1_64' title="bbox 391 4402 1946 4473; baseline 0.001 -19"><span class='ocrx_word' id='word_1_462' title='bbox 391 4405 519 4455; x_wconf 91' lang='lat' dir='ltr'><strong>tiam</strong></span> <span class='ocrx_word' id='word_1_463' title='bbox 549 4410 602 4456; x_wconf 91' lang='lat' dir='ltr'><strong>et</strong></span> <span class='ocrx_word' id='word_1_464' title='bbox 636 4403 830 4473; x_wconf 84' lang='lat' dir='ltr'><strong>Christi</strong></span> <span class='ocrx_word' id='word_1_465' title='bbox 876 4402 1170 4456; x_wconf 86' lang='lat' dir='ltr'><strong>absentiam</strong></span> <span class='ocrx_word' id='word_1_466' title='bbox 1203 4402 1514 4466; x_wconf 85' lang='lat' dir='ltr'><strong>admiratur,</strong></span> <span class='ocrx_word' id='word_1_467' title='bbox 1553 4409 1606 4456; x_wconf 89' lang='lat' dir='ltr'><strong>et</strong></span> <span class='ocrx_word' id='word_1_468' title='bbox 1632 4402 1946 4456; x_wconf 89' lang='lat' dir='ltr'><strong>admirando</strong></span> 
     </span>
    </p>
   </div>
   <div class='ocr_carea' id='block_1_65' title="bbox 388 4491 1945 4560">
    <p class='ocr_par' dir='ltr' id='par_1_65' title="bbox 388 4491 1945 4560">
     <span class='ocr_line' id='line_1_65' title="bbox 388 4491 1945 4560; baseline -0.001 -15"><span class='ocrx_word' id='word_1_469' title='bbox 388 4493 518 4548; x_wconf 88' lang='lat' dir='ltr'><strong>dicit</strong></span> <span class='ocrx_word' id='word_1_470' title='bbox 544 4507 558 4545; x_wconf 91' lang='lat'><strong>:</strong></span> <span class='ocrx_word' id='word_1_471' title='bbox 589 4492 735 4559; x_wconf 84' lang='lat' dir='ltr'><strong>Fili,</strong></span> <span class='ocrx_word' id='word_1_472' title='bbox 764 4493 886 4558; x_wconf 81' lang='lat' dir='ltr'><strong>quid</strong></span> <span class='ocrx_word' id='word_1_473' title='bbox 918 4494 1083 4560; x_wconf 76' lang='lat' dir='ltr'><strong>fecisti</strong></span> <span class='ocrx_word' id='word_1_474' title='bbox 1115 4492 1257 4544; x_wconf 85' lang='lat' dir='ltr'><strong>nobis</strong></span> <span class='ocrx_word' id='word_1_475' title='bbox 1278 4492 1390 4544; x_wconf 84' lang='lat' dir='ltr'><strong>sic?</strong></span> <span class='ocrx_word' id='word_1_476' title='bbox 1410 4508 1505 4544; x_wconf 89' lang='lat' dir='ltr'><strong>cur</strong></span> <span class='ocrx_word' id='word_1_477' title='bbox 1534 4506 1631 4544; x_wconf 93' lang='lat' dir='ltr'><strong>nos</strong></span> <span class='ocrx_word' id='word_1_478' title='bbox 1660 4491 1945 4559; x_wconf 73' lang='lat' dir='ltr'><strong>reliquisti,</strong></span> 
     </span>
    </p>
   </div>
   <div class='ocr_carea' id='block_1_66' title="bbox 389 4574 1950 4654">
    <p class='ocr_par' dir='ltr' id='par_1_66' title="bbox 389 4574 1950 4654">
     <span class='ocr_line' id='line_1_66' title="bbox 389 4574 1950 4654; baseline -0.004 -16"><span class='ocrx_word' id='word_1_479' title='bbox 389 4593 447 4638; x_wconf 90' lang='lat' dir='ltr'><strong>et</strong></span> <span class='ocrx_word' id='word_1_480' title='bbox 480 4584 543 4637; x_wconf 88' lang='lat' dir='ltr'><strong>ad</strong></span> <span class='ocrx_word' id='word_1_481' title='bbox 591 4582 826 4654; x_wconf 85' lang='lat' dir='ltr'><strong>gentium</strong></span> <span class='ocrx_word' id='word_1_482' title='bbox 876 4581 1165 4636; x_wconf 75' lang='lat' dir='ltr'><strong>Ecclesium</strong></span> <span class='ocrx_word' id='word_1_483' title='bbox 1210 4574 1583 4650; x_wconf 80' lang='lat' dir='ltr'><strong>pertransisti?</strong></span> <span class='ocrx_word' id='word_1_484' title='bbox 1631 4581 1763 4633; x_wconf 82' lang='lat' dir='ltr'><strong>Ecce</strong></span> <span class='ocrx_word' id='word_1_485' title='bbox 1804 4592 1950 4648; x_wconf 82' lang='lat' dir='ltr'><strong>pater</strong></span> 
     </span>
    </p>
   </div>
   <div class='ocr_carea' id='block_1_67' title="bbox 393 4667 1949 4740">
    <p class='ocr_par' dir='ltr' id='par_1_67' title="bbox 393 4667 1949 4740">
     <span class='ocr_line' id='line_1_67' title="bbox 393 4667 1949 4740; baseline -0.004 -16"><span class='ocrx_word' id='word_1_486' title='bbox 393 4680 534 4735; x_wconf 83' lang='lat' dir='ltr'><strong>tuus,</strong></span> <span class='ocrx_word' id='word_1_487' title='bbox 574 4670 797 4740; x_wconf 91' lang='lat' dir='ltr'><strong>populus</strong></span> <span class='ocrx_word' id='word_1_488' title='bbox 824 4668 1098 4732; x_wconf 88' lang='lat' dir='ltr'><strong>Judaicus,</strong></span> <span class='ocrx_word' id='word_1_489' title='bbox 1126 4676 1171 4720; x_wconf 87' lang='lat' dir='ltr'><strong>et</strong></span> <span class='ocrx_word' id='word_1_490' title='bbox 1206 4684 1297 4737; x_wconf 87' lang='lat' dir='ltr'><strong>ego</strong></span> <span class='ocrx_word' id='word_1_491' title='bbox 1327 4667 1557 4720; x_wconf 84' lang='lat' dir='ltr'><strong>dolentes</strong></span> <span class='ocrx_word' id='word_1_492' title='bbox 1594 4667 1949 4735; x_wconf 78' lang='lat' dir='ltr'><strong>qmerebamus</strong></span> 
     </span>
    </p>
   </div>
   <div class='ocr_carea' id='block_1_68' title="bbox 394 4754 1949 4826">
    <p class='ocr_par' dir='ltr' id='par_1_68' title="bbox 394 4754 1949 4826">
     <span class='ocr_line' id='line_1_68' title="bbox 394 4754 1949 4826; baseline -0.005 -12"><span class='ocrx_word' id='word_1_493' title='bbox 394 4772 463 4815; x_wconf 88' lang='lat' dir='ltr'><strong>te.</strong></span> <span class='ocrx_word' id='word_1_494' title='bbox 496 4762 607 4816; x_wconf 79' lang='lat' dir='ltr'><strong>Hoc</strong></span> <span class='ocrx_word' id='word_1_495' title='bbox 636 4768 721 4815; x_wconf 89' lang='lat' dir='ltr'><strong>est</strong></span> <span class='ocrx_word' id='word_1_496' title='bbox 754 4759 919 4823; x_wconf 88' lang='lat' dir='ltr'><strong>enim,</strong></span> <span class='ocrx_word' id='word_1_497' title='bbox 944 4757 1081 4826; x_wconf 91' lang='lat' dir='ltr'><strong>quod</strong></span> <span class='ocrx_word' id='word_1_498' title='bbox 1111 4756 1395 4823; x_wconf 79' lang='lat' dir='ltr'><strong>Apostolus</strong></span> <span class='ocrx_word' id='word_1_499' title='bbox 1424 4756 1493 4809; x_wconf 86' lang='lat' dir='ltr'><strong>ait</strong></span> <span class='ocrx_word' id='word_1_500' title='bbox 1533 4774 1545 4809; x_wconf 89' lang='lat'><strong>:</strong></span> <span class='ocrx_word' id='word_1_501' title='bbox 1580 4754 1949 4808; x_wconf 83' lang='lat' dir='ltr'><strong>Testimonium</strong></span> 
     </span>
    </p>
   </div>
   <div class='ocr_carea' id='block_1_69' title="bbox 300 4843 1953 4919">
    <p class='ocr_par' dir='ltr' id='par_1_69' title="bbox 300 4843 1953 4919">
     <span class='ocr_line' id='line_1_69' title="bbox 300 4843 1953 4919; baseline -0.004 -17"><span class='ocrx_word' id='word_1_502' title='bbox 300 4910 307 4919; x_wconf 34' lang='grc' dir='ltr'>θ</span> <span class='ocrx_word' id='word_1_503' title='bbox 394 4848 501 4901; x_wconf 84' lang='lat' dir='ltr'><strong>illis</strong></span> <span class='ocrx_word' id='word_1_504' title='bbox 529 4848 764 4916; x_wconf 87' lang='lat' dir='ltr'><strong>perhibeo</strong></span> <span class='ocrx_word' id='word_1_505' title='bbox 793 4847 912 4915; x_wconf 82' lang='lat' dir='ltr'><strong>quia</strong></span> <span class='ocrx_word' id='word_1_506' title='bbox 950 4844 1115 4897; x_wconf 71' lang='lat' dir='ltr'><strong>zelum</strong></span> <span class='ocrx_word' id='word_1_507' title='bbox 1158 4844 1254 4896; x_wconf 85' lang='lat' dir='ltr'><strong>Dei</strong></span> <span class='ocrx_word' id='word_1_508' title='bbox 1285 4843 1488 4909; x_wconf 81' lang='lat' dir='ltr'><strong>habent,</strong></span> <span class='ocrx_word' id='word_1_509' title='bbox 1518 4845 1605 4919; x_wconf 82' lang='lat' dir='ltr'><strong>sed</strong></span> <span class='ocrx_word' id='word_1_510' title='bbox 1630 4857 1751 4895; x_wconf 82' lang='lat' dir='ltr'><strong>non</strong></span> <span class='ocrx_word' id='word_1_511' title='bbox 1778 4860 1953 4896; x_wconf 84' lang='lat' dir='ltr'><strong>secun-</strong></span> 
     </span>
    </p>
   </div>
   <div class='ocr_carea' id='block_1_70' title="bbox 397 4918 1949 5002">
    <p class='ocr_par' dir='ltr' id='par_1_70' title="bbox 397 4918 1949 5002">
     <span class='ocr_line' id='line_1_70' title="bbox 397 4918 1949 5002; baseline -0.003 -13"><span class='ocrx_word' id='word_1_512' title='bbox 397 4937 518 4990; x_wconf 81' lang='lat' dir='ltr'><strong>dum</strong></span> <span class='ocrx_word' id='word_1_513' title='bbox 548 4924 812 4991; x_wconf 82' lang='lat' dir='ltr'><strong>scientiam</strong></span> <span class='ocrx_word' id='word_1_514' title='bbox 842 4935 1015 5002; x_wconf 83' lang='lat' dir='ltr'><strong>(Rom.</strong></span> <span class='ocrx_word' id='word_1_515' title='bbox 1037 4928 1103 4997; x_wconf 47' lang='lat' dir='ltr'><strong>‘x,</strong></span> <span class='ocrx_word' id='word_1_516' title='bbox 1134 4935 1212 5002; x_wconf 79' lang='lat'><strong>9.).</strong></span> <span class='ocrx_word' id='word_1_517' title='bbox 1240 4933 1496 4998; x_wconf 72' lang='lat' dir='ltr'><strong>Qumrunt</strong></span> <span class='ocrx_word' id='word_1_518' title='bbox 1516 4918 1724 4995; x_wconf 88' lang='lat' dir='ltr'><strong>Jesutn,</strong></span> <span class='ocrx_word' id='word_1_519' title='bbox 1759 4942 1813 4986; x_wconf 89' lang='lat' dir='ltr'><strong>et</strong></span> <span class='ocrx_word' id='word_1_520' title='bbox 1846 4948 1949 4985; x_wconf 91' lang='lat' dir='ltr'><strong>non</strong></span> 
     </span>
    </p>
   </div>
   <div class='ocr_carea' id='block_1_71' title="bbox 401 5022 1949 5095">
    <p class='ocr_par' dir='ltr' id='par_1_71' title="bbox 401 5022 1949 5095">
     <span class='ocr_line' id='line_1_71' title="bbox 401 5022 1949 5095; baseline -0.004 -15"><span class='ocrx_word' id='word_1_521' title='bbox 401 5028 713 5091; x_wconf 83' lang='lat' dir='ltr'><strong>inveniunt;</strong></span> <span class='ocrx_word' id='word_1_522' title='bbox 745 5026 867 5095; x_wconf 85' lang='lat' dir='ltr'><strong>quia</strong></span> <span class='ocrx_word' id='word_1_523' title='bbox 905 5028 1140 5089; x_wconf 86' lang='lat' dir='ltr'><strong>nondum</strong></span> <span class='ocrx_word' id='word_1_524' title='bbox 1179 5024 1244 5076; x_wconf 89' lang='lat' dir='ltr'><strong>ad</strong></span> <span class='ocrx_word' id='word_1_525' title='bbox 1279 5022 1530 5091; x_wconf 85' lang='lat' dir='ltr'><strong>templum</strong></span> <span class='ocrx_word' id='word_1_526' title='bbox 1562 5033 1611 5076; x_wconf 88' lang='lat' dir='ltr'><strong>et</strong></span> <span class='ocrx_word' id='word_1_527' title='bbox 1659 5022 1949 5077; x_wconf 79' lang='lat' dir='ltr'><strong>Ectlcsiam</strong></span> 
     </span>
    </p>
   </div>
   <div class='ocr_carea' id='block_1_72' title="bbox 403 5130 777 5190">
    <p class='ocr_par' dir='ltr' id='par_1_72' title="bbox 403 5130 777 5190">
     <span class='ocr_line' id='line_1_72' title="bbox 403 5130 777 5190; baseline -0.011 -16"><span class='ocrx_word' id='word_1_528' title='bbox 403 5130 777 5190; x_wconf 86' lang='lat' dir='ltr'><strong>pervenerunt.</strong></span> 
     </span>
    </p>
   </div>
   <div class='ocr_carea' id='block_1_73' title="bbox 477 5199 1951 5273">
    <p class='ocr_par' dir='ltr' id='par_1_73' title="bbox 477 5199 1951 5273">
     <span class='ocr_line' id='line_1_73' title="bbox 477 5199 1951 5273; baseline -0.008 -11"><span class='ocrx_word' id='word_1_529' title='bbox 477 5208 540 5263; x_wconf 82' lang='lat' dir='ltr'><strong>Et</strong></span> <span class='ocrx_word' id='word_1_530' title='bbox 567 5212 636 5263; x_wconf 90' lang='lat' dir='ltr'><strong>ait</strong></span> <span class='ocrx_word' id='word_1_531' title='bbox 661 5210 727 5264; x_wconf 83' lang='lat' dir='ltr'><strong>ad</strong></span> <span class='ocrx_word' id='word_1_532' title='bbox 753 5209 865 5260; x_wconf 86' lang='lat' dir='ltr'><strong>illos</strong></span> <span class='ocrx_word' id='word_1_533' title='bbox 888 5225 906 5263; x_wconf 92' lang='lat'><strong><em>:</em></strong></span> <span class='ocrx_word' id='word_1_534' title='bbox 931 5208 1068 5272; x_wconf 81' lang='lat' dir='ltr'><strong>Quid</strong></span> <span class='ocrx_word' id='word_1_535' title='bbox 1090 5215 1162 5258; x_wconf 86' lang='lat' dir='ltr'><strong>est</strong></span> <span class='ocrx_word' id='word_1_536' title='bbox 1206 5204 1340 5273; x_wconf 83' lang='lat' dir='ltr'><strong>quod</strong></span> <span class='ocrx_word' id='word_1_537' title='bbox 1367 5219 1446 5255; x_wconf 88' lang='lat' dir='ltr'><strong>me</strong></span> <span class='ocrx_word' id='word_1_538' title='bbox 1468 5202 1814 5271; x_wconf 72' lang='lat' dir='ltr'><strong>quazrebafis?</strong></span> <span class='ocrx_word' id='word_1_539' title='bbox 1844 5199 1951 5252; x_wconf 79' lang='lat' dir='ltr'><strong>Ne-</strong></span> 
     </span>
    </p>
   </div>
   <div class='ocr_carea' id='block_1_74' title="bbox 406 5291 1954 5366">
    <p class='ocr_par' dir='ltr' id='par_1_74' title="bbox 406 5291 1954 5366">
     <span class='ocr_line' id='line_1_74' title="bbox 406 5291 1954 5366; baseline -0.009 -13"><span class='ocrx_word' id='word_1_540' title='bbox 406 5299 637 5357; x_wconf 83' lang='lat' dir='ltr'><strong>sciebatis</strong></span> <span class='ocrx_word' id='word_1_541' title='bbox 657 5298 777 5366; x_wconf 88' lang='lat' dir='ltr'><strong>quia</strong></span> <span class='ocrx_word' id='word_1_542' title='bbox 807 5297 858 5348; x_wconf 89' lang='lat' dir='ltr'><strong>in</strong></span> <span class='ocrx_word' id='word_1_543' title='bbox 889 5298 966 5347; x_wconf 85' lang='lat' dir='ltr'><strong>his</strong></span> <span class='ocrx_word' id='word_1_544' title='bbox 988 5311 1104 5361; x_wconf 66' lang='lat' dir='ltr'><strong>qua!</strong></span> <span class='ocrx_word' id='word_1_545' title='bbox 1140 5292 1314 5344; x_wconf 79' lang='lat' dir='ltr'><strong>Patris</strong></span> <span class='ocrx_word' id='word_1_546' title='bbox 1347 5291 1444 5343; x_wconf 88' lang='lat' dir='ltr'><strong>mei</strong></span> <span class='ocrx_word' id='word_1_547' title='bbox 1472 5300 1611 5352; x_wconf 88' lang='lat' dir='ltr'><strong>sunt,</strong></span> <span class='ocrx_word' id='word_1_548' title='bbox 1653 5298 1849 5355; x_wconf 83' lang='lat' dir='ltr'><strong>oportet</strong></span> <span class='ocrx_word' id='word_1_549' title='bbox 1878 5302 1954 5339; x_wconf 86' lang='lat' dir='ltr'><strong>me</strong></span> 
     </span>
    </p>
   </div>
   <div class='ocr_carea' id='block_1_75' title="bbox 408 5379 1952 5453">
    <p class='ocr_par' dir='ltr' id='par_1_75' title="bbox 408 5379 1952 5453">
     <span class='ocr_line' id='line_1_75' title="bbox 408 5379 1952 5453; baseline -0.008 -9"><span class='ocrx_word' id='word_1_550' title='bbox 408 5391 550 5444; x_wconf 76' lang='lat' dir='ltr'><strong>esse?</strong></span> <span class='ocrx_word' id='word_1_551' title='bbox 575 5388 709 5453; x_wconf 82' lang='lat' dir='ltr'><strong>Quid</strong></span> <span class='ocrx_word' id='word_1_552' title='bbox 744 5396 841 5450; x_wconf 86' lang='lat' dir='ltr'><strong>est,</strong></span> <span class='ocrx_word' id='word_1_553' title='bbox 877 5386 1067 5451; x_wconf 74' lang='lat' dir='ltr'><strong>itr,uit,</strong></span> <span class='ocrx_word' id='word_1_554' title='bbox 1100 5384 1236 5452; x_wconf 78' lang='lat' dir='ltr'><strong>quod</strong></span> <span class='ocrx_word' id='word_1_555' title='bbox 1266 5400 1343 5435; x_wconf 85' lang='lat' dir='ltr'><strong>me</strong></span> <span class='ocrx_word' id='word_1_556' title='bbox 1387 5383 1437 5435; x_wconf 91' lang='lat' dir='ltr'><strong>in</strong></span> <span class='ocrx_word' id='word_1_557' title='bbox 1466 5391 1724 5435; x_wconf 72' lang='lat' dir='ltr'><strong>conventu</strong></span> <span class='ocrx_word' id='word_1_558' title='bbox 1763 5379 1952 5431; x_wconf 86' lang='lat' dir='ltr'><strong>inlide-</strong></span> 
     </span>
    </p>
   </div>
   <div class='ocr_carea' id='block_1_76' title="bbox 412 5468 1957 5549">
    <p class='ocr_par' dir='ltr' id='par_1_76' title="bbox 412 5468 1957 5549">
     <span class='ocr_line' id='line_1_76' title="bbox 412 5468 1957 5549; baseline -0.011 -13"><span class='ocrx_word' id='word_1_559' title='bbox 412 5482 537 5536; x_wconf 87' lang='lat' dir='ltr'><strong>linnt</strong></span> <span class='ocrx_word' id='word_1_560' title='bbox 569 5477 891 5549; x_wconf 74' lang='lat' dir='ltr'><strong>qua&#39;rebatis,</strong></span> <span class='ocrx_word' id='word_1_561' title='bbox 916 5485 969 5529; x_wconf 88' lang='lat' dir='ltr'><strong>et</strong></span> <span class='ocrx_word' id='word_1_562' title='bbox 1004 5483 1151 5528; x_wconf 78' lang='lat' dir='ltr'><strong>extra</strong></span> <span class='ocrx_word' id='word_1_563' title='bbox 1183 5473 1475 5527; x_wconf 81' lang='lat' dir='ltr'><strong>Ecclesium</strong></span> <span class='ocrx_word' id='word_1_564' title='bbox 1503 5487 1620 5525; x_wconf 89' lang='lat' dir='ltr'><strong>esse</strong></span> <span class='ocrx_word' id='word_1_565' title='bbox 1648 5468 1957 5538; x_wconf 86' lang='lat' dir='ltr'><strong>putabatis?</strong></span> 
     </span>
    </p>
   </div>
   <div class='ocr_carea' id='block_1_77' title="bbox 413 5560 1956 5637">
    <p class='ocr_par' dir='ltr' id='par_1_77' title="bbox 413 5560 1956 5637">
     <span class='ocr_line' id='line_1_77' title="bbox 413 5560 1956 5637; baseline -0.01 -11"><span class='ocrx_word' id='word_1_566' title='bbox 413 5571 511 5626; x_wconf 84' lang='lat' dir='ltr'><strong>llic</strong></span> <span class='ocrx_word' id='word_1_567' title='bbox 531 5571 690 5637; x_wconf 76' lang='lat' dir='ltr'><strong>enim,</strong></span> <span class='ocrx_word' id='word_1_568' title='bbox 724 5585 806 5624; x_wconf 86' lang='lat' dir='ltr'><strong>me</strong></span> <span class='ocrx_word' id='word_1_569' title='bbox 847 5573 1063 5636; x_wconf 62' lang='lat' dir='ltr'><strong>quaerat,</strong></span> <span class='ocrx_word' id='word_1_570' title='bbox 1104 5564 1192 5633; x_wconf 81' lang='lat' dir='ltr'><strong>qui</strong></span> <span class='ocrx_word' id='word_1_571' title='bbox 1230 5580 1467 5632; x_wconf 58' lang='lat' dir='ltr'><strong>quaerere</strong></span> <span class='ocrx_word' id='word_1_572' title='bbox 1500 5562 1621 5617; x_wconf 87' lang='lat' dir='ltr'><strong>vult.</strong></span> <span class='ocrx_word' id='word_1_573' title='bbox 1655 5562 1733 5615; x_wconf 86' lang='lat' dir='ltr'><strong>An</strong></span> <span class='ocrx_word' id='word_1_574' title='bbox 1768 5560 1956 5613; x_wconf 75' lang='lat' dir='ltr'><strong>nescie-</strong></span> 
     </span>
    </p>
   </div>
   <div class='ocr_carea' id='block_1_78' title="bbox 2030 1817 3588 1888">
    <p class='ocr_par' dir='ltr' id='par_1_78' title="bbox 2030 1817 3588 1888">
     <span class='ocr_line' id='line_1_78' title="bbox 2030 1817 3588 1888; baseline 0.001 -18"><span class='ocrx_word' id='word_1_575' title='bbox 2030 1825 2082 1870; x_wconf 90' lang='lat' dir='ltr'><strong>ct</strong></span> <span class='ocrx_word' id='word_1_576' title='bbox 2115 1818 2179 1870; x_wconf 88' lang='lat' dir='ltr'><strong>de</strong></span> <span class='ocrx_word' id='word_1_577' title='bbox 2220 1817 2421 1887; x_wconf 84' lang='lat' dir='ltr'><strong>Spiritu</strong></span> <span class='ocrx_word' id='word_1_578' title='bbox 2451 1826 2635 1870; x_wconf 86' lang='lat' dir='ltr'><strong>sancto</strong></span> <span class='ocrx_word' id='word_1_579' title='bbox 2688 1818 2815 1872; x_wconf 87' lang='lat' dir='ltr'><strong>dicit</strong></span> <span class='ocrx_word' id='word_1_580' title='bbox 2855 1818 3157 1886; x_wconf 79' lang='lat' dir='ltr'><strong>Apostolus,</strong></span> <span class='ocrx_word' id='word_1_581' title='bbox 3207 1821 3327 1887; x_wconf 79' lang='lat' dir='ltr'><strong>quia</strong></span> <span class='ocrx_word' id='word_1_582' title='bbox 3370 1820 3588 1888; x_wconf 81' lang='lat' dir='ltr'><strong>spiritus</strong></span> 
     </span>
    </p>
   </div>
   <div class='ocr_carea' id='block_1_79' title="bbox 2031 1905 3589 1975">
    <p class='ocr_par' dir='ltr' id='par_1_79' title="bbox 2031 1905 3589 1975">
     <span class='ocr_line' id='line_1_79' title="bbox 2031 1905 3589 1975; baseline 0.001 -18"><span class='ocrx_word' id='word_1_583' title='bbox 2031 1906 2413 1974; x_wconf 80' lang='lat' dir='ltr'><strong>prophetarum</strong></span> <span class='ocrx_word' id='word_1_584' title='bbox 2435 1906 2711 1975; x_wconf 82' lang='lat' dir='ltr'><strong>prophetis</strong></span> <span class='ocrx_word' id='word_1_585' title='bbox 2741 1905 3007 1973; x_wconf 89' lang='lat' dir='ltr'><strong>subjectus</strong></span> <span class='ocrx_word' id='word_1_586' title='bbox 3040 1917 3139 1973; x_wconf 89' lang='lat' dir='ltr'><strong>est,</strong></span> <span class='ocrx_word' id='word_1_587' title='bbox 3177 1918 3233 1959; x_wconf 93' lang='lat' dir='ltr'><strong>ut</strong></span> <span class='ocrx_word' id='word_1_588' title='bbox 3262 1908 3465 1962; x_wconf 87' lang='lat' dir='ltr'><strong>scilicet</strong></span> <span class='ocrx_word' id='word_1_589' title='bbox 3497 1923 3589 1960; x_wconf 87' lang='lat' dir='ltr'><strong>vo-</strong></span> 
     </span>
    </p>
   </div>
   <div class='ocr_carea' id='block_1_80' title="bbox 2034 1996 3590 2065">
    <p class='ocr_par' dir='ltr' id='par_1_80' title="bbox 2034 1996 3590 2065">
     <span class='ocr_line' id='line_1_80' title="bbox 2034 1996 3590 2065; baseline 0 -16"><span class='ocrx_word' id='word_1_590' title='bbox 2034 1996 2287 2051; x_wconf 83' lang='lat' dir='ltr'><strong>luntatem</strong></span> <span class='ocrx_word' id='word_1_591' title='bbox 2332 2011 2516 2051; x_wconf 87' lang='lat' dir='ltr'><strong>eorum</strong></span> <span class='ocrx_word' id='word_1_592' title='bbox 2570 1996 2789 2058; x_wconf 78' lang='lat' dir='ltr'><strong>faceret.</strong></span> <span class='ocrx_word' id='word_1_593' title='bbox 2836 2012 2934 2051; x_wconf 88' lang='lat' dir='ltr'><strong>nec</strong></span> <span class='ocrx_word' id='word_1_594' title='bbox 2962 2012 3145 2050; x_wconf 90' lang='lat' dir='ltr'><strong>eorum</strong></span> <span class='ocrx_word' id='word_1_595' title='bbox 3186 1998 3411 2051; x_wconf 90' lang='lat' dir='ltr'><strong>arbitrio</strong></span> <span class='ocrx_word' id='word_1_596' title='bbox 3434 2012 3590 2065; x_wconf 85' lang='lat' dir='ltr'><strong>repu-</strong></span> 
     </span>
    </p>
   </div>
   <div class='ocr_carea' id='block_1_81' title="bbox 2032 2088 3591 2159">
    <p class='ocr_par' dir='ltr' id='par_1_81' title="bbox 2032 2088 3591 2159">
     <span class='ocr_line' id='line_1_81' title="bbox 2032 2088 3591 2159; baseline 0.001 -20"><span class='ocrx_word' id='word_1_597' title='bbox 2032 2096 2239 2156; x_wconf 86' lang='lat' dir='ltr'><strong>gnaret.</strong></span> <span class='ocrx_word' id='word_1_598' title='bbox 2267 2088 2376 2142; x_wconf 89' lang='lat' dir='ltr'><strong>[loc</strong></span> <span class='ocrx_word' id='word_1_599' title='bbox 2406 2090 2547 2141; x_wconf 89' lang='lat' dir='ltr'><strong>enim</strong></span> <span class='ocrx_word' id='word_1_600' title='bbox 2590 2090 2767 2150; x_wconf 87' lang='lat' dir='ltr'><strong>modo,</strong></span> <span class='ocrx_word' id='word_1_601' title='bbox 2803 2088 2940 2141; x_wconf 88' lang='lat' dir='ltr'><strong>sicut</strong></span> <span class='ocrx_word' id='word_1_602' title='bbox 2967 2088 3188 2157; x_wconf 88' lang='lat' dir='ltr'><strong>spiritus</strong></span> <span class='ocrx_word' id='word_1_603' title='bbox 3214 2090 3591 2159; x_wconf 87' lang='lat' dir='ltr'><strong>prophetarum</strong></span> 
     </span>
    </p>
   </div>
   <div class='ocr_carea' id='block_1_82' title="bbox 2035 2177 3703 2249">
    <p class='ocr_par' dir='ltr' id='par_1_82' title="bbox 2035 2177 3703 2249">
     <span class='ocr_line' id='line_1_82' title="bbox 2035 2177 3703 2249; baseline 0.001 -20"><span class='ocrx_word' id='word_1_604' title='bbox 2035 2178 2312 2246; x_wconf 87' lang='lat' dir='ltr'><strong>prophetis</strong></span> <span class='ocrx_word' id='word_1_605' title='bbox 2338 2177 2604 2243; x_wconf 87' lang='lat' dir='ltr'><strong>sobjectns</strong></span> <span class='ocrx_word' id='word_1_606' title='bbox 2632 2189 2740 2243; x_wconf 85' lang='lat' dir='ltr'><strong>est;</strong></span> <span class='ocrx_word' id='word_1_607' title='bbox 2781 2180 2857 2233; x_wconf 87' lang='lat' dir='ltr'><strong>sic</strong></span> <span class='ocrx_word' id='word_1_608' title='bbox 2885 2179 3145 2247; x_wconf 85' lang='lat' dir='ltr'><strong>sapientia</strong></span> <span class='ocrx_word' id='word_1_609' title='bbox 3192 2180 3615 2249; x_wconf 64' lang='lat' dir='ltr'><strong>prtcdicantium‘</strong></span> <span class='ocrx_word' id='word_1_610' title='bbox 3696 2180 3703 2183; x_wconf 68' lang='grc'><em>’</em></span> 
     </span>
    </p>
   </div>
   <div class='ocr_carea' id='block_1_83' title="bbox 2034 2266 3595 2336">
    <p class='ocr_par' dir='ltr' id='par_1_83' title="bbox 2034 2266 3595 2336">
     <span class='ocr_line' id='line_1_83' title="bbox 2034 2266 3595 2336; baseline 0.001 -21"><span class='ocrx_word' id='word_1_611' title='bbox 2034 2266 2447 2335; x_wconf 61' lang='lat' dir='ltr'><strong>praedicantibus</strong></span> <span class='ocrx_word' id='word_1_612' title='bbox 2491 2267 2730 2336; x_wconf 86' lang='lat' dir='ltr'><strong>subjecta</strong></span> <span class='ocrx_word' id='word_1_613' title='bbox 2771 2275 2873 2321; x_wconf 91' lang='lat' dir='ltr'><strong>est.</strong></span> <span class='ocrx_word' id='word_1_614' title='bbox 2921 2267 3202 2333; x_wconf 82' lang='lat' dir='ltr'><strong>Sapientia</strong></span> <span class='ocrx_word' id='word_1_615' title='bbox 3246 2280 3371 2319; x_wconf 88' lang='lat' dir='ltr'><strong>vero</strong></span> <span class='ocrx_word' id='word_1_616' title='bbox 3403 2268 3595 2335; x_wconf 69' lang='lat' dir='ltr'><strong>praedi-</strong></span> 
     </span>
    </p>
   </div>
   <div class='ocr_carea' id='block_1_84' title="bbox 2036 2354 3611 2425">
    <p class='ocr_par' dir='ltr' id='par_1_84' title="bbox 2036 2354 3611 2425">
     <span class='ocr_line' id='line_1_84' title="bbox 2036 2354 3611 2425; baseline -0.003 -16"><span class='ocrx_word' id='word_1_617' title='bbox 2036 2356 2267 2409; x_wconf 89' lang='lat' dir='ltr'><strong>cantium</strong></span> <span class='ocrx_word' id='word_1_618' title='bbox 2325 2354 2405 2409; x_wconf 91' lang='lat' dir='ltr'><strong>vel</strong></span> <span class='ocrx_word' id='word_1_619' title='bbox 2438 2356 2835 2425; x_wconf 81' lang='lat' dir='ltr'><strong>magistrorum,</strong></span> <span class='ocrx_word' id='word_1_620' title='bbox 2876 2356 3119 2409; x_wconf 87' lang='lat' dir='ltr'><strong>Christus</strong></span> <span class='ocrx_word' id='word_1_621' title='bbox 3164 2363 3263 2409; x_wconf 85' lang='lat' dir='ltr'><strong>est.</strong></span> <span class='ocrx_word' id='word_1_622' title='bbox 3306 2355 3383 2407; x_wconf 84' lang='lat' dir='ltr'><strong>-Et</strong></span> <span class='ocrx_word' id='word_1_623' title='bbox 3432 2366 3611 2406; x_wconf 34' lang='lat' dir='ltr'><strong>mater.</strong></span> 
     </span>
    </p>
   </div>
   <div class='ocr_carea' id='block_1_85' title="bbox 2037 2429 3591 2509">
    <p class='ocr_par' dir='ltr' id='par_1_85' title="bbox 2037 2429 3591 2509">
     <span class='ocr_line' id='line_1_85' title="bbox 2037 2429 3591 2509; baseline -0.001 -15"><span class='ocrx_word' id='word_1_624' title='bbox 2037 2442 2149 2509; x_wconf 83' lang='lat' dir='ltr'><strong>ejus</strong></span> <span class='ocrx_word' id='word_1_625' title='bbox 2177 2441 2507 2495; x_wconf 80' lang='lat' dir='ltr'><strong>conservabat</strong></span> <span class='ocrx_word' id='word_1_626' title='bbox 2538 2443 2711 2494; x_wconf 84' lang='lat' dir='ltr'><strong>omnia</strong></span> <span class='ocrx_word' id='word_1_627' title='bbox 2761 2429 2910 2494; x_wconf 73' lang='lat' dir='ltr'><strong>verba</strong></span> <span class='ocrx_word' id='word_1_628' title='bbox 2941 2444 3051 2494; x_wconf 58' lang='lat' dir='ltr'><strong>haec</strong></span> <span class='ocrx_word' id='word_1_629' title='bbox 3086 2443 3139 2494; x_wconf 90' lang='lat' dir='ltr'><strong>in</strong></span> <span class='ocrx_word' id='word_1_630' title='bbox 3177 2443 3329 2495; x_wconf 85' lang='lat' dir='ltr'><strong>corde</strong></span> <span class='ocrx_word' id='word_1_631' title='bbox 3354 2459 3469 2497; x_wconf 85' lang='lat' dir='ltr'><strong>suo.</strong></span> <span class='ocrx_word' id='word_1_632' title='bbox 3500 2442 3591 2494; x_wconf 77' lang='lat' dir='ltr'><strong>Pin</strong></span> 
     </span>
    </p>
   </div>
   <div class='ocr_carea' id='block_1_86' title="bbox 2038 2512 3597 2600">
    <p class='ocr_par' dir='ltr' id='par_1_86' title="bbox 2038 2512 3597 2600">
     <span class='ocr_line' id='line_1_86' title="bbox 2038 2512 3597 2600; baseline -0.001 -19"><span class='ocrx_word' id='word_1_633' title='bbox 2038 2531 2187 2600; x_wconf 86' lang='lat' dir='ltr'><strong>plebs</strong></span> <span class='ocrx_word' id='word_1_634' title='bbox 2212 2531 2639 2585; x_wconf 86' lang='lat' dir='ltr'><strong>circumcisionis</strong></span> <span class='ocrx_word' id='word_1_635' title='bbox 2678 2530 2863 2584; x_wconf 84' lang='lat' dir='ltr'><strong>sedulo</strong></span> <span class='ocrx_word' id='word_1_636' title='bbox 2892 2531 3052 2584; x_wconf 84' lang='lat' dir='ltr'><strong>corde</strong></span> <span class='ocrx_word' id='word_1_637' title='bbox 3081 2530 3363 2592; x_wconf 83' lang='lat' dir='ltr'><strong>retinebat,</strong></span> <span class='ocrx_word' id='word_1_638' title='bbox 3401 2530 3477 2584; x_wconf 84' lang='lat' dir='ltr'><strong>vel</strong></span> <span class='ocrx_word' id='word_1_639' title='bbox 3503 2512 3597 2598; x_wconf 65' lang='lat' dir='ltr'><strong>pa-</strong></span> 
     </span>
    </p>
   </div>
   <div class='ocr_carea' id='block_1_87' title="bbox 2040 2620 2953 2695">
    <p class='ocr_par' dir='ltr' id='par_1_87' title="bbox 2040 2620 2953 2695">
     <span class='ocr_line' id='line_1_87' title="bbox 2040 2620 2953 2695; baseline 0.001 -23"><span class='ocrx_word' id='word_1_640' title='bbox 2040 2620 2142 2673; x_wconf 89' lang='lat' dir='ltr'><strong>tius</strong></span> <span class='ocrx_word' id='word_1_641' title='bbox 2171 2620 2424 2673; x_wconf 88' lang='lat' dir='ltr'><strong>retinebit</strong></span> <span class='ocrx_word' id='word_1_642' title='bbox 2451 2621 2708 2689; x_wconf 83' lang='lat' dir='ltr'><strong>mysteria</strong></span> <span class='ocrx_word' id='word_1_643' title='bbox 2736 2620 2953 2695; x_wconf 74' lang='lat' dir='ltr'><strong>Chrisd.</strong></span> 
     </span>
    </p>
   </div>
   <div class='ocr_carea' id='block_1_88' title="bbox 2108 2708 3595 2777">
    <p class='ocr_par' dir='ltr' id='par_1_88' title="bbox 2108 2708 3595 2777">
     <span class='ocr_line' id='line_1_88' title="bbox 2108 2708 3595 2777; baseline 0.005 -17"><span class='ocrx_word' id='word_1_644' title='bbox 2108 2708 2175 2760; x_wconf 83' lang='lat' dir='ltr'><strong>Et</strong></span> <span class='ocrx_word' id='word_1_645' title='bbox 2201 2710 2353 2763; x_wconf 67' lang='lat' dir='ltr'><strong>Iesus</strong></span> <span class='ocrx_word' id='word_1_646' title='bbox 2381 2711 2679 2777; x_wconf 83' lang='lat' dir='ltr'><strong>proﬁciebat</strong></span> <span class='ocrx_word' id='word_1_647' title='bbox 2706 2712 2978 2777; x_wconf 86' lang='lat' dir='ltr'><strong>sapientia,</strong></span> <span class='ocrx_word' id='word_1_648' title='bbox 3008 2719 3053 2762; x_wconf 89' lang='lat' dir='ltr'><strong>et</strong></span> <span class='ocrx_word' id='word_1_649' title='bbox 3084 2720 3234 2764; x_wconf 69' lang='lat' dir='ltr'><strong>rztate</strong></span> <span class='ocrx_word' id='word_1_650' title='bbox 3253 2750 3266 2772; x_wconf 89' lang='lat'><strong>,</strong></span> <span class='ocrx_word' id='word_1_651' title='bbox 3307 2719 3350 2761; x_wconf 82' lang='lat' dir='ltr'><strong>et</strong></span> <span class='ocrx_word' id='word_1_652' title='bbox 3395 2711 3562 2777; x_wconf 70' lang='lat' dir='ltr'><strong>grati&quot;</strong></span> <span class='ocrx_word' id='word_1_653' title='bbox 3581 2748 3595 2768; x_wconf 83' lang='lat'><strong>.</strong></span> 
     </span>
    </p>
   </div>
   <div class='ocr_carea' id='block_1_89' title="bbox 2036 2798 3600 2867">
    <p class='ocr_par' dir='ltr' id='par_1_89' title="bbox 2036 2798 3600 2867">
     <span class='ocr_line' id='line_1_89' title="bbox 2036 2798 3600 2867; baseline 0.001 -18"><span class='ocrx_word' id='word_1_654' title='bbox 2036 2798 2173 2865; x_wconf 85' lang='lat' dir='ltr'><strong>apud</strong></span> <span class='ocrx_word' id='word_1_655' title='bbox 2200 2798 2359 2852; x_wconf 89' lang='lat' dir='ltr'><strong>Deum</strong></span> <span class='ocrx_word' id='word_1_656' title='bbox 2384 2808 2428 2851; x_wconf 87' lang='lat' dir='ltr'><strong>et</strong></span> <span class='ocrx_word' id='word_1_657' title='bbox 2454 2800 2705 2852; x_wconf 82' lang='lat' dir='ltr'><strong>homines.</strong></span> <span class='ocrx_word' id='word_1_658' title='bbox 2739 2799 2895 2851; x_wconf 86' lang='lat' dir='ltr'><strong>Jesus</strong></span> <span class='ocrx_word' id='word_1_659' title='bbox 2918 2799 3213 2867; x_wconf 73' lang='lat' dir='ltr'><strong>proﬁciebat</strong></span> <span class='ocrx_word' id='word_1_660' title='bbox 3234 2817 3250 2856; x_wconf 72' lang='grc' dir='ltr'><em>ς</em></span> <span class='ocrx_word' id='word_1_661' title='bbox 3273 2799 3396 2867; x_wconf 75' lang='lat' dir='ltr'><strong>quia</strong></span> <span class='ocrx_word' id='word_1_662' title='bbox 3422 2811 3600 2851; x_wconf 55' lang='grc' dir='ltr'><strong>δοταιῖο</strong></span> 
     </span>
    </p>
   </div>
   <div class='ocr_carea' id='block_1_90' title="bbox 2036 2886 3598 2955">
    <p class='ocr_par' dir='ltr' id='par_1_90' title="bbox 2036 2886 3598 2955">
     <span class='ocr_line' id='line_1_90' title="bbox 2036 2886 3598 2955; baseline 0.001 -17"><span class='ocrx_word' id='word_1_663' title='bbox 2036 2886 2429 2953; x_wconf 63' lang='lat' dir='ltr'><strong>praedicationis</strong></span> <span class='ocrx_word' id='word_1_664' title='bbox 2476 2887 2593 2955; x_wconf 86' lang='lat' dir='ltr'><strong>ejus</strong></span> <span class='ocrx_word' id='word_1_665' title='bbox 2641 2888 2941 2941; x_wconf 82' lang='lat' dir='ltr'><strong>crescebat.</strong></span> <span class='ocrx_word' id='word_1_666' title='bbox 2988 2887 3298 2954; x_wconf 84' lang='lat' dir='ltr'><strong>Pro/icielmt</strong></span> <span class='ocrx_word' id='word_1_667' title='bbox 3344 2887 3598 2953; x_wconf 76' lang='lat' dir='ltr'><strong>sapientia</strong></span> 
     </span>
    </p>
   </div>
   <div class='ocr_carea' id='block_1_91' title="bbox 2036 2976 3594 3047">
    <p class='ocr_par' dir='ltr' id='par_1_91' title="bbox 2036 2976 3594 3047">
     <span class='ocr_line' id='line_1_91' title="bbox 2036 2976 3594 3047; baseline -0.002 -19"><span class='ocrx_word' id='word_1_668' title='bbox 2036 2978 2287 3046; x_wconf 87' lang='lat' dir='ltr'><strong>quoniam</strong></span> <span class='ocrx_word' id='word_1_669' title='bbox 2338 2978 2508 3045; x_wconf 88' lang='lat' dir='ltr'><strong>major</strong></span> <span class='ocrx_word' id='word_1_670' title='bbox 2557 2978 2817 3047; x_wconf 80' lang='lat' dir='ltr'><strong>sapientia</strong></span> <span class='ocrx_word' id='word_1_671' title='bbox 2866 2979 3235 3045; x_wconf 87' lang='lat' dir='ltr'><strong>reperiebatur</strong></span> <span class='ocrx_word' id='word_1_672' title='bbox 3280 2990 3493 3043; x_wconf 72' lang='lat' dir='ltr'><strong>semper</strong></span> <span class='ocrx_word' id='word_1_673' title='bbox 3544 2976 3594 3025; x_wconf 90' lang='lat' dir='ltr'><strong>in</strong></span> 
     </span>
    </p>
   </div>
   <div class='ocr_carea' id='block_1_92' title="bbox 2037 3050 3597 3136">
    <p class='ocr_par' dir='ltr' id='par_1_92' title="bbox 2037 3050 3597 3136">
     <span class='ocr_line' id='line_1_92' title="bbox 2037 3050 3597 3136; baseline -0.002 -18"><span class='ocrx_word' id='word_1_674' title='bbox 2037 3069 2150 3136; x_wconf 77' lang='lat' dir='ltr'><strong>ejus</strong></span> <span class='ocrx_word' id='word_1_675' title='bbox 2200 3068 2459 3122; x_wconf 85' lang='lat' dir='ltr'><strong>doctrina.</strong></span> <span class='ocrx_word' id='word_1_676' title='bbox 2508 3050 2817 3135; x_wconf 65' lang='lat' dir='ltr'><strong>Proﬁcicbat</strong></span> <span class='ocrx_word' id='word_1_677' title='bbox 2852 3078 2897 3119; x_wconf 86' lang='lat' dir='ltr'><strong>et</strong></span> <span class='ocrx_word' id='word_1_678' title='bbox 2921 3076 3100 3130; x_wconf 67' lang='lat' dir='ltr'><strong>a’tate,</strong></span> <span class='ocrx_word' id='word_1_679' title='bbox 3131 3065 3380 3135; x_wconf 89' lang='lat' dir='ltr'><strong>quoniam</strong></span> <span class='ocrx_word' id='word_1_680' title='bbox 3407 3063 3597 3117; x_wconf 73' lang='lat' dir='ltr'><strong>animm</strong></span> 
     </span>
    </p>
   </div>
   <div class='ocr_carea' id='block_1_93' title="bbox 2036 3152 3596 3223">
    <p class='ocr_par' dir='ltr' id='par_1_93' title="bbox 2036 3152 3596 3223">
     <span class='ocr_line' id='line_1_93' title="bbox 2036 3152 3596 3223; baseline -0.003 -18"><span class='ocrx_word' id='word_1_681' title='bbox 2036 3154 2365 3222; x_wconf 86' lang='lat' dir='ltr'><strong>prolicientis</strong></span> <span class='ocrx_word' id='word_1_682' title='bbox 2410 3163 2540 3207; x_wconf 71' lang='lat' dir='ltr'><strong>mtas</strong></span> <span class='ocrx_word' id='word_1_683' title='bbox 2592 3155 2852 3206; x_wconf 86' lang='lat' dir='ltr'><strong>maturior</strong></span> <span class='ocrx_word' id='word_1_684' title='bbox 2892 3154 3086 3223; x_wconf 83' lang='lat' dir='ltr'><strong>jngiter</strong></span> <span class='ocrx_word' id='word_1_685' title='bbox 3138 3154 3506 3206; x_wconf 85' lang='lat' dir='ltr'><strong>inveniebatur</strong></span> <span class='ocrx_word' id='word_1_686' title='bbox 3545 3152 3596 3201; x_wconf 92' lang='lat' dir='ltr'><strong>in</strong></span> 
     </span>
    </p>
   </div>
   <div class='ocr_carea' id='block_1_94' title="bbox 2040 3240 3599 3312">
    <p class='ocr_par' dir='ltr' id='par_1_94' title="bbox 2040 3240 3599 3312">
     <span class='ocr_line' id='line_1_94' title="bbox 2040 3240 3599 3312; baseline -0.004 -15"><span class='ocrx_word' id='word_1_687' title='bbox 2040 3244 2153 3312; x_wconf 84' lang='lat' dir='ltr'><strong>ejus</strong></span> <span class='ocrx_word' id='word_1_688' title='bbox 2182 3258 2449 3297; x_wconf 84' lang='lat' dir='ltr'><strong>sermone.</strong></span> <span class='ocrx_word' id='word_1_689' title='bbox 2473 3242 2783 3310; x_wconf 81' lang='lat' dir='ltr'><strong>Pro/ieiebat</strong></span> <span class='ocrx_word' id='word_1_690' title='bbox 2801 3244 3050 3310; x_wconf 75' lang='lat' dir='ltr'><strong>etgratiu,</strong></span> <span class='ocrx_word' id='word_1_691' title='bbox 3070 3243 3316 3311; x_wconf 78' lang='lat' dir='ltr'><strong>quoniam</strong></span> <span class='ocrx_word' id='word_1_692' title='bbox 3346 3240 3599 3306; x_wconf 78' lang='lat' dir='ltr'><strong>majorem</strong></span> 
     </span>
    </p>
   </div>
   <div class='ocr_carea' id='block_1_95' title="bbox 2041 3328 3595 3401">
    <p class='ocr_par' dir='ltr' id='par_1_95' title="bbox 2041 3328 3595 3401">
     <span class='ocr_line' id='line_1_95' title="bbox 2041 3328 3595 3401; baseline -0.005 -16"><span class='ocrx_word' id='word_1_693' title='bbox 2041 3332 2149 3386; x_wconf 87' lang='lat' dir='ltr'><strong>suis</strong></span> <span class='ocrx_word' id='word_1_694' title='bbox 2185 3332 2412 3401; x_wconf 77' lang='lat' dir='ltr'><strong>gratiam</strong></span> <span class='ocrx_word' id='word_1_695' title='bbox 2442 3332 2751 3400; x_wconf 87' lang='lat' dir='ltr'><strong>quotidiano</strong></span> <span class='ocrx_word' id='word_1_696' title='bbox 2799 3331 3037 3399; x_wconf 83' lang='lat' dir='ltr'><strong>profectu</strong></span> <span class='ocrx_word' id='word_1_697' title='bbox 3087 3331 3264 3383; x_wconf 76' lang='lat' dir='ltr'><strong>dabat.</strong></span> <span class='ocrx_word' id='word_1_698' title='bbox 3304 3328 3415 3383; x_wconf 71' lang='lat' dir='ltr'><strong>Non</strong></span> <span class='ocrx_word' id='word_1_699' title='bbox 3456 3329 3595 3381; x_wconf 87' lang='lat' dir='ltr'><strong>enim</strong></span> 
     </span>
    </p>
   </div>
   <div class='ocr_carea' id='block_1_96' title="bbox 2041 3419 3598 3489">
    <p class='ocr_par' dir='ltr' id='par_1_96' title="bbox 2041 3419 3598 3489">
     <span class='ocr_line' id='line_1_96' title="bbox 2041 3419 3598 3489; baseline -0.003 -14"><span class='ocrx_word' id='word_1_700' title='bbox 2041 3422 2161 3484; x_wconf 86' lang='lat' dir='ltr'><strong>sibi,</strong></span> <span class='ocrx_word' id='word_1_701' title='bbox 2194 3423 2283 3475; x_wconf 89' lang='lat' dir='ltr'><strong>sed</strong></span> <span class='ocrx_word' id='word_1_702' title='bbox 2315 3430 2369 3475; x_wconf 92' lang='lat' dir='ltr'><strong>et</strong></span> <span class='ocrx_word' id='word_1_703' title='bbox 2400 3423 2530 3484; x_wconf 89' lang='lat' dir='ltr'><strong>suis,</strong></span> <span class='ocrx_word' id='word_1_704' title='bbox 2562 3421 2831 3489; x_wconf 84' lang='lat' dir='ltr'><strong>prolectus</strong></span> <span class='ocrx_word' id='word_1_705' title='bbox 2855 3422 2954 3475; x_wconf 87' lang='lat' dir='ltr'><strong>istc</strong></span> <span class='ocrx_word' id='word_1_706' title='bbox 2985 3422 3159 3475; x_wconf 75' lang='lat' dir='ltr'><strong>ﬁebat.</strong></span> <span class='ocrx_word' id='word_1_707' title='bbox 3194 3421 3340 3488; x_wconf 77' lang='lat' dir='ltr'><strong>Apud</strong></span> <span class='ocrx_word' id='word_1_708' title='bbox 3363 3419 3525 3472; x_wconf 90' lang='lat' dir='ltr'><strong>Deum</strong></span> <span class='ocrx_word' id='word_1_709' title='bbox 3553 3428 3598 3470; x_wconf 82' lang='lat' dir='ltr'><strong>et</strong></span> 
     </span>
    </p>
   </div>
   <div class='ocr_carea' id='block_1_97' title="bbox 2040 3508 3599 3578">
    <p class='ocr_par' dir='ltr' id='par_1_97' title="bbox 2040 3508 3599 3578">
     <span class='ocr_line' id='line_1_97' title="bbox 2040 3508 3599 3578; baseline -0.002 -18"><span class='ocrx_word' id='word_1_710' title='bbox 2040 3510 2271 3561; x_wconf 78' lang='lat' dir='ltr'><strong>homines</strong></span> <span class='ocrx_word' id='word_1_711' title='bbox 2302 3510 2373 3562; x_wconf 87' lang='lat' dir='ltr'><strong>ita</strong></span> <span class='ocrx_word' id='word_1_712' title='bbox 2403 3510 2719 3576; x_wconf 75' lang='lat' dir='ltr'><strong>proﬁciebat,</strong></span> <span class='ocrx_word' id='word_1_713' title='bbox 2752 3510 2873 3578; x_wconf 87' lang='lat' dir='ltr'><strong>quia</strong></span> <span class='ocrx_word' id='word_1_714' title='bbox 2900 3519 2950 3562; x_wconf 90' lang='lat' dir='ltr'><strong>et</strong></span> <span class='ocrx_word' id='word_1_715' title='bbox 2979 3511 3043 3563; x_wconf 88' lang='lat' dir='ltr'><strong>ad</strong></span> <span class='ocrx_word' id='word_1_716' title='bbox 3076 3511 3165 3561; x_wconf 91' lang='lat' dir='ltr'><strong>Dei</strong></span> <span class='ocrx_word' id='word_1_717' title='bbox 3198 3509 3419 3578; x_wconf 78' lang='lat' dir='ltr'><strong>gloriam</strong></span> <span class='ocrx_word' id='word_1_718' title='bbox 3454 3518 3507 3560; x_wconf 88' lang='lat' dir='ltr'><strong>et</strong></span> <span class='ocrx_word' id='word_1_719' title='bbox 3532 3508 3599 3558; x_wconf 88' lang='lat' dir='ltr'><strong>ad</strong></span> 
     </span>
    </p>
   </div>
   <div class='ocr_carea' id='block_1_98' title="bbox 2042 3598 3688 3678">
    <p class='ocr_par' dir='ltr' id='par_1_98' title="bbox 2042 3598 3688 3678">
     <span class='ocr_line' id='line_1_98' title="bbox 2042 3598 3688 3678; baseline -0.002 -26"><span class='ocrx_word' id='word_1_720' title='bbox 2042 3598 2317 3652; x_wconf 90' lang='lat' dir='ltr'><strong>hominum</strong></span> <span class='ocrx_word' id='word_1_721' title='bbox 2342 3598 2565 3651; x_wconf 86' lang='lat' dir='ltr'><strong>salutem</strong></span> <span class='ocrx_word' id='word_1_722' title='bbox 2594 3598 2704 3651; x_wconf 74' lang='lat' dir='ltr'><strong>htec</strong></span> <span class='ocrx_word' id='word_1_723' title='bbox 2733 3600 3056 3667; x_wconf 80' lang='lat' dir='ltr'><strong>gerebantur</strong></span> <span class='ocrx_word' id='word_1_724' title='bbox 3085 3616 3099 3650; x_wconf 92' lang='lat'><strong>:</strong></span> <span class='ocrx_word' id='word_1_725' title='bbox 3124 3608 3175 3651; x_wconf 90' lang='lat' dir='ltr'><strong>ct</strong></span> <span class='ocrx_word' id='word_1_726' title='bbox 3198 3600 3365 3664; x_wconf 88' lang='lat' dir='ltr'><strong>mag&#39;s</strong></span> <span class='ocrx_word' id='word_1_727' title='bbox 3398 3613 3459 3651; x_wconf 88' lang='lat' dir='ltr'><strong>ac</strong></span> <span class='ocrx_word' id='word_1_728' title='bbox 3491 3613 3600 3655; x_wconf 52' lang='lat' dir='ltr'><strong>mae</strong></span> <span class='ocrx_word' id='word_1_729' title='bbox 3679 3669 3688 3678; x_wconf 31' lang='lat'><em>‘</em></span> 
     </span>
    </p>
   </div>
   <div class='ocr_carea' id='block_1_99' title="bbox 2040 3683 3601 3753">
    <p class='ocr_par' dir='ltr' id='par_1_99' title="bbox 2040 3683 3601 3753">
     <span class='ocr_line' id='line_1_99' title="bbox 2040 3683 3601 3753; baseline -0.001 -16"><span class='ocrx_word' id='word_1_730' title='bbox 2040 3684 2121 3751; x_wconf 81' lang='lat' dir='ltr'><strong>gis</strong></span> <span class='ocrx_word' id='word_1_731' title='bbox 2166 3683 2570 3738; x_wconf 82' lang='lat' dir='ltr'><strong>innotescebant</strong></span> <span class='ocrx_word' id='word_1_732' title='bbox 2614 3685 2815 3752; x_wconf 79' lang='lat' dir='ltr'><strong>angelis</strong></span> <span class='ocrx_word' id='word_1_733' title='bbox 2844 3684 2933 3752; x_wconf 90' lang='lat' dir='ltr'><strong>qui</strong></span> <span class='ocrx_word' id='word_1_734' title='bbox 2978 3694 3099 3737; x_wconf 81' lang='lat' dir='ltr'><strong>sunt</strong></span> <span class='ocrx_word' id='word_1_735' title='bbox 3138 3684 3283 3753; x_wconf 81' lang='lat' dir='ltr'><strong>apud</strong></span> <span class='ocrx_word' id='word_1_736' title='bbox 3312 3684 3472 3735; x_wconf 88' lang='lat' dir='ltr'><strong>Deum</strong></span> <span class='ocrx_word' id='word_1_737' title='bbox 3498 3724 3511 3743; x_wconf 87' lang='lat'><strong>,</strong></span> <span class='ocrx_word' id='word_1_738' title='bbox 3548 3693 3601 3735; x_wconf 87' lang='lat' dir='ltr'><strong>et</strong></span> 
     </span>
    </p>
   </div>
   <div class='ocr_carea' id='block_1_100' title="bbox 2041 3770 3603 3840">
    <p class='ocr_par' dir='ltr' id='par_1_100' title="bbox 2041 3770 3603 3840">
     <span class='ocr_line' id='line_1_100' title="bbox 2041 3770 3603 3840; baseline -0.001 -13"><span class='ocrx_word' id='word_1_739' title='bbox 2041 3772 2345 3827; x_wconf 88' lang='lat' dir='ltr'><strong>hominibus</strong></span> <span class='ocrx_word' id='word_1_740' title='bbox 2389 3772 2456 3826; x_wconf 82' lang='lat' dir='ltr'><strong>ad</strong></span> <span class='ocrx_word' id='word_1_741' title='bbox 2504 3771 2828 3840; x_wconf 84' lang='lat' dir='ltr'><strong>exemplum.</strong></span> <span class='ocrx_word' id='word_1_742' title='bbox 2868 3770 3176 3827; x_wconf 76' lang='lat' dir='ltr'><strong>Unde&#39;laus</strong></span> <span class='ocrx_word' id='word_1_743' title='bbox 3216 3780 3270 3824; x_wconf 75' lang='lat' dir='ltr'><strong>et</strong></span> <span class='ocrx_word' id='word_1_744' title='bbox 3317 3771 3487 3823; x_wconf 84' lang='lat' dir='ltr'><strong>honor</strong></span> <span class='ocrx_word' id='word_1_745' title='bbox 3532 3771 3603 3823; x_wconf 89' lang='lat' dir='ltr'><strong>sit</strong></span> 
     </span>
    </p>
   </div>
   <div class='ocr_carea' id='block_1_101' title="bbox 2042 3858 3597 3939">
    <p class='ocr_par' dir='ltr' id='par_1_101' title="bbox 2042 3858 3597 3939">
     <span class='ocr_line' id='line_1_101' title="bbox 2042 3858 3597 3939; baseline -0.003 -24"><span class='ocrx_word' id='word_1_746' title='bbox 2042 3862 2214 3915; x_wconf 90' lang='lat' dir='ltr'><strong>eidem</strong></span> <span class='ocrx_word' id='word_1_747' title='bbox 2260 3860 2347 3929; x_wconf 88' lang='lat' dir='ltr'><strong>pio</strong></span> <span class='ocrx_word' id='word_1_748' title='bbox 2390 3860 2653 3939; x_wconf 81' lang='lat' dir='ltr'><strong>Salvatori</strong></span> <span class='ocrx_word' id='word_1_749' title='bbox 2702 3876 2821 3914; x_wconf 91' lang='lat' dir='ltr'><strong>cum</strong></span> <span class='ocrx_word' id='word_1_750' title='bbox 2871 3858 3029 3914; x_wconf 83' lang='lat' dir='ltr'><strong>Patre</strong></span> <span class='ocrx_word' id='word_1_751' title='bbox 3058 3870 3115 3915; x_wconf 87' lang='lat' dir='ltr'><strong>et</strong></span> <span class='ocrx_word' id='word_1_752' title='bbox 3153 3858 3352 3928; x_wconf 84' lang='lat' dir='ltr'><strong>Spiritu</strong></span> <span class='ocrx_word' id='word_1_753' title='bbox 3385 3867 3597 3922; x_wconf 90' lang='lat' dir='ltr'><strong>sancto,</strong></span> 
     </span>
    </p>
   </div>
   <div class='ocr_carea' id='block_1_102' title="bbox 2043 3946 3543 4020">
    <p class='ocr_par' dir='ltr' id='par_1_102' title="bbox 2043 3946 3543 4020">
     <span class='ocr_line' id='line_1_102' title="bbox 2043 3946 3543 4020; baseline -0.003 -16"><span class='ocrx_word' id='word_1_754' title='bbox 2043 3965 2139 4020; x_wconf 88' lang='lat' dir='ltr'><strong>per</strong></span> <span class='ocrx_word' id='word_1_755' title='bbox 2169 3949 2373 4005; x_wconf 80' lang='lat' dir='ltr'><strong>inﬁnita</strong></span> <span class='ocrx_word' id='word_1_756' title='bbox 2398 3950 2613 4003; x_wconf 67' lang='lat' dir='ltr'><strong>sarcula.</strong></span> <span class='ocrx_word' id='word_1_757' title='bbox 2647 3948 2834 4001; x_wconf 78' lang='lat' dir='ltr'><strong>Amen.</strong></span> <span class='ocrx_word' id='word_1_758' title='bbox 3115 3978 3119 3983; x_wconf 97' lang='lat'><strong><em>-</em></strong></span> <span class='ocrx_word' id='word_1_759' title='bbox 3540 3946 3543 3949; x_wconf 62' lang='grc'><strong><em>⁷</em></strong></span> 
     </span>
    </p>
   </div>
   <div class='ocr_carea' id='block_1_103' title="bbox 2606 4036 3055 4093">
    <p class='ocr_par' dir='ltr' id='par_1_103' title="bbox 2606 4036 3055 4093">
     <span class='ocr_line' id='line_1_103' title="bbox 2606 4036 3055 4093; baseline -0.004 -4"><span class='ocrx_word' id='word_1_760' title='bbox 2606 4036 2882 4092; x_wconf 77' lang='lat' dir='ltr'><strong>IIOMILIA</strong></span> <span class='ocrx_word' id='word_1_761' title='bbox 2928 4036 3055 4093; x_wconf 70' lang='lat' dir='ltr'><strong>Vill.</strong></span> 
     </span>
    </p>
   </div>
   <div class='ocr_carea' id='block_1_104' title="bbox 2046 4130 3057 4184">
    <p class='ocr_par' dir='ltr' id='par_1_104' title="bbox 2046 4130 3057 4184">
     <span class='ocr_line' id='line_1_104' title="bbox 2046 4130 3057 4184; baseline -0.006 0"><span class='ocrx_word' id='word_1_762' title='bbox 2046 4130 2099 4184; x_wconf 71' lang='lat' dir='ltr'><strong>In</strong></span> <span class='ocrx_word' id='word_1_763' title='bbox 2138 4143 2469 4184; x_wconf 73' lang='lat' dir='ltr'><strong>EVANGELtUIt</strong></span> <span class='ocrx_word' id='word_1_764' title='bbox 2503 4141 2774 4182; x_wconf 68' lang='lat' dir='ltr'><strong>accusavit</strong></span> <span class='ocrx_word' id='word_1_765' title='bbox 2824 4140 2995 4179; x_wconf 70' lang='lat' dir='ltr'><strong>LOCAI</strong></span> <span class='ocrx_word' id='word_1_766' title='bbox 3043 4142 3057 4178; x_wconf 92' lang='lat'><strong>:</strong></span> 
     </span>
    </p>
   </div>
   <div class='ocr_carea' id='block_1_105' title="bbox 2118 4211 3608 4287">
    <p class='ocr_par' dir='ltr' id='par_1_105' title="bbox 2118 4211 3608 4287">
     <span class='ocr_line' id='line_1_105' title="bbox 2118 4211 3608 4287; baseline -0.005 -16"><span class='ocrx_word' id='word_1_767' title='bbox 2118 4217 2467 4285; x_wconf 76' lang='lat' dir='ltr'><strong>baptizaretur</strong></span> <span class='ocrx_word' id='word_1_768' title='bbox 2506 4216 2672 4267; x_wconf 88' lang='lat' dir='ltr'><strong>omnis</strong></span> <span class='ocrx_word' id='word_1_769' title='bbox 2702 4212 2954 4287; x_wconf 83' lang='lat' dir='ltr'><strong>populus,</strong></span> <span class='ocrx_word' id='word_1_770' title='bbox 3008 4220 3057 4266; x_wconf 74' lang='lat' dir='ltr'><strong>et</strong></span> <span class='ocrx_word' id='word_1_771' title='bbox 3094 4211 3221 4265; x_wconf 73' lang='lat' dir='ltr'><strong>Iesu</strong></span> <span class='ocrx_word' id='word_1_772' title='bbox 3266 4211 3525 4279; x_wconf 71' lang='lat' dir='ltr'><strong>baptizata</strong></span> <span class='ocrx_word' id='word_1_773' title='bbox 3559 4219 3608 4263; x_wconf 77' lang='lat' dir='ltr'><strong>et</strong></span> 
     </span>
    </p>
   </div>
   <div class='ocr_carea' id='block_1_106' title="bbox 2117 4295 3605 4373">
    <p class='ocr_par' dir='ltr' id='par_1_106' title="bbox 2117 4295 3605 4373">
     <span class='ocr_line' id='line_1_106' title="bbox 2117 4295 3605 4373; baseline -0.005 -14"><span class='ocrx_word' id='word_1_774' title='bbox 2117 4312 2329 4365; x_wconf 80' lang='lat' dir='ltr'><strong>orante,</strong></span> <span class='ocrx_word' id='word_1_775' title='bbox 2386 4311 2619 4373; x_wconf 83' lang='lat' dir='ltr'><strong>apertum</strong></span> <span class='ocrx_word' id='word_1_776' title='bbox 2664 4309 2738 4353; x_wconf 86' lang='lat' dir='ltr'><strong>est</strong></span> <span class='ocrx_word' id='word_1_777' title='bbox 2798 4298 2997 4353; x_wconf 73' lang='lat' dir='ltr'><strong>uelum.</strong></span> <span class='ocrx_word' id='word_1_778' title='bbox 3040 4298 3133 4353; x_wconf 63' lang='lat' dir='ltr'><strong>&#39;Et</strong></span> <span class='ocrx_word' id='word_1_779' title='bbox 3186 4298 3386 4368; x_wconf 71' lang='lat' dir='ltr'><strong>reliqua</strong></span> <span class='ocrx_word' id='word_1_780' title='bbox 3444 4295 3605 4360; x_wconf 86' lang='lat' dir='ltr'><strong>(Luc.</strong></span> 
     </span>
    </p>
   </div>
   <div class='ocr_carea' id='block_1_107' title="bbox 2053 4391 3489 4457">
    <p class='ocr_par' dir='ltr' id='par_1_107' title="bbox 2053 4391 3489 4457">
     <span class='ocr_line' id='line_1_107' title="bbox 2053 4391 3489 4457; baseline -0.008 -10"><span class='ocrx_word' id='word_1_781' title='bbox 2053 4444 2059 4450; x_wconf 90' lang='lat'><strong><em>_</em></strong></span> <span class='ocrx_word' id='word_1_782' title='bbox 2122 4408 2203 4454; x_wconf 86' lang='lat' dir='ltr'><strong>tu,</strong></span> <span class='ocrx_word' id='word_1_783' title='bbox 2237 4391 2348 4457; x_wconf 76' lang='grc'><strong>21).</strong></span> <span class='ocrx_word' id='word_1_784' title='bbox 3488 4432 3489 4435; x_wconf 44' lang='grc' dir='ltr'><strong>η</strong></span> 
     </span>
    </p>
   </div>
   <div class='ocr_carea' id='block_1_108' title="bbox 2120 4472 3610 4552">
    <p class='ocr_par' dir='ltr' id='par_1_108' title="bbox 2120 4472 3610 4552">
     <span class='ocr_line' id='line_1_108' title="bbox 2120 4472 3610 4552; baseline -0.005 -18"><span class='ocrx_word' id='word_1_785' title='bbox 2120 4479 2415 4552; x_wconf 77' lang='lat' dir='ltr'><strong>Baptizavit</strong></span> <span class='ocrx_word' id='word_1_786' title='bbox 2446 4478 2682 4533; x_wconf 86' lang='lat' dir='ltr'><strong>Joannes</strong></span> <span class='ocrx_word' id='word_1_787' title='bbox 2711 4476 3018 4531; x_wconf 82' lang='lat' dir='ltr'><strong>universum</strong></span> <span class='ocrx_word' id='word_1_788' title='bbox 3049 4472 3397 4547; x_wconf 82' lang='lat' dir='ltr'><strong>populumad</strong></span> <span class='ocrx_word' id='word_1_789' title='bbox 3432 4490 3491 4529; x_wconf 85' lang='lat' dir='ltr'><strong>se</strong></span> <span class='ocrx_word' id='word_1_790' title='bbox 3521 4489 3610 4527; x_wconf 85' lang='lat' dir='ltr'><strong>vc-</strong></span> 
     </span>
    </p>
   </div>
   <div class='ocr_carea' id='block_1_109' title="bbox 2052 4564 3611 4638">
    <p class='ocr_par' dir='ltr' id='par_1_109' title="bbox 2052 4564 3611 4638">
     <span class='ocr_line' id='line_1_109' title="bbox 2052 4564 3611 4638; baseline -0.006 -12"><span class='ocrx_word' id='word_1_791' title='bbox 2052 4572 2316 4630; x_wconf 86' lang='lat' dir='ltr'><strong>nientem;</strong></span> <span class='ocrx_word' id='word_1_792' title='bbox 2345 4570 2468 4638; x_wconf 89' lang='lat' dir='ltr'><strong>quia</strong></span> <span class='ocrx_word' id='word_1_793' title='bbox 2498 4569 2542 4624; x_wconf 86' lang='lat' dir='ltr'><strong>si</strong></span> <span class='ocrx_word' id='word_1_794' title='bbox 2573 4568 2742 4622; x_wconf 87' lang='lat' dir='ltr'><strong>solum</strong></span> <span class='ocrx_word' id='word_1_795' title='bbox 2790 4564 3075 4620; x_wconf 86' lang='lat' dir='ltr'><strong>Dominum</strong></span> <span class='ocrx_word' id='word_1_796' title='bbox 3108 4564 3432 4635; x_wconf 70' lang='lat' dir='ltr'><strong>baptizaurt</strong></span> <span class='ocrx_word' id='word_1_797' title='bbox 3454 4603 3469 4628; x_wconf 90' lang='lat'><strong>,</strong></span> <span class='ocrx_word' id='word_1_798' title='bbox 3505 4578 3611 4616; x_wconf 91' lang='lat' dir='ltr'><strong>non</strong></span> 
     </span>
    </p>
   </div>
   <div class='ocr_carea' id='block_1_110' title="bbox 2052 4653 3607 4727">
    <p class='ocr_par' dir='ltr' id='par_1_110' title="bbox 2052 4653 3607 4727">
     <span class='ocr_line' id='line_1_110' title="bbox 2052 4653 3607 4727; baseline -0.008 -13"><span class='ocrx_word' id='word_1_799' title='bbox 2052 4654 2301 4715; x_wconf 80' lang='lat' dir='ltr'><strong>deessent</strong></span> <span class='ocrx_word' id='word_1_800' title='bbox 2355 4659 2445 4727; x_wconf 81' lang='lat' dir='ltr'><strong>qui</strong></span> <span class='ocrx_word' id='word_1_801' title='bbox 2507 4667 2761 4727; x_wconf 83' lang='lat' dir='ltr'><strong>putarent</strong></span> <span class='ocrx_word' id='word_1_802' title='bbox 2819 4656 3057 4715; x_wconf 74' lang='lat' dir='ltr'><strong>sanctius</strong></span> <span class='ocrx_word' id='word_1_803' title='bbox 3125 4654 3289 4709; x_wconf 85' lang='lat' dir='ltr'><strong>luisse</strong></span> <span class='ocrx_word' id='word_1_804' title='bbox 3344 4653 3607 4721; x_wconf 85' lang='lat' dir='ltr'><strong>baptisma</strong></span> 
     </span>
    </p>
   </div>
   <div class='ocr_carea' id='block_1_111' title="bbox 2052 4741 3609 4819">
    <p class='ocr_par' dir='ltr' id='par_1_111' title="bbox 2052 4741 3609 4819">
     <span class='ocr_line' id='line_1_111' title="bbox 2052 4741 3609 4819; baseline -0.006 -16"><span class='ocrx_word' id='word_1_805' title='bbox 2052 4748 2272 4803; x_wconf 87' lang='lat' dir='ltr'><strong>Joannis</strong></span> <span class='ocrx_word' id='word_1_806' title='bbox 2324 4763 2483 4817; x_wconf 88' lang='lat' dir='ltr'><strong>quam</strong></span> <span class='ocrx_word' id='word_1_807' title='bbox 2512 4746 2736 4811; x_wconf 78' lang='lat' dir='ltr'><strong>Christi,</strong></span> <span class='ocrx_word' id='word_1_808' title='bbox 2760 4748 2909 4819; x_wconf 84' lang='lat' dir='ltr'><strong>quasi</strong></span> <span class='ocrx_word' id='word_1_809' title='bbox 2932 4745 3198 4814; x_wconf 88' lang='lat' dir='ltr'><strong>baptismo</strong></span> <span class='ocrx_word' id='word_1_810' title='bbox 3224 4741 3443 4797; x_wconf 82' lang='lat' dir='ltr'><strong>Joannis</strong></span> <span class='ocrx_word' id='word_1_811' title='bbox 3465 4741 3609 4793; x_wconf 83' lang='lat' dir='ltr'><strong>solus</strong></span> 
     </span>
    </p>
   </div>
   <div class='ocr_carea' id='block_1_112' title="bbox 2054 4828 3610 4904">
    <p class='ocr_par' dir='ltr' id='par_1_112' title="bbox 2054 4828 3610 4904">
     <span class='ocr_line' id='line_1_112' title="bbox 2054 4828 3610 4904; baseline -0.01 -10"><span class='ocrx_word' id='word_1_812' title='bbox 2054 4839 2299 4894; x_wconf 90' lang='lat' dir='ltr'><strong>Christus</strong></span> <span class='ocrx_word' id='word_1_813' title='bbox 2326 4836 2608 4891; x_wconf 88' lang='lat' dir='ltr'><strong>meruisset</strong></span> <span class='ocrx_word' id='word_1_814' title='bbox 2634 4836 2923 4904; x_wconf 80' lang='lat' dir='ltr'><strong>baptizari;</strong></span> <span class='ocrx_word' id='word_1_815' title='bbox 2956 4834 3222 4901; x_wconf 86' lang='lat' dir='ltr'><strong>baptismo</strong></span> <span class='ocrx_word' id='word_1_816' title='bbox 3253 4839 3427 4883; x_wconf 89' lang='lat' dir='ltr'><strong>autem</strong></span> <span class='ocrx_word' id='word_1_817' title='bbox 3454 4828 3610 4881; x_wconf 63' lang='lat' dir='ltr'><strong>Chri.</strong></span> 
     </span>
    </p>
   </div>
   <div class='ocr_carea' id='block_1_113' title="bbox 2054 4919 3610 5001">
    <p class='ocr_par' dir='ltr' id='par_1_113' title="bbox 2054 4919 3610 5001">
     <span class='ocr_line' id='line_1_113' title="bbox 2054 4919 3610 5001; baseline -0.01 -15"><span class='ocrx_word' id='word_1_818' title='bbox 2054 4932 2144 4995; x_wconf 92' lang='lat' dir='ltr'><strong>sti,</strong></span> <span class='ocrx_word' id='word_1_819' title='bbox 2169 4947 2335 5001; x_wconf 86' lang='lat' dir='ltr'><strong>genus</strong></span> <span class='ocrx_word' id='word_1_820' title='bbox 2372 4931 2683 4983; x_wconf 85' lang='lat' dir='ltr'><strong>humanum.</strong></span> <span class='ocrx_word' id='word_1_821' title='bbox 2709 4929 2765 4982; x_wconf 88' lang='lat' dir='ltr'><strong>Si</strong></span> <span class='ocrx_word' id='word_1_822' title='bbox 2794 4927 2936 4981; x_wconf 85' lang='lat' dir='ltr'><strong>enim</strong></span> <span class='ocrx_word' id='word_1_823' title='bbox 2977 4925 3119 4979; x_wconf 84' lang='lat' dir='ltr'><strong>solus</strong></span> <span class='ocrx_word' id='word_1_824' title='bbox 3149 4921 3395 4977; x_wconf 82' lang='lat' dir='ltr'><strong>Christus</strong></span> <span class='ocrx_word' id='word_1_825' title='bbox 3431 4919 3610 4986; x_wconf 73' lang='lat' dir='ltr'><strong>bapti~</strong></span> 
     </span>
    </p>
   </div>
   <div class='ocr_carea' id='block_1_114' title="bbox 2054 5008 3609 5084">
    <p class='ocr_par' dir='ltr' id='par_1_114' title="bbox 2054 5008 3609 5084">
     <span class='ocr_line' id='line_1_114' title="bbox 2054 5008 3609 5084; baseline -0.009 -11"><span class='ocrx_word' id='word_1_826' title='bbox 2054 5038 2169 5074; x_wconf 91' lang='lat' dir='ltr'><strong>smo</strong></span> <span class='ocrx_word' id='word_1_827' title='bbox 2211 5019 2430 5073; x_wconf 86' lang='lat' dir='ltr'><strong>Joannis</strong></span> <span class='ocrx_word' id='word_1_828' title='bbox 2476 5028 2621 5071; x_wconf 86' lang='lat' dir='ltr'><strong>esset</strong></span> <span class='ocrx_word' id='word_1_829' title='bbox 2668 5016 2994 5084; x_wconf 83' lang='lat' dir='ltr'><strong>baptizatus,</strong></span> <span class='ocrx_word' id='word_1_830' title='bbox 3039 5013 3277 5069; x_wconf 78' lang='lat' dir='ltr'><strong>dicerent</strong></span> <span class='ocrx_word' id='word_1_831' title='bbox 3322 5008 3609 5063; x_wconf 89' lang='lat' dir='ltr'><strong>homines:</strong></span> 
     </span>
    </p>
   </div>
   <div class='ocr_carea' id='block_1_115' title="bbox 2054 5098 3609 5174">
    <p class='ocr_par' dir='ltr' id='par_1_115' title="bbox 2054 5098 3609 5174">
     <span class='ocr_line' id='line_1_115' title="bbox 2054 5098 3609 5174; baseline -0.008 -15"><span class='ocrx_word' id='word_1_832' title='bbox 2054 5108 2275 5174; x_wconf 84' lang='lat' dir='ltr'><strong>Qualem</strong></span> <span class='ocrx_word' id='word_1_833' title='bbox 2323 5106 2640 5173; x_wconf 83' lang='lat' dir='ltr'><strong>baptismum</strong></span> <span class='ocrx_word' id='word_1_834' title='bbox 2691 5104 2876 5157; x_wconf 86' lang='lat' dir='ltr'><strong>habuit</strong></span> <span class='ocrx_word' id='word_1_835' title='bbox 2919 5100 3182 5157; x_wconf 83' lang='lat' dir='ltr'><strong>Joannes?</strong></span> <span class='ocrx_word' id='word_1_836' title='bbox 3224 5098 3469 5166; x_wconf 82' lang='lat' dir='ltr'><strong>Magnum</strong></span> <span class='ocrx_word' id='word_1_837' title='bbox 3521 5098 3609 5147; x_wconf 89' lang='lat' dir='ltr'><strong>ba-</strong></span> 
     </span>
    </p>
   </div>
   <div class='ocr_carea' id='block_1_116' title="bbox 2054 5184 3605 5267">
    <p class='ocr_par' dir='ltr' id='par_1_116' title="bbox 2054 5184 3605 5267">
     <span class='ocr_line' id='line_1_116' title="bbox 2054 5184 3605 5267; baseline -0.009 -18"><span class='ocrx_word' id='word_1_838' title='bbox 2054 5200 2303 5267; x_wconf 89' lang='lat' dir='ltr'><strong>ptismum</strong></span> <span class='ocrx_word' id='word_1_839' title='bbox 2333 5195 2536 5256; x_wconf 87' lang='lat' dir='ltr'><strong>habuit,</strong></span> <span class='ocrx_word' id='word_1_840' title='bbox 2564 5192 2824 5246; x_wconf 80' lang='lat' dir='ltr'><strong>ineli‘abile</strong></span> <span class='ocrx_word' id='word_1_841' title='bbox 2846 5197 3264 5253; x_wconf 86' lang='lat' dir='ltr'><strong>sacramentum,</strong></span> <span class='ocrx_word' id='word_1_842' title='bbox 3286 5187 3462 5239; x_wconf 81' lang='lat' dir='ltr'><strong>videte</strong></span> <span class='ocrx_word' id='word_1_843' title='bbox 3484 5184 3605 5250; x_wconf 89' lang='lat' dir='ltr'><strong>quia</strong></span> 
     </span>
    </p>
   </div>
   <div class='ocr_carea' id='block_1_117' title="bbox 2055 5272 3607 5348">
    <p class='ocr_par' dir='ltr' id='par_1_117' title="bbox 2055 5272 3607 5348">
     <span class='ocr_line' id='line_1_117' title="bbox 2055 5272 3607 5348; baseline -0.009 -9"><span class='ocrx_word' id='word_1_844' title='bbox 2055 5286 2198 5339; x_wconf 91' lang='lat' dir='ltr'><strong>solus</strong></span> <span class='ocrx_word' id='word_1_845' title='bbox 2225 5284 2469 5338; x_wconf 88' lang='lat' dir='ltr'><strong>Christus</strong></span> <span class='ocrx_word' id='word_1_846' title='bbox 2515 5282 2708 5335; x_wconf 89' lang='lat' dir='ltr'><strong>meruit</strong></span> <span class='ocrx_word' id='word_1_847' title='bbox 2764 5280 3022 5348; x_wconf 87' lang='lat' dir='ltr'><strong>baptizari</strong></span> <span class='ocrx_word' id='word_1_848' title='bbox 3072 5278 3331 5345; x_wconf 77' lang='lat' dir='ltr'><strong>baptismo</strong></span> <span class='ocrx_word' id='word_1_849' title='bbox 3367 5272 3607 5325; x_wconf 81' lang='lat' dir='ltr'><strong>Joannis.</strong></span> 
     </span>
    </p>
   </div>
   <div class='ocr_carea' id='block_1_118' title="bbox 2056 5361 3607 5442">
    <p class='ocr_par' dir='ltr' id='par_1_118' title="bbox 2056 5361 3607 5442">
     <span class='ocr_line' id='line_1_118' title="bbox 2056 5361 3607 5442; baseline -0.012 -14"><span class='ocrx_word' id='word_1_850' title='bbox 2056 5378 2229 5442; x_wconf 91' lang='lat' dir='ltr'><strong>Atque</strong></span> <span class='ocrx_word' id='word_1_851' title='bbox 2282 5373 2352 5426; x_wconf 90' lang='lat' dir='ltr'><strong>ita</strong></span> <span class='ocrx_word' id='word_1_852' title='bbox 2393 5370 2563 5439; x_wconf 84' lang='lat' dir='ltr'><strong>major</strong></span> <span class='ocrx_word' id='word_1_853' title='bbox 2611 5370 2880 5424; x_wconf 88' lang='lat' dir='ltr'><strong>videretur</strong></span> <span class='ocrx_word' id='word_1_854' title='bbox 2926 5366 3215 5435; x_wconf 88' lang='lat' dir='ltr'><strong>baptismus</strong></span> <span class='ocrx_word' id='word_1_855' title='bbox 3260 5361 3399 5414; x_wconf 89' lang='lat' dir='ltr'><strong>servi</strong></span> <span class='ocrx_word' id='word_1_856' title='bbox 3448 5375 3607 5426; x_wconf 89' lang='lat' dir='ltr'><strong>quam</strong></span> 
     </span>
    </p>
   </div>
   <div class='ocr_carea' id='block_1_119' title="bbox 2059 5450 3610 5534">
    <p class='ocr_par' dir='ltr' id='par_1_119' title="bbox 2059 5450 3610 5534">
     <span class='ocr_line' id='line_1_119' title="bbox 2059 5450 3610 5534; baseline -0.013 -16"><span class='ocrx_word' id='word_1_857' title='bbox 2059 5464 2353 5534; x_wconf 87' lang='lat' dir='ltr'><strong>baptismus</strong></span> <span class='ocrx_word' id='word_1_858' title='bbox 2386 5461 2615 5516; x_wconf 82' lang='lat' dir='ltr'><strong>Domini.</strong></span> <span class='ocrx_word' id='word_1_859' title='bbox 2646 5459 2903 5528; x_wconf 86' lang='lat' dir='ltr'><strong>Baptizati</strong></span> <span class='ocrx_word' id='word_1_860' title='bbox 2937 5458 3058 5509; x_wconf 88' lang='lat' dir='ltr'><strong>sunt</strong></span> <span class='ocrx_word' id='word_1_861' title='bbox 3107 5451 3267 5520; x_wconf 85' lang='lat' dir='ltr'><strong>igitur</strong></span> <span class='ocrx_word' id='word_1_862' title='bbox 3303 5458 3354 5503; x_wconf 91' lang='lat' dir='ltr'><strong>et</strong></span> <span class='ocrx_word' id='word_1_863' title='bbox 3396 5450 3610 5502; x_wconf 63' lang='lat' dir='ltr'><strong>aliiba.</strong></span> 
     </span>
    </p>
   </div>
   <div class='ocr_carea' id='block_1_120' title="bbox 2061 5538 3606 5626">
    <p class='ocr_par' dir='ltr' id='par_1_120' title="bbox 2061 5538 3606 5626">
     <span class='ocr_line' id='line_1_120' title="bbox 2061 5538 3606 5626; baseline -0.013 -15"><span class='ocrx_word' id='word_1_864' title='bbox 2061 5558 2254 5626; x_wconf 84' lang='lat' dir='ltr'><strong>ptistuo</strong></span> <span class='ocrx_word' id='word_1_865' title='bbox 2290 5553 2539 5616; x_wconf 84' lang='lat' dir='ltr'><strong>Joannis,</strong></span> <span class='ocrx_word' id='word_1_866' title='bbox 2596 5567 2659 5603; x_wconf 91' lang='lat' dir='ltr'><strong>ne</strong></span> <span class='ocrx_word' id='word_1_867' title='bbox 2707 5548 2889 5605; x_wconf 86' lang='lat' dir='ltr'><strong>melior</strong></span> <span class='ocrx_word' id='word_1_868' title='bbox 2920 5543 3183 5613; x_wconf 88' lang='lat' dir='ltr'><strong>baptimus</strong></span> <span class='ocrx_word' id='word_1_869' title='bbox 3218 5540 3434 5596; x_wconf 75' lang='lat' dir='ltr'><strong>Joannis</strong></span> <span class='ocrx_word' id='word_1_870' title='bbox 3468 5538 3606 5592; x_wconf 78' lang='lat' dir='ltr'><strong>vide—</strong></span> 
     </span>
    </p>
   </div>
   <div class='ocr_carea' id='block_1_121' title="bbox 3110 4122 3607 4178">
    <p class='ocr_par' dir='ltr' id='par_1_121' title="bbox 3110 4122 3607 4178">
     <span class='ocr_line' id='line_1_121' title="bbox 3110 4122 3607 4178; baseline -0.002 0"><span class='ocrx_word' id='word_1_871' title='bbox 3110 4122 3328 4178; x_wconf 77' lang='lat' dir='ltr'><strong>Factum</strong></span> <span class='ocrx_word' id='word_1_872' title='bbox 3361 4133 3436 4177; x_wconf 88' lang='lat' dir='ltr'><strong>est</strong></span> <span class='ocrx_word' id='word_1_873' title='bbox 3489 4139 3607 4177; x_wconf 82' lang='lat' dir='ltr'><strong>cum</strong></span> 
     </span>
    </p>
   </div>
  </div>
