4190 6204
667 328 761 383 631

998 328 1053 381 S.
1093 326 1385 381 ANSELMI
1428 324 1769 380 CANTUAR.
1811 320 2119 377 ARClllEl‘.
2163 319 2310 375 Ol’l’.
2349 321 2525 377 PARS
2550 321 2615 377 I'l.
2651 351 2719 363 —
2757 321 3121 377 ΡΑΠᾹΞΝΕΤ.
3166 321 3252 375 ΕΤ
3285 321 3523 377 ASCET.

3714 48 4049 201 ,ηπ

3773 327 3873 379 ωε

668 450 817 493 retur
840 454 1000 506 quam
1029 438 1247 492 Christi.
1280 436 1588 506 Baptizatus
1636 448 1718 491 est
1758 446 1932 490 autem
1967 432 2220 488 Dominus
2250 442 2291 495 Α
2326 435 2425 499 hoc
2463 444 2545 489 est
2589 426 2747 488 simul
2774 434 2838 489 dc
2871 434 3117 490 omnibus
3137 474 3152 496 ,
3184 450 3300 502 qum
3325 435 3375 487 in
3403 445 3452 487 te
3479 444 3628 493 sunt,
3659 435 3872 504 vel‘qua:

667 536 755 591 ut,
786 528 1006 580 Domino
1035 526 1359 594 suscipiente
1389 528 1709 595 bapzismum
1733 526 1900 590 servi,
1931 539 2035 578 non
2064 524 2214 577 dedi-

665 625 957 682 gnarentur
1000 615 1089 670 alii
1133 617 1273 670 servi
1322 620 1593 689 suscipere
1625 617 1942 685 baptismum
1987 615 2215 670 Domini.

664 696 971 771 Baptizatus
995 714 1076 757 est
1104 705 1394 768 Dominus,
1440 721 1541 758 non
1590 706 1703 773 ipse
1753 706 1905 773 aquis
1942 706 2215 770 nnmdari,

664 792 757 845 sed
794 792 938 861 ipsas
976 794 1232 848 mundare
1259 796 1477 861 cupiens
1520 809 1723 860 aquas;
1759 809 1878 862 qua:
1906 793 2098 849 ablutze
2125 809 2220 864 per

664 896 883 935 carnem
916 883 1058 952 ejus,
1093 883 1292 951 peccati
1325 884 1505 950 utique
1555 884 1816 948 nesciam,
1860 885 2108 953 baptismi
2132 886 2221 955 jus

665 979 1026 1037 assumere-nt;
1050 982 1102 1024 et
1129 972 1269 1038 quod
1305 980 1380 1026 tot
1406 973 1502 1025 sub
1534 972 1648 1043 lege
1685 974 2006 1042 baptismata
2034 976 2220 1046 nequi-

664 1068 879 1119 verant,
912 1068 1095 1111 contra
1125 1060 1579 1127 praevaricationis
1627 1064 1821 1116 malum
1866 1066 1972 1119 vim
1999 1079 2220 1133 regene-

665 1146 844 1197 rativm
866 1144 1308 1200 sanctiﬁcationis
1336 1149 1703 1217 conciperent.
1734 1150 1880 1206 Unde
1904 1152 2038 1207 bene
2062 1168 2217 1208 evan.

660 1234 847 1301 gelista
903 1250 1023 1288 cum
1077 1235 1402 1305 baptizatum
1441 1240 1644 1294 diceret
1679 1255 1890 1297 omnem
1937 1244 2217 1312 populum,

660 1324 793 1377 nihil
838 1325 1016 1393 magni
1064 1326 1300 1393 addidit;
1328 1330 1421 1383 sed
1454 1328 1579 1383 Jesu
1620 1330 1889 1399 baptizato
1918 1342 1969 1387 et
1995 1343 2217 1397 orante,

662 1421 906 1480 apertum
934 1428 1053 1466 mox
1085 1414 1276 1470 castum
1312 1432 1427 1473 esse
1468 1419 1753 1488 perhibuit.
1791 1420 1924 1487 Quia
1949 1422 2075 1489 dum
2101 1438 2221 1478 cur-

644 1504 806 1572 vporis
824 1503 1126 1559 humilitate
1154 1505 1398 1561 Salvator
1426 1509 1591 1563 undas
1620 1508 1855 1564 ﬂuminis
1876 1512 2058 1576 subiit,
2086 1508 2222 1567 divi-

663 1589 844 1643 uitatis
869 1605 979 1643 suae
1011 1593 1249 1659 potentia
1284 1593 1437 1649 nobis
1489 1596 1608 1650 cozli
1656 1594 1851 1663 ianuas
1898 1601 2127 1667 aperuit.
2158 1600 2222 1653 Et

661 1679 788 1731 dum
821 1694 1035 1733 carnem
1081 1682 1353 1736 innoxiam
1410 1684 1724 1755 frigentibus
1754 1688 1907 1756 aquis
1959 1690 2216 1757 tiageret,

662 1776 960 1839 oppositum
991 1774 1259 1840 quonfam
1302 1774 1477 1828 noxiis
1520 1776 1742 1844 ignitum
1785 1789 1950 1846 porta:
1985 1780 2220 1845 paradisi

661 1860 893 1926 gladium
921 1862 1199 1917 exstinxit.
1236 1860 1365 1915 Nam
1395 1872 1499 1919 tota
1544 1875 1746 1920 natura:
1774 1866 2021 1921 humana:
2046 1882 2218 1922 massa

664 1949 714 1999 iu
744 1951 930 2018 primis
954 1951 1263 2021 parentibus
1293 1951 1459 2019 ejecta
1488 1954 1552 2007 de
1574 1956 1822 2023 paradiso
1854 1954 2049 2021 fuerat,
2077 1967 2127 2010 et
2155 1974 2219 2011 ex

661 2037 753 2089 illo
811 2048 1047 2108 tempore
1095 2040 1273 2092 clausa
1329 2042 1397 2093 illi
1449 2052 1567 2095 erat
1609 2043 1843 2097 etelestis
1882 2042 2064 2110 janna.
2117 2045 2220 2099 Sed

665 2126 819 2194 lmjus
847 2137 1052 2181 naturae
1078 2130 1346 2199 particeps
1378 2132 1491 2185 θυι-ε
1538 2132 1828 2185 clementer
1867 2133 2113 2203 dignatus
2140 2146 2221 2189 est

662 2216 951 2281 Dominus;
983 2234 1077 2285 per
1102 2223 1241 2275 hanc
1275 2221 1434 2275 totius
1474 2221 1688 2273 humani
1730 2223 1941 2289 generis
1967 2238 2216 2288 causam,

662 2298 900 2358 ut'vcrus
922 2309 1214 2363 advocatus
1238 2349 1252 2373 ,
1286 2324 1557 2378 perorare.
1590 2308 1722 2364 llinc
1752 2320 1862 2373 cst,
1913 2313 2053 2379 quod
2081 2328 2221 2365 nunc

663 2382 959 2460 baptizatus
989 2398 1355 2466 cmpitorare.
1406 2397 1567 2462 Nam,
1615 2400 1752 2452 sicut
1797 2415 1893 2467 pro
1935 2402 2090 2456 nobis
2139 2410 2223 2455 est

664 2484 987 2551 baptizatus,
1011 2488 1088 2541 sic
1115 2497 1168 2541 et
1206 2504 1304 2556 pro
1345 2490 1496 2543 nobis
1545 2490 1895 2558 oravit;quia
1927 2500 2111 2545 noster
2140 2503 2224 2546 est

665 2573 924 2639 pontifex,
952 2589 1013 2627 ac
1037 2590 1134 2644 pro
1160 2577 1314 2631 nobis
1340 2577 1659 2631 humanitati
1684 2593 1790 2630 sua:
1813 2578 2031 2641 coelum,
2056 2582 2219 2647 quod,

666 2670 723 2713 nt
768 2661 1034 2725 diximus,
1076 2664 1171 2717 toti
1224 2679 1410 2719 massm
1450 2667 1665 2734 generis
1716 2666 1930 2719 humani
1984 2667 2220 2721 clausum

661 2761 810 2812 erat,
841 2744 1078 2818 aperuit;
1109 2761 1162 2807 et
1209 2768 1305 2821 per
1352 2769 1469 2807 eam
1500 2756 1707 2809 cunctis
1755 2756 2057 2809 hominibus
2083 2796 2097 2819 ,
2129 2758 2218 2824 qui

667 2839 902 2892 membra
933 2840 1048 2909 ejus
1077 2840 1250 2895 allecti
1277 2841 1492 2895 fuerint.
1807 2903 1813 2911 _

737 2928 1028 2999 Sequitur:
1057 2928 1125 2982 Et
1161 2930 1419 2984 descendit
1455 2928 1681 2997 Spiritus
1718 2915 1929 2985 sanctus
1960 2934 2220 3001 corporali

2318 525 2495 593 egisti,
2521 523 2693 592 placui
2726 523 2885 588 mihi;
2910 524 3032 593 quia
3073 524 3203 577 nihil
3240 525 3288 575 in
3332 531 3385 576 te
3426 520 3660 591 unquam
3699 524 3868 575 inveni

2321 613 2421 666 nisi
2448 612 2589 681 quod
2617 626 2829 680 semper
2860 613 3036 680 placet
3076 612 3202 666 mihi
3224 652 3238 675 ,
3271 622 3322 665 et
3355 623 3634 680 propterea
3668 621 3872 689 gratum

2322 702 2450 755 mihi
2487 710 2569 753 est
2594 700 2717 769 quia
2743 709 2794 753 te
2824 701 3135 754 humanavi.
3166 701 3219 754 In
3252 700 3356 754 illis
3382 712 3558 754 autem
3590 702 3717 755 mihi
3748 716 3877 768 ψιιις

2321 790 2605 846 dauunodo
2627 788 2908 857 displicui,
2939 790 3006 843 de
3027 791 3219 857 quibus
3259 790 3492 844 humano
3538 805 3686 843 more
3710 806 3873 857 quon-

2320 878 2439 931 dam
2473 880 2679 933 locutus
2715 892 2831 931 sum
2879 894 2892 929 :
2942 875 3157 935 Panitet
3191 894 3270 933 me
3318 879 3498 952 [ccisse
3534 894 3621 930 eos
3662 876 3871 946 (Cenes.

2323 982 2395 1029 \'l,
2420 968 2491 1034 7).
3856 976 3863 984 '

2392 1057 2543 1122 Quod
2565 1064 2744 1109 autem
2767 1057 2833 1109 de
2861 1055 3039 1124 capite
3062 1055 3314 1120 diximus,
3346 1055 3681 1109 referendum
3702 1064 3785 1110 est
3809 1055 3883 1110 ad

2323 1147 2561 1201 membra
2586 1146 2665 1199 vel
2690 1136 2905 1213 c'orpus.
2940 1142 3074 1198 Nam
3123 1144 3251 1199 Iesu
3285 1144 3544 1215 baptizata
3584 1156 3631 1198 et
3670 1157 3873 1207 orante,

2322 1244 2555 1302 apertum
2582 1246 2655 1289 est
2683 1234 2895 1297 calum;
2922 1233 3046 1302 quia
3069 1248 3189 1287 cum
3214 1233 3434 1304 quilibet
3458 1234 3743 1289 electorum
3765 1235 3879 1302 ejus

2323 1324 2624 1390 baptizatus
2654 1333 2737 1377 est
2759 1362 2774 1387 ,
2804 1318 2992 1378 etnon
3029 1324 3139 1377 otio
3160 1333 3341 1386 vacat,
3390 1323 3483 1379 sed
3524 1314 3733 1379 devotis
3759 1341 3881 1395 pre-

2316 1411 2475 1465 cibus
2505 1421 2840 1481 occupatur,
2874 1424 2926 1468 et
2976 1413 3078 1469 iter
3106 1413 3369 1469 virtutum.
3405 1414 3630 1483 arripit;
3680 1424 3803 1469 tunc
3832 1416 3883 1470 ri

2323 1510 2473 1569 porta
2510 1501 2654 1569 regni
2706 1502 2941 1557 cmlcstis
2977 1502 3244 1572 panditur.
3277 1500 3343 1555 Et
3366 1501 3624 1557 descendit
3646 1497 3879 1573 Spiritus

2321 1598 2530 1641 amictus
2558 1589 2609 1642 in
2638 1590 2838 1657 ipsum;
2864 1591 2986 1658 quia
3009 1591 3062 1646 in
3094 1604 3213 1647 eum
3260 1592 3350 1661 qui
3397 1593 3697 1662 baptizatus
3722 1602 3807 1646 est
3825 1604 3879 1647 et.

2318 1686 2435 1729 orat
2467 1718 2480 1737 ,
2514 1664 2675 1731 venit.
2703 1679 2876 1733 almus
2900 1680 3128 1750 Spiritus
3171 1681 3429 1750 corporali
3460 1683 3647 1751 specie,
3689 1691 3745 1736 ut
3787 1684 3879 1737 de-

2256 1747 2293 1803 θ
2323 1767 2495 1833 signet
2527 1767 2833 1820 ﬁrmitatem
2865 1769 3167 1824 donationis
3200 1782 3328 1823 sum.
3350 1769 3504 1824 Sicut
3536 1770 3793 1837 columba,
3814 1777 3883 1831 ut

2323 1860 2683 1915 innocentiam
2734 1868 2794 1913 et
2829 1856 3224 1929 simplicitatem
3248 1876 3305 1916 se
3334 1841 3527 1915 talibus
3555 1860 3747 1915 all'erre
3772 1841 3868 1916 de-

2326 1958 2605 2003 monstret.
2663 1948 2730 2002 Et
2780 1966 2877 2004 vox
2901 1952 2966 2003 de
3007 1951 3131 2005 caelo
3169 1953 3309 2019 facta
3354 1962 3427 2005 est
3460 1968 3479 2005 :
3516 1951 3591 2004 Tu
3626 1969 3677 2004 es
3708 1942 3889 2008 Filius

2324 2055 2499 2099 meus;
2522 2039 2645 2106 quia
2670 2047 2795 2091 tunc
2817 2040 3047 2108 primum
3075 2040 3301 2108 quisque
3318 2048 3398 2093 est
3422 2039 3584 2092 Filius
3608 2038 3724 2104 Dei,
3748 2054 3873 2095 cum

2323 2130 2387 2180 de.
2418 2129 2682 2196 baptismo
2716 2128 2978 2195 ascendit.
3008 2126 3077 2181 Et
3105 2128 3320 2181 dilectus
3353 2144 3493 2181 incus
3512 2169 3526 2191 ,
3558 2116 3650 2198 per
3672 2144 3885 2198 praeve-

2324 2216 2556 2270 nieutem
2587 2218 2813 2286 gratiam
2864 2233 3068 2280 meam,
3094 2218 3182 2286 qui
3220 2219 3369 2286 prius
3410 2234 3531 2272 cras
3579 2219 3793 2291 ozlibilis
3820 2215 3871 2274 in

2322 2304 2521 2358 malitia
2576 2315 2683 2375 tua.
2716 2304 2782 2358 In
2831 2316 2880 2359 te
2932 2308 3217 2375 complacni
3271 2309 3425 2371 milii,
3477 2318 3643 2360 totum
3710 2308 3892 2377 placet

2322 2394 2463 2463 quod
2496 2395 2549 2447 iu
2588 2404 2639 2447 te
2660 2395 2834 2463 gessi;
2866 2411 2987 2450 cum
3016 2397 3120 2448 huc
3154 2409 3319 2465 usque
3345 2395 3699 2463 diSplieuisset
3719 2397 3876 2465 quid-

2323 2482 2449 2550 quid
2483 2482 2595 2551 ipse
2619 2496 2881 2551 gesseras.
2920 2483 2974 2536 In
2999 2497 3063 2537 eo
3094 2492 3271 2536 autem
3312 2484 3452 2552 quod
3489 2484 3720 2537 Peterin
3758 2499 3885 2538 voce

2324 2585 2510 2641 sonat,
2552 2584 2606 2630 et
2660 2576 2890 2647 Spiritus
2934 2584 3148 2630 sanctus
3198 2575 3248 2627 in
3279 2566 3521 2627 columba
3566 2562 3843 2629 chccudit
3862 2616 3893 2643 ,ι

2324 2666 2595 2736 Piliusque
2626 2668 2927 2738 baptizatur
2954 2668 3005 2719 in
3040 2664 3283 2741 homine,
3345 2663 3580 2717 Trinitas
3606 2663 3884 2717 evidenter

2320 2754 2654 2818 declaratur,
2687 2755 2737 2807 in
2780 2752 2933 2821 cujus
2982 2751 3196 2806 nomine
3245 2760 3297 2803 et
3354 2749 3875 2823 lide'unusqnisque

2323 2856 2563 2899 nostrmn
2590 2843 2906 2912 baptizatur.

2392 2933 2647 3004 Sequitur
2672 2948 2691 2987 :
2715 2932 2779 2987 Et
2808 2935 2916 3002 ipse
2942 2930 3098 3001 haus
3124 2938 3232 2984 erat
3270 2917 3516 2996 incipiens
3544 2929 3693 2998 quasi
3714 2940 3897 2983 an‘noo.

663 3019 830 3094 specie
853 3058 867 3081 ,
898 3019 1030 3071 sicut
1059 3019 1326 3082 columba,
1355 3020 1409 3073 in
1437 3022 1623 3087 ipsum.
1652 3020 1813 3075 Recte
1843 3020 2068 3089 Spiritus
2097 3040 2219 3077 sau-
2248 3057 2292 3117 Ο
2325 3041 2437 3078 runt
2458 3024 2679 3093 triginta
2705 3039 2722 3079 :
2754 3031 2807 3076 ut
2839 3019 3141 3091 putabatur,
3174 3015 3345 3108 ilius
3374 3016 3584 3086 Ioseph.
3612 3017 3766 3070 Iesus
3788 3034 3858 3071 an

664 3117 774 3159 ctus
801 3107 850 3159 in
874 3108 1038 3173 specie
1067 3110 1325 3177 corporali
1366 3111 1659 3174 descendit;
1691 3110 1813 3178 quin
1858 3111 2024 3165 Filius
2071 3127 2222 3165 assu-

666 3197 861 3250 menda
890 3199 1133 3265 corporis
1182 3200 1483 3260 veritatem,
1515 3178 1624 3263 jam
1656 3200 2025 3253 descenderat.
2059 3200 2226 3255 Recte

667 3294 721 3335 ct
748 3285 879 3336 sicut
916 3285 1152 3337 columba
1194 3287 1245 3337 in
1285 3300 1405 3339 eum
1450 3285 1673 3348 Spiritus
1705 3287 1998 3352 descendit,
2026 3298 2083 3340 ut
2110 3286 2227 3355 ejus

671 3374 1128 3429 mattsuetudiuem
1176 3376 1331 3429 nobis
1377 3375 1667 3430 intimaret.
1716 3376 1835 3445 Ipse
1872 3378 2013 3431 enim
2059 3377 2222 3444 judex

669 3470 751 3515 est
780 3464 989 3531 generis
1016 3465 1251 3518 humani.
1288 3462 1537 3533 Sed‘quis
1573 3466 1688 3533 ejus
1732 3465 1896 3520 ferret
1923 3467 2222 3537 justitiam,

667 3554 710 3605 si
745 3553 1051 3623 priusquam
1101 3570 1195 3608 nos
1247 3569 1341 3621 per
1382 3555 1840 3618 mansuctmliaem
1887 3557 2253 3626 corrigeret,

664 3640 847 3708 culpas
868 3650 1077 3695 nostras
1106 3656 1201 3709 per
1229 3642 1399 3695 zelum
1430 3641 1763 3694 rectitudinis
1790 3643 2101 3697 examinare
2127 3658 2219 3695 vo-

665 3728 883 3783 luisset?
915 3730 1085 3784 liomo
1111 3746 1235 3801 ergo
1268 3746 1369 3799 pro
1398 3731 1699 3785 hominibus
1728 3730 1919 3795 factus,
1948 3732 2128 3787 mitem
2160 3718 2246 3790 se"

664 3818 931 3872 neminem
962 3820 1203 3886 prasbuit.
1234 3819 1408 3873 Noluit
1439 3828 1747 3887 peccatores
1769 3818 1949 3884 l'erirc,
1981 3822 2073 3875 sed
2104 3836 2218 3877 cor-

666 3909 858 3975 rigere.
894 3907 1046 3961 Prius
1070 3908 1237 3961 voluit
1266 3919 1543 3963 mansuete
1574 3910 1846 3978 corrigere
1868 3952 1883 3975 ,
1915 3921 1973 3966 ut
2002 3914 2220 3968 haberet

665 4011 801 4062 quos
836 4005 955 4062 post
1005 3998 1258 4050 mundum
1304 3997 1353 4049 in
1376 3997 1579 4065 judicio
1618 3997 1867 4053 salvaret.
1892 3999 1947 4053 in
1974 4000 2217 4057 columba

665 4100 791 4153 ergo
815 4098 1072 4151 apparere
1108 4099 1269 4151 Super
1310 4099 1429 4136 eum
1472 4084 1653 4138 debuit
1688 4085 1947 4155 Spiritus,
1985 4087 2073 4155 qui
2115 4102 2216 4142 non

668 4185 881 4225 venerat
915 4166 973 4225 ιιι¹
1011 4182 1226 4241 peccata
1259 4189 1352 4241 per
1394 4172 1564 4225 zelum
1604 4174 1716 4240 jam
1756 4185 2094 4243 percuteret,
2123 4180 2218 4231 sed

661 4260 834 4312 adhuc
885 4276 979 4328 per
1031 4260 1490 4314 mansuetudinem
1554 4261 1824 4317 toleraret.
1864 4263 2008 4317 'Non
2070 4267 2214 4319 enim

2329 3132 2511 3169 norunt
2557 3115 2771 3183 triginta
2824 3111 3165 3181 baptizatur:
3189 3102 3244 3163 et
3285 3114 3411 3164 tunc
3445 3106 3657 3161 demum
3698 3106 3893 3181 incipit-

2325 3207 2474 3274 signa
2503 3204 2711 3264 facere,
2757 3211 2812 3256 et
2855 3199 3195 3268 Evangelium
3234 3196 3521 3266 praedicare
3542 3234 3558 3259 ,
3588 3195 3883 3265 legitimum

2324 3296 2573 3350 videlicet
2600 3302 2653 3348 et
2679 3300 2944 3346 maturum
2987 3300 3191 3357 tempus
3232 3284 3406 3340 astatis
3444 3287 3729 3341 ostendens
3758 3281 3842 3340 his
3866 3328 3895 3353 ,η

2326 3387 2414 3455 qui
2451 3398 2662 3437 omnem
2684 3392 2895 3436 :etatem
2917 3380 2999 3434 vel
3019 3379 3084 3432 ad
3103 3378 3510 3447 hacenlodum,
3556 3376 3637 3431 vel
3676 3376 3740 3429 ad
3772 3373 3883 3430 ma-

2322 3474 2599 3543 gisterium
2632 3477 2820 3540 putant
2849 3476 3221 3538 opportunam.
3245 3466 3377 3520 Nam
3410 3474 3472 3521 et
3500 3463 3692 3535 Joscph
3717 3464 3772 3518 in
3797 3472 3881 3535 ty‘o

2320 3575 2443 3630 pum
2474 3558 2629 3625 hujus
2659 3557 2827 3611 nostri
2861 3554 3155 3610 Salvatoris
3183 3554 3397 3625 triginta
3437 3562 3696 3607 annorum
3720 3554 3839 3606 erat
3859 3592 3888 3636 ’,Α

2319 3652 2532 3720 quando
2558 3648 2703 3716 regni
2734 3640 3375 3716 gubernacula’suscepit,
3405 3652 3564 3712 atque
3588 3641 3749 3695 David
3776 3642 3874 3695 tri-

2318 3739 2573 3796 cenarius,
2595 3752 2816 3807 regnare
2856 3735 3017 3803 coepit
3038 3773 3053 3798 ,
3086 3732 3242 3805 175
3272 3741 3326 3787 et
3358 3731 3600 3787 Ezechiel
3640 3729 3884 3798 ejusdem

2318 3831 2491 3884 astatis
2511 3836 2627 3881 erat
2667 3825 2881 3895 quando
2920 3824 3227 3879 vaticinium
3258 3814 3547 3877 inchoavit.
3574 3821 3758 3876 Talem
3783 3822 3885 3889 ἰαὶ-η

2320 3928 2407 3973 tur
2428 3926 2637 3973 tetatem
2660 3915 2904 3987 exemplo
2924 3914 3120 3969 Christi
3143 3913 3335 3973 debent
3363 3912 3559 3966 habere
3582 3912 3669 3981 qui
3692 3926 3877 3968 sacer-

2319 4008 2469 4062 dotes
2514 4006 2681 4071 liant,
2723 4005 2806 4058 vel
2854 4000 3124 4068 doctores,
3169 4008 3260 4060 aut
3310 3999 3539 4069 aliquem
3571 3998 3884 4068 bujnsmodi.

2321 4099 2602 4167 primatum
2632 4096 2917 4165 accipiunt.
2940 4093 3120 4147 Potest
3160 4104 3289 4146 vero
3332 4089 3602 4145 tricenalis
3634 4102 3766 4145 tetas
3787 4091 3877 4144 ba-

2320 4189 2501 4257 ptizati
2527 4182 2846 4247 Salvator’is,
2872 4184 3035 4239 etiam
3067 4181 3233 4235 nostri
3273 4180 3603 4250 baptismatis
3627 4181 3886 4260 intimare

2320 4278 2653 4348 mysterium,
2678 4284 2893 4345 propter
2914 4272 3094 4337 ﬁdem,
3124 4270 3326 4325 scilicet
3351 4278 3550 4323 sancta:
3572 4269 3870 4348 Trinitatis,

662 4360 939 4417 propterea
974 4360 1097 4403 tunc
1142 4350 1373 4418 Spirittts
1414 4363 1630 4406 sanctus
1657 4352 1708 4405 ltt
1740 4368 1859 4407 cum
1902 4354 2213 4418 descendit,

2287 4346 2758 4437 tet—operationem
2802 4356 3067 4432 Decalogi'
3099 4356 3249 4431 legis.
3284 4358 3416 4412 Tres
3458 4358 3598 4412 enim
3624 4346 3873 4426 decadae,

662 4450 721 4493 ut
748 4442 858 4507 ipse
883 4448 1007 4493 tunc
1035 4440 1207 4509 primo
1242 4441 1496 4509 Spiritum
1529 4453 1773 4497 sanctum
1803 4446 2093 4513 acciperet,
2124 4446 2213 4513 qui

661 4544 873 4597 semper
916 4530 981 4583 ab
1012 4529 1233 4584 exordio
1258 4544 1365 4583 sua:
1402 4533 1767 4601 conceptionis
1798 4533 1998 4603 Spiritu
2030 4546 2215 4590 saneto

662 4622 851 4688 plenus
880 4628 1271 4689 permanserat.
2124 4649 2149 4689 ο

730 4719 982 4785 Sequitur
1012 4733 1025 4770 :
1060 4718 1123 4771 Et
1164 4736 1260 4773 vox
1304 4722 1368 4774 de
1405 4720 1527 4775 caelo
1554 4722 1693 4790 facta
1714 4732 1808 4777 est.
1844 4722 1920 4776 Tu
1960 4742 2012 4777 es
2048 4725 2215 4780 Filius

659 4825 800 4862 meus
841 4811 1076 4870 dilectus,
1122 4810 1174 4863 in
1223 4822 1271 4865 te
1317 4812 1606 4880 complucui
1672 4814 1816 4866 mihi.
1860 4814 2003 4868 llanc
2031 4831 2213 4870 vocem

657 4899 1007 4966 corporaliter
1056 4910 1363 4965 sonantem,
1413 4920 1507 4972 per
1561 4904 1856 4971 angelicam
1912 4915 2214 4959 creaturam

658 4988 818 5042 Pater
846 4990 1041 5043 emisit.
1078 4990 1175 5055 Tu,
1206 4993 1397 5062 inquit,
1421 5010 1473 5047 es
1503 4992 1676 5046 Filius
1705 5011 1867 5048 meus.
1891 4994 2004 5048 Non
2038 5005 2214 5048 autem

657 5080 831 5147 ipsum
859 5078 1072 5146 Filium,
1102 5082 1191 5149 qui
1214 5098 1422 5153 semper
1446 5086 1591 5140 novit
1610 5087 1812 5150 omnia,
1838 5088 1929 5139 sed
1950 5085 2210 5140 Joannem

654 5178 709 5219 et
734 5177 959 5223 ceteros
985 5172 1073 5236 qui
1104 5170 1355 5235 aderant,
1387 5175 1484 5230 hac
1511 5190 1639 5230 voce
1673 5176 1901 5230 docebat
1926 5176 2048 5245 quis
2072 5185 2214 5231 esset

654 5275 815 5325 quem
848 5258 1039 5312 Filium
1071 5259 1264 5330 Joseph
1304 5265 1579 5330 putabant.
1619 5266 1768 5320 Unde
1806 5266 2085 5320 Matthreus
2114 5267 2214 5321 hac

657 5371 783 5410 voce
828 5358 1003 5411 Patris
1062 5358 1242 5412 dicere
1299 5359 1521 5411 maluit:
1562 5360 1660 5413 llic
1709 5373 1781 5413 est
1814 5359 2007 5419 Filius
2046 5377 2208 5415 meus.

657 5446 807 5511 Quod
838 5448 997 5516 igitur
1022 5449 1113 5512 ait,
1150 5450 1253 5502 tale
1280 5458 1391 5503 est:
1429 5450 1503 5502 Tu
1525 5467 1581 5503 es
1606 5448 1776 5502 Filius
1797 5466 1956 5513 meus,
1994 5452 2057 5503 ex
2089 5451 2215 5503 sub-

659 5538 851 5590 stantia
880 5555 996 5593 mea
1043 5540 1359 5595 naturaliter
1382 5540 1602 5609 mqualis
1636 5541 1881 5609 genitus;
1908 5548 1963 5593 et
2012 5539 2213 5593 ideirco

658 5624 901 5689 dilectus,
936 5636 1117 5696 utpote
1157 5630 1475 5698 unigenitus.
1526 5630 1590 5685 In
1623 5641 1670 5683 te
1715 5628 2001 5698 coutplacui
2056 5628 2211 5690 milii,

2318 4474 2436 4528 qua:
2458 4466 2579 4511 sunt
2604 4455 2653 4509 in
2683 4454 2983 4516 tricenario,
3016 4451 3172 4506 lldem
3196 4460 3249 4505 ct
3274 4448 3635 4520 operationem
3663 4464 3883 4515 eorum,

2316 4548 2509 4618 quibus
2532 4545 2747 4616 prodest
2785 4543 3079 4612 baptismus
3105 4581 3120 4605 ,
3155 4541 3445 4595 insinuant.
3474 4538 3653 4593 Fidem
3678 4541 3729 4593 in
3764 4549 3872 4593 ter-

2318 4636 2499 4697 nario,
2527 4643 2580 4688 ct
2603 4633 2966 4703 operationem
2993 4629 3044 4683 in
3076 4628 3295 4684 denario
3325 4641 3567 4681 numero.
3600 4626 3705 4679 llas
3724 4628 3868 4681 enini

2319 4736 2428 4780 tres
2454 4725 2682 4778 detadas
2706 4724 2900 4776 habere
2922 4735 3015 4774 eos
3034 4720 3122 4789 qui
3151 4718 3503 4785 baptizantur,
3529 4716 3873 4784 praecipiebat
3904 4758 3905 4761 η

2321 4816 2593 4879 Dominus,
2621 4826 2741 4866 cum
2774 4813 2975 4865 diceret
3005 4824 3019 4861 :
3053 4806 3247 4859 Euntes
3272 4805 3446 4858 docete
3475 4802 3868 4874 omnesgrntes,

2318 4905 2632 4971 bajitizantes
2668 4916 2751 4954 eos
2804 4901 2857 4953 in
2900 4898 3105 4951 nomine
3128 4893 3302 4948 Patris
3339 4902 3386 4946 ει
3422 4891 3554 4969 Filii
3576 4905 3621 4945 et
3646 4893 3871 4959 Spiritus

2316 4995 2504 5058 sancti,
2531 4995 2766 5047 docentes
2810 5008 2894 5044 eos
2937 5003 3140 5043 servare
3174 4986 3344 5039 omnia
3385 5002 3696 5055 qutecunque
3720 5001 3871 5037 man-

2316 5089 2432 5140 davi
2463 5087 2600 5139 vobis
2629 5084 2841 5151 (Matth.
2871 5096 3053 5141 xxvttt,
3084 5079 3189 5143 l9).

2388 5176 2453 5230 Ut
2482 5174 2795 5243 putabatur,
2845 5170 3045 5239 inquit,
3095 5167 3232 5233 ﬁlius
3259 5165 3467 5231 ΙοεείςΙι.
3506 5163 3613 5216 lloc
3652 5172 3868 5232 propter

2317 5268 2435 5323 illos
2465 5267 2664 5319 dictant
2695 5276 2805 5327 est,
2832 5263 2919 5330 qui
2944 5275 3064 5315 eum
3098 5271 3278 5311 revera
3320 5255 3603 5308 carnaliter
3630 5255 3864 5323 genitum

2315 5375 2380 5413 ex
2407 5373 2569 5414 carne
2597 5355 2793 5425 Joseph
2822 5355 3105 5425 putabant;
3132 5362 3181 5405 et
3223 5349 3349 5418 quia
3390 5362 3484 5417 per
3518 5344 3740 5411 Joscph,
3772 5344 3863 5411 qui

2316 5449 2642 5519 propinquus
2681 5454 2796 5499 erat
2834 5442 3052 5510 virginis
3080 5441 3281 5504 Mariae,
3323 5435 3663 5491 describenda
3692 5434 3863 5491 fuerat

2316 5536 2623 5607 genealogia
2675 5536 2839 5602 ipsius
2886 5532 3093 5596 Marite,
3146 5545 3262 5601 qua:
3314 5529 3378 5582 de
3430 5526 3626 5593 Spiritu
3677 5530 3872 5576 sancto.

2317 5626 2592 5683 Christum
2612 5624 2881 5698 concepit;
2920 5623 3169 5693 quoniam
3205 5634 3309 5675 non
3348 5627 3428 5673 est
3467 5609 3873 5673 consuetudinis.
