4190 6186
654 247 792 309 .635

999 248 1057 303 ὃ.
1098 240 1384 303 ANSELMI
1416 241 1759 301 CANTUAR.
1798 236 2112 295 ARCIIIEP.
2155 235 2303 292 OPP.
2346 232 2521 290 PARS
2558 234 2621 291 il.
2651 266 2719 276 —
2759 237 3117 293 PARIENET.
3160 239 3245 292 ΕΤ
3284 240 3518 296 ASCEt.

3772 245 3868 300 656

634 424 637 425 ν
684 367 841 415 catus
858 361 929 415 sit
951 400 966 426 ,
1005 360 1105 415 nisi
1133 362 1272 431 forte
1313 358 1477 427 aliqui
1514 372 1701 412 eorum
1741 355 1883 411 binis
1924 353 2227 409 nominibus
2257 355 2300 412 A
2330 353 2566 420 catognm
2597 348 2726 417 legis
2753 351 3121 420 impleverunt,
3151 356 3422 422 aptissime
3445 358 3706 425 congruit,
3735 338 3788 411 ut
3816 361 3868 413 in

689 450 768 505 usi
796 449 1009 504 fuerint.
1046 447 1153 503 lloe
1176 448 1318 502 enim
1355 463 1493 516 saepe
1530 445 1888 517 contingebat.
1921 445 2027 498 Aut
2055 444 2098 498 si
2124 444 2229 498 hoc

685 552 788 592 non
826 538 951 602 fuit,
980 546 1191 593 constat
1223 553 1317 606 pro
1345 549 1491 591 certo
1522 538 1644 605 quia
1676 536 1755 588 vel
1782 534 2073 592 secundum
2099 532 2227 602 legis

680 639 1021 698 prasceptnm,
1056 628 1138 682 vel
1166 607 1453 683 secundum
1493 626 1789 697 adoptionis
1828 623 2141 679 beneﬁcium
2173 622 2227 677 lti

679 718 784 772 duo
804 718 1019 772 fuerunt
1062 717 1177 785 ejus
1220 717 1329 771 ﬁlii.
1368 718 1611 770 Rursum
1651 716 1791 768 inter
1843 714 1947 766 alia
1981 713 2220 767 dicitur:

678 806 782 871 Qui
805 807 901 874 fuit
935 807 1085 871 Sale,
1136 809 1226 876 qui
1263 808 1357 875 fuit
1400 806 1630 867 Cuinan,
1672 805 1759 874 qui
1788 804 1885 872 fuit
1918 804 2225 873 Arpltuxazt.

675 894 880 954 Nomen
935 907 1111 953 autem
1161 906 1215 951 et
1262 898 1539 967 generatio
1590 897 1746 966 hujus
1792 896 2031 958 Caittan,
2075 896 2224 964 juxta

675 985 993 1042 llebraic'nm
1063 988 1114 1041 in
1186 985 1381 1042 Genesi
1446 1001 1550 1040 non
1616 987 1917 1052 invenitur;
1972 984 2061 1038 sed
2122 975 2223 1036 Ar-

674 1074 886 1143 phazad
925 1072 1252 1144 Salelﬁlinm
1308 1072 1450 1127 nullo
1482 1071 1797 1142 interposito
1839 1071 2082 1142 genuisse
2139 1085 2222 1123 re-

674 1160 861 1214 lertttr.
919 1159 1009 1214 Sic
1075 1161 1216 1214 enim
1258 1160 1481 1231 legimus
1517 1179 1531 1214 :
1568 1158 1736 1215 Porro
1773 1159 2053 1230 Atr/taxat!
2102 1160 2223 1212 vixit

672 1248 890 1316 triginta
976 1249 1200 1318 quinque
1272 1251 1461 1315 annis,
1524 1259 1571 1303 et
1636 1250 1810 1317 genuit
1877 1245 1998 1301 Sale
2050 1244 2219 1315 (Gen.

674 1351 760 1403 XI,
812 1336 926 1405 ιε).
978 1335 1081 1391 Sed
1138 1339 1457 1406 evangelista
1522 1336 1747 1405 sumpsit
1807 1336 1944 1389 hanc
2004 1349 2224 1402 genera.

674 1425 869 1479 tionem
897 1426 1053 1495 175
1076 1428 1139 1480 de
1168 1428 1497 1495 septuaginta
1563 1427 1909 1493 interpretum
1966 1425 2219 1489 editione,

677 1516 765 1569 ubi
804 1516 1061 1591 scriptum
1103 1524 1183 1571 est
1223 1516 1364 1584 quod
1395 1516 1677 1583 Arpltaxad
1701 1514 1809 1587 155,
1828 1531 2078 1569 mutorum
2125 1531 2219 1585 ge.

678 1596 1134 1669 nuerit'Cainau;
1171 1613 1223 1659 et
1260 1604 1395 1677 ipse
1419 1604 1617 1658 (Initum
1660 1620 1778 1659 cum
1825 1605 1925 1658 l50
1957 1616 2100 1660 esset
2132 1596 2224 1660 an;

677 1706 864 1745 norum
902 1692 1141 1761 genuerit
1166 1692 1309 1747 Sale;
1365 1692 1527 1746 Nemo
1589 1704 1762 1747 autem
1798 1692 2025 1747 ﬁdelium
2077 1705 2225 1763 putet

677 1778 778 1835 hoc
822 1781 876 1836 in
918 1782 1195 1837 locohxx
1238 1784 1586 1839 translators
1632 1798 1872 1849 errasse;
1917 1786 2008 1837 sed
2047 1786 2227 1839 credat

674 1870 1036 1927 indubitanter
1078 1889 1192 1938 eos,
1222 1873 1362 1942 quod
1412 1890 1592 1929 verum
1644 1890 1761 1929 esse
1805 1884 2080 1940 novctant,
2130 1890 2227 1944 p0—

674 1959 879 2026 suisse;
916 1970 968 2015 et
998 1961 1137 2031 quod
1182 1962 1391 2031 Moyses
1440 1962 1612 2015 minus
1657 1961 1886 2025 dixerat,
1932 1964 2223 2030 supplesse.

671 2046 852 2117 Neque
887 2051 1027 2105 enim
1056 2050 1288 2120 Spiritus
1323 2062 1545 2105 sanctus
1574 2052 1671 2105 hoc
1722 2052 1772 2104 in
1820 2050 2101 2119 Evangelio
2135 2066 2227 2121 po-

669 2137 886 2204 suisset,
918 2139 1015 2193 nisi
1046 2154 1227 2193 verum
1257 2138 1473 2195 omnino
1503 2149 1661 2195 esset.
1700 2139 1833 2193 Nam
1868 2138 1962 2206 ipsi
2009 2149 2217 2209 septua-

672 2228 821 2296 ginta
852 2228 1091 2283 seniores
1122 2245 1150 2282 a
1184 2239 1421 2298 tempore
1449 2229 1612 2298 Mpysi
1644 2229 2005 2299 magisterium
2042 2231 2092 2284 itt
2125 2223 2237 2301 Sy?

673 2331 874 2387 nagoga
927 2320 1200 2382 tenebant,
1252 2328 1306 2372 et
1348 2320 1412 2372 de
1438 2317 1628 2387 spiritu
1673 2318 1839 2389 Moysi
1889 2331 2220 2388 aet-cperant,

670 2421 735 2459 ac
775 2405 940 2476 legem
990 2422 1057 2460 ex
1107 2407 1274 2476 ipsius
1321 2408 1485 2478 Moysi
1546 2409 1833 2482 traditique
1888 2409 2225 2463 didicerant:

672 2494 897 2565 ideoque
923 2498 964 2550 si
995 2498 1122 2565 quid
1156 2499 1225 2551 ibi
1252 2501 1669 2567 praetermissum
1708 2508 1869 2562 esset,
1904 2507 1958 2554 et
1993 2500 2223 2570 suppleri

670 2593 869 2653 posset,
899 2584 975 2637 vel
1008 2584 1161 2638 aliter
1192 2586 1531 2655 interpretari
1564 2594 1840 2675 novegant.
1869 2585 2071 2656 Moyses
2101 2602 2226 2641 vero

675 2681 892 2739 propter
915 2671 1141 2738 aliquam
1171 2688 1409 2737 causam,
1438 2691 1554 2742 qum
1576 2675 1683 2728 Deo
1707 2671 1826 2727 nota
1853 2683 1952 2737 est,
1979 2676 2226 2730 trausiliit

676 2762 1078 2830 generationem
1111 2761 1329 2823 Cainrm,
1368 2771 1420 2817 et
1460 2772 1662 2831 partem
1698 2778 1959 2817 annorum
1994 2765 2082 2832 qui
2123 2767 2224 2819 sub

674 2864 740 2901 eo
767 2858 818 2903 et
844 2851 943 2903 sub
974 2850 1089 2918 ejus
1121 2860 1273 2919 patre
1302 2850 1585 2905 ﬁnxerunt.
1640 2851 1887 2905 Fortasse
1924 2852 2063 2906 enim
2102 2867 2221 2906 cum

672 2941 961 2994 secundant
984 2948 1194 2995 aetatem
1222 2941 1568 3005 describeret,
1600 2941 1762 2995 voluit
1789 2958 1817 2993 a
1839 2941 2035 2996 diluvio
2058 2957 2222 3011 usque
2251 2972 2296 3033 ρ

672 3028 739 3080 ad
763 3028 1029 3081 Abraham
1083 3026 1266 3082 decem
1319 3029 1651 3083 solummodo
1709 3028 2080 3099 generationes
2130 3045 2225 3099 po-

679 3132 840 3180 nere;
892 3126 944 3171 et
995 3117 1111 3171 ideo
1172 3118 1568 3188 generationem
1646 3133 1803 3170 unam
1870 3118 2223 3185 praetermisit.

678 3204 811 3258 Nam
844 3217 892 3257 et
926 3205 1204 3259 Mattlueus
1253 3221 1280 3258 a
1314 3206 1476 3259 David
1512 3222 1678 3275 usque
1706 3207 1769 3259 ad
1809 3206 2231 3275 transmigratio-

678 3309 802 3349 nem
852 3294 1134 3365 Babylonis
1181 3294 1580 3363 quatuordceitn
1628 3297 1991 3365 generationes
2035 3310 2231 3365 ponere

678 3385 887 3449 volens,
916 3387 1253 3455 praetermisit
1302 3396 1433 3450 tres,
1465 3386 1553 3439 ubi
1585 3388 1656 3439 ait
1682 3404 1692 3440 :
1717 3386 1896 3439 Jomm
1936 3397 2103 3439 autem
2136 3401 2228 3455 ge-

681 3477 793 3530 nuit
817 3475 998 3529 Oxiam
1030 3477 1264 3547 (.llattlt.,
1292 3495 1329 3543 ι,
1358 3478 1434 3548 8).
1482 3479 1630 3533 Sicut
1661 3493 1785 3547 ergo
1823 3477 2026 3543 lorum,
2060 3477 2227 3531 tribus

681 3568 734 3619 in
762 3568 938 3620 medio
972 3569 1178 3635 positis,
1213 3570 1458 3638 genuisse
1482 3568 1679 3622 dicitur
1707 3568 1911 3633 Oxiam,
1952 3567 2027 3620 sic
2052 3575 2104 3620 et
2129 3565 2228 3618 Ar-

678 3656 888 3725 plmzad
914 3672 1017 3710 uno
1040 3657 1236 3709 Cuitmn
1265 3658 1580 3724 interposito
1602 3656 1795 3709 dicitur
1816 3653 2061 3721 genuisse
2080 3652 2220 3706 Sale.

633 3751 636 3754 ’
677 3746 828 3809 Quod
853 3754 1029 3798 autem
1059 3762 1183 3815 pars
1210 3760 1469 3800 annorum
1503 3747 1553 3799 in
1584 3746 1871 3813 Scripturis
1894 3744 2095 3805 sanctis
2124 3743 2224 3797 ali-

677 3835 889 3902 quando
922 3845 1166 3903 ponatur,
1216 3844 1267 3887 et
1313 3851 1436 3903 pars
1473 3835 1769 3897 omittatur,
1817 3831 2050 3886 ostendit
2094 3831 2227 3886 liber

677 3922 879 3992 Regum
913 3924 1092 3976 dicens
1120 3941 1130 3973 :
1162 3922 1205 3974 F
1210 3923 1327 3974 ilius
1366 3923 1517 3975 unius
1557 3920 1678 3973 anui
1712 3929 1817 3973 erat
1844 3918 1971 3973 Saut
2002 3934 2116 3970 cum
2142 3934 2224 3971 re-

676 4028 836 4081 gnare
864 4014 1125 4077 coepisset,
1172 4012 1369 4062 duobus
1409 4020 1577 4062 autent
1614 4010 1764 4061 anuis
1811 4007 2034 4076 regnavit
2077 4020 2227 4075 super

679 4100 848 4154 Israel
874 4099 923 4169 (I
950 4100 1051 4167 Reg
1079 4142 1092 4163 ,
1120 4116 1236 4163 xm,
1270 4101 1330 4169 t).
1362 4099 1608 4167 Nunquid
1637 4098 1776 4151 cnim
1808 4112 1968 4151 unum
1997 4104 2227 4149 tantum-

682 4191 841 4245 modo
866 4193 1045 4245 :etatis
1077 4206 1272 4243 annum
1309 4190 1557 4253 habebat,
1588 4189 1675 4258 qui
1716 4191 1777 4240 ab
1805 4187 2015 4239 humero
2040 4195 2086 4239 et
2107 4202 2225 4238 sur-

2329 447 2565 508 tempore
2607 443 3021 496 resurrectionis
3070 443 3434 497 indemutabili
3471 444 3559 497 Dei
3604 447 3871 514 sapientia:

2326 528 2742 597 contemplandm
2776 544 2869 599 per
2903 531 3093 586 srecula
3124 542 3382 585 monstret
3415 547 3532 586 esse
3553 534 3867 603 jungendos.

2326 616 2404 670 Ad
2441 615 2680 670 ultimum
2714 632 2836 671 vero
2872 620 3110 672 diritur:
3159 618 3262 683 Qui
3307 621 3407 689 fuit
3460 620 3605 685 Set/1,
3646 622 3733 690 qui
3773 623 3870 689 fuit

2326 706 2513 770 Adam,
2538 708 2623 776 qui
2645 707 2742 775 fuit
2769 708 2863 760 Dei
2899 709 3072 777 (Luc.,
3106 726 3184 775 ιιι,
3220 712 3329 777 58).
3360 712 3491 778 Quia
3519 712 3762 768 Christus
3783 713 3869 781 ju-

2328 794 2485 848 stitite
2514 810 2620 848 suae
2645 794 2924 864 Patrisque
2974 812 3069 851 nos
3105 800 3346 868 expiatos
3378 801 3444 854 ab
3477 802 3619 854 omni
3656 812 3872 871 peccato

2326 891 2677 952 purgatusque
2727 883 3020 954 conjungit,
3056 896 3111 939 ttt
3160 890 3249 940 ﬁat
3292 891 3431 955 quod
3461 890 3869 958 aitApostolns:

2328 967 2430 1032 Qui
2458 982 2629 1023 autem
2658 972 2882 1024 adlla'ret
2914 972 3155 1049 Domina,
3174 994 3305 1030 unus
3336 977 3561 1045 Spiritus
3582 989 3653 1033 est
3677 980 3725 1050 (1
3748 977 3870 1035 Cor.

2326 1074 2399 1123 \‘l,
2430 1060 2508 1129 l7)
2543 1079 2555 1114 :
2588 1070 2866 1130 propterea
2924 1062 2975 1115 itt
3028 1065 3125 1117 hoc
3176 1082 3400 1120 numero
3441 1068 3868 1137 generationum,

2324 1160 2376 1203 et
2412 1151 2521 1218 ipse
2549 1150 2809 1213 Christus,
2848 1169 3008 1222 aquo
3044 1154 3227 1222 incipit
3266 1158 3619 1222 enumeratio,
3656 1170 3709 1213 et
3733 1160 3872 1215 Dens

2324 1243 2388 1295 ad
2415 1258 2569 1310 quem
2600 1246 2870 1312 pervenit,
2925 1257 3374 1300 (‘Oltlttlttzcratlltll‘
3402 1265 3415 1299 :
3453 1258 3505 1302 et
3536 1251 3591 1302 lit
3620 1266 3873 1306 numerus

2322 1335 2656 1404 septuaginta
2681 1346 2901 1403 septem.
2921 1353 3025 1405 quo
3049 1337 3375 1407 signiﬁcatur
3395 1340 3629 1391 omnium
3654 1355 3872 1408 prorsus

2322 1420 2565 1475 remissio
2592 1428 2645 1475 et
2673 1424 2890 1476 abolitio
2932 1433 3269 1493 peccatorum
3304 1444 3317 1478 :
3363 1444 3523 1496 quam
3549 1430 3709 1482 etiant
3758 1430 3872 1497 ipse
3956 1472 3959 1477 .

2322 1507 2576 1563 Dominus
2629 1526 2725 1589 per
2774 1512 2929 1581 hujus
2978 1516 3181 1567 muneri
3234 1517 3544 1586 mysterium
3594 1518 3871 1574 evidenter

2323 1600 2608 1666 expressit,
2658 1602 2839 1656 dicens
2892 1606 3265 1660 remittendum
3319 1622 3436 1662 esse
3486 1619 3703 1678 peccata
3763 1626 3873 1665 non

2257 1666 2295 1723 υ
2325 1688 2490 1741 solum
2538 1691 2743 1758 septies,
2793 1693 2881 1744 sed
2926 1693 3083 1747 etiam
3140 1712 3296 1761 usque
3346 1666 3634 1769 septtt'agies
3687 1700 3873 1768 septies

2326 1776 2533 1844 (Matth.
2561 1794 2710 1841 xvut,
2734 1780 2845 1848 εἰ).
2879 1781 2985 1836 Nec
3010 1782 3203 1837 frustra
3241 1784 3338 1838 iste
3370 1802 3622 1840 numerus
3654 1788 3718 1839 ad
3751 1803 3875 1855 pec-

2325 1878 2562 1921 catorum
2601 1870 2836 1936 omnium
2866 1873 3093 1940 pertinet
3129 1876 3549 1942 mundationetn,
3577 1878 3877 1947 si.diligen.—

2330 1959 2434 2009 tius
2467 1958 2808 2031 inquiralttr‘:
2842 1972 3050 2016 constat
3093 1964 3231 2017 enim
3265 1979 3327 2017 cx
3356 1965 3645 2019 undenario
3687 1975 3741 2019 et
3784 1982 3867 2020 se-

2323 2046 2586 2114 ptenario,
2619 2048 2739 2113 quia
2772 2036 2867 2101 vel
2892 2051 3141 2105 undecies
3172 2063 3401 2119 septem,
3435 2053 3513 2105 vel
3550 2054 3747 2122 septies
3778 2070 3876 2107 nn-

2322 2132 2516 2197 dccim,
2545 2132 2740 2185 faciunt
2767 2138 3095 2204 septuaginta
3126 2147 3344 2206 septem.
3381 2138 3717 2195 Undenarius
3745 2156 3875 2195 vero

2324 2223 2799 2279 transaressionem
2845 2224 3050 2279 denarii
3074 2228 3356 2295 signiﬁcat.
3387 2230 3650 2283 Denarius
3676 2232 3876 2299 quippe

2327 2310 2819 2378 tanquamjustitia:
2845 2315 3373 2369 nunterusindeeem
3414 2318 3694 2385 praeceptis
3740 2317 3874 2387 legis

2324 2399 2642 2452 ostenditur.

2393 2488 2559 2544 Porro
2588 2501 2863 2559 peccatum
2892 2501 2975 2547 est
3015 2491 3145 2562 legis
3183 2495 3567 2563 transgressio;
3609 2506 3659 2549 et
3691 2498 3886 2565 utique

2327 2579 2677 2647 transgressio
2713 2581 2911 2635 denarii
2954 2582 3158 2636 numeri
3196 2594 3549 2651 congruenter
3580 2587 3885 2643 mult-nario

2327 2664 2599 2734 ﬁguratur.
2644 2667 2791 2722 Unde
2816 2680 2869 2723 et
2898 2670 3027 2723 vella
3066 2670 3277 2723 cilicina
3301 2671 3558 2736 juhcntur
3601 2675 3653 2735 in
3692 2676 3876 2729 taber-

2324 2755 2513 2807 naculo
2545 2757 2785 2811 undecim
2815 2760 2947 2812 ﬁeri.
2976 2759 3106 2825 Quis
3136 2770 3309 2813 autem
3340 2760 3545 2815 dubitet
3572 2764 3636 2815 ad
3663 2768 3879 2833 peccati

2323 2845 2762 2914 signiﬁcationem
2793 2850 3020 2904 cilicium
3049 2852 3358 2919 pertinere?
3395 2853 3468 2907 Ac
3494 2869 3590 2922 per
3620 2857 3718 2909 hoc
3745 2858 3876 2925 quia

2325 2936 2629 2990 universum
2666 2952 2870 3007 tempus
2926 2940 3229 3010 septenario
3260 2942 3463 2995 dierum
3507 2960 3728 3001 numero
3763 2947 3879 3001 vol-

2326 3022 2490 3085 vitur,
2527 3016 2902 3079 convenienter
2942 3027 3236 3080 undenario
3270 3029 3462 3095 septies
3502 3030 3873 3101 multiplicato.

2327 3110 2391 3163 ad
2435 3126 2710 3163 numerum
2762 3114 3206 3181 septuagesimum
3254 3123 3306 3167 et
3353 3117 3633 3184 septimum
3679 3133 3879 3176 cuneta

2327 3206 2576 3264 peccata,
2627 3214 2743 3268 qua:
2789 3201 3152 3268 temporalitcr
3207 3212 3481 3270 geruntur,
3538 3208 3875 3273 perveniunt.

2328 3282 2383 3337 ιιι
2410 3298 2513 3351 quo
2537 3301 2757 3340 numero
2783 3287 2939 3340 etiam
2974 3288 3031 3340 ﬁt
3057 3288 3207 3356 plana
3241 3290 3482 3343 remissio
3509 3303 3874 3358 peccatorum,

2327 3376 2574 3443 expiante
2598 3391 2694 3429 nos
2718 3391 2877 3430 carne
2906 3378 3198 3431 sacerdotis
3227 3379 3387 3432 uo.~tri
3422 3395 3447 3432 a
3478 3396 3580 3448 quo
3608 3398 3745 3436 nunc
3776 3384 3877 3437 iste

2328 3478 2581 3517 numerus
2614 3464 2823 3534 incipit;
2862 3476 2918 3519 et
2944 3467 3319 3523 reconciliante
3348 3485 3441 3523 nos
3467 3471 3592 3533 Deo,
3623 3474 3686 3525 ad
3714 3488 3874 3541 quem

2304 3570 2467 3617 ,nuuc
2497 3555 2597 3609 iste
2624 3571 2876 3611 numerus
2900 3558 3171 3625 pervenit;
3206 3574 3301 3627 per
3324 3558 3576 3622 Spiritum
3607 3572 3873 3625 sanetum,

2326 3643 2415 3712 qui
2453 3644 2503 3696 in
2533 3643 2791 3699 columbas
2828 3647 3006 3713 specie
3039 3647 3089 3701 in
3120 3647 3222 3701 hoc
3251 3648 3538 3715 baptismo,
3573 3650 3657 3703 ubi
3684 3668 3874 3704 ttu.atc-
3928 3652 3929 3655 “

2327 3749 2418 3788 rus
2446 3734 2557 3802 ipse
2585 3744 3054 3800 commemoratur,
3088 3736 3350 3805 apparuit.
3391 3738 3455 3790 At
3484 3739 3524 3791 si
3572 3740 3620 3791 in
3655 3741 3875 3792 denario

2325 3821 2579 3892 perfectio
2622 3821 2969 3879 beatitudinis
3017 3825 3347 3893 signiﬁcatur
3382 3827 3544 3894 (unde
3583 3837 3664 3879 est
3708 3827 3875 3881 etiam

2327 3912 2453 3967 illttd
2491 3912 2631 3980 quod
2672 3926 2857 3967 omnes
2893 3912 3141 3968 conducti
3184 3914 3248 3967 ad
3284 3914 3489 3966 vineam
3521 3915 3741 3967 denario
3785 3931 3872 3967 re-

2326 4002 2701 4071 munerantur)
2736 4003 2876 4070 quod
2917 4001 2976 4056 ﬁt
3012 4016 3131 4057 cum
3172 4004 3473 4072 septenaria
3508 4012 3775 4069 creatura,
3820 4004 3873 4057 id

2324 4094 2406 4141 est
2438 4088 2595 4141 homo
2633 4087 2853 4143 interior
2888 4095 2942 4143 et
2978 4090 3229 4155 exterior,
3263 4088 3533 4158 Triuitati,
3574 4105 3692 4160 quae
3729 4090 3872 4145 Deus

2326 4186 2427 4243 est,
2469 4175 2803 4245 adjungitur:
2842 4178 3179 4233 manifestum
3214 4188 3297 4234 est
3335 4181 3474 4248 quod
3517 4180 3879 4247 transgressio

678 4299 793 4336 sum
826 4282 982 4335 altior
1011 4283 1205 4334 cunctis
1232 4292 1340 4333 erat
1360 4282 1385 4334 ?
1431 4281 1491 4333 Et
1538 4278 1770 4348 nunquid
1802 4278 1997 4331 duobus
2030 4277 2227 4330 solum-
2254 4281 2260 4337 l

2301 4316 2302 4323 η
2328 4266 2528 4320 denarii
2567 4274 2839 4335 peccatum
2869 4267 3131 4336 signiﬁcat
3160 4284 3253 4337 per
3284 4271 3586 4337 superbiam
3621 4271 3737 4339 plus
3766 4271 3871 4323 ali-

684 4372 840 4425 modo
862 4370 1012 4421 atmis
1037 4370 1283 4437 regunt-il,
1308 4368 1395 4435 qui
1426 4356 1529 4420 tam
1556 4368 1713 4437 longo
1744 4378 1981 4435 tempore
2009 4380 2226 4434 regnum

686 4458 894 4513 tenuit?
930 4457 1083 4510 Sicut
1121 4458 1281 4524 igitur
1310 4470 1431 4523 pars
1460 4471 1716 4509 annorum
1744 4454 1867 4507 Saul
1899 4461 1979 4507 est
2008 4462 2227 4520 pta-ter-

686 4550 870 4612 missa,
916 4547 994 4601 sic
1040 4556 1091 4600 et
1136 4561 1260 4613 pars
1318 4546 1882 4612 annorumArpluurad
1917 4555 1971 4597 et
2006 4544 2224 4597 Cuimm.

678 4641 861 4709 Itaque
890 4639 1157 4692 veridicos
1183 4645 1262 4691 est
1287 4646 1341 4690 et
1365 4636 1589 4706 Moyses,
1616 4646 1667 4691 et
1695 4646 1876 4689 noster
1902 4635 2225 4705 evangelista

676 4746 796 4783 cum
833 4728 1165 4799 septuaginta
1196 4724 1516 4781 senioribus.
1564 4726 1692 4780 ltetn
1734 4730 1821 4795 qui
1849 4726 1947 4794 fuit
1971 4765 1986 4787 ,
2032 4725 2221 4793 inquit,

682 4821 880 4873 Enoclt.
921 4820 984 4874 Et
1022 4819 1239 4887 pulchre
1290 4819 1688 4888 generationum
1729 4820 1859 4871 ordo
1902 4834 1929 4868 a
1963 4817 2227 4884 baptizan

682 4911 771 4963 Dei
804 4912 932 4965 Filio
964 4927 1023 4966 us
1044 4925 1127 4977 [ne
1156 4910 1221 4963 ad
1248 4910 1409 4965 Deum
1434 4910 1641 4963 Patrem
1674 4908 1985 4971 ascendens,
2015 4919 2227 4975 septua-

683 4998 884 5067 gesimo
912 4999 1080 5066 gradu
1113 4998 1283 5052 Enoclt
1320 5000 1499 5063 habet,
1527 4998 1614 5067 qui
1651 4996 1809 5049 dilata
1844 5004 2010 5049 morte
2054 5007 2227 5055 trans-

682 5087 819 5140 latus
845 5098 923 5141 est
954 5089 1003 5140 in
1028 5088 1352 5155 paradisum,
1380 5100 1431 5143 ut
1458 5090 1719 5156 s'gnilicct
1746 5100 1839 5139 eos
1866 5085 1952 5154 qui
1980 5086 2029 5138 in
2055 5086 2225 5153 gratia

684 5178 986 5244 adoptionis
1036 5176 1259 5229 ﬁliorum
1288 5193 1353 5230 ex
1384 5193 1511 5245 aqua
1543 5187 1592 5231 et
1625 5176 1823 5245 Spiritu
1866 5183 2050 5228 sancto
2081 5190 2227 5244 rege-

688 5276 959 5331 nerantur,
992 5265 1203 5320 interim
1226 5276 1347 5335 post
1387 5268 1769 5321 absolutionem
1802 5266 2039 5334 corporis
2072 5277 2225 5319 mter-

688 5367 806 5405 natn
833 5352 1194 5423 suscipiendos
1216 5353 1265 5406 in
1291 5354 1543 5423 requiem.
1570 5353 2015 5422 Septuagenarius
2036 5354 2227 5420 quippe

690 5455 958 5507 numerus,
1012 5453 1227 5511 propter
1275 5442 1556 5511 septimam
1594 5440 1829 5501 Sabbati,
1878 5441 1943 5492 ad
1992 5441 2224 5508 requiem

692 5540 870 5580 eorum
912 5532 1330 5603 signiﬁcaudatn,
1361 5531 1447 5599 qui
1478 5530 1696 5596 juvanlc
1724 5527 1915 5582 Christi
1944 5529 2108 5595 gratia
2138 5527 2230 5582 dc-

2327 4358 2452 4428 qnid
2498 4358 2696 4411 habere
2748 4358 3033 4425 ettpientis.
3078 4368 3130 4411 ct
3180 4358 3872 4429 integritatem.perfectior

2327 4460 2551 4515 nemque
2577 4445 2889 4499 amittentis.
2932 4444 3260 4499 Undenarius
3304 4456 3477 4499 autem
3519 4447 3635 4501 ideo
3675 4449 3871 4515 septies

2326 4537 2554 4599 ducitur,
2604 4544 2660 4587 ιιι
2712 4545 2857 4590 ntotu
2918 4534 3148 4588 hominis
3204 4535 3313 4588 ﬁeri
3375 4536 3701 4603 signiﬁcetur
3757 4538 3868 4604 ipsa

2327 4624 2695 4693 transgressio.
2721 4622 2983 4677 Ternario
3007 4624 3147 4676 enim
3173 4637 3390 4676 numero
3416 4623 3721 4691 incorpozea
3746 4639 3871 4692 pars

2328 4715 2555 4769 hominis
2606 4714 2939 4782 designatur,
2987 4712 3074 4765 ubi
3107 4711 3265 4765 Deum
3315 4721 3419 4764 toto
3466 4712 3636 4777 corde,
3676 4722 3729 4765 et
3760 4722 3870 4766 tota

2326 4809 2519 4871 auium,
2551 4818 2603 4862 et
2636 4816 2741 4859 tota
2779 4816 2941 4858 mente
2974 4804 3195 4874 diligere
3232 4803 3403 4870 (Deut.
3434 4819 3507 4867 vt,
3540 4803 3593 4874 5)
3630 4803 3864 4870 jtthetttr.

2326 4898 2674 4964 Quaternario
2709 4904 2884 4950 autem
2922 4909 3113 4965 corpus
3142 4893 3470 4961 exprimitur,
3501 4904 3713 4963 propter
3736 4911 3867 4963 qua-

2328 4998 2447 5042 tuor
2480 4987 2593 5054 cjus
2631 4986 2940 5056 principalia
2984 4986 3243 5043 membra,
3274 4983 3354 5036 vel
3396 4995 3605 5052 propter
3636 4996 3866 5053 quatuor

2325 5081 2607 5142 elementa,
2654 5079 2848 5147 quibus
2906 5084 3135 5131 constat.
3192 5075 3258 5128 Et
3311 5090 3375 5129 ex
3423 5076 3504 5127 his
3542 5077 3866 5142 compositus

2328 5172 2484 5223 homo
2520 5176 2640 5237 apte
2671 5169 2978 5237 designatur
3023 5166 3346 5234 septenario.
3398 5164 3567 5218 Motus
3605 5172 3777 5217 autem
3810 5164 3862 5215 itt

2329 5258 2568 5313 numeris
2597 5272 2699 5311 non
2728 5255 3073 5324 exprimitur,-
3091 5269 3210 5306 cum
3241 5269 3395 5305 unum
3419 5254 3540 5317 duo,
3576 5252 3695 5316 tria,
3730 5268 3861 5320 qua-

2327 5358 2463 5411 tuor,
2488 5358 2625 5411 ete.;
2666 5348 2757 5401 sed
2792 5360 2911 5399 cum
2942 5343 3164 5397 dicimus
3197 5343 3366 5408 semel,
3403 5343 3499 5406 bis,
3533 5353 3627 5403 ter,
3660 5352 3858 5407 quater.

2328 5437 2550 5502 Ideoque
2582 5451 2683 5489 non
2714 5442 2914 5502 septem
2950 5441 3003 5485 et
3030 5431 3269 5485 undecim
3291 5472 3304 5494 ,
3335 5432 3425 5484 sed
3466 5430 3660 5497 septies
3697 5428 3863 5479 unde-

2338 5526 2439 5578 citn
2483 5524 2805 5593 signiﬁcatur
2846 5520 3221 5589 transgressio,
3256 5536 3370 5589 qua:
3410 5527 3551 5572 motu
3586 5515 3723 5570 facta
3758 5513 3861 5567 ho»

3788 6042 3821 6061 "
3880 6030 3979 6085 si.
