4190 6222
346 307 448 362 637

1464 303 1756 365 ΙΙΟΗΣΙΛᾸΞ
1798 306 1885 363 ΕΤ
1921 306 2510 363 ΕΧΠΟῘΚΊᾺἸῚΟΝΕΒ.

3463 313 3559 371 638

355 416 517 475 minis
545 417 837 485 precantis,
869 418 969 473 hoc
1009 426 1088 472 est
1122 416 1466 485 perfectionis
1492 432 1602 471 sua:
1639 418 1904 472 stabilita-
1933 421 1977 477 Α
2009 415 2376 469 mandatorum
2417 416 2509 470 Dei
2550 419 2732 472 tendat
2773 417 2840 472 ad
2879 417 3151 472 cmlestcm
3192 418 3418 487 patriam
3458 417 3557 493 sibi
3610 448 3613 452 -

345 514 453 563 tom
490 508 940 577 transgredientis
988 507 1277 576 cupiditate
1321 507 1546 576 amplius
1574 507 1773 577 aliquid
1804 508 1900 561 ha-

343 596 522 650 bendl.
552 594 733 667 Itaque
759 598 881 665 quia
916 598 965 648 in
994 596 1385 664 septuagesimo
1424 598 1649 667 septimo
1677 611 1900 652 numero

342 682 654 754 designatur
690 694 744 739 et
780 685 936 753 primi
980 684 1232 749 hominis,
1271 695 1327 738 et
1362 696 1673 742 ceterorum
1711 686 1800 755 qui
1830 701 1899 740 ex

338 788 405 826 eo
434 775 744 843 prodierunt
775 773 1161 841 transgressio,
1193 784 1316 843 apte
1344 776 1484 831 Deus
1507 778 1897 846 septuagesima

339 877 393 916 et
446 866 669 935 septima
731 864 1078 931 generatione
1131 866 1318 930 venit,
1370 866 1666 921 aboliturus
1714 867 1897 920 omnia

338 964 556 1019 peccata
608 966 827 1005 suorum
878 952 1135 1006 fidelium.
1183 952 1380 1009 Omnes
1429 957 1573 1009 enim
1614 957 1700 1024 qui
1749 970 1896 1009 more

336 1047 643 1099 Christiano
692 1048 951 1101 accedunt
997 1048 1063 1101 ad
1102 1048 1397 1111 lavacrum,
1446 1047 1787 1103 continentur
1841 1046 1892 1099 in

336 1145 481 1205 myst
519 1137 596 1189 rio
642 1139 974 1208 septuaginta
1014 1149 1069 1193 et
1100 1149 1305 1208 septem
1354 1137 1793 1207 generationum;
1841 1143 1895 1191 et

338 1224 459 1277 ideo
493 1225 859 1281 remissionem
901 1238 1238 1297 peccatorum
1280 1235 1677 1293 consequuntur
1704 1223 1771 1279 ab
1828 1239 1894 1280 eo

340 1314 431 1381 qui
479 1323 552 1367 tot
590 1317 961 1384 generationes
999 1317 1262 1369 mumlans
1306 1316 1357 1367 in
1401 1315 1503 1368 hoc
1539 1328 1762 1367 innuero
1810 1328 1894 1376 re-

334 1404 650 1458 missionem
683 1405 956 1473 culparmn
1003 1404 1309 1476 constituit,
1332 1416 1386 1458 et
1416 1404 1468 1457 in
1500 1406 1603 1457 line
1636 1412 1711 1457 tot
1735 1418 1892 1472 gene-

331 1493 597 1547 rationum
628 1492 770 1547 venit
820 1495 1003 1548 tollere
1037 1501 1251 1562 peccata
1294 1494 1496 1547 ntundi.
1554 1494 1663 1547 Non
1719 1494 1888 1550 solum

330 1582 417 1636 cui
446 1602 475 1634 ιι
498 1598 591 1637 eos
642 1584 728 1651 qni
775 1584 825 1636 in
857 1582 1003 1636 Novo
1037 1582 1375 1653 Testamento
1404 1582 1738 1647 baptizantur
1793 1599 1889 1652 pu-

331 1676 539 1739 riticat,
590 1675 681 1729 sed
728 1686 781 1728 et
826 1675 948 1729 illos
974 1675 1062 1744 qui
1096 1673 1163 1727 ab
1184 1673 1413 1745 exordio
1454 1673 1633 1726 ntundi
1676 1673 1725 1725 in
1765 1688 1885 1729 eum

2007 505 2354 572 prmuissam,
2383 512 2437 559 et
2470 520 2565 574 per
2591 506 2787 573 gradus
2812 506 2971 561 scale
2998 510 3360 576 generationis
3393 526 3558 565 cuneo

2002 602 2089 649 tur
2115 596 2427 660 ascendere,
2475 595 2522 650 si
2573 596 2637 649 ad
2666 595 2854 660 Deum,
2889 600 2978 665 qui
3019 599 3070 652 in
3112 603 3420 655 summitate
3444 603 3559 671 ejus

1997 691 2099 748 est,
2118 684 2385 738 desiderat
2408 681 2853 752 pervenireﬂzec
2875 693 3048 739 autem
3072 689 3387 759 genealogis:
3409 691 3556 745 scala

1998 770 2081 823 via
2121 778 2205 824 est
2234 772 2300 824 ad
2346 768 2542 826 cmlum
2584 781 2639 825 et
2678 769 2743 822 ad
2788 768 2948 823 Deum
2972 770 3202 833 ducens,
3250 777 3423 845 quam:
3448 792 3555 845 quo

1998 859 2175 913 verius
2204 860 2429 928 quisque
2465 861 2727 925 ascendit,
2754 874 2820 914 eo
2845 860 3113 929 potentius
3144 860 3265 916 illuc
3290 868 3551 929 pervenit.

1994 949 2146 1004 Alius
2178 950 2320 1004 enim
2357 950 2460 1006 alio
2496 950 2685 1006 fortius
2711 966 2828 1005 eam
2871 950 3103 1015 scandit,
3133 960 3188 1004 et
3217 951 3354 1006 alius
3383 956 3555 1009 adhuc

1996 1041 2186 1096 fortius
2219 1039 2301 1093 vel
2340 1041 2643 1108 perfectius,
2680 1041 2818 1095 sicut
2863 1040 3151 1109 unicuique
3184 1041 3439 1097 divinitus
3471 1052 3558 1109 est

1994 1131 2196 1185 datum.
2232 1128 2318 1185 Vm
2342 1139 2516 1184 autem
2543 1132 2615 1185 illi
2638 1133 2728 1201 qui
2759 1132 2955 1189 mdium
2977 1131 3091 1201 ejus
3114 1134 3338 1204 gradum
3367 1132 3557 1189 ascen-

1997 1222 2159 1287 tlerit,
2191 1220 2314 1291 quia
2346 1220 2399 1274 in
2430 1221 2626 1276 inlimis
2657 1221 2969 1277 remanebit.

2066 1311 2352 1367 Veniamus
2380 1309 2544 1380 igitur
2566 1312 2630 1365 ad
2659 1312 2756 1367 hos
2780 1312 2978 1381 gradus
3022 1311 3418 1381 interpretando
3447 1314 3550 1369 Pu-

1993 1410 2132 1455 trum
2160 1400 2393 1454 nomina.
2427 1400 2768 1457 Humillimns
2799 1403 3042 1459 omnium
3080 1404 3349 1457 invenitur
3374 1403 3548 1472 Jesus,

1991 1489 2174 1561 utpote
2243 1490 2647 1546 fundamentum
2714 1492 3111 1557 universorum,
3172 1494 3552 1561 interpretatur

1990 1580 2254 1648 Salvator,
2293 1586 2419 1655 quia
2461 1584 2573 1651 ipse
2622 1583 2767 1637 solus
2812 1583 3101 1637 bmnanmn
3161 1600 3328 1653 genus
3355 1585 3549 1651 salvat,

1990 1682 2044 1726 et
2097 1682 2332 1728 nonest
2384 1675 2435 1727 in
2485 1674 2589 1727 alio
2641 1673 2820 1742 aliquo
2868 1672 3053 1728 salus:
3090 1673 3266 1743 Neque
3302 1676 3436 1727 enim
3476 1684 3551 1728 est

331 1778 614 1822 venturum
641 1778 782 1823 recte
813 1742 1353 1825 crediderant.iUnde
1380 1780 1590 1821 sursum
1622 1765 1889 1820 redeundo
1922 1739 1963 1797 Β
1989 1762 2133 1815 aliud
2195 1748 2377 1816 nomen
2435 1762 2528 1816 sub
2583 1758 2711 1825 rario
2766 1764 2943 1817 datum
2987 1764 3311 1827 hominibus,
3355 1766 3407 1817 in
3448 1780 3552 1835 quo

332 1864 586 1909 numerat
624 1856 951 1924 evangelista
991 1866 1208 1911 sanctas
1246 1857 1345 1910 has
1388 1853 1791 1923 generationes,
1831 1860 1889 1906 ut

328 1942 584 1997 ostendat
617 1952 669 1997 et
702 1944 767 1995 ad
808 1957 993 1997 omnes
1040 1958 1133 1997 eas
1173 1942 1476 2013 pertingere
1523 1940 1885 2013 purgatoriam

327 2042 376 2087 et
417 2033 895 2088 reconciliatricem
934 2034 1131 2090 Christi
1171 2033 1429 2102 gratiam,
1472 2048 1763 2102 omnesque
1796 2033 1886 2103 qui

328 2138 477 2177 nunc
502 2122 749 2191 baptismi
776 2138 1173 2180 sacramentum
1204 2134 1345 2181 recte
1370 2135 1603 2187 servant,
1630 2126 1694 2177 ad
1722 2122 1888 2178 Deum

326 2211 526 2268 redire.
561 2211 690 2267 Nam
716 2214 887 2281 gratia
919 2214 1111 2268 divinae
1142 2214 1526 2269 incarnatibnis
1554 2222 1608 2268 et
1638 2212 1884 2282 puritica-

327 2298 493 2354 tionis
521 2300 572 2354 in
611 2316 796 2356 oumes
837 2313 978 2356 retro
1008 2306 1379 2371 generationes
1424 2305 1683 2368 ascendit,
1714 2313 1768 2357 ut
1804 2297 1894 2358 in?

329 2387 636 2458 telligamus
663 2391 863 2445 nullum
889 2400 1099 2461 tempus
1126 2409 1359 2462 unquam
1386 2394 1500 2447 sine
1523 2392 1706 2446 electis
1730 2392 1883 2447 Chri-

321 2479 391 2532 δεῖ
437 2480 714 2543 ιτιιιιείεμες
743 2482 833 2549 qui
876 2497 971 2550 per
1013 2498 1134 2536 eum
1173 2484 1240 2537 ab
1269 2482 1512 2552 originali
1562 2482 1711 2552 culpa
1760 2492 1885 2537 sunt

324 2569 561 2623 liberati.
598 2571 824 2640 Propter
856 2575 997 2641 quod
1037 2582 1092 2627 et
1127 2574 1241 2642 ipse
1264 2573 1456 2637 Adam,
1486 2589 1642 2643 quem
1674 2572 1761 2628 Dei
1798 2588 1884 2627 sa-

327 2660 549 2729 pientia,
582 2677 699 2730 qum
729 2662 975 2718 Christus
1018 2671 1118 2730 est,
1159 2664 1356 2726 eduxit,
1401 2673 1457 2718 ut
1490 2666 1743 2735 scriptum
1779 2674 1878 2728 est,

324 2767 358 2803 α
380 2737 571 2803 delicto
596 2767 687 2803 suo
723 2751 874 2819 (Sap.
907 2768 962 2816 κ,
985 2752 1069 2821 2),
1106 2752 1159 2807 in
1192 2754 1295 2808 fine
1338 2754 1611 2808 relationis
1658 2761 1881 2823 genera-

324 2838 549 2901 tionmn,
582 2836 748 2892 Filius
772 2839 863 2893 Dei
906 2855 1001 2908 per
1029 2840 1167 2894 hanc
1194 2840 1393 2895 Christi
1443 2844 1669 2908 gratiam
1699 2855 1879 2898 osten-

322 2924 484 2977 ditur.
522 2926 595 2979 Ac
634 2926 754 2979 inde
780 2926 940 2982 Pater
963 2927 1101 2981 Deus
1126 2928 1400 2982 Christum
1428 2931 1590 2985 Deum
1631 2941 1684 2986 et
1708 2933 1880 2988 Immi-

1988 1862 2217 1922 oporleat
2259 1853 2554 1908 nos‘salvos
2596 1855 2709 1921 fieri
2739 1855 2875 1923 (Act.
2905 1870 2977 1922 Iv,
3002 1855 3109 1919 12).
3159 1855 3325 1921 Hujus
3371 1856 3551 1925 itaque

1987 1943 2177 1999 salutis
2223 1959 2318 2015 per
2360 1945 2680 2013 baptismum
2726 1946 2953 2015 quisque
2996 1946 3108 1999 ﬁeri
3142 1947 3409 2015 particeps
3462 1946 3548 2000 in-

1986 2036 2165 2091 cboat.
2205 2034 2308 2091 Sed
2339 2036 2383 2091 si
2414 2036 2520 2090 vult
2553 2051 2655 2090 non
2682 2036 2929 2090 amittere
2958 2036 3097 2103 quod
3124 2036 3289 2104 gratis
3317 2036 3543 2104 accepit,

1986 2133 2194 2193 oportet
2221 2134 2280 2178 ut
2312 2124 2363 2178 in
2399 2139 2462 2178 eo
2487 2139 2732 2179 crescere
2778 2124 2993 2177 studeat
3029 2139 3125 2191 per
3155 2122 3426 2191 proprium
3466 2122 3545 2176 la.

1982 2212 2166 2267 berem
2214 2223 2415 2268 sancta:
2464 2214 2713 2269 actionis.
2762 2212 2913 2269 Unde
2943 2204 3065 2269 mox
3090 2212 3279 2282 Ioseph
3310 2214 3541 2283 ponitur,

1983 2301 2071 2370 qui
2101 2314 2429 2372 augmentum
2461 2305 2873 2373 interpretatur;
2922 2304 3044 2373 quia
3078 2304 3165 2357 ille
3192 2314 3541 2371 augmentum

1982 2394 2169 2460 gratia:
2210 2402 2332 2459 post
2382 2393 2701 2461 baptismum
2752 2390 3119 2460 consequitur,
3158 2390 3249 2459 qui
3302 2390 3373 2444 ad
3408 2391 3545 2446 bene

1983 2480 2243 2546 agendum
2275 2480 2423 2548 piger
2459 2496 2562 2535 non
2595 2480 2778 2534 fuerit.
2834 2480 2959 2535 inde
3004 2479 3245 2548 sequitur
3273 2478 3420 2545 Heli,
3451 2481 3540 2551 qui

1982 2570 2262 2622 ascendens
2300 2569 2511 2632 dicitur,
2558 2578 2616 2623 ut
2660 2584 2939 2624 ascensum
2975 2570 3303 2639 prolicientis
3340 2569 3543 2625 deVir—

1984 2665 2096 2712 tute
2125 2659 2177 2711 in
2209 2660 2459 2713 virtutem
2503 2658 2786 2731 significet.
2823 2658 3022 2713 Deinde
3062 2668 3145 2713 est
3177 2658 3423 2724 Matthat,
3452 2662 3543 2730 qui

1980 2748 2171 2800 donum
2217 2746 2629 2815 interpretatur;
2674 2747 2799 2817 quia
2843 2747 2931 2816 qni
2985 2748 3237 2801 virtutum
3290 2747 3544 2817 gradibus

1980 2836 2044 2888 ad
2067 2833 2174 2888 alta
2209 2835 2414 2898 nititur,
2444 2834 2661 2903 majoris
2696 2837 2870 2890 adlmc
2893 2834 3077 2906 gratim
3104 2836 3302 2891 donum
3340 2852 3531 2893 conse-

1977 2924 2176 2993 quitur.
2206 2924 2271 2978 Et
2299 2924 2422 2978 inde
2451 2926 2693 2992 sequitur
2714 2923 2855 2991 Levi,
2881 2926 2971 2993 qui
3000 2935 3294 2993 assumptus
3323 2927 3542 2993 dicitur;

324 3030 447 3068 nem
482 3016 690 3085 recipit,
730 3026 783 3071 et
825 3032 919 3085 per
962 3018 1099 3071 hunc
1136 3034 1323 3073 omnes
1357 3022 1445 3088 qui
1480 3023 1715 3076 membra
1752 3032 1876 3078 ευῃι
1902 3050 1946 3113 c
1978 3014 2100 3082 quia
2125 3012 2263 3066 Deus
2294 3013 2438 3067 illum
2465 3014 2564 3067 sibi
2602 3014 2891 3080 assumpsit
2920 3015 2985 3065 ad
3010 3012 3193 3083 iugem
3225 3015 3538 3079 famulatum

320 3104 456 3174 ejus.
501 3106 697 3161 Deinde
733 3108 943 3162 nomina
974 3117 1181 3177 patrmn
1230 3120 1374 3187 retro
1414 3112 1492 3165 sic
1536 3113 1871 3182 interpretari

321 3198 654 3258 studeamus,
704 3206 762 3249 ut
798 3214 1076 3252 ascensum
1132 3202 1183 3254 in
1230 3202 1315 3256 his
1362 3210 1523 3269 atque
1568 3212 1875 3268 provectum

320 3295 536 3350 semper
568 3282 943 3353 intelligamus,
977 3300 1039 3341 ac
1068 3288 1262 3341 seriem
1293 3289 1612 3358 genealogiam:
1642 3289 1873 3356 ipsorum

318 3372 484 3426 veluti
526 3374 722 3428 scalam
764 3391 931 3444 usque
960 3380 1025 3430 ad
1056 3380 1217 3431 Demu
1238 3420 1252 3442 ,
1296 3396 1389 3447 per
1418 3395 1576 3447 quam
1608 3390 1659 3433 et
1690 3396 1876 3435 omnes

320 3460 573 3529 baptizati
624 3464 884 3531 gradatim
930 3466 1222 3519 ascendere
1263 3466 1513 3519 debeant.
1566 3465 1689 3521 lltcc
1731 3467 1872 3521 enim

318 3549 650 3618 genealogia,
684 3565 802 3618 quas
854 3568 880 3603 a
912 3551 1034 3606 Jesu
1069 3553 1337 3621 baptizalo
1384 3554 1447 3607 ad
1475 3555 1639 3608 Deum
1681 3548 1870 3617 tendit,

319 3638 531 3691 videtur
569 3642 723 3694 nobis
760 3656 879 3694 esse
912 3642 1053 3694 scala
1092 3643 1178 3695 illa
1256 3644 1320 3697 de
1354 3660 1457 3712 qua
1494 3644 1718 3715 legimus
1749 3646 1871 3714 quia

318 3725 482 3782 Jactlb
521 3729 747 3798 lapidem
774 3747 1060 3799 supponens
1094 3734 1250 3797 capiti
1274 3750 1367 3787 suo
1393 3734 1648 3799 dormivit,
1677 3746 1723 3789 et
1751 3736 1874 3789 uidit

321 3816 374 3868 in
407 3818 601 3871 somnis
625 3818 817 3869 scalam
848 3830 1065 3872 stantem
1101 3836 1255 3889 super
1290 3832 1511 3884 terram,
1552 3832 1597 3875 et
1635 3839 1875 3877 cacumen

321 3901 459 3955 illius
497 3915 707 3973 tangens
736 3906 936 3969 cmlum,
964 3908 1171 3975 angelos
1204 3926 1403 3978 quoque
1426 3910 1519 3963 Dei
1548 3912 1874 3965 ascendentes

320 3999 367 4041 et
390 3991 745 4045 descendentes
778 4010 868 4061 per
895 4010 1031 4055 eam,
1073 4004 1117 4046 ct
1147 3994 1420 4050 Dominum
1452 3998 1685 4051 innixum
1722 3998 1876 4055 scale

323 4077 472 4145 (Gen.
514 4096 698 4145 una,
735 4082 835 4146 l2).
884 4082 1041 4152 Lapis
1085 4086 1225 4139 enim
1262 4086 1417 4154 capiti
1469 4089 1877 4155 suppositus,.et

326 4164 465 4218 velut
510 4166 912 4223 fundamentum
964 4162 1121 4225 scala:
1170 4173 1341 4227 factus
1371 4173 1617 4228 Christus
1653 4182 1736 4229 est
1783 4176 1871 4245 qui

323 4254 552 4322 seipsmu
607 4258 927 4324 humiliavit,
966 4270 1025 4315 ut
1064 4275 1250 4317 ontues
1298 4277 1423 4319 suos
1470 4265 1748 4331 exultaret,
1784 4267 1873 4336 qui

1976 3119 2162 3168 suum,
2199 3103 2523 3175 conﬁrmans
2555 3103 2605 3155 in
2640 3102 2956 3157 assiduitate
2988 3103 3247 3157 bonorum
3287 3118 3533 3171 cperam.

1977 3190 2228 3259 Sequitur
2252 3201 2304 3243 et
2330 3190 2534 3257 .ilelclti,
2565 3190 2653 3259 qui
2685 3204 2773 3243 rex
2800 3207 2939 3243 meus
2966 3192 3377 3260 interpretatur;
3408 3194 3535 3262 quia

1976 3296 2116 3349 saepe
2144 3280 2401 3349 contingit
2440 3290 2495 3332 nt
2522 3280 2610 3346 qui
2636 3280 2746 3349 jam
2780 3279 2915 3333 talis
2936 3289 3051 3344 est,
3084 3290 3261 3334 rector
3287 3282 3538 3338 Ecclesia:

1976 3368 2254 3441 eﬂiciatur.
2313 3368 2418 3422 Sed
2463 3366 2719 3444 eblanne
2770 3367 3029 3436 sequitur,
3080 3368 3169 3435 qui
3216 3380 3539 3437 prmparatus

1975 3447 2199 3524 dicitur;
2234 3459 2355 3527 quia
2390 3459 2511 3513 talis
2541 3459 2623 3511 vir
2645 3458 2711 3512 a‘d
2738 3472 2898 3513 omne
2924 3458 3119 3512 bonum
3162 3472 3295 3527 opus
3320 3468 3400 3514 est
3420 3460 3532 3530 jam

1974 3557 2208 3617 paratus.
2253 3546 2441 3614 Ioseph
2484 3561 2697 3615 quoque
2729 3546 3094 3615 subjungitur,
3132 3546 3243 3617 qui,
3282 3547 3418 3603 sicut
3448 3563 3540 3605 stt-

1975 3652 2067 3705 pra
2100 3636 2293 3689 dictum
2320 3643 2423 3697 est,
2451 3644 2781 3703 augmentum
2818 3634 3223 3703 interpretatur,
3253 3638 3376 3708 quia
3412 3655 3536 3709 pro-

1977 3726 2083 3780 ﬁcit
2108 3740 2316 3795 semper
2343 3732 2396 3778 et
2418 3724 2687 3795 religionis
2724 3734 3063 3795 augmentum
3088 3726 3252 3795 capit.
3283 3728 3392 3783 Nec
3420 3746 3530 3785 non
3598 3780 3605 3785 .

1976 3825 2027 3871 ct
2052 3814 2317 3881 Mattliias,
2342 3814 2431 3882 qui
2458 3815 2651 3867 donum
2679 3812 2771 3867 Dei
2798 3814 3026 3878 dicitur;
3063 3816 3187 3883 quia
3217 3817 3413 3873 donum
3447 3819 3531 3875 tli-

1976 3906 2110 3959 vinm
2134 3904 2317 3973 gratia:
2347 3903 2499 3958 novis
2523 3902 2697 3957 adhuc
2727 3903 2780 3956 in
2816 3916 2939 3957 eum
2978 3902 3261 3959 beneflciis
3296 3906 3533 3963 infundi-

1979 4007 2083 4053 tur.
2122 3996 2187 4051 Et
2216 3995 2398 4058 Amos,
2428 3992 2515 4062 qui
2544 3993 2825 4055 honoratis,
2857 3992 2939 4048 vel
2964 3994 3116 4063 fortis
3136 4036 3150 4061 ,
3182 3994 3264 4050 vel
3285 3997 3531 4067 populum

1977 4086 2194 4142 avellens
2225 4086 2640 4153 interpretatur;
2672 4084 2795 4151 quia
2828 4086 2992 4139 Deum
3021 4086 3249 4143 honorat
3278 4088 3412 4143 bene
3451 4089 3535 4144 vi-

1974 4175 2170 4241 vendo,
2200 4172 2432 4247 etfortis
2460 4182 2542 4228 est
2574 4173 2639 4226 ad
2671 4172 2896 4227 adversa
2929 4172 3221 4239 toleranda,
3252 4185 3306 4229 et
3332 4176 3533 4231 doctri-

1977 4263 2059 4318 nis
2094 4278 2157 4317 ac
2207 4260 2463 4335 exemplis
2509 4260 2619 4315 suis
2665 4260 2731 4314 ab
2771 4274 2955 4315 amore
3001 4262 3182 4317 mundi
3207 4278 3302 4317 cor
3351 4263 3532 4320 avellit

322 4340 459 4427 sicut
499 4342 898 4401 fundamentum
930 4363 1115 4404 omnes
1144 4358 1337 4418 portat.
1376 4364 1429 4406 et
1462 4367 1489 4404 a
1518 4352 1660 4406 nullo
1692 4365 1871 4423 porta-
1898 4367 1951 4427 ι)
1976 4353 2176 4424 populi.
2219 4352 2323 4407 Sed
2364 4359 2416 4406 et
2447 4350 2642 4415 Naum,
2671 4351 2761 4419 qui
2803 4352 3097 4408 consolator
3126 4353 3208 4409 vel
3247 4355 3531 4411 consolatio

324 4424 447 4485 tur.’
468 4433 532 4487 Et
558 4449 653 4502 per
680 4436 815 4491 hanc
843 4439 1167 4509 genealogiae
1207 4441 1404 4497 scalam
1438 4443 1525 4497 alii
1556 4444 1869 4513 ascendunt,

320 4531 375 4575 et
421 4523 508 4577 alii
555 4526 901 4580 descendunt.
948 4528 1255 4583 Ascendunt
1298 4533 1386 4600 qui
1433 4534 1736 4604 proficiunt,
1783 4538 1873 4593 de-

322 4604 697 4685 scenduutqui
731 4617 1003 4672 deficiunt.
1051 4620 1239 4690 Angeli
1285 4632 1491 4689 autem,
1528 4626 1685 4696 176
1713 4627 1763 4681 id
1790 4638 1873 4683 est

322 4702 490 4756 nuntii
545 4704 633 4757 Dei
688 4717 965 4770 vocantur,
1035 4711 1157 4779 quia
1218 4710 1492 4766 Christum
1564 4716 1869 4784 loquuntur.

320 4790 569 4863 Quisquis
612 4795 774 4865 igitur
819 4797 869 4851 in
895 4798 1109 4854 Christo
1148 4801 1445 4870 baptizatus
1481 4812 1582 4869 est,
1631 4815 1869 4875 apertum

319 4889 399 4935 est
442 4885 489 4937 ei
540 4886 768 4951 etelnm,
816 4889 1036 4944 ctDens
1083 4891 1310 4959 desuper
1356 4902 1577 4962 paratus
1621 4905 1703 4950 est
1748 4911 1869 4951 enim

319 4973 625 5043 suscipere;
679 4978 770 5031 sed
816 4978 902 5032 ille
946 4994 1039 5049 per
1082 4980 1281 5046 gradus
1328 4982 1505 5045 scala),
1555 5000 1672 5053 qum
1710 5002 1737 5038 a
1774 4986 1870 5041 ba-

319 5062 507 5128 ptismo
548 5081 715 5134 usque
755 5069 820 5121 ad
854 5069 1013 5122 Deum
1057 5080 1299 5138 porrecta
1340 5081 1443 5137 est,
1486 5074 1640 5129 debet
1683 5091 1870 5129 ascen-

318 5149 470 5216 dere;
508 5157 653 5224 quia,
686 5167 741 5211 et
766 5160 903 5213 sicut
934 5160 1182 5215 Salomon
1212 5162 1286 5215 ait
1312 5178 1326 5217 :
1351 5164 1529 5215 semita
1570 5165 1684 5217 vita?
1718 5181 1871 5235 super

319 5244 563 5299 eruditum
597 5247 775 5319 (Prov.
805 5267 893 5315 xv,
924 5253 1031 5321 ει),
1096 5268 1197 5321 qua
1244 5254 1447 5309 scilicet
1489 5256 1729 5310 eruditus
1760 5257 1868 5324 ipse

322 5336 493 5390 tendat
541 5338 591 5391 in
622 5340 836 5393 cretum.
896 5342 1025 5396 Nam
1076 5352 1128 5399 et
1173 5344 1396 5413 populus
1436 5345 1594 5399 Israel
1644 5349 1868 5401 transito

320 5426 445 5477 mari
472 5427 648 5482 Rubro
678 5444 779 5483 non
811 5432 986 5496 stetit;
1029 5435 1121 5487 sed
1155 5443 1338 5503 postea
1378 5435 1552 5505 longis
1587 5436 1868 5493 itineribus

319 5528 378 5566 ac
409 5512 675 5571 laboribus
710 5518 776 5571 ad
803 5528 1000 5572 terram
1050 5523 1422 5588 promissionis
1466 5525 1735 5593 pervenit.
1778 5526 1865 5581 Sic

320 5611 369 5655 ct
411 5605 496 5673 qui
536 5606 971 5677 baptizatus'cst,
1012 5626 1115 5665 non
1155 5609 1220 5665 sit
1256 5615 1433 5683 piger;
1469 5616 1559 5671 sed
1605 5633 1699 5687 per
1728 5616 1863 5673 viam

1971 4444 2197 4507 dicitur;
2232 4440 2358 4511 quia
2400 4437 2550 4504 illos,
2591 4440 2678 4509 qui
2719 4440 3029 4511 temporalia
3070 4446 3528 4512 contempserunt,

1971 4536 2323 4606 promissione
2365 4544 2685 4591 :eternorum
2730 4532 3058 4590 consolatur.
3135 4532 3260 4588 Heli
3295 4550 3530 4605 quoque,

1970 4627 2060 4697 qui
2099 4627 2294 4680 vicinus
2326 4642 2467 4681 meus
2502 4625 2728 4689 dicitur;
2765 4623 2889 4693 quia
2923 4621 3129 4679 vicinus
3171 4624 3220 4678 ei
3256 4624 3329 4679 ﬁt.
3366 4639 3529 4692 quem

1970 4714 2334 4771 consolatione
2388 4701 2671 4769 demulcet.
2725 4713 2791 4769 Et
2837 4710 3033 4783 Nugge,
3091 4713 3181 4781 qui
3229 4712 3529 4770 solemndtas

1970 4805 2381 4877 interpretatur,
2422 4804 2544 4875 quia
2602 4818 2711 4873 ipse
2760 4803 3070 4858 solemnitas
3116 4802 3309 4856 laetitim
3355 4803 3415 4856 lit
3447 4804 3525 4866 ei,

1969 4913 2127 4967 quem
2180 4897 2508 4953 consolatur.
2552 4896 2726 4963 Atque
2766 4892 3003 4954 Habath,
3055 4892 3136 4949 vel
3183 4890 3382 4957 Manut,
3432 4896 3525 4963 qui

1969 4988 2289 5057 requiescens
2321 4988 2543 5050 dicitur;
2584 4984 2706 5055 quia
2752 4983 3035 5054 requiescit
3063 4981 3175 5049 jam
3215 4983 3271 5037 in
3313 4992 3528 5043 secreto

1969 5078 2162 5131 divina:
2199 5074 2695 5145 contemplationis,
2744 5081 3110 5143 sequestratus
3144 5087 3174 5127 a
3210 5072 3393 5130 labore
3425 5089 3529 5137 ste-

1968 5166 2169 5221 cuiaris
2216 5164 2547 5235 cupiditatis;
2594 5163 2673 5219 vel
2702 5164 2752 5218 in
2785 5177 2847 5217 eo
2878 5163 3115 5232 requiem
3144 5164 3327 5229 habet,
3359 5180 3519 5234 quem

1969 5272 2120 5312 suam
2160 5257 2597 5335 consolationem.
2621 5254 2893 5323 accepisse
2926 5253 3089 5318 videt,
3129 5264 3182 5309 et
3217 5255 3269 5310 iu
3301 5242 3526 5309 trtbuta'

1970 5347 2200 5401 tionibus
2228 5361 2325 5415 pro
2347 5345 2559 5400 Christo
2578 5344 2687 5414 jam
2718 5343 2956 5413 gloriari.
2975 5342 3078 5399 Sed
3101 5351 3154 5397 et
3174 5341 3511 5404 Harant/tias,

1966 5437 2054 5507 qui
2097 5437 2290 5489 donum
2328 5436 2441 5501 Dei,
2494 5437 2632 5514 sicut
2679 5420 3053 5502 prtemisimus,
3112 5432 3334 5495 dicitur;
3388 5432 3516 5501 quia

1968 5527 2140 5597 majus
2179 5527 2352 5583 adhuc
2388 5527 2583 5597 donum
2626 5542 2868 5596 supema:
2904 5523 3087 5594 gratia:
3115 5521 3358 5591 percipit,
3389 5535 3519 5591 pro-

1966 5592 2080 5687 pter
2114 5616 2418 5689 supradicta
2451 5592 2604 5685 betia,
2634 5592 2750 5687 qua:
2779 5617 2854 5673 sic
2886 5592 3040 5683 agerc
3077 5613 3298 5671 studuit.
3334 5610 3518 5684 Neque
