4190 6208
702 298 808 355 659
1024 300 1079 353 S.
1122 298 1412 352 ANSHJII
1468 294 1811 351 (JANTUAIL
1852 288 2163 371 .\lttll-lll£l’.
2197 285 2291 340 ΟΝ

2332 326 2343 336 .
2387 284 2559 339 ιιιιιδ
2597 287 2659 340 ιι.
2698 259 2763 328 .4
2803 284 3162 341 tueamur.
3210 284 3292 337 ΕΤ
3339 286 3575 340 ιιειιιςιν.
3803 291 3897 342 (ιιι)

704 411 846 464 enim
875 415 939 466 dc
966 416 1199 481 autiquts
1246 416 1506 482 patribus,
1555 431 1782 483 quorum
1810 415 2045 466 numina
2096 413 2254 463 inter-
2288 415 2333 466 Α
2364 406 2769 471 interpretatur;
2812 408 2931 472 quia
2972 408 3080 472 ipse
3116 401 3294 455 multis
3334 401 3388 454 ﬁt
3429 401 3518 454 Dei
3555 404 3827 468 auxilium,
3850 418 3901 459 et

690 511 999 568 ‘prctamur,
1050 504 1147 554 ista
1194 504 1444 569 dicimus,
1494 506 1613 559 lieet
1663 515 1715 559 ct
1765 506 1828 557 de
1883 504 2009 572 ipsis
2038 503 2261 554 fortasse

708 592 872 659 possit
918 591 1183 661 intelligi;
1232 596 1323 648 sed
1372 596 1548 663 potius
1588 596 1653 649 dc
1691 610 1795 646 uno
1842 593 2075 659 quolibet
2119 591 2261 657 justo

706 681 842 738 viro,
885 695 1043 747 quem
1097 698 1192 750 per
1233 684 1331 738 bos
1374 686 1632 738 virtutum
1683 684 1879 750 gradus
1923 698 1951 732 a
1992 683 2262 748 baptismo

705 769 1086 824 ascendentem
1133 773 1392 845 atllDeum
1436 772 1811 825 describimus.
1865 770 1995 822 Nam
2037 787 2129 838 per
2167 771 2263 824 bos

704 859 947 911 ascendit
977 860 1265 913 electorum
1291 861 1521 914 Ecclesia
1552 862 1616 913 de
1646 876 1749 929 qua
1783 861 2016 913 dicitur:
2046 861 2181 913 Deus
2211 862 2262 912 in

705 946 954 1011 gradibus
992 950 1102 1014 ejus
1140 959 1493 1015 cognoscatur,
1528 964 1643 999 cum
1678 949 1915 1015 suscipiet
1947 965 2060 1002 eam
2091 947 2259 1019 (Psal.

708 1049 872 1097 xovn,
905 1036 979 1103 4).
1034 1037 1132 1087 l’er
1174 1036 1268 1087 bos
1310 1036 1470 1087 etiam
1523 1046 1744 1089 sanctus
1772 1035 1871 1090 Job
1922 1036 2262 1099 ascendebat,

707 1125 926 1177 dicens:
960 1123 1059 1177 l’er
1089 1125 1321 1193 singulm
1347 1129 1540 1194 gradus
1577 1143 1714 1179 nteos
1743 1127 2086 1195 pronuntiabo
2119 1125 2263 1179 illum

707 1212 827 1277 (Job
889 1230 1035 1275 sui,
1068 1215 1178 1280 '57).
1208 1216 1286 1267 Atl
1315 1214 1554 1268 ordinem
1585 1230 1711 1281 ergo
1737 1217 1993 1283 graduum
2032 1224 2271 1268 revertav

708 1315 845 1361 mur,
883 1309 938 1352 ιιι
967 1300 1030 1352 ad
1062 1311 1288 1355 cmteros
1316 1301 1611 1356 videamus.
1644 1301 1774 1355 Nunt
1805 1301 1973 1355 Sentei
2005 1305 2263 1370 sequitur,

716 1387 807 1455 qui
847 1389 1061 1443 audiens
1107 1390 1507 1459 interpretatur,
1548 1402 1638 1445 aut
1680 1392 1799 1445 audi
1830 1408 1916 1446 um
1952 1393 2268 1447 obcdicntiu:

707 1479 760 1532 in
794 1492 980 1535 sancto
1036 1484 1153 1537 viro
1207 1484 1469 1553 designet.
1516 1486 1772 1555 Sequitur
1813 1494 1867 1539 et
1894 1485 2121 1553 Ioseph,
2151 1484 2264 1552 qui,

706 1569 975 1641 sicutjam
1010 1574 1090 1627 bis
1116 1574 1318 1628 dictum
1346 1586 1448 1638 est,
1480 1586 1813 1644 augmentum
1854 1575 2264 1643 interpretatur;

705 1657 827 1726 quia
861 1677 1053 1715 novum
1082 1674 1422 1733 augmentum
1460 1664 1870 1733 sentpcrjetsttts
1897 1664 2115 1740 adipisci
2151 1672 2263 1719 stu—

705 1750 738 1801 d
761 1758 815 1804 't.
847 1749 953 1823 Sed
985 1762 1038 1805 et
1062 1752 1202 1805 .Iada
1242 1755 1503 1822 sequitur,
1532 1755 1619 1822 qtti
1649 1755 1901 1822 confessio
1926 1753 2007 1806 vel
2035 1752 2192 1805 lauda
2217 1754 2266 1805 io

709 1837 946 1901 dicitur;
1011 1841 1137 1908 quia
1205 1845 1597 1897 cattleSsionctn
1665 1844 1835 1898 laudis
1895 1859 2106 1912 semper
2162 1844 2267 1896 Deo

711 1927 904 1980 reddit.
945 1928 1009 1981 Et
1035 1930 1266 1995 Joanne,
1295 1920 1384 2000 qui
1414 1933 1613 1987 dicitur
1641 1936 1724 1986 cui
1756 1945 1829 1987 est
1857 1936 2025 2003 gratia
2054 1934 2132 1987 vel
2162 1933 2266 1986 Do-

706 2017 877 2070 minus
900 2020 1074 2087 gratia
1105 2020 1248 2088 ejus;
1298 2024 1553 2091 quoniam
1602 2024 1764 2077 multa
1812 2026 1947 2077 inest
1996 2025 2041 2075 ei
2075 2024 2264 2093 gratia,

706 2114 761 2157 et
799 2105 912 2174 ipsa
947 2110 1116 2179 gratia
1160 2111 1415 2166 Dominus
1449 2122 1564 2173 est,
1608 2123 1661 2163 ιιι
1705 2114 1926 2165 Domino
1972 2112 2079 2164 Deo
2123 2113 2172 2163 itt
2210 2126 2267 2163 se

710 2204 960 2246 manente
997 2197 1272 2264 gratiosus
1313 2200 1403 2252 sit.
1443 2200 1507 2251 Ει
1539 2198 1692 2263 Resa,
1734 2200 1821 2266 ιιιιί
1864 2210 2013 2263 caput
2043 2201 2154 2268 ejus
2184 2201 2266 2254 itt—

710 2291 1064 2350 terpretatnr;
1097 2287 1219 2353 quia
1253 2288 1530 2352 Dominus,
1561 2290 1648 2358 qni
1682 2301 1764 2343 cst
1792 2302 1900 2359 gzat
1949 2310 1958 2339 t
1991 2290 2126 2359 ejus,
2158 2292 2269 2359 ipse

706 2384 791 2424 est
823 2380 895 2435 τρι
942 2384 1099 2443 caput
1147 2374 1281 2443 ejus.
1332 2378 1475 2431 Talis
1525 2380 1672 2432 enim
1709 2380 1899 2448 dignus
1942 2392 2022 2435 est
2073 2382 2269 2451 habere

705 2458 979 2515 Cbristun.
1008 2474 1191 2530 caput.
1248 2464 1510 2533 Sequitur
1560 2476 1609 2520 et
1643 2465 1949 2529 Zorobabel,
1982 2470 2070 2535 qui
2110 2470 2273 2521 inter-

708 2561 952 2619 pretatur
980 2563 1124 2613 ortas
1150 2557 1202 2608 in
1228 2554 1510 2623 Babylone,
1545 2557 1623 2609 vel
1657 2558 1761 2623 ipse
1790 2558 2030 2623 magister
2051 2558 2271 2627 Babylo-

720 2644 840 2706 nis;
880 2645 1004 2710 quia
1035 2644 1155 2697 talis
1186 2645 1266 2696 vir
1300 2646 1439 2698 inter
1474 2646 1682 2712 iniquos
1719 2645 1893 2713 prium
1934 2630 2190 2709 nasritur,
2218 2656 2271 2699 et

718 2734 1056 2807 postmodum
1098 2736 1253 2788 docet
1294 2749 1386 2787 eos
1424 2735 1687 2802 quomodo
1732 2735 1897 2802 possit
1941 2735 2007 2786 ad
2047 2735 2268 2788 salutem

718 2824 1041 2891 pertingere.
1093 2823 1157 2876 Et
1182 2822 1456 2882 Salathiel,
1492 2820 1642 2887 cujus
1674 2823 2047 2889 interpretatio
2072 2830 2157 2875 est
2182 2839 2270 2889 pc-

712 2914 826 2964 tttio
861 2928 971 2965 mea
997 2912 1167 2975 Deus;
1206 2913 1330 2979 quia
1360 2912 1590 2981 istejatu
1624 2911 1754 2964 nihil
1787 2910 1885 2964 tiisi
1920 2912 2081 2965 Deum
2110 2927 2269 2981 appe-

712 3004 795 3063 tit,
827 3003 1001 3055 seicns
1028 3002 1149 3069 quia
1179 3002 1309 3056 nihil
1357 3003 1421 3055 ad
1449 3002 1830 3055 beatitudinem
1864 3003 1961 3055 sibi
2002 3004 2101 3057 nisi
2134 3006 2269 3057 Deus

712 3091 925 3144 snllicit.
958 3091 1023 3145 Et
1057 3090 1210 3156 Neri,
1236 3086 1330 3161 qui
1363 3082 1558 3146 dicitur
1585 3093 1795 3144 lucerna
1828 3109 1970 3155 utea;
1999 3094 2120 3161 quia
2155 3093 2273 3147 talis

712 3183 821 3234 Deo
866 3192 1040 3249 potest
1078 3184 1258 3237 dicere
1297 3201 1311 3234 :
1356 3181 1589 3235 Lucerna
1634 3182 1854 3249 pedibus
1895 3182 2019 3234 meis
2072 3183 2274 3234 verbum

713 3282 859 3323 tuum
890 3271 1062 3342 (I’sal.
1090 3272 1465 3340 CX\'IH,105),
1506 3272 1585 3325 vel
1626 3287 1722 3325 nos
1763 3273 1826 3325 de
1869 3272 1977 3332 illo,
2026 3272 2149 3340 quia
2198 3271 2277 3323 lu-

715 3377 869 3413 cerna
905 3362 1018 3429 ejus
1045 3372 1120 3414 est
1146 3362 1321 3431 Agnus
1350 3363 1530 3431 (Apoc.
1554 3378 1675 3423 xxi,
1706 3362 1816 3427 25).
1852 3362 1915 3413 Et
1942 3361 2146 3418 Melclti.
2186 3363 2273 3429 qui

716 3465 810 3501 rex
847 3466 989 3501 meus
1025 3449 1422 3518 interpretatur,
1473 3459 1631 3516 atque
1676 3449 2011 3510 subauditur,
2061 3465 2092 3499 a
2122 3465 2277 3515 supr-

698 3539 940 3611 rriorlbas
979 3539 1133 3599 Deus,
1178 3548 1234 3589 ιιι
1260 3530 1357 3590 iste
1386 3538 1528 3589 dicat
1555 3553 1565 3587 :
1602 3536 1713 3588 Rex
1742 3552 1889 3589 meus
1942 3536 2097 3588 Deus.
2130 3536 2273 3591 Talis

717 3632 861 3684 enim
912 3644 1014 3682 non
1056 3630 1239 3680 vitium
1289 3627 1523 3694 aliquod,
1565 3627 1656 3679 sed
1704 3626 1872 3679 solum
1908 3625 2068 3678 Deum
2118 3626 2271 3680 liabet

700 3736 917 3787 regem.
954 3717 1041 3771 Vel
1073 3716 1306 3771 Ecclesia
1355 3716 1421 3769 de
1470 3715 1558 3771 illo
1598 3724 1770 3783 potest
1816 3716 2017 3779 dicere,
2049 3713 2177 3773 Neri
2218 3726 2274 3769 et

719 3808 930 3870 Melclti,
985 3809 1037 3861 id
1085 3818 1167 3861 est
1216 3807 1428 3859 lucerna
1476 3822 1593 3859 mea
1644 3822 1732 3857 rex
1781 3806 2113 3873 meus:quia
2165 3807 2273 3874 ipse

718 3914 839 3951 eam
871 3898 1136 3949 illtttninat
1167 3904 1220 3948 et
1246 3896 1397 3960 regit.
1432 3894 1683 3961 Sequitur
1725 3903 1777 3945 ct
1808 3894 1973 3955 Addi,
2006 3894 2094 3960 qui
2121 3895 2273 3945 robu-

718 3998 829 4040 stus
865 3988 1281 4053 interpretatur;
1323 3984 1447 4053 quia
1489 3985 1569 4036 vir
1615 3984 1713 4036 iste
1745 3984 1921 4036 cordis
1965 3984 2153 4037 robore
2176 3994 2275 4036 ‘cst

694 4073 1062 4145 'prtm'alidus.
1095 4075 1160 4128 Et
1179 4074 1387 4136 Cosam,
1414 4072 1493 4125 vel
1511 4073 1720 4147 Cusum,
1750 4074 1837 4140 qtti
1866 4073 2272 4127 dieitur/Ethio-

715 4168 801 4233 pia
829 4182 1036 4226 eorum;
1073 4166 1194 4232 quia
1224 4164 1345 4226 illis,
1374 4163 1462 4231 qni
1494 4163 1742 4216 tenebras
1770 4172 1957 4228 putant
1983 4163 2175 4226 lucem,
2215 4173 2272 4217 et

720 4256 888 4307 lucent
925 4255 1189 4312 tenebras,
1214 4252 1425 4304 videtur
1473 4251 1769 4318 bttjnsmodi
1806 4251 1883 4301 vir
1922 4250 2141 4318 nigreth
2183 4265 2272 4303 eo-

718 4360 859 4404 rum,
884 4360 985 4408 qua
1017 4342 1165 4394 ιιιυίιί
1198 4342 1590 4401 tenclirescanl,
1616 4340 1868 4406 quoniam
1920 4340 2110 4393 mullos
2154 4341 2271 4392 illu-
2302 4352 2346 4407 ι)

722 4436 907 4486 mittat.
952 4432 1042 4485 Vel
1062 4432 1329 4499 .IEtItiopia
1360 4447 1557 4491 eorum,
1590 4430 1638 4481 id
1671 4433 1750 4480 est
1778 4430 2064 4497 tlenigratio
2094 4446 2271 4481 eorum

719 4524 943 4587 dicitur;
970 4524 1093 4590 quia
1122 4520 1520 4588 comparatione
1544 4519 1756 4571 lttmiuis
1794 4520 2050 4571 doctrina:
2078 4529 2129 4572 et
2151 4534 2272 4571 san-

716 4614 917 4665 ctitatis
947 4626 1077 4670 suae,
1118 4610 1390 4677 nigredine
1420 4609 1666 4661 vitiorum
1696 4618 1746 4661 et
1773 4598 2014 4661 errorum
2060 4617 2271 4675 apertos

717 4718 835 4757 (δεδι)
868 4719 960 4755 eos
986 4702 1237 4755 declarat.
1272 4691 1576 4761 Elmodaclt,
1609 4699 1686 4750 vel
1716 4699 1969 4750 Elatadan
1994 4696 2112 4766 [al.,
2144 4697 2270 4749 llel-

719 4792 952 4861 tandem]
983 4808 1195 4860 quoque
1222 4791 1479 4859 sequitur,
1518 4791 1606 4858 qtti
1637 4790 1726 4842 Dei
1760 4806 2005 4840 ntrutsttra
2046 4789 2265 4851 dicitur;

718 4878 844 4944 quia
874 4878 971 4930 iste
997 4888 1099 4930 tam
1128 4878 1442 4944 regulariter
1464 4887 1517 4930 ct
1544 4879 1810 4930 moderate
1833 4893 2039 4943 semper
2060 4878 2187 4945 agit,
2216 4887 2273 4929 ut

725 4981 1029 5018 mensuram
1071 4967 1261 5032 regulae
1291 4966 1539 5018 divinitus
1567 4967 1663 5018 sibi
1694 4967 1827 5017 tlatte
1871 4984 1972 5018 non
2013 4967 2258 5027 cxrcdat,

726 5054 789 5106 Et
819 5053 945 5113 ller,
978 5054 1065 5121 qui
1101 5054 1309 5121 vigilans
1358 5055 1761 5120 interpretatur;
1817 5055 2063 5121 quoniam
2115 5053 2267 5119 iuxta

727 5152 1047 5211 praeceptum
1084 5143 1349 5205 Evangelii
1396 5159 1605 5211 semper
1650 5143 1851 5211 vigilat.
1898 5144 2069 5211 Atque
2096 5143 2268 5203 Jesns,

724 5231 817 5298 qtti
865 5231 1131 5293 salutaris,
1185 5230 1264 5283 vel
1313 5229 1551 5283 Sa'vator
1596 5230 1819 5293 dititnr;
1873 5230 1995 5297 quia
2045 5230 2268 5282 salutem

723 5320 1008 5371 multorum
1059 5318 1235 5371 verbis
1280 5326 1335 5370 et
1378 5318 1631 5383 exemplis
1677 5326 1947 5382 operatur.
2006 5316 2133 5369 Nam
2183 5316 2269 5383 qui

729 5410 948 5462 contorti
981 5410 1152 5476 [ccerit
1183 5420 1496 5476 peccatorent
1526 5408 1587 5457 ab
1613 5424 1781 5458 errore
1821 5410 1913 5459 ria:
1943 5423 2068 5466 sum,
2103 5406 2269 5457 sztlva-

702 5486 798 5545 ibit
844 5497 1065 5547 anintant
1115 5497 1225 5563 ejus
1277 5513 1306 5546 a
1340 5504 1501 5546 morte
1544 5492 1681 5559 (Jac.
1710 5509 1757 5554 v,
1783 5493 1891 5560 ‘20).
1942 5493 2188 5558 Sequitur
2219 5499 2272 5542 et

737 5583 959 5649 Eliczer,
1011 5586 1511 5654 tlttlDt'lattIlllttm,
1563 5583 1640 5638 vel
1689 5582 1820 5633 Deus
1877 5598 2012 5635 meus
2065 5579 2269 5645 at’jtttor

2364 497 2552 550 multos
2579 512 2671 561 per
2700 512 2822 547 eum
2854 498 2990 548 Deus
3021 496 3252 563 :tljnvat.
3292 495 3461 561 Atque
3487 491 3676 555 Jorim,
3711 497 3795 560 qui
3823 498 3899 549 tli-

2362 584 2500 635 citur
2538 583 2786 634 Dominus
2826 585 3078 647 ara/lanx,
3132 586 3208 638 vel
3238 595 3309 636 est
3349 584 3622 645 exultans;
3664 576 3786 652 quia
3818 602 3904 652 per

2361 686 2480 724 eum
2513 672 2766 724 Dominus
2812 675 3031 733 exultat,
3070 684 3123 727 et
3162 677 3273 742 ipe
3311 691 3442 741 quos
3490 673 3629 725 valet
3674 672 3906 727 exaltare

2363 775 2464 811 non
2504 771 2700 819 cessat,
2736 761 2857 815 dum
2891 778 2983 814 eos
3015 763 3081 813 ab
3113 763 3309 814 intimis
3338 761 3716 830 cupiditatibus
3742 759 3909 813 elevat

2363 850 2544 903 dicens
2567 868 2578 902 :
2607 850 2734 914 Qua:
2765 868 2970 903 sursum
3001 854 3116 903 sunt
3140 855 3372 920 ιμιιΡΓὶισ.
3396 853 3481 903 ubi
3505 850 3738 904 Christus
3760 863 3830 904 est
3855 852 3909 903 in

2362 938 2570 991 dextera
2607 939 2695 991 Dei
2724 940 2903 993 sedens
2936 940 3138 1001 (Coloss
3190 956 3268 1002 tu,
3298 941 3403 1007 l5).
3460 941 3563 993 Sed
3592 950 3645 993 et
3669 940 3905 1003 Mattltat,

2363 1030 2451 1096 qui
2476 1030 2665 1081 donum
2713 1032 3127 1098 interpretatur;
3172 1031 3294 1098 quia
3334 1030 3385 1082 in
3422 1046 3485 1081 eo
3529 1030 3785 1083 redundat
3818 1030 3908 1082 dn-

2366 1136 2489 1173 n::m
2528 1122 2712 1189 gratia:
2750 1122 3004 1185 (TOBICSllS,
3043 1132 3096 1174 ct
3134 1112 3252 1174 cum
3289 1121 3423 1175 Deus
3464 1122 3641 1175 multis
3684 1122 3733 1175 in
3770 1122 3909 1175 salu-
3952 1166 3957 1172 .

2368 1216 2469 1259 tem
2499 1210 2595 1262 ded
2623 1220 2662 1263 t.
2690 1209 2808 1262 Levi
2834 1226 3063 1278 quoque,
3090 1210 3178 1277 qui
3208 1210 3401 1262 dicitur
3426 1221 3750 1276 assumptus;
3777 1210 3908 1263 Deus

2364 1296 2505 1349 enim
2539 1296 2684 1350 illttm
2713 1300 3020 1365 assumpsit,
3052 1301 3105 1351 id
3130 1311 3210 1351 cst
3242 1298 3342 1351 sibi
3370 1298 3652 1366 specialius
3676 1300 3908 1352 servim-

2369 1394 2493 1449 tcm,
2525 1396 2578 1440 et
2602 1397 2914 1441 constanter
2939 1396 3367 1456 perseverantem
3409 1386 3554 1440 fecit.
3588 1386 3911 1454 Seqttitur'et

2369 1475 2597 1537 Simeon,
2644 1476 2732 1544 qui
2777 1468 2971 1530 dicitur
3018 1477 3310 1539 exauditio;
3360 1477 3483 1543 quia
3538 1475 3657 1528 talis
3706 1476 3789 1527 vir
3832 1481 3915 1529 est

2365 1566 2634 1621 cxanditio
2674 1567 2846 1635 precis
2886 1567 3185 1619 -tuultorum
3244 1564 3423 1618 etTnszn
3464 1580 3651 1617 coram
3693 1563 3914 1617 Domino

2368 1671 2461 1724 pro
2487 1658 2706 1711 doctore
2745 1655 3042 1710 salutifero.
3096 1644 3483 1724 Interpretatur
3522 1655 3676 1707 etiam
3709 1653 3915 1707 Simeon

2367 1748 2579 1799 audiens
2615 1748 2911 1809 tristitiam;
2949 1747 3069 1813 quia
3102 1746 3186 1814 pie
3216 1747 3544 1814 compatiens
3572 1746 3716 1797 audit
3750 1746 3915 1799 tristi-

2367 1836 2491 1887 tiam
2548 1835 2722 1888 lueltts
2766 1836 3161 1902 paenitentiam.
3212 1834 3353 1887 Juda
3398 1849 3607 1902 quoque
3656 1835 3915 1901 sequitur,

2366 1924 2453 1991 qni
2492 1923 2735 1990 conﬁtens
2764 1923 2985 1986 dicitur;
3019 1923 3140 1991 quia
3182 1921 3567 1977 confessionem
3618 1908 3787 1975 laudis
3811 1921 3917 1976 Deo

2354 2013 2537 2080 magis
2564 2027 2624 2065 ac
2652 2013 2817 2081 magis
2846 2025 3056 2079 semper
3083 2026 3147 2065 eo
3185 2011 3408 2079 amplius
3450 2010 3638 2070 reddit,
3670 2026 3775 2078 quo
3801 2025 3917 2064 ant—

2366 2099 2506 2167 pliis
2537 2102 2585 2154 iu
2612 2102 2897 2153 virtutibus
2928 2101 3153 2169 proiicit.
3191 2099 3339 2155 Unde
3362 2108 3415 2153 et
3435 2099 3622 2168 Ioseph
3653 2100 3915 2168 subditur,

2366 2192 2455 2257 qui
2488 2200 2814 2258 augmentum
2851 2190 3259 2258 interpretatur,
3294 2198 3351 2242 ut
3377 2199 3717 2259 augmentum
3764 2190 3920 2245 Inerié

2369 2287 2541 2330 ternm
2582 2277 2890 2347 qttqtitliano
2931 2278 3168 2345 profectu
3208 2278 3447 2345 designet
3474 2279 3523 2328 in
3550 2292 3614 2331 eo
3646 2278 3781 2332 lieri.
3825 2276 3919 2332 Se-

2369 2368 2548 2432 quitur
2590 2376 2643 2419 ct
2672 2351 2914 2427 E'tioeint,
2962 2366 3049 2434 qui
3078 2366 3169 2418 Dei
3204 2367 3508 2418 resurrectio
3550 2366 3780 2420 dicitur:
3810 2368 3917 2435 ipse

2375 2459 2527 2525 177
2546 2458 2683 2511 enim
2720 2456 2778 2509 tit
2798 2457 3079 2510 multorum
3106 2456 3350 2509 cordibus
3372 2456 3692 2508 resurrectio
3720 2456 3914 2507 divinae

2370 2548 2575 2617 gratiae,
2600 2560 2717 2613 qua:
2742 2560 2837 2613 per
2863 2553 3138 2613 peccatum
3166 2544 3217 2595 in
3242 2544 3319 2595 eis
3348 2542 3629 2595 ceciderat.
3655 2542 3718 2595 Et
3748 2540 3916 2595 Nelea

2370 2634 2458 2702 qui
2483 2634 2702 2684 laudans
2728 2633 3125 2699 interpretatur,
3149 2629 3325 2683 laudat
3344 2629 3483 2681 enim
3506 2642 3712 2697 semper
3742 2629 3916 2683 Domi-

2371 2740 2516 2777 num.
2550 2722 2652 2775 Sed
2685 2716 2739 2775 ct
2771 2721 2956 2782 Euam,
2988 2719 3079 2787 qtti
3111 2718 3289 2771 oculus
3314 2734 3489 2770 eorum
3525 2717 3746 2781 dicitur;
3790 2720 3915 2785 quia

2373 2811 2489 2864 talis
2530 2811 2609 2861 vir
2639 2808 2880 2876 previdet
2932 2808 3070 2861 aliis.
3118 2806 3178 2859 Et
3233 2805 3547 2870 Matt/mllio,
3589 2806 3678 2873 qui
3724 2807 3919 2860 donans

2369 2894 2502 2966 ejus,
2533 2899 2583 2950 id
2612 2907 2691 2951 est
2717 2898 2909 2948 donum
2944 2894 3057 2958 Dei,
3096 2894 3504 2962 interpretatur;
3540 2894 3660 2961 quia
3700 2892 3815 2963 ipse
3840 2904 3921 2947 est

2371 2988 2563 3041 donum
2594 2987 2708 3047 Dei,
2739 2984 2819 3038 vel
2845 2985 2897 3041 itt
2921 2999 2985 3036 eo
3009 2992 3094 3037 cst
3112 2984 3306 3038 donum
3330 2983 3443 3037 Dei.
3474 2984 3647 3051 Atque
3679 2980 3915 3043 Nat/tan.

2298 3044 2341 3101 (δ
2374 3076 2463 3142 (ιιιί
2505 3044 2705 3128 dicitur
2745 3073 2905 3135 dettt't,
2949 3072 3031 3124 vel
3072 3072 3283 3133 dantis;
3322 3071 3444 3138 quia
3477 3044 3792 3138 prtedictutn
3826 3071 3919 3125 Dei

2375 3163 2568 3215 donum
2594 3162 2737 3212 dedit
2764 3160 3058 3227 ipse‘De-ts,
3083 3167 3137 3212 et
3164 3158 3291 3210 illud
3320 3159 3512 3211 donum
3543 3167 3623 3211 est
3646 3160 3761 3227 ejus
3789 3159 3935 3213 dan—.

2379 3250 2460 3302 lis.
2496 3248 2584 3301 Vcl
2619 3248 2727 3313 ipse
2755 3248 2835 3298 vir
2878 3244 2967 3298 Dei
3007 3245 3151 3299 dedit
3176 3245 3383 3297 czeteris
3415 3244 3607 3297 donum
3654 3244 3742 3297 Dei
3777 3247 3915 3313 quod

2374 3348 2669 3405 acceperat.
2702 3337 2833 3389 llinc
2858 3336 3099 3401 sequitur
3124 3343 3176 3386 et
3204 3333 3389 3395 DaviJ,
3420 3334 3507 3401 qui
3539 3334 3917 3401 interpretatur

2374 3445 2527 3479 manu
2568 3426 2715 3493 [artis
2751 3426 2830 3477 vel
2877 3422 3263 3486 desiderabilis;
3307 3423 3429 3491 quia
3471 3424 3522 3475 ill
3567 3438 3726 3491 opere
3767 3423 3931 3479 fortis.

2372 3524 2474 3577 est,
2506 3523 2557 3568 et
2606 3515 2795 3566 merito
2824 3528 2933 3583 sua:
2969 3512 3266 3565 sanctitatis
3296 3512 3627 3564 desideratur
3657 3525 3685 3563 a
3716 3513 3915 3566 multis.

2371 3600 2513 3655 Iesse
2544 3615 2772 3669 quoque,
2803 3601 2890 3667 qui
2916 3600 3108 3652 dicitur
3135 3598 3321 3651 insula:
3342 3599 3560 3651 libamen
3589 3612 3607 3649 :
3643 3599 3765 3667 quia
3808 3599 3916 3668 ipse

2370 3694 2519 3762 quasi
2565 3694 2828 3761 quoddam
2875 3690 3122 3743 sacriﬁcii
3168 3690 3392 3743 libamen
3436 3688 3656 3741 oliertur
3700 3690 3807 3743 Deo
3852 3689 3917 3742 ab

2371 3782 2627 3847 Ecclesia,
2672 3797 2787 3849 quae
2822 3780 2960 3832 velut
2992 3778 3159 3832 insula
3196 3778 3433 3831 tunditur
3468 3778 3697 3845 undique
3736 3776 3911 3833 ﬂucti-

2371 3870 2469 3921 bus
2497 3869 2698 3931 Stecnli,
2745 3884 2840 3920 nec
2874 3877 3131 3921 movetur.
3162 3865 3373 3918 Necnon
3402 3874 3454 3918 et
3486 3864 3647 3937 Obed,
3671 3865 3761 3933 qui
3803 3881 3912 3919 cer-

2371 3960 2505 4010 riens
2552 3960 2957 4026 interpretatur;
2990 3958 3110 4026 quia
3166 3956 3273 4009 Deo
3307 3955 3472 4008 servit
3504 3955 3554 4007 itt
3585 3957 3917 4009 conscientia

2373 4064 2522 4115 pura.
2554 4048 2726 4115 Atque
2767 4047 2926 4112 Boos,
2968 4047 3055 4115 qtti
3088 4046 3280 4100 dicitur
3308 4045 3358 4095 in
3399 4044 3703 4112 fortitudine
3728 4059 3746 4095 :
3792 4046 3913 4113 quia

2373 4137 2425 4189 itt
2472 4137 2779 4189 fortitudine
2810 4136 3261 4205 magnanimitatis
3302 4135 3415 4207 Deq
3453 4134 3616 4186 servit
3651 4149 3715 4187 ex
3757 4136 3914 4189 devo—

2374 4226 2514 4279 tione
2537 4226 2831 4278 cbaritatis.
2870 4226 2929 4276 l'lt
2963 4223 3228 4284 Salomon,
3272 4222 3359 4289 qui
3387 4221 3578 4274 dicitur
3606 4220 3912 4288 dependens,

2372 4314 2482 4365 sive
2525 4312 2799 4380 perfertio;
2851 4312 2972 4379 quia
3022 4312 3257 4364 elevatus
3304 4324 3330 4360 a
3366 4308 3609 4379 terrenis,
3657 4316 3912 4375 quantum

2374 4403 2533 4462 valet,
2578 4402 2879 4453 etrlcstibus
2928 4402 3175 4457 adita-ret,
3228 4409 3279 4451 ct
3321 4413 3415 4465 pro
3458 4392 3610 4465 posse
3647 4398 3912 4465 perlectus

2371 4500 2470 4545 est.
2506 4491 2607 4545 Sed
2640 4501 2692 4543 et
2725 4488 2983 4553 Naassou,
3019 4490 3105 4557 qui
3153 4487 3466 4553 serpentintts
3500 4487 3907 4552 interpretatur;

2371 4582 2491 4649 quia
2517 4582 2777 4646 serpentis
2805 4581 3048 4633 astutiam
3081 4580 3261 4639 liabet,
3293 4586 3346 4629 et
3366 4584 3663 4642 serpentem
3686 4589 3911 4637 :ereunt,

2371 4687 2524 4739 quem
2569 4671 2773 4737 Moyses
2804 4672 2852 4722 in
2887 4684 3066 4722 eremo
3105 4668 3378 4733 suspendit
3419 4664 3602 4733 (Nam.
3648 4663 3779 4731 ut).
3812 4664 3911 4717 bne

2370 4771 2447 4814 est
2480 4760 2761 4817 Christum,
2800 4760 3053 4812 imitatur.
3084 4753 3369 4807 Aminadab
3408 4766 3632 4820 quoque.
3663 4752 3751 4820 ιιιιί
3778 4752 3909 4805 dici-

2374 4862 2456 4903 tur
2494 4853 2709 4920 populus
2752 4836 2891 4901 incus
2920 4857 3225 4914 spontancus
3255 4858 3271 4894 :
3299 4841 3419 4908 quia
3448 4840 3584 4891 idem
3631 4839 3712 4892 vir
3735 4840 3909 4907 justus

2374 4943 2428 4994 iit
2467 4943 2687 5011 populus
2717 4940 2802 4993 Dei
2838 4946 3160 5006 Spontancus
3196 4942 3355 4999 atque
3397 4928 3741 4991 voluntarius,
3782 4930 3905 4982 dum

2371 5048 2464 5100 per
2493 5031 2916 5099 prtedicationem
2963 5025 3090 5077 facit
3130 5021 3348 5074 multum
3379 5017 3604 5071 fructum
3637 5019 3686 5070 in
3725 5017 3903 5069 multi-

2372 5122 2653 5187 plicatione
2702 5118 2933 5171 tidelitnn
2982 5110 3275 5165 voluntarie
3325 5108 3429 5161 Deo
3474 5107 3902 5161 sacriﬁcantium.

2372 5210 2581 5263 Necnon
2608 5218 2659 5263 et
2699 5210 2873 5265 Aram,
2911 5204 2998 5271 qui
3028 5201 3220 5253 dicitur
3245 5197 3503 5259 excelsus;
3535 5198 3654 5265 quia
3679 5195 3905 5263 comples

2374 5288 2478 5353 una
2502 5310 2581 5351 est
2613 5302 2662 5351 in
2694 5313 2757 5349 co
2784 5293 3149 5363 propheticum
3180 5288 3303 5342 illttd
3334 5305 3346 5339 :
3381 5286 3661 5341 Sustollam
3683 5298 3730 5337 te
3754 5300 3907 5348 super

2371 5388 2667 5441 altitudines
2697 5400 2845 5438 terra'
2872 5383 3003 5447 (lsa.
3050 5397 3191 5443 Lvtn,
3236 5379 3349 5442 lii;
3405 5377 3479 5428 vel
3522 5396 3533 5427 :
3573 5375 3825 5428 Constitui
3860 5383 3907 5424 te

2371 5496 2521 5550 super
2558 5488 2725 5544 gentes
2762 5484 2805 5525 et
2836 5489 2980 5537 super
3012 5488 3160 5537 regna
3194 5470 3322 5537 (Jer.
3360 5484 3396 5530 ι,
3430 5465 3531 5533 10).
3568 5464 3746 5517 Esrom
3778 5474 3903 5528 quo-

2373 5586 2474 5638 qttc
2499 5567 2755 5633 sequitur,
2784 5562 2870 5630 qni
2900 5562 3133 5628 sagittam
3159 5559 3328 5611 ridens
3354 5555 3755 5622 interpretatur;
3778 5549 3898 5618 quia
