4190 6310
341 264 491 345 ,σιι

1469 241 1777 307 ἨΟΜΙΙᾸΑΕ
1811 246 1894 313 ΕΤ
1924 245 2513 304 EXIIORTATIONES.

3504 244 3605 297 652

401 390 508 446 quo
534 352 796 431 excelsius
825 373 877 428 in
904 384 1027 428 arce
1054 369 1247 433 mentis
1277 362 1495 428 residet,
1524 380 1587 420 eo
1613 363 1830 418 liberius
1858 365 1943 431 ja—
1974 367 2019 424 Α
2048 360 2196 428 cttjus
2242 360 2609 431 interpretatio
2638 370 2740 423 est,
2781 357 3107 422 humi‘iams,
3148 370 3443 425 percussus,
3490 356 3603 409 sive

399 442 516 522 cuia
543 467 893 521 tentationum
916 463 1087 519 hostis
1115 458 1315 527 antiqui
1340 456 1609 525 praevidet.
1636 456 1699 509 Et
1725 442 1942 517 Plta't’cs,

400 554 490 625 qui
532 555 718 608 divisio
753 553 834 607 vel
869 553 1127 620 dissipans
1157 548 1378 612 dicitur;
1426 546 1550 616 quia
1586 556 1806 613 sagittas
1849 545 1951 598 ini--

393 645 545 711 ntici,
574 661 706 714 quas
732 643 1003 713 praevidet,
1044 640 1231 694 dividit
1260 654 1323 693 ac
1371 639 1608 706 dissipat.
1645 638 1747 691 Sed
1774 647 1827 690 et
1851 636 1951 689 Ju-

400 739 515 794 aas,
541 734 628 799 qui
657 730 901 798 conﬁtens
930 728 1012 782 vel
1038 728 1336 797 glori/icon:
1378 728 1789 795 interpretatur;
1827 727 1949 794 quia

399 819 686 873 tarttiitctur
707 818 1002 878 humiliter,
1039 817 1082 871 si
1110 818 1235 885 quid
1261 816 1431 871 adhuc
1468 818 1517 872 ei
1547 819 1835 871 humanum
1862 830 1946 869 aco

400 908 620 971 ciderit;
657 906 739 960 vel
768 906 1153 961 confessionem
1177 907 1355 977 gloria:
1380 908 1484 962 Deo
1510 909 1698 962 reddit.
1734 906 1948 961 Necnon

398 1004 455 1051 et
498 996 684 1062 Iacob,
711 996 799 1064 qui
828 995 1190 1064 supplantator
1222 997 1445 1060 dicitur;
1490 998 1611 1065 quia
1647 995 1951 1063 supplantat

347 1087 351 1091 ’
402 1083 527 1137 vitia
558 1083 611 1137 in
648 1098 725 1146 se,
768 1083 847 1135 vel
893 1084 943 1136 in
975 1083 1112 1138 aliis.
1146 1082 1331 1138 Solent
1355 1085 1496 1137 enim
1540 1094 1591 1137 et
1622 1092 1742 1153 post
1784 1082 1946 1136 multa

399 1169 655 1239 virtutum
680 1171 955 1232 exercitia,
986 1171 1193 1240 pulsare
1222 1184 1448 1225 mentem
1479 1172 1653 1237 aliqua
1697 1171 1948 1224 vitiorum

401 1260 725 1313 contattuina.
760 1257 1011 1330 Sequitur
1060 1270 1113 1314 et
1164 1260 1337 1322 Isaac,
1379 1261 1468 1328 qui
1520 1262 1652 1313 risus
1700 1260 1780 1313 vel
1824 1277 1951 1328 gau-

400 1351 545 1405 dium
602 1352 821 1414 dicitur,
845 1354 967 1422 quia
992 1353 1057 1405 de
1084 1352 1434 1420 supplantatis
1463 1353 1603 1405 vitiis
1628 1352 1855 1406 lmtatur.
1887 1352 1953 1405 Et

395 1437 682 1503 Abraham,
731 1440 819 1508 qui
864 1438 1238 1508 interpretatur
1280 1447 1426 1507 pater
1470 1439 1641 1491 ridens
1682 1438 1949 1508 populum,

400 1528 525 1595 quia
556 1530 678 1583 talis
707 1529 992 1582 multorum
1032 1528 1090 1580 tit
1128 1536 1300 1595 pater,
1334 1537 1387 1581 et
1432 1527 1784 1595 spiritualium
1820 1527 1951 1579 filio.

402 1632 521 1671 rum
553 1633 766 1670 suormn
805 1618 945 1671 videt
975 1618 1238 1686 ingentem
1284 1617 1552 1686 pepulnm,
1591 1633 1653 1671 ac
1692 1618 1947 1671 virtutum

2048 451 2362 517 percutiens;
2392 460 2442 503 et
2469 466 2590 503 eum
2618 449 2917 517 signiﬁcare
2950 448 3180 512 videtur,
3217 445 3307 516 qui
3336 452 3456 514 post
3488 443 3609 497 diu-

2052 542 2158 597 tina
2184 543 2435 595 virtutum
2460 541 2712 596 exercitia
2734 540 2975 609 pervenit
2998 539 3062 592 ad
3092 536 3332 607 martyrii
3361 533 3607 606 gloriam,

2048 643 2102 684 et
2128 631 2433 685 humiliatus
2472 648 2533 686 ac
2570 647 2852 701 percussus
2885 630 3161 699 suppliciis
3197 629 3404 682 hostem
3452 642 3608 681 suum

2050 722 2399 791 Spiritualiter
2432 725 2645 790 gravius
2674 722 2918 791 percutit.
2952 721 3015 774 Et
3043 729 3164 787 apte
3195 718 3442 773 subditur
3486 714 3610 770 Ma-

2049 810 2271 873 thusale,
2300 811 2397 878 qui
2422 794 2800 880 interpretatur
2850 822 3089 861 mortuus
3114 816 3208 884 est,
3245 819 3299 861 et
3320 807 3611 873 interroga-

2048 902 2140 963 uit,
2165 900 2246 952 vel
2272 900 2359 966 qui
2386 902 2563 952 mortis
2589 890 2821 962 emissio,
2846 900 2969 968 quia
2999 898 3119 952 talis
3144 896 3373 965 quisque
3402 910 3498 965 pro
3517 892 3607 962 ju-

2048 992 2192 1044 stitia
2219 1001 2462 1045 mortuus
2495 990 2734 1056 exemplo
2765 989 2846 1042 vel
2878 991 3133 1042 memoria
3171 1002 3279 1041 sute
3305 985 3492 1059 mortis
3528 986 3609 1036 in-

2031 1089 2282 1148 rterrogat
2306 1090 2357 1133 et
2380 1080 2631 1133 convenit
2662 1078 2988 1147 singulorum
3013 1078 3389 1139 conscientias,
3422 1086 3600 1128 tttrttm

2042 1167 2299 1233 justitiam
2332 1180 2383 1221 et
2414 1170 2573 1221 vitam
2606 1182 2893 1235 perennem
2934 1165 3168 1232 diligant,
3202 1183 3266 1217 an
3302 1165 3429 1217 solis
3470 1174 3606 1215 tent-

2050 1256 2319 1322 poralibus
2349 1257 2709 1319 delectentur;
2738 1263 2793 1307 et
2821 1265 3041 1305 mortem
3070 1268 3098 1305 a
3126 1269 3181 1305 se
3215 1254 3448 1305 funditus
3474 1253 3607 1307 emi-

2050 1342 2139 1405 sit,
2167 1344 2348 1411 utjam
2383 1344 2681 1396 nullatenus
2703 1358 2731 1395 a
2765 1352 2937 1395 morte
2967 1340 3084 1394 laedi
3118 1339 3197 1393 vel
3230 1340 3372 1409 tangi
3408 1340 3603 1404 valeat,

2050 1420 2214 1491 sedtn
2246 1443 2557 1502 perpetuum
2582 1433 2743 1486 vivat.
2765 1431 2993 1507 Pulchre
3018 1440 3072 1486 et
3100 1410 3311 1483 lleuorh
3335 1430 3607 1498 adjicitur,

2051 1524 2139 1591 qui
2179 1526 2432 1577 dedicatio
2468 1525 2695 1589 dicitur;
2728 1524 2850 1592 quia
2886 1523 3064 1577 taliter
3098 1530 3521 1585 consummatus,
3554 1522 3607 1574 in

2052 1612 2190 1667 illius
2219 1614 2396 1667 szceuli
2444 1614 3018 1689 felicitatededicatur.
3068 1613 3135 1667 Et
3176 1598 3354 1677 tam,
3401 1613 3490 1681 qui
3518 1613 3610 1665 de-

398 1720 535 1773 quas
559 1706 740 1773 genuit
781 1707 1093 1759 exercitum.
1127 1705 1237 1769 llis,
1270 1722 1402 1774 quas
1440 1708 1819 1775 describimus,
1845 1706 1953 1787 vir:
1984 1684 2023 1741 Β
2050 1703 2314 1765 sccndens,
2364 1703 2441 1757 vel
2493 1704 2737 1757 roborans
2778 1704 3192 1773 interpretatur;
3236 1703 3489 1772 quoniam
3523 1704 3606 1770 pia

401 1802 571 1853 tntum
608 1796 882 1864 gradibus,
924 1805 975 1849 ct
1010 1811 1143 1863 quas
1170 1797 1457 1859 ostendunt
1490 1798 1985 1865 interpretationes.

390 1884 620 1937 ‘istnrum
652 1886 945 1949 uomimnn,
979 1884 1252 1953 virjustus
1277 1888 1512 1954 quotidie
1544 1887 1867 1955 proliciendo
1894 1886 1951 1941 ιιι

398 1988 611 2041 semper
639 1976 770 2045 cmlo
802 1977 1042 2041 vicinior,
1070 1986 1123 2029 et
1166 1979 1258 2031 lus
1280 1978 1328 2029 in
1357 1978 1549 2031 cadum
1583 1979 1948 2033 ascensionem

386 2076 545 2119 suam
583 2065 828 2130 aediﬁcat,
856 2082 917 2121 ac
958 2067 1161 2121 cantica
1195 2070 1451 2136 graduum
1497 2079 1739 2136 cantans,
1770 2088 1950 2126 ascen-

386 2153 566 2205 ‘siones
591 2154 641 2207 in
678 2156 827 2207 corde
850 2172 943 2207 suo
969 2155 1219 2225 disponit,
1260 2167 1311 2208 et
1335 2157 1397 2208 de
1422 2158 1599 2209 virtute
1625 2159 1674 2210 in
1717 2158 1948 2212 virtutem

396 2243 607 2297 assidue
629 2245 857 2312 proiicit,
884 2252 940 2296 ttt
965 2247 1172 2298 tandem
1203 2248 1254 2298 in
1276 2246 1401 2299 Sion
1433 2246 1593 2299 Deum
1618 2247 1843 2301 Deorum
1875 2249 1951 2301 vi—

396 2334 523 2387 dere
569 2334 735 2401 possit
784 2331 952 2401 (Psal.
1008 2346 1252 2393 ruunt.
1311 2334 1458 2388 Unde
1508 2336 1643 2388 ttltra
1690 2336 1949 2387 Abraham

394 2420 568 2474 adhuc
593 2421 913 2490 evangelista
946 2431 1120 2489 patres
1150 2421 1385 2475 referens
1413 2423 1749 2477 ascendendo
1774 2431 1950 2476 trans-

391 2504 462 2569 it,
494 2516 545 2560 et
577 2524 741 2576 usque
782 2509 847 2562 ad
876 2510 1045 2577 ipsum
1085 2510 1247 2563 Deum
1290 2514 1550 2579 pervenit,
1586 2520 1642 2563 ut
1693 2512 1739 2565 ei
1778 2512 1948 2564 virum

394 2606 637 2651 sanctum
669 2613 759 2667 per
789 2600 923 2652 hanc
955 2599 1211 2668 graduum
1242 2600 1440 2653 scalam
1478 2601 1861 2655 ascendentem
1884 2602 1948 2654 ad

396 2684 638 2738 ttltimttm
659 2682 863 2752 jungat.
892 2686 1020 2739 Nam
1049 2695 1166 2755 post
1186 2686 1466 2749 Abraham,
1496 2688 1583 2755 qui
1606 2699 1753 2755 pater
1776 2690 1947 2741 ridens

393 2775 636 2843 populum
668 2776 883 2837 dicitur,
913 2784 992 2831 est
1021 2777 1264 2845 superius
1295 2776 1480 2842 Thare,
1512 2778 1602 2845 qni
1622 2788 1834 2844 pastum
1865 2777 1945 2831 vel

395 2880 607 2930 pascens
647 2865 1044 2931 interpretatur,
1078 2874 1133 2917 ttt
1160 2864 1426 2933 signiticet
1459 2864 1601 2916 illum
1634 2879 1727 2918 eos
1753 2864 1945 2933 pabulo

397 2954 541 3006 verbi
574 2955 775 3006 nutrire
828 2970 963 3023 quos
992 2953 1340 3021 spiritnaiiter
1363 2955 1558 3022 genuit.
1605 2954 1670 3006 Et
1709 2956 1829 3007 inde
1862 2970 1944 3008 se-

394 3043 581 3110 qttitttr
639 3042 869 3103 Nnc/tor,
917 3043 1066 3107 cujus
1108 3041 1473 3107 interpretatio
1507 3051 1587 3094 cst
1632 3044 1944 3110 requiescens

396 3132 528 3195 luce,
564 3132 645 3184 vel
693 3132 974 3184 obsecraio
1013 3131 1323 3192 norissima;
1357 3131 1478 3197 quia
1520 3132 1622 3184 hoc
1663 3132 1829 3184 solum
1867 3133 1987 3185 vir.

394 3223 501 3276 iste
530 3223 717 3288 qnzerit
752 3229 805 3271 ut
853 3222 1152 3288 requiescat
1188 3229 1238 3272 et
1288 3219 1495 3286 placeat
1532 3236 1710 3273 ceram
1762 3222 1867 3275 Dco
1895 3223 1946 3274 in

393 3311 596 3366 lumine
618 3311 928 3373 viventium,
959 3317 1010 3361 ct
1035 3325 1129 3376 pro
1158 3310 1463 3362 novissimis
1480 3309 1746 3364 obsecrat.
1776 3312 1949 3381 Atque

394 3401 585 3469 Serug,
611 3400 688 3452 vel
717 3398 908 3466 Sarug,
936 3398 1023 3466 qui
1047 3398 1303 3466 perfectus
1326 3398 1549 3462 dicitur;
1577 3409 1631 3451 ut
1660 3398 1947 3466 perfectio-

392 3503 516 3562 nem
546 3474 795 3542 virtutum
831 3486 1054 3554 adeptus
1089 3499 1207 3539 esse
1239 3495 1584 3539 monstretur.
1619 3487 1722 3546 Sed
1757 3496 1810 3541 et
1844 3488 1944 3541 lia-

393 3596 498 3649 gau
522 3580 633 3633 sive
660 3578 786 3638 Ren,
812 3578 899 3646 qui
928 3578 1121 3631 dicitur
1145 3588 1419 3645 (egrotons,
1452 3579 1531 3631 vel
1561 3596 1792 3643 nascens,
1832 3582 1945 3634 sive

389 3650 589 3737 pastio;
610 3670 732 3735 quia
755 3682 893 3733 aegre
919 3666 1023 3718 fert
1054 3680 1228 3717 moras
1255 3666 1372 3718 vitae
1404 3669 1707 3733 prtesentis.
1740 3678 1791 3721 et
1822 3683 1943 3721 ror-

392 3756 575 3823 porale
603 3758 764 3809 robur
792 3756 842 3808 in
883 3769 946 3809 eo
985 3756 1337 3823 spiritualium
1379 3742 1630 3811 virtutum
1676 3760 1944 3815 exercitiis

368 3844 672 3908 emarcuit,
696 3859 928 3913 ovesque
958 3845 1258 3898 Dominieas
1280 3845 1466 3910 pascit.
1492 3844 1706 3899 Necnon
1735 3856 1785 3900 et
1811 3846 1945 3902 Pha.

391 3934 492 4002 leg,
514 3936 602 4003 qui
638 3936 865 3987 dividens
915 3936 993 3989 vel
1026 3936 1194 3988 divisit
1229 3936 1637 4004 interpretatur;
1670 3938 1793 4005 quia
1821 3940 1943 3992 sub-

392 4025 559 4079 tiliter
599 4026 910 4079 discernens
948 4024 1351 4079 intervirtutcs
1394 4036 1448 4079 ct
1493 4028 1643 4091 vitia,
1678 4010 1944 4096 separavit

388 4114 681 4184 pretiosum
729 4131 757 4167 a
795 4115 904 4168 vili.
959 4116 1022 4168 Et
1069 4115 1255 4181 "cher,
1300 4118 1388 4185 qui
1436 4120 1683 4170 transitor
1720 4120 1938 4183 dicitur;

388 4204 513 4272 quia
558 4220 662 4258 non
709 4206 822 4259 lixit
865 4216 1095 4260 mentem
1143 4210 1192 4259 in
1225 4220 1407 4261 amore
1436 4210 1710 4274 prtesentis
1741 4212 1938 4275 saeculi,

2051 1790 2498 1847 condescensione
2526 1796 2590 1847 de
2612 1797 2852 1863 supernis
2874 1794 3156 1848 inclinatur
3184 1796 3248 1847 ad
3269 1794 3397 1858 ’nos,
3427 1804 3485 1847 ut
3513 1809 3608 1847 uo-

2051 1882 2222 1937 stram‘
2259 1884 2622 1937 infirmitatem
2665 1884 2897 1938 roborct.
2941 1885 3112 1953 Atque
3158 1884 3421 1948 Malaleel,
3455 1884 3608 1951 cujus

2050 1972 2419 2041 interp‘etatio
2445 1982 2527 2027 cst
2577 1974 2798 2027 laudans
2826 1973 2984 2026 Deum
3019 1988 3037 2025 :
3065 1976 3188 2042 quia
3217 1974 3409 2028 divinis
3438 1971 3608 2027 laudi-

2049 2061 2148 2124 bus
2181 2064 2231 2115 in
2261 2062 2485 2116 excelsis
2511 2071 2679 2116 vacat.
2709 2062 2923 2133 Necnon
2960 2072 3013 2116 et
3044 2060 3266 2121 Cainan.
3299 2062 3386 2129 qui
3410 2063 3612 2116 dicitur

2045 2152 2296 2219 posscss’o
2322 2168 2521 2213 comm,
2549 2153 2797 2219 queniam
2830 2151 2987 2205 Pater
3021 2160 3074 2205 et
3102 2144 3269 2205 Filius
3304 2160 3357 2205 et
3381 2152 3615 2220 Spiritus

2048 2250 2283 2304 sanctus,
2318 2242 2405 2309 qui
2432 2250 2556 2295 sunt
2591 2257 2727 2295 unus
2756 2240 2915 2305 Deus,
2941 2242 3215 2310 possident
3244 2241 3389 2294 illum
3422 2243 3472 2295 in
3502 2256 3612 2295 ca:-

2051 2332 2292 2386 lestibus.
2326 2334 2387 2387 Et
2417 2334 2609 2398 flenos,
2652 2334 2739 2403 qui
2766 2333 3013 2387 violentus
3040 2332 3448 2402 interpretatur,
3477 2350 3610 2402 quoe

2051 2421 2200 2474 niam-
2223 2422 2465 2475 violentia
2497 2422 2670 2491 nimim.
2709 2422 2923 2483 virtutis
2951 2437 3059 2475 sum
3092 2437 3321 2491 regnum.
3344 2424 3605 2475 cmlorum

2052 2513 2246 2579 rapuit,
2277 2514 2417 2580 quo!
2451 2529 2477 2565 a
2510 2503 2699 2565 dielnts
2733 2510 2954 2565 Joannis
2988 2508 3238 2579 Baptista:
3268 2511 3365 2563 rint
3390 2512 3608 2579 patiar,

2048 2610 2094 2651 et
2121 2599 2326 2652 rioienti
2353 2601 2603 2670 diripiunt.
2633 2600 2763 2653 illud
2784 2598 2998 2670 (Matth.
3027 2614 3104 2665 XI,
3136 2598 3242 2670 l2).
3267 2600 3436 2667 Atque
3462 2598 3609 2663 Seth,

2048 2685 2198 2753 cujus
2222 2687 2592 2751 interpretatio
2622 2698 2723 2751 est,
2755 2688 2972 2750 positus,
2999 2685 3080 2741 vel
3100 2686 3297 2755 posito;
3319 2687 3442 2754 quia
3471 2703 3613 2741 nunc

2050 2776 2100 2828 in
2132 2792 2293 2844 regno
2331 2776 2419 2830 illo
2447 2793 2691 2846 supernae
2723 2776 3086 2839 beatitudinis,
3118 2792 3146 2828 a
3194 2793 3301 2844 qtto
3332 2779 3421 2830 diu
3449 2793 3613 2831 exsu-

2046 2860 2267 2927 laverat,
2306 2874 2387 2917 est
2412 2865 2635 2935 positus.
2672 2863 3059 2931 Interpretatur
3084 2863 3245 2929 etiam
3290 2882 3481 2928 semen,
3528 2867 3607 2917 vel

2048 2952 2379 3027 resurrectio;
2403 2952 2523 3020 quia
2549 2951 2867 3006 seminatqu
2893 2960 2975 3004 est
2997 2966 3193 3019 corpus
3217 2950 3332 3019 ejus
3353 2953 3606 3015 animale,

2046 3039 2139 3094 sed
2166 3049 2341 3109 surget
2367 3043 2501 3094 idem
2528 3058 2718 3109 corpus
2741 3042 2908 3110 ipsius
2930 3041 3225 3110 spiritualc.
3252 3044 3330 3095 Ad
3360 3041 3604 3096 tdtimum

2049 3128 2100 3180 in
2131 3130 2393 3195 superiori
2426 3131 2640 3196 ponitur
2674 3132 2856 3189 Adam,
2894 3132 2982 3198 qui
3015 3132 3392 3198 interpretatur
3420 3135 3604 3196 homo;

2048 3217 2168 3285 quia
2199 3218 2279 3270 his
2311 3220 2641 3285 profectuum
2672 3218 2924 3288 gradibus
2948 3219 3117 3272 lidelis
3144 3219 3367 3288 quilibet
3396 3236 3609 3287 promo-

2052 3320 2152 3373 tus,
2177 3319 2230 3362 ct
2254 3312 2491 3378 corporis
2518 3296 2678 3363 etiam
2710 3309 3099 3364 resurrectione
3130 3310 3438 3368 innovatus.
3462 3325 3609 3362 sunt-

2049 3416 2187 3454 mam
2238 3401 2614 3468 perfectionem
2662 3400 2802 3452 illam
2848 3399 3195 3468 consequitur
3235 3414 3393 3468 quam
3449 3400 3609 3453 homo

2047 3491 2129 3545 vel
2164 3492 2344 3543 habuit
2383 3490 2461 3543 vel
2518 3491 2710 3542 habere
2752 3498 2953 3555 potest;
2987 3498 3043 3541 ut
3077 3498 3201 3556 tunc
3241 3489 3505 3557 perfectus
3539 3490 3611 3544 sit

2047 3581 2223 3641 homo,
2256 3582 2563 3655 et’idoneus
2583 3578 2692 3647 jam
2723 3578 3152 3647 inseparabiliter
3173 3580 3450 3632 adhaerere
3476 3579 3603 3633 Deo.

2048 3669 2195 3725 Unde
2219 3682 2269 3723 et
2303 3672 2353 3725 in
2385 3686 2593 3724 summo
2622 3686 2702 3724 ca'
2722 3670 2900 3737 nmine
2927 3683 3088 3737 super
3115 3668 3292 3733 omnia
3324 3668 3459 3721 Deus
3493 3658 3605 3737 ipse

2045 3763 2277 3837 ponitur,
2324 3777 2492 3830 usque
2540 3762 2603 3814 ad
2645 3776 2800 3830 quem
2833 3759 3029 3827 gradus
3059 3759 3216 3812 scala:
3244 3762 3605 3841 generationis

2045 3848 2434 3912 describuntur,
2471 3849 2648 3918 ibique
2682 3849 2967 3911 liniuntur;
2998 3848 3120 3916 quia
3155 3846 3236 3901 ibi
3266 3847 3387 3902 finis
3407 3850 3608 3902 nostra:

2043 3941 2387 4011 perfectionis
2415 3955 2584 4011 usque
2612 3943 2678 3993 ad
2704 3955 2858 4009 quem
2885 3939 3171 4003 tendimus,
3193 3946 3250 3991 ttt
3271 3938 3323 3991 in
3348 3938 3461 4007 ipso
3489 3941 3608 3993 sine

2046 4008 2149 4083 fine
2177 4008 2537 4097 quiescamus.
2576 4030 2646 4082 lbi
2676 4008 2818 4081 enim
2856 4035 2938 4081 est
2982 4024 3297 4080 suﬂleientia
3342 4025 3601 4080 bonorum

2042 4120 2315 4183 omnium;
2359 4120 2481 4188 quia
2526 4128 2651 4174 tunc
2680 4121 2820 4173 Deus
2850 4126 2931 4173 est
2960 4118 3139 4171 omnia
3168 4115 3219 4170 in
3250 4117 3523 4192 omnibus,
3548 4126 3607 4171 ut

2045 4209 2171 4261 nulli
2193 4210 2261 4261 sit
2287 4224 2419 4278 Optts
2449 4210 2583 4263 ultra
2605 4210 2891 4279 quidquam
2924 4222 3189 4278 qttterere.
3218 4207 3392 4263 Locus
3424 4218 3627 4264 autem“

387 4295 482 4349 sed
531 4295 595 4347 ad
633 4294 863 4347 futurmn
898 4297 1151 4350 szeculnm
1193 4298 1471 4351 desideriis
1516 4308 1568 4351 et
1615 4300 1940 4367 profectibus
1975 4311 2015 4367 ι)
2044 4297 2371 4364 pnemissns,
2411 4296 2579 4367 quem
2605 4300 2669 4353 de
2706 4307 2943 4369 martyre
2978 4312 3119 4351 nunc
3154 4298 3486 4368 interpretati
3516 4314 3608 4352 su-

389 4384 601 4439 lssidue
634 4386 816 4438 tendin
848 4386 949 4438 Sed
988 4397 1041 4439 et
1086 4386 1230 4451 Sale,
1264 4388 1351 4456 qui
1388 4405 1491 4455 pax
1526 4389 1937 4456 interpretatur;

387 4478 513 4546 quia
545 4476 654 4544 jam
695 4478 972 4531 exstinctis
1001 4480 1143 4532 vitiis
1174 4496 1359 4549 magna
1392 4495 1524 4547 pace
1553 4479 1845 4533 delectatur
1889 4482 1939 4533 in

384 4566 643 4619 virtutum
673 4566 985 4619 actionibus.
1020 4566 1193 4635 Atque
1231 4567 1453 4631 Cainan,
1485 4567 1572 4635 qtti
1603 4568 1796 4621 dicitur
1824 4586 1942 4635 pos~

385 4658 547 4722 sessio
573 4674 779 4722 eorum;
801 4660 921 4727 quia
952 4659 1053 4712 iste
1075 4660 1184 4727 jatn
1213 4674 1239 4710 a
1273 4660 1443 4722 bonis,
1475 4661 1575 4713 hoc
1603 4669 1683 4712 est
1715 4675 1743 4711 a
1773 4660 1939 4714 virtu-

387 4745 547 4810 tibus,
577 4748 893 4819 possidetur,
920 4764 1017 4801 nec
1048 4749 1209 4801 nllunt
1239 4749 1289 4801 in
1317 4764 1381 4802 eo
1406 4749 1590 4802 vitium
1620 4749 1816 4817 aliquid
1845 4751 1939 4803 do-

381 4822 693 4904 Atninationis
723 4840 897 4890 habet.
938 4839 1003 4891 Et
1038 4840 1341 4908 Arphaxad,
1376 4843 1463 4908 qui
1492 4859 1683 4895 sanans
1712 4842 1939 4911 depopu-

384 4926 626 4981 lationem
682 4930 1092 4997 interpretatur;
1136 4931 1256 4998 quia
1310 4933 1564 4983 virtutunt
1622 4934 1939 4985 devastatio-

382 5027 529 5077 nem,
555 5031 685 5082 quas
718 5017 881 5069 hostis
906 5017 1156 5083 antiquus
1177 5017 1227 5069 in
1258 5017 1439 5069 multis
1472 5017 1626 5079 laesit,
1656 5034 1721 5070 ae
1750 5019 1939 5070 barba-

384 5103 497 5155 rice
516 5102 803 5166 destruxit,
835 5107 944 5172 ipse
970 5102 1124 5159 Sanat
1146 5114 1197 5157 et
1228 5106 1458 5172 reparat.
1491 5104 1705 5158 Necnon
1736 5115 1789 5158 et
1812 5105 1936 5169 Sen,

382 5188 533 5256 cujus
568 5192 932 5259 interpretatio
978 5204 1061 5247 est
1111 5211 1318 5257 nomen,
1352 5195 1431 5248 vel
1464 5195 1786 5259 nominagus;
1813 5196 1935 5263 quia

383 5280 474 5348 qui
504 5280 695 5333 talibus
724 5282 916 5341 studet,
953 5284 1155 5337 clarum
1187 5300 1249 5338 ac
1281 5286 1493 5339 celebre
1537 5301 1729 5339 nomen
1768 5285 1936 5353 possi-

384 5371 490 5423 det.
515 5369 616 5423 Sed
648 5380 700 5422 et
730 5370 861 5435 Noe,
890 5374 977 5439 qui
1014 5374 1394 5440 interpretatur
1419 5377 1645 5445 requies;
1683 5376 1934 5445 quoniam

389 5460 633 5514 Davidico
670 5460 848 5513 labore
878 5461 1152 5513 debellatis
1200 5464 1450 5517 vitiorum
1484 5466 1686 5530 cuneis,
1730 5466 1935 5534 requie.

386 5550 487 5605 tcit
514 5552 566 5607 in
613 5567 740 5622 pace
769 5550 1086 5607 Salomonis.
1122 5551 1240 5607 Post
1284 5553 1394 5607 lum
1425 5555 1666 5623 sequitur
1695 5554 1934 5621 Lamerh,

2046 4402 2183 4449 mus,
2218 4389 2439 4457 intelligi
2484 4397 2654 4457 potest
2693 4390 2836 4442 etde
2864 4404 2927 4442 eo
2958 4388 3217 4458 perfecto,
3253 4387 3341 4457 qui
3375 4404 3480 4441 non
3509 4405 3606 4457 per

2045 4475 2286 4544 martyrii
2318 4476 2621 4543 passionem
2656 4490 2716 4528 ex
2744 4475 2845 4528 hac
2875 4475 2988 4529 lure
3021 4477 3229 4546 migrat,
3261 4492 3430 4545 neque
3461 4478 3603 4531 enim

2042 4581 2229 4618 onmes
2273 4564 2489 4634 perfecti
2529 4564 2669 4618 ferro
2708 4560 3061 4633 perimuntur.
3096 4566 3229 4619 Nam
3258 4566 3476 4619 Lamcch
3512 4568 3598 4620 in~

2045 4664 2365 4723 terprctatur
2394 4655 2625 4718 humilis,
2657 4656 2736 4708 vel
2770 4657 3090 4708 humiliatus.
3129 4654 3423 4707 Mathusale
3450 4671 3598 4721 vero,

2042 4756 2273 4797 mortuus
2299 4756 2392 4809 est,
2433 4755 2485 4798 et
2521 4747 2866 4813 interrogavit.
2909 4743 3118 4797 llcuoch
3160 4752 3360 4807 autem,
3390 4745 3602 4798 dedica-

2040 4837 2143 4898 tio;
2186 4844 2239 4889 et
2278 4834 2461 4895 Jored,
2490 4835 2817 4887 descendens.
2860 4834 3111 4902 Soletque
3140 4834 3453 4902 frequenter
3478 4850 3602 4891 eve-

2040 4927 2155 4979 nire
2178 4925 2342 4993 utqui
2372 4925 2529 4993 178
2551 4924 2637 4975 diu
2660 4922 2937 4976 laudabilis
2964 4924 3214 4976 virtutum
3240 4925 3491 4992 operibus
3520 4926 3601 4979 in-

2039 5012 2265 5077 sndavit,
2311 5013 2483 5064 inanis
2506 5010 2686 5079 gloria:
2727 5010 2888 5079 typho
2937 5021 3237 5075 moveatur,
3270 5022 3326 5064 ut
3362 5014 3597 5067 exterius

2038 5102 2253 5172 gloriari
2300 5101 2364 5155 de
2412 5101 2699 5153 virtutibus
2742 5100 2983 5167 incipiat.
3036 5101 3097 5153 Et
3151 5101 3268 5153 ideo
3314 5116 3453 5153 nunc
3499 5102 3599 5153 iste

2039 5203 2157 5261 post
2179 5200 2254 5245 tot
2276 5190 2611 5244 laudabiliter
2634 5198 2751 5243 acta
2775 5190 2973 5244 dicitur
2990 5190 3229 5253 Immitis;
3253 5190 3371 5257 quia
3395 5200 3596 5253 quanto

2039 5298 2263 5351 magnus
2287 5290 2388 5344 cst,
2422 5280 2668 5334 humiliat
2692 5296 2749 5334 se
2772 5280 2824 5333 in
2846 5282 3117 5343 omnibus,
3143 5288 3195 5331 et
3218 5277 3435 5331 abomni
3464 5276 3595 5331 vit'o

2034 5373 2300 5442 jactantizn
2331 5373 2412 5427 vel
2446 5372 2708 5440 superbia:
2736 5371 2794 5425 fit
2820 5372 3042 5426 alienus.
3078 5370 3140 5423 Et
3163 5367 3249 5434 qui
3281 5368 3457 5421 saeculi
3482 5368 3599 5437 glo-

2039 5464 2171 5516 riam
2210 5461 2289 5515 sic
2319 5458 2531 5526 abjecil,
2566 5471 2825 5512 mortuum
2871 5476 2927 5514 se
2974 5457 3166 5511 mundo
3193 5470 3312 5509 esse
3351 5469 3595 5523 compro-

2039 5554 2198 5610 bavit.
2232 5551 2587 5621 Exemploque
2622 5550 2739 5605 talis
2775 5564 2881 5603 sua:
2910 5548 3095 5602 mortis
3126 5544 3592 5601 cmterosiuterro-

2231 5721 2265 5729 δή
