4190 6232
968 20 1037 31 σ--υέ
1056 24 1155 33 Αι--η,
1192 28 1211 31 ν.
1230 24 1265 36 ἦ
1286 30 1307 33 γ-

632 207 736 269 ειη

926 274 927 277 η
979 214 1037 271 S.
1076 217 1373 279 ANSELMI
1412 217 1761 281 CANI'UAll,
1799 212 2112 269 AllClilLP.
2152 220 2194 270 υ

2275 224 2299 265 '.
2338 214 2510 293 ntus
2548 215 2606 271 il.
2647 245 2714 255 ——
2754 215 3121 271 PAR/ENET.
3165 218 3251 273 ET
3289 220 3534 276 ASCET.
3608 282 3613 285 ,

3748 220 3837 280 6U

632 353 743 415 gat,
770 344 888 414 quis
916 358 1101 399 eorum
1142 344 1221 419 sic
1251 345 1450 399 mundo
1499 344 1633 399 mori
1664 354 1897 415 appetat.
1948 342 2012 397 Et
2060 343 2184 400 hinc

2300 325 2393 379 uis
2412 326 2569 397 hujus
2610 326 2675 383 de
2720 342 2824 398 qua
2862 336 3145 383 tractatum
3176 336 3277 393 est,
3308 330 3563 387 Dominus
3593 332 3643 387 in
3674 334 3838 405 seipse

634 435 874 505 sequitur
899 435 1154 489 dedicatio
1192 451 1212 499 ;
1257 435 1381 504 quia
1414 434 1525 501 jam
1562 451 1657 505 per
1685 434 2183 503 contemplationem

634 523 687 578 in
714 522 957 598 supernis
977 522 1367 597 detlimtur.,Et
1389 524 1511 579 inde
1537 525 1594 578 fit
1613 524 1954 598 descendens;
1980 524 2103 593 quia
2130 536 2185 578 ut

629 594 851 664 caeteros
879 608 944 663 ad
968 624 1031 664 ea
1061 625 1179 678 qua:
1212 594 1422 666 sursum
1464 608 1813 680 contemplari
1859 594 2051 666 solitus
2079 621 2184 678 est,

627 701 817 763 elevet,
846 705 911 754 ad
939 714 1124 756 eorum
1151 701 1256 755 ima
1281 701 1365 770 pie
1392 700 1683 764 descendit,
1706 698 1860 769 juxta
1883 697 2013 755 illud
2039 704 2185 772 Apo-

626 787 747 844 stoli
780 806 793 819 ·
825 788 943 845 Sive
962 781 1127 846 mente
1154 790 1463 865 accedimus,
1499 787 1637 856 Deo,
1664 790 1768 845 sive
1796 794 1955 849 sobrii
1983 809 2183 859 sumus,

623 882 763 938 vobis
788 882 871 955 (II
896 883 1017 939 Cor.
1042 900 1094 949 ν,
1122 884 1228 953 l5).
1258 883 1371 938 Duo
1394 880 1612 937 nomina
1636 897 1757 952 qua:
1782 892 2098 954 sequuntur,
2131 882 2184 937 id

623 979 707 1027 est
756 971 1032 1039 Halaleel,
1094 970 1246 1040 cujus
1296 972 1664 1042 interpretatio
1730 984 1888 1039 sonat
1960 973 2181 1030 laudans

621 1060 825 1125 Deum;
855 1070 909 1125 et
952 1060 1175 1122 Cainan,
1202 1062 1293 1132 qui
1323 1062 1518 1119 dicitur
1548 1064 1802 1132 possessio
1822 1079 2018 1127 eo'um,
2045 1064 2181 1117 indi-

620 1160 746 1205 cant
772 1149 997 1221 mystice
1026 1150 1154 1221 quid
1181 1161 1375 1222 agatur
1398 1151 1450 1207 in
1478 1151 1566 1207 illa
1594 1151 2059 1221 contemplationis
2085 1150 2177 1205 de-

617 1240 910 1310 dicatione,
941 1250 995 1298 et
1021 1240 1087 1297 ad
1122 1243 1393 1313 proximos
1418 1243 1792 1307 descensione;
1822 1236 1948 1310 quia
1986 1240 2175 1297 videli-

615 1342 705 1389 cet
734 1333 805 1388 ibi
824 1326 985 1388 Deum
1007 1334 1209 1399 laudat,
1232 1345 1285 1389 et
1303 1334 1390 1389 hic
1405 1332 1699 1403 possidetur
1711 1330 1773 1386 ab
1796 1330 1922 1393 illis,
1947 1346 2175 1403 quorum

617 1420 942 1477 utilitatibus
969 1421 1155 1476 servit.
1198 1419 1455 1489 Sequitur
1488 1428 1542 1474 et
1581 1417 1777 1484 lienes,
1819 1417 1973 1489 cujus
2009 1418 2174 1474 inter-

617 1499 1333 1590 pretatio'est.‘desperatus;
1361 1507 1484 1585 quia
1525 1522 1672 1579 spem
1704 1507 1758 1564 in
1791 1508 2177 1580 temporalibus

615 1578 669 1653 et
690 1597 909 1654 caducis
936 1578 1131 1652 habere
1155 1578 1496 1668 contempsit,
1517 1578 1672 1668 juxta
1702 1596 1833 1653 illud
1858 1578 1999 1654 boati
2026 1598 2127 1654 Job
2156 1617 2170 1653 :

2292 415 2470 479 statim
2507 415 2659 471 nobis
2690 416 2963 482 indicavit,
2998 417 3065 473 de
3097 432 3203 487 quo
3228 417 3565 487 subiunctum
3593 430 3716 476 est:
3752 424 3837 480 Je-

2290 519 2377 557 sus
2404 513 2571 557 autem
2612 504 2795 573 plenus
2828 505 3029 575 Spiritu
3069 496 3247 561 sancto
3281 524 3545 577 regressus
3572 519 3646 562 est
3674 527 3706 563 (ι
3731 511 3838 567 Jor-

2290 597 2424 649 dane
2444 592 2591 664 (Luc.
2626 595 2705 661 tv,
2727 595 2802 665 ι).
2837 595 2951 651 Non
2983 604 3161 650 autem
3190 596 3386 652 dicitur
3407 598 3613 653 adlatus
3644 597 3839 669 Spiritu

2288 691 2491 745 sancto,
2525 682 2617 737 sed
2639 684 2856 752 plenus;
2885 687 3009 755 quia
3038 687 3089 740 in
3120 687 3228 755 ipso
3265 687 3461 741 habitat
3493 688 3659 741 euntis
3682 688 3841 758 plet-i-

2287 762 2410 826 tudo
2457 771 2755 826 Dirinitatis
2796 775 3135 840 corporaliter
3178 774 3399 845 (Coloss.
3460 791 3520 844 tt,
3568 777 3656 845 9).
3730 776 3839 834 Non

2284 861 2427 917 enim
2454 861 2519 915 ad
2541 875 2845 916 mensuram
2867 863 2957 916 dat
2985 864 3123 917 Deos
3147 863 3406 932 Spiritum
3428 866 3547 935 ipsi,
3601 864 3843 927 videlicet
3898 924 3901 927 ,

2281 950 2514 1007 Christo.
2538 950 2670 1006 Nam
2698 951 2911 1007 caeteris
2939 953 3139 1008 sanctis
3181 954 3274 1006 dat
3300 969 3420 1009 eum
3448 956 3512 1009 ad
3539 971 3841 1014 mensuram

2281 1040 2495 1111 (Ep/tes.
2544 1042 2651 1113 tv);
2703 1043 2832 1099 huic
2868 1052 3045 1097 autem
3092 1044 3626 1113 immensurabiliter,
3673 1048 3724 1102 id
3763 1057 3843 1104 est

2282 1140 2448 1187 totum
2484 1134 2655 1202 ipsum
2692 1136 3010 1191 immensum
3054 1134 3337 1206 Spiritum.
3384 1137 3567 1209 Neque
3610 1141 3840 1211 primum

2280 1214 2531 1294 itnplctus
2561 1234 2646 1279 est
2693 1224 2892 1295 Spiritu
2933 1234 3150 1292 saneto;
3196 1226 3289 1282 sed
3332 1242 3398 1283 ex
3430 1243 3539 1298 quo
3577 1230 3738 1300 cmpit
3785 1230 3841 1286 in

2278 1322 2431 1367 utero
2468 1312 2703 1384 Virginis
2737 1314 2970 1384 concipi,
3013 1329 3225 1385 semper
3267 1316 3320 1370 in
3361 1331 3445 1386 eo.
3470 1325 3613 1373 totus
3647 1320 3841 1374 mansit

2278 1398 2510 1471 Spiritus
2534 1409 2772 1457 sanctus.
2814 1400 2918 1457 Sed
2946 1402 3147 1458 idcirco
3176 1418 3318 1458 nunc
3345 1405 3434 1460 illo
3462 1405 3649 1475 plenus
3674 1407 3841 1465 fuisse

2276 1490 2491 1557 dicitur,
2524 1491 2648 1563 quia
2694 1507 2838 1548 nunc
2865 1493 3029 1564 empit
3061 1494 3313 1564 operibus
3352 1486 3629 1553 declarare
3660 1499 3841 1569 pleni-

2277 1581 2515 1638 tudinem
2542 1581 2657 1651 ejus
2688 1584 2740 1638 in
2783 1598 2843 1639 se
2871 1599 3111 1641 manere.
3154 1585 3223 1640 Et
3255 1585 3336 1641 sic
3370 1600 3646 1659 regressus
3684 1599 3767 1645 est
3809 1606 3855 1645 as

616 1670 913 1757 besperart,
937 1703 1256 1759 nequaquam
1279 1664 1418 1742 ultra
1432 1664 1547 1758 jam
1570 1689 1733 1747 vittam
1763 1686 1883 1759 (Job
1935 1704 2032 1757 vn,
2063 1688 2169 1762 16).

2275 1666 2534 1735 Jordane;
2579 1670 2705 1739 quia
2756 1684 2982 1741 regnum
3033 1672 3292 1742 principis
3332 1664 3515 1729 mundi
3555 1691 3841 1747 aggressus

612 1770 851 1829 Mortuus
895 1775 1037 1829 enim
1085 1774 1285 1831 mundo
1328 1790 1431 1830 non
1475 1774 1623 1830 habet
1657 1774 1772 1844 jam
1818 1791 1959 1847 spent
1997 1777 2049 1831 in
2086 1790 2170 1832 eo.

612 1864 813 1934 Deinde
841 1865 985 1920 venit
1028 1865 1183 1931 Setlt,
1227 1865 1315 1935 qui
1354 1865 1552 1921 dicitur
1588 1865 1796 1934 positio,
1824 1866 1916 1921 vel
1950 1882 2174 1921 resurre-

610 1954 712 2030 ctio
739 1968 759 2005 :
794 1952 918 2024 quia
954 1969 1095 2011 nunc
1124 1957 1265 2023 ponit
1298 1969 1493 2026 corpus
1518 1955 1659 2025 quod
1702 1955 1757 2009 in
1792 1956 1899 2010 line
1928 1965 2174 2025 resurget.

610 2044 680 2117 Et
706 2053 830 2099 tunc
848 2044 953 2099 erit
977 2043 1247 2116 perfectus
1271 2044 1432 2100 homo
1461 2044 1781 2101 reformatus
1813 2044 1863 2099 in
1896 2045 2173 2115 antiquum

610 2142 665 2186 et
718 2131 991 2187 meliorem
1052 2141 1296 2199 statum,
1350 2134 1492 2190 sicut
1552 2148 1886 2204 consequens
1936 2134 2177 2190 insinuat

611 2222 799 2285 Adam,
831 2224 920 2293 qui
956 2224 1341 2294 interpretatur
1380 2225 1565 2292 homo;
1592 2232 1645 2279 et
1671 2226 1879 2297 primus
1918 2223 2018 2281 iuit
2044 2218 2176 2281 con-

610 2312 789 2367 ditus:
819 2311 1134 2383 sicquejam
1179 2315 1417 2369 sociatur
1444 2313 1568 2376 Deo,
1613 2323 1674 2370 ut
1712 2313 1767 2370 ei
1795 2313 2175 2386 perpetualiter

609 2401 875 2458 inluerens
898 2396 1047 2457 ‘vivat
1074 2402 1124 2457 in
1167 2403 1301 2473 ipso.
1339 2403 1417 2460 0b
1455 2404 1556 2459 boc
1583 2404 1729 2460 enim
1768 2420 1828 2462 se
1866 2405 1957 2460 Dei
1986 2403 2173 2473 Filius,

610 2482 1029 2545 misericorditer
1052 2492 1381 2565 humiliarit,
1402 2501 1460 2547 ut
1482 2507 1651 2563 usque
1686 2492 1752 2548 ad
1790 2492 1931 2550 itane
1960 2492 2176 2549 celsitu-

611 2581 790 2634 dinem
814 2595 965 2644 suos,
994 2582 1083 2650 qui
1116 2580 1250 2650 lapsi
1284 2570 1519 2648 fuerant,
1551 2583 1847 2648 exultaret;
1878 2591 1933 2639 et
1960 2598 2026 2639 ex
2052 2601 2176 2655 gra-

611 2670 769 2724 dibus
795 2674 1221 2740 generutiunum,
1271 2678 1542 2743 per'quos
1571 2672 1892 2739 ceciderant,
1932 2669 2060 2730 fecit
2098 2676 2178 2731 eis

611 2762 810 2830 gradus
853 2762 1110 2813 virtutum
1172 2774 1271 2831 per
1302 2776 1436 2830 quos
1456 2763 1832 2818 ascenderem.
1860 2764 2005 2831 Quos
2030 2766 2173 2821 scili~

611 2856 704 2902 cet.
739 2849 936 2917 gradus
975 2848 1027 2904 in
1064 2849 1366 2905 nominibus
1393 2858 1631 2919 patrum,
1670 2858 1728 2906 ut
1764 2859 2038 2908 ostensum
2068 2862 2170 2919 est,

606 2936 917 3007 designatos
940 2939 1305 3007 unusquisque
1345 2938 1741 3010 proficientium
1770 2939 1923 3008 juxta
1956 2941 2170 2999 modum

2275 1764 2359 1811 est
2389 1757 2665 1812 destruere
2694 1772 2726 1813 a
2769 1757 3053 1827 baptismo,
3083 1775 3411 1831 regnumque
3437 1776 3591 1816 suum
3610 1762 3839 1835 inorbo

2275 1859 2470 1899 novum
2498 1856 2833 1902 construere.
2865 1845 2997 1901 Nam
3028 1857 3083 1903 et
3122 1849 3346 1919 quilibet
3388 1849 3578 1918 fidelis,
3605 1854 3721 1923 ejus
3749 1869 3841 1908 ae-

2274 1940 2428 2003 eepto
2474 1936 2527 1989 in
2565 1935 2884 2005 baptismate
2929 1937 3129 2008 Spiritu
3178 1948 3365 1995 sancto
3401 1978 3417 2005 ,
3466 1944 3767 2013 regreditur
3810 1960 3839 1996 a

2271 2021 2522 2087 Jordane,
2564 2039 2685 2078 cum
2726 2041 2755 2077 ιι
2808 2025 3025 2081 lavacro
3074 2028 3315 2093 rediens,
3336 2027 3618 2083 adversum
3651 2030 3836 2086 smcnli

2272 2112 2419 2177 vitia,
2446 2112 2499 2168 in
2519 2114 2713 2182 qutbus
2736 2122 2859 2169 ante
2880 2114 3317 2179 com‘ersabatur,
3344 2132 3572 2186 pugnant
3597 2118 3837 2173 inchoat.

2270 2199 2312 2254 A
2355 2200 2587 2257 Jordane
2617 2203 2756 2258 enim
2788 2204 3108 2272 regreditur,
3136 2204 3226 2273 qui
3254 2222 3282 2258 a
3310 2205 3573 2273 baptismo
3599 2208 3664 2260 a.l
3706 2224 3828 2262 ccr—

2274 2299 2450 2347 tamen
2486 2302 2671 2348 contra
2709 2292 2924 2348 relictas
2956 2296 3136 2348 mundi
3191 2295 3510 2349 tentatioues
3558 2310 3837 2366 prepcrat,

2274 2392 2352 2446 ut,
2376 2380 2460 2436 his
2486 2381 2730 2448 devictis,
2764 2398 3017 2437 coronam
3048 2383 3169 2438 vita:
3210 2396 3481 2439 uterentur
3521 2402 3615 2456 per
3664 2388 3841 2458 ipsum

2275 2469 2621 2525 Mediato'rem
2649 2472 2739 2526 Dei
2775 2481 2830 2526 et
2860 2472 3156 2537 hominum,
3186 2474 3274 2542 qui
3305 2488 3427 2528 cum
3458 2474 3615 2530 Patre
3638 2485 3693 2531 et
3716 2477 3841 2546 Spi-

2276 2560 2381 2613 ritu
2426 2571 2614 2615 sancto
2658 2561 2788 2615 vivit
2832 2570 2899 2615 et!
2935 2570 3122 2632 regnat
3162 2562 3213 2616 in
3255 2561 3448 2617 sarcula
3492 2563 3837 2637 stecnlorum.

2275 2648 2465 2703 Amen.
3744 2666 3745 2669 “

2835 2740 2851 2770 ι
2876 2736 3151 2806 ιιοιιιιιΑ
3182 2738 3273 2792 1x.

2273 2843 2327 2899 is
2361 2858 2691 2901 suaesuae
2739 2861 3011 2903 secusnuu
3048 2846 3231 2902 Lucan
3264 2864 3280 2901 :
3320 2847 3542 2905 Intravit
3584 2850 3739 2906 Jews
3783 2855 3841 2907 in

2340 2934 2602 3003 quoddam
2640 2934 2909 2989 castellum
2946 2951 2965 2990 :
2995 2944 3043 2989 ct
3090 2935 3277 2990 mulier
3315 2938 3574 3006 qumdam,
3624 2939 3841 2994 Martha

608 3043 762 3083 suum
792 3028 1052 3094 ascendit,
1072 3036 1127 3084 et
1146 3028 1347 3099 aliquid
1376 3029 1442 3085 de
1464 3028 1689 3100 singulis
1715 3029 2001 3089 virtutibus
2024 3048 2169 3092 asse-
2195 3020 2242 3083 C
2342 3022 2567 3087 ἰονηῖπεν
2614 3024 2807 3091 επερὲι
2838 3021 2985 3075 mum
3028 3022 3083 3077 δη
3110 3023 3320 3078 domum
3344 3041 3516 3093 “mmo
3542 3034 3647 3082 ειυ·
3684 3027 3840 3098 (LW.

608 3119 819 3187 quitur;
853 3116 947 3172 sed
976 3126 1124 3174 tanto
1155 3117 1345 3174 fortius
1372 3128 1426 3175 et
1446 3118 1730 3190 gloriosius
1760 3124 1825 3176 ad
1860 3121 2023 3177 Deum
2046 3136 2172 3192 per-
2253 3172 2261 3179 .

609 3207 776 3272 venit,
806 3216 1007 3275 quanto
1031 3207 1209 3263 verius
1234 3222 1297 3263 ac
1325 3208 1615 3279 perfectius
1647 3209 1697 3264 lu
1726 3209 1809 3265 bis
1837 3198 2125 3282 proiecerit
2153 3232 2167 3268 :

614 3285 869 3366 tantoque
905 3312 1114 3352 rursum
1148 3297 1351 3352 tardius
1392 3310 1452 3352 ac
1482 3286 1746 3355 dililciiius
1774 3300 1842 3354 ad
1882 3287 2003 3355 eum
2048 3316 2172 3370 per-

619 3388 797 3458 tingit,
822 3396 1018 3455 quanto
1043 3387 1317 3441 remissius
1335 3402 1398 3440 ae
1421 3388 1772 3458 negligentins
1792 3388 1845 3441 in
1871 3388 1953 3443 his
1977 3390 2168 3461 egerit.

612 3477 804 3533 Posset
825 3486 1002 3531 autem
1029 3478 1095 3531 de
1118 3491 1223 3531 uno
1247 3491 1457 3546 quoque
1483 3478 1670 3547 gradu,
1698 3476 1780 3532 vel
1807 3479 2021 3533 nomine
2048 3494 2173 3549 pro-

612 3568 716 3623 lixa
752 3568 864 3622 licri
899 3566 1128 3632 locutio;
1183 3565 1275 3620 sed
1307 3569 1599 3634 cavendum
1628 3576 1745 3623 erat
1776 3566 2069 3635 fastidium,
2116 3579 2171 3623 ct

610 3658 1013 3727 relinquendum
1041 3658 1120 3724 cis
1146 3656 1234 3727 qui
1276 3657 1453 3715 sciunt
1476 3671 1541 3712 ex
1566 3652 1748 3726 paucis
1773 3658 1937 3713 multa
1967 3658 2168 3724 dicere,

609 3751 748 3804 unde
772 3756 987 3817 possent
1010 3756 1063 3803 et
1092 3746 1189 3818 ipsi
1218 3756 1469 3803 tractare.
1517 3744 1647 3811 Nam
1718 3758 1773 3803 et
1806 3746 2001 3804 omitas
2030 3748 2172 3818 ipso-

610 3833 729 3913 rum
765 3840 1039 3893 nominum
1070 3831 1559 3906 interpretationes,
1594 3849 1730 3905 quas
1769 3836 2017 3893 similiter
2048 3834 2187 3908 pro?

613 3931 756 4005 ferre
783 3926 1159 3998 quivissemus,
1204 3921 1672 3996 praetermisimus;
1709 3925 2009 3995 multasque
2039 3926 2173 3984 alias

522 4074 525 4075 ν
612 4022 787 4075 adhuc
805 4034 937 4085 esse,
968 4029 1193 4088 quarum
1222 4015 1466 4069 notitiam
1497 4014 1723 4070 necdum
1748 4015 2042 4086 attigimus,
2067 4033 2175 4075 non

617 4110 939 4175 dubitamus,
979 4122 1099 4178 quae
1152 4119 1278 4160 suos
1312 4104 1525 4184 habent
1567 4104 1820 4174 mysticos
1861 4118 2066 4162 sensus.
2108 4107 2174 4163 Et

618 4202 738 4258 ideo
779 4199 910 4254 nihil
936 4195 1282 4268 perfectionis
1312 4195 1365 4250 in
1404 4194 1775 4250 observatione
1794 4194 2017 4263 justitia:
2041 4200 2169 4252 eon-

612 4292 760 4360 sequi
792 4296 1016 4365 possunt
1043 4285 1289 4341 homines
1327 4281 1439 4349 Dei,
1471 4284 1610 4352 quod
1641 4281 1691 4336 in
1720 4283 1818 4337 hac
1848 4284 2169 4355 genealogia:

2346 3111 2563 3180 x,38.)

2343 3202 2478 3267 Quid
2515 3201 2583 3255 ad
2628 3200 2914 3270 gloriosam
2965 3202 3235 3272 Virginem
3285 3202 3377 3270 Dei
3428 3206 3451 3235 ⁸
3496 3204 3845 3263 Genitriccm

2273 3292 2430 3346 lectio
2457 3290 2478 3321 ³
2512 3291 2614 3346 ista
2641 3292 2931 3362 pertineat,
2968 3300 3026 3345 ut
3055 3291 3107 3345 in
3134 3290 3249 3361 ejus
3282 3292 3574 3352 festivitate
3606 3296 3842 3367 legatur,

2275 3374 2515 3454 plerique
2537 3383 2707 3437 solent
2728 3398 2969 3452 qumrere
2998 3400 3012 3436 :
3045 3384 3184 3439 unde
3214 3383 3235 3416 ⁵
3257 3386 3383 3455 quid
3416 3402 3516 3456 ego
3545 3388 3840 3455 sentirem,

2272 3470 2328 3524 in
2354 3480 2615 3525 conventu
2644 3470 2870 3524 fratrum
2891 3480 3046 3540 prout
3068 3471 3212 3540 potui
3244 3473 3662 3544 vulgariterjam
3688 3478 3842 3545 plus-

2272 3570 2431 3631 quam
2462 3562 2627 3615 semel
2657 3563 2876 3629 exposui
2926 3561 2968 3615 ⁸.
3011 3561 3076 3617 Et
3096 3564 3219 3631 quia
3260 3566 3401 3633 quod
3430 3565 3539 3619 dixi
3564 3567 3844 3635 auditori-

2272 3652 2373 3725 bus
2418 3651 2640 3722 placuit,
2684 3652 2827 3706 dicta
2877 3651 3071 3708 litteris
3108 3656 3364 3711 mandare
3419 3658 3488 3713 ab
3536 3658 3739 3718 eisdem
3789 3668 3845 3715 et

2273 3743 2503 3799 maxime
2531 3759 2559 3797 a
2583 3743 2812 3798 dominis
2836 3743 2857 3774 ⁸
2887 3743 3173 3799 abbatibus
3196 3744 3466 3802 \Villeimo
3495 3736 3839 3813 Fiscanensi,

2270 3837 2546 3907 Armdpho
2586 3836 2908 3894 Troarncnsi
2952 3840 2995 3906 τ,
3038 3838 3241 3908 jussus,
3277 3841 3383 3896 imo
3420 3854 3641 3898 coactus
3691 3861 3841 3902 stnn.

2272 3927 2420 3997 Quod
2446 3929 2564 3982 ideo
2593 3928 2810 3998 prtedixi
2837 3929 2881 3993 ⁸,
2910 3939 2966 3983 ιιι
2988 3933 3415 4002 expositiuncula
3449 3935 3549 3989 ista
3581 3943 3842 4005 tanquam

2271 4031 2302 4071 a
2347 4025 2768 4091 przesumptuoso
2810 4014 2950 4071 edita
3008 4034 3113 4074 non
3166 4020 3465 4091 diSpliceat,
3517 4037 3677 4091 quam
3729 4039 3843 4077 non

2272 4104 2394 4178 [nl.,
2423 4107 2545 4175 quia
2586 4123 2691 4161 non
2734 4108 2899 4180 hanc]
2938 4104 3281 4179 pnesumptio
3307 4112 3350 4176 ',
3393 4114 3489 4166 sed
3526 4114 3838 4169 obedientia

2270 4196 2455 4251 edidit.
2484 4194 2601 4249 Jatn
2640 4212 2781 4249 nunc
2825 4197 2988 4263 igitur
3029 4199 3381 4253 ratiunculam
3422 4199 3464 4231 “
3492 4201 3840 4257 istamksalva

2275 4284 2377 4337 title
2444 4299 2507 4337 ac
2578 4285 2693 4337 sine
2743 4285 2990 4340 melioris
3056 4286 3420 4356 pra-judicio,
3491 4291 3558 4343 ad
3623 4290 3840 4346 laudem

612 4384 754 4439 scala
786 4362 1077 4450 figuraliter
1103 4393 1209 4432 non
1237 4376 1307 4430 sit
1330 4389 1662 4446 expressum.
1688 4374 1792 4431 Sed
1819 4384 1874 4430 et
1926 4376 2172 4441 bravinm
2205 4380 2249 4435 D
2276 4362 2515 4444 ejusdem
2547 4374 2779 4444 Virginis
2807 4384 2861 4430 ct
2903 4375 3091 4431 matris
3132 4373 3260 4435 ἔξω
3289 4379 3565 4447 humiliter
3598 4383 3844 4437 scribere

613 4471 678 4527 ad
707 4472 845 4541 quod
874 4484 968 4541 per
994 4482 1113 4523 eam
1142 4466 1385 4532 tendunt,
1412 4465 1527 4537 ipse
1565 4465 1704 4523 Deus
1731 4483 1945 4524 sursum
1983 4467 2033 4522 in
2064 4466 2169 4543 lino

612 4565 818 4635 positus
840 4570 940 4616 est.
973 4556 1297 4628 Principium
1329 4570 1453 4611 vero
1476 4554 1766 4627 profectus,
1790 4559 1872 4614 vel
1896 4558 2168 4615 ascensio-

2277 4463 2579 4535 aggrediar.
3168 4514 3177 4519 -

2346 4555 2400 4608 ln
2430 4554 2782 4629 “Scriptura
2814 4570 2966 4609 sacra
3003 4572 3089 4613 res
3130 4574 3234 4613 una
3274 4569 3324 4615 et
3353 4560 3539 4617 eadem
3568 4562 3845 4617 multoties

685 4715 687 4719 .
1871 4648 2097 4705 νΑιιιΑζ
2134 4643 2528 4702 LECTIONES.

617 4737 623 4743 ’
687 4746 703 4775 ¹
742 4743 945 4797 Collota
977 4753 1051 4796 est
1090 4758 1206 4796 cum
1240 4740 1366 4795 Mss.
1404 4738 1798 4798 Corbeiensibns
1833 4742 1957 4797 507.
1987 4754 2033 4799 et
2062 4743 2120 4797 S.
2149 4741 2269 4794 .596.
2297 4757 2399 4792 uno
2435 4738 2675 4793 Βέτεριιεί
2708 4739 2751 4792 Ε
2804 4740 2888 4795 10.
2926 4751 2971 4795 ct
2997 4758 3098 4794 uno
3126 4740 3370 4797 Ecclesiw
3396 4744 3803 4801 Carcasonensis
3827 4761 3841 4775 ο

618 4814 686 4867 Et
720 4829 834 4865 cum
866 4811 1097 4866 Edition.
1127 4806 1757 4881 CalonicnsiictAGotltica.
1800 4812 1901 4865 Ms.
1936 4812 2063 4869 596.
2105 4810 2180 4865 Ex
2212 4812 2367 4881 dictis
2391 4807 2860 4881 Dotniuiﬁnselmi
2896 4811 3297 4881 Arciticpiscopi
3342 4831 3438 4866 ms.
3468 4814 3693 4868 σαι-ται.
3728 4814 3843 4867 Pro

619 4882 757 4935 festo
784 4880 1172 4951 assumptionis
1194 4879 1371 4934 Beata:
1396 4878 1575 4951 Mariae
1603 4880 1854 4951 Virginis.
1893 4881 2022 4935 Tuos
2055 4882 2131 4951 sic
2161 4878 2303 4948 ponit
2330 4889 2524 4951 textum
2564 4878 2659 4951 :rln
2687 4878 2776 4951 illo
2805 4888 3043 4948 tempore
3072 4878 3339 4951 {Intravit
3373 4881 3529 4951 Jesns
3560 4885 3612 4938 in
3663 4884 3843 4951 quod-

618 4952 740 5004 dam
770 4947 1054 5021 Castellum
1080 4967 1094 5002 :
1122 4958 1177 5003 et
1205 4950 1403 5021 mulier
1425 4947 1898 5021 quaedamﬂartim
1925 4950 2139 5005 nomine
2174 4947 2391 5021 ext-epit
2422 4947 2565 5021 illum
2598 4950 2648 5000 in
2668 4948 2897 5021 fletuum
2917 4947 3104 5021 suam.
3146 4948 3211 5021 Et
3243 4952 3459 5021 reliqua.
3497 4947 3626 5009 Dein
3667 4947 3835 5021 iubis"

618 5021 685 5089 cit
722 5034 741 5072 :
783 5017 1006 5089 llomilia
1032 5019 1349 5089 venerabilis
1376 5015 1616 5089 Atjselmi
1655 5020 2060 5089 Arehiepiscopi
2172 5018 2193 5046 ’
2234 5017 2310 5069 Ad
2339 5015 2623 5089 gloriosam
2668 5018 2914 5089 Deimss.
2945 5017 3067 5089 1:307.
3100 5015 3409 5089 adAbcata'm
3441 5021 3533 5077 Dei
3570 5038 3693 5074 mss.
3764 5015 3839 5074 Ε.

618 5088 704 5141 10.
738 5086 804 5138 ad
833 5086 1115 5154 gloriosam
1144 5088 1400 5153 virginem
1425 5086 1515 5143 Dei
1540 5103 1635 5142 ms.
1662 5083 1884 5143 ϐαι-σαί.
1928 5088 1993 5143 ad
2010 5083 2230 5144 beatam
2257 5093 2312 5156 et
2336 5083 2622 5154 gloriosam
2648 5087 2910 5156 virginem
2942 5086 3035 5141 Dei
3113 5087 3134 5117 ³
3168 5086 3514 5152 Genitricem,
3541 5089 3700 5145 lectio
3731 5105 3836 5141 ms.

615 5155 831 5209 Carcas.
865 5156 1176 5223 genitricem
1206 5156 1442 5225 Mariam,
1474 5157 1630 5212 lectio
1702 5156 1724 5190 ⁸
1766 5158 1915 5213 Unde
1947 5168 2045 5210 etc.
2089 5172 2189 5210 ms.
2240 5153 2631 5225 Carcasonense
2677 5153 2933 5225 reliquum
2981 5155 3321 5223 Prwt‘ationis
3370 5160 3578 5213 omittit.
3653 5157 3675 5190 ⁸
3708 5156 3839 5211 dum

613 5225 978 5313 Pessume
1006 5240 1140 5305 πιεσο.
1192 5223 1262 5313 ει
1294 5228 1361 5313 t9.
1392 5236 1438 5280 α
1462 5226 1723 5313 ⁵ο⁷κίειιι
1752 5229 1869 5313 the
1896 5242 2059 5313 ιιιιιιειῑ
2086 5223 2347 5313 ξῑιιξξιι)
2371 5224 2553 5313 suae
2577 5223 3213 5313 ξξξιὲφιιῐὲςιηὲιίῑξιξιο,
3231 5225 3421 5313 Ερω-
3448 5228 3515 5282 αι»
3544 5227 3841 5313 esset?!

616 5289 853 5367 inasime
874 5309 903 5345 a
924 5294 1174 5367 Dominis
1204 5294 1262 5367 __’
1281 5289 1635 5367 _Visca_nensi',
1667 5289 1889 5352 Arnoifo
1916 5289 2215 5367 'l‘uarncnsi
2234 5310 2333 5367 ius
2362 5289 2430 5345 Ε.
2461 5293 2549 5367 i0.
2577 5292 3220 5367 Fiscaneusinarnulplto
3251 5294 3577 5367 'l‘roarncnsi
3648 5295 3669 5328 ⁸
3706 5295 3839 5347 Ideo

617 5362 726 5442 dixi
758 5378 883 5462 mss.‘
924 5362 1293 5462 ideo‘prgzdixi
1345 5363 1388 5462 I.’
1426 5361 1541 5417 Non
1592 5367 1933 5462 prm'sumptio
1975 5382 2095 5462 ms.1
2126 5361 2308 5462 ιδεμ).
2342 5378 2444 5415 non
2479 5364 2631 5462 hanc|
2658 5361 3005 5462 prmsttmptio
3057 5361 3122 5443 .‘i”
3155 5362 3647 5462 Exppsitiulncula'm
3695 5378 3834 5462 mss;

618 5439 863 5462 Μαίη-ἰοί·
892 5446 973 5462 ιιι-η
1170 5446 1339 5462 osanna
1366 5447 1471 5462 Innhl
1496 5446 1681 5462 ann-nn.
1708 5450 1793 5462 ...ιι-
1871 5449 2022 5462 ..Λα-ιι
2104 5449 2133 5462 ιι
2184 5448 2196 5462 ι
2242 5446 2271 5462 n
2301 5442 2537 5462 Innannsu.
2570 5449 2580 5459 -
2642 5449 2670 5462 η
2703 5446 2809 5462 nuu-
2897 5446 3013 5462 nono
3057 5447 3106 5462 In
3142 5447 3259 5462 ηιιι..
3287 5453 3299 5462 ι
3323 5451 3403 5462 ...ιι
3480 5448 3590 5462 ΛΑΙΛ
3635 5448 3717 5462 ..ιιι
3782 5444 3813 5462 Λ

618 5430 975 5509 ratiunculam
1052 5430 1793 5509 “Evangeliumsecundum
1823 5430 2047 5509 Lucam.
2076 5432 2133 5509 In
2184 5430 2271 5484 illo
2300 5442 2537 5498 tempore
2570 5449 2581 5483 :
2616 5431 2835 5509 Intrasti}
2861 5430 3016 5509 Jcsus
3057 5432 3108 5509 in
3142 5430 3405 5509 quoddam
3432 5433 3748 5509 castellum,
3782 5439 3841 5509 et

619 5499 813 5571 mulier
833 5503 1076 5569 quasdam
1105 5500 1313 5571 Martha
1347 5503 1561 5555 nomine
1590 5504 1799 5571 excepit
1824 5503 1913 5557 illn
1927 5519 1974 5557 ιιι
2005 5503 2057 5556 in
2084 5504 2293 5555 domum
2326 5516 2475 5554 suam
2500 5513 2595 5554 etc.
2634 5499 2860 5553 lloutilia
2890 5500 3131 5556 lectionis
3153 5503 3409 5571 ejusdem.
3448 5501 3573 5557 niss.
3607 5499 3841 5556 Intravit

621 5562 773 5620 Jesus
804 5562 1142 5640 in‘quoddam
1176 5570 1465 5625 Casmllum
