4190 6222
362 192 462 245 6ιὸ

1438 188 1731 245 ΙΙΟΜΙῌΑΞ
1765 188 1847 243 ΕΤ
1889 186 2456 246 ΕΧΙΙΟΠΤᾹΤΙΟΝΕΒ

3450 200 3554 255 686

365 308 632 362 invenitur
658 306 865 361 diversa
885 304 1205 375 signiﬁcare,
1230 304 1368 359 sicut
1396 304 1497 368 leo,
1522 305 1725 371 luedus,
1750 306 1906 375 ignis,
1940 311 1983 365 Λ
2014 319 2052 370 ι,
2076 303 2187 374 54.)
2208 305 2261 358 Si
2284 306 2497 360 cuilibet
2519 288 3048 375 virginidesponsatce
3070 307 3318 375 infanimo
3337 324 3434 364 suo
3458 311 3566 366 dis-

366 414 526 467 aqna,
551 398 629 451 vel
662 397 821 451 etiam
859 398 901 430 "
928 397 1028 456 sol.
1067 404 1118 449 et
1150 395 1253 448 alia
1288 393 1472 447 multa.
1522 395 1611 449 Est
1641 396 1782 450 enim
1832 394 1915 447 lco

364 488 432 541 de
460 488 595 541 tribu
622 486 755 540 Juda
784 486 961 553 (Apoc.
988 485 1039 553 v)
1064 499 1077 545 ;
1105 490 1158 534 et
1190 491 1271 535 est
1311 482 1413 545 leo,
1440 484 1528 551 qui
1553 484 1741 538 circuit
1766 497 1913 549 qum-

366 592 490 634 rens
516 579 669 645 quiem
701 577 920 630 devoret
954 574 1006 640 (Ι
1051 566 1309 641 Ρεινζν).
1355 573 1447 626 Est
1475 574 1652 628 hazdus
1689 573 1913 627 emissa-

367 670 477 721 rius
505 666 686 736 (Leuit.
727 667 856 733 τίνι),
902 664 989 731 qui
1040 671 1252 730 peccata
1308 673 1484 717 nostra
1532 664 1792 732 portavit,
1836 670 1917 714 est

365 738 546 810 hmdus
576 772 604 809 a
637 754 868 808 sinistris
898 752 1105 821 (Matth.
1140 751 1287 819 XXV),
1337 754 1424 821 qui
1476 754 1775 806 damnatur.
1824 750 1917 804 Est

365 844 502 912 ignis
532 858 688 912 quem
722 842 977 895 Dominus
1019 840 1165 895 misit
1220 842 1263 872 "
1310 842 1363 896 in
1406 850 1625 903 terram.
1669 848 1724 894 et
1758 855 1914 908 quem

363 932 477 987 vult
505 941 562 986 ut
592 931 776 985 ardeat
800 928 945 998 (Luc.
976 929 1075 998 xu)
1098 947 1111 981 :
1136 938 1216 984 est
1245 930 1513 1000 ignis,'qui
1543 944 1705 997 super
1726 928 1915 996 impios

364 1021 527 1083 cadit,
560 1029 618 1072 ut
656 1034 758 1071 non
803 1018 1017 1073 videant
1045 1019 1210 1074 solem
1237 1019 1408 1089 (Psal.
1452 1018 1600 1088 Lvn).
1643 1018 1738 1072 Est
1779 1034 1913 1087 aqua

364 1107 517 1176 cujus
547 1108 763 1161 ﬂumina
787 1108 956 1164 ﬂuunt
984 1110 1049 1165 de
1077 1120 1262 1165 ventre
1287 1109 1553 1164 credentis
1577 1109 1757 1179 (Joan.
1787 1109 1911 1179 vn);

362 1203 446 1250 est
466 1211 602 1265 aqua
656 1196 808 1266 cujus
840 1207 1123 1269 tempestas
1145 1215 1248 1253 non
1282 1213 1378 1253 nos
1401 1199 1671 1268 demergat
1700 1198 1911 1267 (Matth.

364 1283 496 1354 xiv).
528 1286 569 1316 “
602 1285 696 1345 Est
740 1278 1106 1361 Soljustitiae,
1155 1288 1244 1358 qui
1287 1302 1381 1341 nos
1417 1288 1679 1343 illuminet
1725 1286 1911 1356 (Eccli.

364 1369 498 1441 nn)
531 1371 594 1436 ”,
626 1381 675 1427 et
702 1374 779 1429 sol
821 1375 910 1444 qui
941 1390 1038 1430 nos
1062 1390 1165 1429 non
1198 1383 1319 1432 urat
1362 1376 1402 1406 "
1447 1390 1542 1444 per
1567 1376 1704 1431 diem
1740 1374 1908 1446 (Psal.

360 1463 509 1529 cxx).
554 1462 701 1518 Licet
727 1479 854 1532 ergo
894 1463 1167 1520 castellum
1210 1465 1345 1519 alias
1390 1465 1591 1520 malum
1628 1466 1911 1536 signiﬁcet,

361 1560 421 1603 ut
450 1551 572 1604 illud
599 1553 663 1605 de
692 1569 795 1622 quo
818 1554 1013 1608 dicitur
1039 1571 1052 1607 :
1083 1553 1163 1608 Ite
1200 1555 1251 1607 in
1274 1554 1540 1609 castellum
1565 1573 1583 1609 :
1612 1556 1724 1617 ubi,
1756 1556 1908 1609 addi-

2018 397 2232 464 ponenti
2277 399 2474 452 nubere
2488 399 2768 463 diceretur,
2799 401 2987 454 Filium
3007 401 3256 463 habebis,
3283 402 3566 457 nonmira-

2021 495 2187 549 retnr,
2234 501 2401 555 neque
2438 487 2788 557 interrogaret
2823 492 3086 556 quomodo
3122 492 3262 545 istud
3308 491 3478 558 ﬂeret,
3510 501 3574 545 ut

2016 581 2135 641 pote
2161 590 2278 644 qua:
2302 590 2361 629 se
2390 576 2783 644 desponsatam,
2818 586 2867 630 et
2906 579 2956 629 in
2997 566 3239 646 previmo
3278 589 3564 649 nupturam

2017 661 2198 723 sciret,
2242 670 2296 714 et
2334 677 2362 713 a
2399 664 2514 714 viro
2543 664 2803 731 gravidari
2838 665 2877 693 ’⁷
2912 678 3007 716 usu
3045 673 3247 719 natura:
3277 677 3518 735 speraret
3549 684 3566 719 :

2016 750 2128 804 hzec
2158 759 2331 804 autem
2357 767 2458 805 non
2484 751 2748 805 immerito
2772 754 2957 807 mirata
2981 763 3061 809 est
3077 771 3091 819 ;
3109 764 3161 808 et
3185 757 3448 823 quomodo
3472 755 3567 811 lie-

2018 846 2117 904 ret,
2140 837 2280 907 quod
2300 840 2725 907 promittebatur,
2748 843 3015 896 sciscitata
3041 851 3127 898 est
3147 842 3240 914 [αι.
3268 847 3410 899 omit.
3458 844 3564 917 est]

2022 925 2181 997 179
2226 928 2475 996 quoniam
2530 929 2772 997 quamvis
2814 932 3210 1000 desponsatam,
3272 943 3444 989 tamen
3505 950 3565 989 se

2023 1032 2295 1085 nunquam
2332 1028 2613 1087 nupturam
2670 1020 2735 1083 ’⁸,
2783 1035 2954 1088 neque
3008 1024 3176 1076 virmn
3231 1014 3564 1093 cognituram

2016 1106 2314 1164 certissime
2353 1107 2576 1162 sciebat.
2625 1107 2748 1161 Haec
2778 1109 2843 1162 de
2892 1111 3214 1179 virginitate.
3246 1115 3319 1168 De
3354 1114 3563 1169 humili-

2016 1205 2125 1254 tate
2155 1211 2281 1253 vero
2335 1196 2617 1254 dicendum
2643 1209 2723 1252 est
2752 1198 2795 1229 ¹⁹
2826 1201 2965 1269 quod
3003 1215 3121 1255 cum
3166 1206 3232 1255 ab
3268 1205 3451 1274 angelo
3475 1223 3565 1259 sa-

2013 1284 2298 1351 lutaretur,
2342 1297 2516 1344 mater
2567 1288 2657 1341 Dei
2704 1288 3030 1359 eligeretur,
3084 1291 3349 1358 quomodo
3418 1294 3567 1348 licrct

2014 1375 2157 1433 salva
2191 1375 2503 1448 virginitate
2547 1377 2652 1448 (cui
2702 1385 2906 1431 tantum
2945 1378 3204 1447 timebat),
3241 1381 3557 1444 doceretur,

2011 1464 2289 1523 benedicta
2327 1480 2488 1535 super
2532 1479 2718 1519 omnes
2764 1464 3010 1518 mulieres
3040 1466 3439 1535 prtedicaretnr,
3484 1484 3567 1522 re-

2013 1555 2222 1622 spondit
2248 1571 2262 1608 :
2290 1551 2424 1607 Ecce
2446 1552 2636 1606 ancilla
2665 1551 2869 1606 Domini
2894 1551 3043 1621 (Luc.
3076 1569 3115 1618 ι,
3138 1554 3262 1623 58);
3291 1564 3343 1608 et
3370 1555 3420 1608 in
3458 1554 3561 1608 alio

360 1647 449 1691 tur
473 1640 536 1703 ”,
563 1640 698 1709 quod
710 1617 899 1694 contra
924 1658 1006 1695 vos
1028 1652 1123 1708 est,
1148 1642 1300 1711 plane
1324 1642 1693 1697 manifestatur
1715 1642 1759 1674 ”
1782 1643 1906 1711 quid
1942 1617 1983 1676 Β
2013 1643 2127 1696 loco
2162 1661 2175 1695 :
2210 1642 2346 1707 Quia
2373 1641 2589 1709 respexit
2612 1640 2949 1695 humilitatem
2980 1642 3187 1697 ancilla:
3204 1660 3312 1700 stne
3336 1644 3485 1714 (Luc.
3506 1654 3559 1708 't,

358 1727 647 1797 signiticet;
692 1738 864 1784 tamen
897 1730 981 1785 hic
1008 1731 1049 1761 ¹⁹
1075 1730 1375 1795 castellum,
1420 1731 1473 1785 in
1519 1733 1656 1799 quod
1694 1732 1906 1785 intravit

358 1816 531 1878 Iesus,
559 1819 878 1889 singularem
902 1830 951 1875 et
976 1822 1342 1875 intemeratam
1370 1822 1641 1890 Virginem
1672 1821 1908 1911 ejusdem

354 1902 482 1959 Jesu
514 1906 843 1975 genitricem.
872 1907 1019 1962 salva
1051 1907 1450 1977 Scripturarum
1492 1902 1816 1979 regniafpcr
1842 1910 1915 1963 si-

358 1993 709 2063 militudinem
731 1995 1039 2063 aceipimus.
1064 1996 1353 2050 Castellum
1379 1996 1520 2049 enim
1542 1996 1739 2050 dicitur
1765 2012 1911 2066 quie—

358 2080 490 2135 libet
514 2082 697 2146 turris,
728 2090 782 2135 et
806 2097 989 2136 murus
1009 2083 1059 2136 in
1086 2082 1310 2137 circuitu
1342 2082 1477 2151 ejus.
1512 2070 1641 2150 Qua:
1666 2085 1767 2139 duo
1795 2099 1911 2140 sese

358 2169 587 2224 invicem
620 2170 927 2240 defendunt,
962 2170 1036 2224 ita
1080 2182 1139 2227 ut
1176 2173 1355 2227 hostes
1395 2187 1489 2240 per
1514 2189 1725 2225 murum
1769 2174 1811 2204 ὀ
1844 2175 1911 2227 ab

354 2273 507 2325 arce,
534 2266 589 2311 et
618 2274 647 2311 a
693 2272 843 2315 muro
881 2274 976 2327 per
1022 2274 1201 2313 arcem
1240 2268 1543 2313 arceantur.
1596 2258 1906 2327 liujusmodi

356 2346 577 2399 castello
625 2361 729 2400 non
781 2348 1066 2416 incongrue
1114 2346 1275 2418 Virgo
1321 2347 1482 2401 Maria
1547 2348 1907 2412 assimilatur,

358 2452 519 2505 quam
546 2437 817 2505 virginitas
840 2439 1031 2492 mentis
1058 2446 1111 2492 et
1134 2438 1390 2507 corporis,
1416 2438 1567 2507 quasi
1601 2454 1807 2503 murus,
1836 2440 1909 2491 ita

356 2524 594 2591 nmliquc
624 2525 864 2590 vallavit,
895 2536 952 2579 ut
980 2528 1163 2581 nullus
1195 2542 1425 2596 unquam
1455 2527 1655 2580 libidini
1695 2527 1760 2580 ad
1792 2542 1908 2579 eam

350 2620 504 2667 esset
540 2627 875 2680 accessurus,
915 2629 1012 2669 nec
1035 2630 1222 2670 sensus
1252 2616 1366 2685 ejus
1397 2616 1575 2685 aliqua
1603 2630 1911 2686 corrumpe-

358 2712 548 2756 rentur
576 2705 618 2735 "
647 2704 910 2758 illecebra.
940 2705 1005 2759 Et
1028 2706 1149 2775 quia
1179 2699 1557 2777 virginitatem,
1591 2722 1710 2761 cum
1745 2707 1908 2761 libido

360 2810 467 2848 non
491 2797 533 2826 ¹²
553 2796 737 2865 possit,
760 2796 893 2885 sole't
914 2798 1222 2867 impugnare
1244 2798 1507 2866 superbia,
1536 2807 1617 2851 est
1644 2798 1694 2851 in
1718 2798 1905 2867 eadem

1964 1756 1967 1759 -
2014 1733 2123 1802 48).
2154 1732 2197 1786 0
2226 1732 2467 1785 sublimis
2492 1730 2639 1799 virgo
2666 1743 2839 1786 mater
2861 1732 2902 1764 ⁸ο
2935 1733 3023 1785 Dei
3050 1736 3061 1787 ε
3094 1751 3126 1788 o
3153 1745 3323 1789 mater
3345 1736 3561 1790 humilis

2015 1822 2207 1876 ancilla
2246 1819 2366 1875 Dei!
2403 1818 2542 1885 Quid
2579 1820 2856 1876 sublimius
2882 1837 3001 1877 esse
3041 1825 3256 1891 posset?
3287 1824 3420 1890 Quid
3466 1826 3563 1878 hu-

2015 1910 2193 1964 milius
2218 1911 2284 1964 de
2324 1924 2382 1964 se
2418 1910 2616 1963 sentire
2648 1910 2869 1978 posset?
2897 1909 3033 1965 Sunt
3062 1913 3102 1942 "
3156 1914 3246 1980 qui
3289 1913 3560 1967 castellum
3614 1973 3625 1983 θ

2012 1998 2113 2052 hoc
2135 1997 2432 2070 Magdalum
2463 1997 2625 2055 fuisse
2646 2001 2958 2065 arbitratur,
2985 2016 3013 2054 a
3036 1988 3141 2071 quo
3168 2002 3327 2059 Maria
3350 2003 3564 2073 Magda-

2011 2087 2132 2142 lena
2164 2089 2573 2159 cognominatur
2621 2108 2633 2143 :
2679 2092 2819 2159 quod
2866 2092 2909 2145 si
2941 2107 3121 2147 verum
3150 2103 3251 2159 est,
3298 2095 3563 2163 praedictae

2013 2177 2440 2245 interpretationi
2484 2177 2795 2249 l'anmlatur.
2830 2178 3102 2249 Magdalus
3137 2184 3279 2243 enim
3320 2182 3364 2215 "
3393 2185 3554 2239 turris

2008 2266 2227 2331 dicitur,
2250 2278 2302 2321 et
2330 2267 2613 2321 humilitati
2641 2278 2922 2338 coaptatur
2953 2271 3016 2323 ³³.
3047 2270 3143 2325 llic
3169 2258 3294 2327 vero
3322 2265 3425 2327 non
3466 2289 3563 2326 no-

2011 2356 2265 2419 minatur,
2308 2357 2399 2410 sed
2441 2366 2641 2408 tantum
2668 2358 2930 2425 quoddam
2958 2357 3152 2412 dicitur
3177 2373 3193 2411 :
3216 2360 3354 2427 quod
3386 2361 3555 2416 indis-

2011 2458 2224 2497 cussnm
2267 2444 2537 2513 prmterire
2583 2460 2685 2496 non
2718 2442 2990 2498 debemus.
3037 2444 3334 2511 Quoddam,
3362 2448 3412 2500 id
3471 2458 3558 2503 est

2013 2531 2285 2601 singulare
2309 2531 2583 2585 castellum
2618 2530 2717 2584 fuit
2745 2532 2894 2600 virgo
2922 2531 3102 2586 Maria.
3145 2533 3395 2600 Quamvis
3415 2535 3561 2605 enim,

2012 2630 2067 2675 et
2095 2620 2270 2674 multa:
2294 2620 2409 2674 alia:
2445 2636 2653 2674 murum
2684 2618 3004 2690 virginitatis
3020 2619 3248 2674 habeant
3272 2622 3338 2685 ",
3366 2632 3421 2677 et
3442 2632 3557 2676 tur-

2014 2707 2113 2762 rim
2140 2701 2475 2775 inpunitatis:
2509 2708 2559 2762 id
2596 2718 2673 2762 est
2699 2717 2753 2762 et
2782 2708 3015 2779 virgines
3044 2708 3172 2774 sint,
3199 2700 3252 2765 et
3288 2709 3517 2765 humiles
3540 2749 3558 2777 ,

2012 2804 2189 2850 tamen
2234 2794 2377 2849 salva
2418 2792 2725 2859 virginitate
2762 2803 2965 2849 matres
2993 2810 3112 2849 esse
3158 2812 3261 2851 non
3310 2807 3553 2865 possunt,

355 2884 563 2953 virgine
592 2887 750 2939 turris
795 2882 1128 2950 humilitatis,
1171 2902 1288 2955 quae
1320 2900 1348 2940 a
1387 2902 1536 2940 nmro
1587 2887 1907 2956 virginitatis
1933 2927 1975 2984 ρ
2009 2898 2181 2953 neque
2212 2882 2349 2937 filios
2385 2897 2642 2952 generare
2672 2902 2685 2937 :
2717 2885 2857 2953 quod
2886 2884 2985 2937 ista
3018 2885 3127 2938 sola
3158 2885 3299 2939 fecit.
3331 2886 3396 2940 Et
3440 2882 3561 2942 ideo

348 2990 567 3028 munem
622 2975 828 3044 repellit
871 2976 1192 3045 superbiam.
1242 2976 1308 3030 Et
1351 2976 1474 3046 quia
1527 2977 1900 3041 humilitatem,

353 3079 480 3117 cum
519 3065 761 3133 superbia
799 3081 903 3118 non
946 3067 1137 3135 possit;
1181 3066 1314 3120 solet
1366 3067 1675 3136 impugnare
1721 3066 1903 3131 libido,

356 3166 545 3204 murus
568 3152 885 3222 virginitatis
914 3169 943 3205 a
967 3156 1121 3207 turre‘
1143 3152 1459 3207 humilitatis
1484 3168 1694 3207 omnem
1740 3156 1907 3223 repel-

352 3241 422 3295 lit
457 3241 745 3295 libidinem.
789 3242 970 3312 Itaque
1016 3244 1127 3297 lucc
1176 3244 1220 3274 ”
1263 3243 1388 3307 duo,
1432 3259 1615 3298 murus
1664 3244 1908 3300 videlicet

354 3328 677 3398 virginitatis
741 3338 795 3383 et
829 3330 990 3383 turris
1033 3329 1345 3384 humilitatis
1392 3332 1457 3384 ah
1498 3331 1750 3386 alterutro
1790 3349 1904 3385 ιιιιι-

354 3416 604 3478 niuntur;
636 3426 691 3470 ut
730 3432 998 3485 nunquam
1038 3418 1089 3470 in
1138 3417 1319 3471 humili
1364 3419 1575 3489 Virgine
1618 3420 1777 3473 fuerit
1809 3437 1905 3475 nec

352 3508 585 3575 superba
611 3506 890 3575 virginitas
936 3506 1003 3572 ",
1033 3522 1127 3560 nec
1158 3507 1433 3576 inquinata
1465 3508 1736 3563 humilitas
1763 3527 1776 3563 :
1810 3510 1901 3564 sed

351 3611 567 3664 semper
592 3597 640 3649 in
676 3597 858 3649 eadem
888 3595 931 3627 ”
962 3597 1311 3664 permanserit
1333 3608 1338 3613 ’
1360 3605 1414 3652 ct
1445 3597 1655 3651 humilis
1686 3597 1901 3669 virgini-

280 3730 281 3733 η
346 3696 441 3755 Διίιδ
466 3693 520 3739 et
544 3684 691 3753 virgo
722 3686 990 3741 Intmtlitas
1018 3686 1083 3739 ".
1115 3685 1368 3752 Quamvis
1400 3696 1573 3739 autem
1605 3688 1743 3755 quod
1771 3688 1905 3741 dlci-

300 3763 304 3767 ⁴
346 3752 446 3827 ἰιιι·
473 3774 545 3829 ita
583 3790 761 3829 verum
807 3775 897 3839 sit,
946 3784 1003 3827 ut
1047 3775 1178 3829 nihil
1224 3774 1398 3829 verius
1428 3752 1726 3830 Christiana
1774 3776 1903 3837 ﬁdes

354 3864 576 3917 credere
604 3864 789 3931 possit,
813 3878 1071 3929 ponamus
1100 3872 1273 3917 tamen
1303 3864 1478 3935 aliqua
1503 3865 1568 3921 de
1595 3866 1900 3936 Evangelio,

354 3954 675 4023 virginitatis
707 3954 869 4021 ipsius
896 3962 951 4009 et
982 3954 1297 4009 humilitatis
1343 3956 1665 4010 testimonia.
1699 3956 1903 4026 Quippe

350 4042 906 4112 ctuiiabangelotilius
920 4044 1419 4113 ei,promitteretur,
1450 4047 1747 4115 respondit:
1764 4047 1905 4112 Quo.

2010 2973 2282 3029 castellum
2310 2973 2410 3026 hoc
2446 2974 2637 3039 merito
2675 2973 2959 3041 quoddam,
2991 2972 3040 3027 id
3080 2982 3161 3028 est
3189 2974 3455 3042 singulare
3479 2978 3559 3029 dio

2012 3064 2181 3127 citur;
2214 3062 2339 3131 quia
2373 3062 2473 3114 ista
2502 3062 2844 3131 singulariter
2871 3070 2923 3117 et
2957 3064 3105 3132 virgo
3134 3074 3189 3117 et
3220 3064 3509 3119 materfuit
3540 3084 3553 3117 :

2010 3152 2150 3220 quod
2215 3149 2356 3204 nulla
2401 3150 2502 3203 alia
2552 3165 2673 3203 esse
2738 3152 2907 3219 potuit
2957 3152 3039 3205 vel
3085 3141 3202 3205 esse
3248 3155 3445 3221 poterit
3489 3153 3555 3207 ³³.

2010 3240 2206 3295 Verum
2251 3239 2604 3295 concedamus
2630 3240 2674 3271 ³⁸
2699 3240 2929 3311 aliquam
2973 3254 3128 3308 posse
3158 3256 3274 3295 esse
3304 3252 3354 3295 et
3391 3244 3551 3312 virgi-

2010 3345 2157 3393 nem,
2184 3340 2235 3384 et
2264 3339 2488 3383 matrem
2511 3330 2574 3392 ³⁷,
2603 3330 2848 3399 quamvis
2875 3330 2945 3383 sit
2984 3329 3308 3398 impossibile
3335 3349 3346 3383 :
3373 3331 3557 3398 etiam,

2010 3416 2093 3470 sic
2122 3416 2284 3487 Virgo
2310 3416 2353 3447 ³⁸
2384 3414 2549 3468 Maria
2579 3410 2866 3483 singularis
2908 3415 3029 3477 erit,
3067 3416 3188 3484 quia
3220 3417 3430 3471 mticmu
3463 3418 3553 3471 Dei

2010 3507 2201 3560 Filium
2229 3506 2431 3576 genuit,
2462 3505 2550 3574 qui
2580 3504 2716 3558 sicut
2742 3512 2821 3558 est
2851 3505 3037 3557 unicus
3064 3505 3221 3558 unico
3265 3504 3430 3571 Patri,
3478 3508 3549 3561 ita

2006 3608 2087 3651 est
2134 3599 2321 3650 unicus
2369 3596 2539 3649 ιιιιίοω
2583 3595 2760 3649 matri.
2792 3594 2855 3648 Et
2903 3592 3021 3649 ideo
3073 3596 3235 3659 nulla,
3289 3598 3451 3651 etiam
3505 3598 3551 3651 si

2012 3687 2159 3753 virgo
2188 3687 2384 3755 pariat,
2413 3685 2494 3738 vel
2525 3686 2767 3739 eumdem
2812 3685 2893 3738 vel
2942 3685 3103 3738 alium
3139 3686 3294 3740 talem
3338 3701 3555 3756 genera-

2008 3773 2085 3827 bit
2117 3773 2179 3825 ".
2208 3773 2303 3831 Est
2327 3787 2452 3841 ergo
2477 3772 2752 3825 castellum
2779 3772 3068 3841 quoddam,
3092 3766 3144 3826 in
3169 3774 3308 3842 quod
3341 3775 3555 3828 intravit

2008 3862 2195 3928 Jesus;
2231 3872 2380 3931 porta
2409 3876 2537 3914 vero
2566 3860 2661 3931 p'er
2688 3877 2847 3929 quam
2882 3862 3098 3915 intravit
3126 3870 3207 3916 est
3240 3860 3389 3916 ﬁdes.
3419 3861 3552 3932 Quia

2009 3955 2148 4009 enim
2179 3953 2421 4018 credidit,
2471 3952 2702 4021 perlecta
2748 3960 2874 4005 sunt
2920 3952 2967 4005 ei
3002 3967 3031 4005 a
3081 3952 3305 4007 Domino
3333 3967 3450 4022 qua:
3486 3953 3556 4005 ab

2011 4045 2198 4114 angelo
2230 4045 2367 4097 dicta
2414 4052 2535 4095 sunt
2559 4042 2633 4107 ei,
2667 4042 2804 4096 sicut
2837 4042 2882 4073 “
2914 4042 2987 4097 ait
3017 4042 3082 4096 ad
3111 4057 3226 4097 eam
3259 4042 3554 4095 Elizaheth.

640 4096 670 4112 υ
738 4096 743 4097 κ
891 4096 1018 4113 κν..
1184 4096 1872 4115 μην-ηη-τν-ητ-ν-ιη-
2270 4096 2303 4097 η
2618 4096 2632 4107 .

353 4132 507 4185 modo
530 4133 615 4200 ﬁet
648 4135 803 4200 istud,
829 4136 1071 4205 quoniam
1100 4136 1259 4189 virum
1292 4152 1391 4190 non
1420 4154 1668 4207 cognosco
1688 4140 1715 4192 2'
1750 4137 1899 4208 (Luc.
1932 4096 1981 4157 Β
2009 4134 2120 4192 Nec
2147 4133 2267 4202 quia
2292 4130 2447 4191 Jesus
2474 4132 2691 4185 intravit
2714 4132 2989 4185 castellum
3008 4132 3132 4195 hoc,
3160 4131 3412 4185 violatum
3439 4141 3551 4185 est:

1621 4267 1697 4324 VA
1707 4266 1840 4322 RIE
1884 4265 2027 4323 LEC’
2029 4265 2058 4321 ι·
2063 4261 2173 4320 ΙοΝ
2181 4260 2278 4317 ES.

430 4377 472 4407 "
535 4375 624 4429 Vel
674 4375 837 4429 etiam
886 4391 983 4429 ms.
1024 4374 1306 4429 Carcasou.
1368 4374 1451 4428 vel
1507 4376 1674 4429 a‘tbcr
1764 4375 1849 4431 4"
1903 4369 2159 4430 Dominus
2205 4372 2351 4427 misit
2410 4387 2504 4424 ms.
2561 4368 2711 4423 Care.
2793 4369 3048 4422 Dominus
3097 4367 3253 4423 .Iesus
3303 4365 3553 4425 Christus

354 4446 505 4517 misit
574 4444 617 4475 “
678 4445 790 4517 Non
845 4444 1278 4517 demergit_mu._
1338 4444 1592 4517 Carc._et
1643 4441 1709 4497 Ε.
1908 4459 2013 4517 non
2061 4442 2480 4517 ws_dettlcrgat
2530 4455 2626 4492 ms.
2665 4437 2787 4491 507.
2859 4455 2955 4491 nos
3010 4442 3281 4517 demerget
3333 4440 3543 4517 ﬂectit.

356 4513 512 4585 Gothi.
543 4528 639 4585 nos
681 4512 940 4585 demergit
996 4502 1087 4585 At”
1118 4512 1416 4585 Illuatinare
1451 4512 1586 4585 solet
1620 4530 1750 4585 atas.
1784 4511 2111 4585 illuminat“
2234 4509 2338 4563 Nos
2370 4502 2623 4585 u‘ritmss.
2673 4522 2769 4561 nos
2820 4523 2922 4585 non
2978 4517 3097 4585 ur_at
3196 4502 3217 4505 θ
3240 4506 3277 4533 ¹⁷
3488 4514 3545 4559 et

354 4582 735 4653 quodiedditnr
761 4570 955 4653 m§.VE.
990 4582 1072 4636 10.
1104 4584 1309 4653 omittit.
1346 4582 1627 4653 matiam.
1666 4582 1754 4653 ubi
1786 4579 1997 4635 additur
2031 4570 2036 4575 ’
2068 4576 2113 4610 ⁸⁸
2148 4575 2319 4653 Plane.
2352 4576 2657 4653 manifestat
2686 4592 2781 4627 ms.
2818 4576 2968 4628 Care.
3000 4570 3537 4653 plangmafnilestans

354 4638 455 4705 ἆιι.
488 4650 608 4705 307.
652 4651 753 4721 ubi
784 4650 938 4717 plane
980 4650 1351 4703 manifestatur
1387 4651 1467 4721 _‘°
1499 4650 1697 4704 Tamen
1746 4651 1846 4703 hoc
1888 4665 1904 4703 ι

1989 4669 2011 4700 ί.
2046 4654 2234 4721 tnmen_
2260 4647 2355 4721 _l_tic
2431 4646 2473 4675 ’°
2504 4645 2604 4696 Per
2631 4659 2809 4721 llllll‘ltls
2837 4638 3057 4721 ltisst.?l_
3098 4641 3221 4693 edit.
3252 4638 3407 4693 Goth.
3440 4657 3535 4708 per

353 4735 568 4773 murum
639 4720 680 4750 ²¹
718 4710 1197 4793 Cm'rumperentur
1244 4718 1524 4793 ms.__(.‘a_rc.
1595 4729 2027 4793 corrumperetur
2127 4716 2185 4793 ’τ’
2214 4713 2400 4793 Libido
2446 4728 2548 4766 non
2594 4729 2690 4765 ms.
2734 4711 2895 4793 (iure.
2933 4710 3396 4793 libidu‘.supe‘rare
3440 4725 3542 4793 non

355 4789 404 4819 ”
433 4788 612 4857 Itaque
640 4790 862 4857 luemus.
890 4778 1041 4839 Cdrc.
1073 4788 1141 4839 ita
1164 4789 1273 4857 lucc
1346 4789 1390 4818 “
1414 4786 1519 4842 Nec
1546 4788 1774 4849 superba
1809 4778 2085 4857 virginitas
2103 4778 2431 4857 edit_._‘Colon.
2461 4796 2559 4834 nec
2589 4778 3221 4857 superbiavirginitatis“
3244 4778 3300 4857 ’ξ
3322 4778 3544 4857 Semper

354 4858 409 4909 in
437 4846 620 4909 eadem
652 4874 749 4909 ms:
781 4855 928 4907 Care.
967 4869 1179 4926 semper
1205 4855 1254 4926 in
1292 4859 1514 4909 eandem
1588 4846 1632 4889 ⁸⁸
1662 4856 1724 4909 Et
1761 4846 2031 4926 virginalis
2066 4846 2344 4926 humilitas
2394 4866 2513 4903 mss.
2549 4858 2600 4904 et
2638 4846 2785 4917 virgo
2833 4846 3127 4926 humilitas"
3178 4846 3221 4878 "’
3261 4846 3541 4926 (aravit-lari

360 4925 503 4977 Edit.
536 4925 717 4996 Colon.
745 4923 1057 4996 chundari
1086 4915 1101 4923 ’
1134 4923 1603 4996 ’f__Se_n_uptnr:nn_
1627 4942 1749 4977 mss.
1782 4915 2020 4996 _et'_Edtt_.
2053 4921 2206 4996 Goth.
2247 4935 2303 4975 se
2341 4934 2608 4987 nunquam
2636 4915 2948 4996 nupturam
3006 4917 3049 4995 ξ’
3092 4915 3227 4996 Vero
3256 4915 3539 4996 dior-nilum

353 5002 461 5056 est,
493 5008 588 5045 ms.
616 4992 763 5045 Care.
798 5007 921 5046 vero
947 4991 1121 5045 Beata:
1155 4983 1699 5061 Virginis'dieemlntu
1777 4994 1822 5023 ³ο
1857 4993 2112 5061 Sublimis
2136 4983 2592 5061 vit-gogtnater‘ms.
2627 4983 2777 5039 (Iure.
2813 4985 3055 5061 sublimis
3089 4994 3289 5061 mater“
3408 4983 3543 5061 Esse

356 5051 575 5133 posset?
610 5062 745 5113 Sunt
772 5072 869 5114 etc.
901 5078 1023 5133 nisa.
1055 5072 1099 5113 et
1150 5051 1276 5133 edit:
1301 5060 1808 5133 QoI._esse_posset?
1830 5063 1969 5126 Quid
1998 5051 2339 5133 humiliust
2365 5056 2647 5133 sescntire
2687 5055 3047 5133 posset?.s_up_t
3071 5051 3169 5103 etc.
3243 5051 3289 5133 ξ’
3331 5051 3542 5133 lli-agdn-

356 5118 467 5183 ium
491 5129 629 5183 enim
662 5144 785 5202 mss.
815 5130 1087 5198 magdalus
1116 5130 1253 5183 enim
1283 5198 1292 5202 _
1329 5130 1372 5202 ’_'
1406 5118 1707 5202 Humili-tati
1734 5118 2078 5202 conquiratur
2102 5144 2223 5180 mss.
2251 5125 2541 5202 humilitati
2561 5118 2839 5202 cuap'tatur
2867 5121 2956 5202 L"
2982 5120 3191 5202 Marulli
3221 5118 3542 5202 virginitatis

357 5198 593 5252 habeant
622 5213 716 5270 ius.
746 5188 1138 5250 (Iarcimurum
1162 5198 1523 5270 virginitatem
1546 5197 1825 5270 habebant
1858 5188 1872 5197 ’
1898 5196 1940 5226 ⁸⁸
1976 5196 2067 5248 Vel
2096 5196 2440 5270 poteritmss.
2465 5191 2543 5244 vel
2568 5188 2684 5244 esse
2713 5190 2908 5270 pt_).terit
2981 5190 3025 5220 ³⁸
3059 5189 3250 5245 Verum
3285 5188 3539 5270 contemta.

355 5281 478 5319 mus
502 5280 595 5318 ms.
620 5266 770 5319 Care.
800 5273 980 5336 utrum
997 5254 1342 5336 concedimus
1415 5267 1456 5297 ³⁷
1494 5266 1741 5336 Aliquam
1764 5275 1817 5318 et
1822 5274 2069 5336 _mat_rem
2094 5254 2212 5316 esse
2233 5274 2286 5336 et
2304 5261 2569 5336 virginem
2586 5254 2956 5336 mssfaliqnmn
2985 5274 3144 5336 posse.
3161 5271 3275 5336 esse
3300 5254 3543 5336 etHVirgi:

357 5350 482 5387 nem
507 5345 559 5387 et
590 5343 810 5405 matrem
885 5334 929 5363 ³⁸
971 5334 1140 5386 Etiam
1181 5335 1436 5405 sicrvirgo
1478 5352 1576 5388 ms.
1598 5320 1769 5405 :(Jurc.
1819 5333 1885 5405 Et
1918 5334 1995 5386 sic
2021 5333 2169 5405 virgo
2212 5330 2283 5405 _”
2322 5320 2539 5405 ltit'ideo
2583 5320 2996 5405 etiamsi-virgo
3036 5327 3228 5405 pariat,
3277 5320 3542 5405 nullanvel

356 5403 602 5456 etnndem
635 5403 713 5455 vel
745 5403 898 5455 talem
928 5405 1203 5469 generabit
1234 5390 1416 5457 aliuni.
1449 5422 1548 5459 ms.
1581 5402 1735 5457 Care.
1760 5414 1814 5456 et
1842 5403 1959 5456 ideo
1991 5390 2131 5453 anilla
2155 5399 2361 5451 etiamsi
2402 5400 2552 5468 virgo
2581 5398 2771 5467 pariat,
2804 5390 2971 5449 ullum
3004 5390 3230 5449 eundem
3266 5392 3344 5446 vel
3377 5390 3543 5445 alium

358 5471 519 5525 Laletn
545 5472 820 5543 generabit
892 5471 935 5501 ’θ
977 5470 1123 5523 Dicta
1157 5481 1301 5537 sunt,
1335 5474 1473 5526 sicut
1506 5489 1629 5525 mss.
1664 5473 1804 5526 dicta
1850 5482 1973 5525 sunt
2020 5471 2092 5537 ci,
2145 5471 2281 5523 sicut
