4190 6228
649 167 749 223 6H

962 167 1024 221 S.
1064 165 1351 222 ANSELMI
1388 161 1727 217 CANTUAR.
1774 155 2066 212 ARCIIIEP
2131 154 2277 208 Oi‘l‘.
2312 153 2486 207 PARS
2518 156 2573 207 ll.
2614 188 2675 196 -
2718 157 3083 214 ΡΛΠΑΕΝΕΤ.
3254 164 3495 222 ASCET.

3757 171 3852 227 618

643 276 800 333 Jesus
844 280 984 332 enim
1028 280 1217 341 salvat,
1266 292 1369 330 non
1414 275 1607 337 violat;
1656 274 1931 327 confracta
1979 262 2190 332 solidat.
2225 277 2264 329 Λ
2294 270 2454 335 PM“,
2488 271 2757 325 sitientem
2807 272 2941 325 lacte
2984 277 3187 342 potavit
3217 280 3301 341 ",
3348 284 3617 341 infinitum
3653 302 3746 355 per
3778 291 3851 342 in-

646 382 752 422 non
780 367 1061 437 confringit
1086 367 1273 420 solida.
1314 365 1621 420 Secundum
1664 379 1855 417 nomen
1884 360 2017 428 ejus,
2047 362 2117 413 ita
2149 371 2202 413 et

644 473 776 529 opus
802 458 933 524 ejus.
964 457 1027 509 Et
1053 458 1241 509 muh’er
1262 462 1522 525 quadam,
1551 455 1758 508 Martha
1792 454 2015 514 nomine,
2053 467 2201 504 exrc-

641 542 715 615 pit
743 562 855 599 eum
888 546 940 598 in
983 546 1192 598 deorum
1229 563 1376 599 suam
1401 561 1419 599 :
1446 555 1492 598 et
1520 547 1639 596 huic
1666 553 1776 595 erat
1812 556 1959 593 soror
2000 541 2202 593 nomine

643 636 836 689 Maria.
870 635 995 688 Dure
1034 636 1148 689 ista:
1177 650 1412 698 sorores,
1443 634 1579 686 sicut
1609 632 1796 684 Patres
1822 629 1994 683 sancti
2014 630 2058 687 ,“
2094 629 2202 696 plc-

642 726 864 777 nissime
889 726 1042 778 nobis
1067 735 1448 796 exposuerunt,
1474 724 1607 776 duas
1632 722 1683 775 in
1716 721 1772 774 S.
1800 722 2038 775 Ecclesia
2065 724 2201 780 vitas

640 816 925 884 designant
966 835 977 868 :
1022 814 1226 869 Martha
1266 813 1491 877 scilicet,
1536 814 1808 876 activam;
1844 812 2028 872 Maria,
2069 826 2198 866 con-

642 908 1022 975 templativam.
1068 906 1171 961 Ista
1230 904 1440 957 laborat
1482 904 1548 956 ad
1595 904 1895 957 exhibenda
1943 903 2197 971 indigenti

638 995 817 1047 onmia
840 993 1184 1046 hunianitatis
1205 991 1407 1057 oﬂicia;
1442 992 1527 1045 illa
1548 1003 1702 1045 vacat
1720 981 2194 1060 etviiletquoniam

639 1084 779 1135 Deus
808 1092 891 1136 est
913 1083 979 1135 δ’.
1008 1082 1109 1135 Ista
1137 1084 1281 1136 circa
1318 1083 1589 1136 exteriora
1623 1092 1957 1150 occupatur;
1992 1082 2079 1134 illa
2113 1080 2196 1133 in-

638 1173 832 1224 teriora
861 1171 1275 1241 contemplatur.
1315 1172 1470 1224 Sicut
1512 1183 1689 1223 autent
1738 1182 1910 1224 mater
1945 1169 1990 1201 “
2028 1170 2116 1224 Dei
2145 1178 2196 1231 et

633 1246 955 1330 singularis;
997 1261 1068 1315 ita
1096 1271 1152 1315 et
1182 1262 1403 1314 istarum
1438 1261 1667 1313 vitarnm
1696 1259 1937 1322 effectus,
1970 1275 2194 1329 quarum

635 1349 753 1405 istze
772 1353 887 1406 duae
912 1366 1126 1405 sorores
1154 1350 1197 1382 δ’
1231 1336 1409 1420 typum
1443 1357 1649 1416 tenent,
1683 1351 1734 1403 in
1762 1364 1824 1403 ea
1855 1350 2061 1404 exstitit
2080 1350 2196 1415 sit:-

633 1442 854 1512 gularis.
902 1443 1181 1511 Nunquam
1236 1442 1287 1495 in
1338 1442 1517 1511 aliqua
1563 1457 1816 1511 persona,
1864 1442 2072 1495 Martha
2120 1442 2197 1496 sic

630 1539 850 1597 operata
885 1539 1004 1594 est;
1041 1546 1314 1599 nunquam
1355 1528 1510 1593 alias,
1552 1531 1629 1584 sic
1667 1530 1830 1584 Maria
1867 1530 2197 1599 contempla-

2306 360 2524 412 fantiam
2556 361 2826 426 jacentcm
2860 366 2902 395 '"
2950 381 3052 418 non
3082 365 3253 419 solum
3287 368 3547 435 visitavit,
3576 377 3669 427 sed
3697 377 3849 431 etiam

2305 451 2599 504 balncando
2634 454 2700 516 ⁸⁸,
2739 456 2988 520 fovendo,
3030 456 3299 520 lenieudo,
3326 462 3583 525 gestando
3614 463 3852 532 frequen-
3886 476 3889 489 ‘

2306 543 2454 603 tavit,
2488 552 2544 594 ut
2575 544 2769 596 merito
2799 546 2863 598 de
2887 561 2946 600 ea
2975 546 3184 617 dicatur
3209 559 3223 598 :
3260 545 3433 615 Maria
3466 558 3638 600 autem
3667 565 3855 620 satage-

2302 632 2386 683 bat
2413 634 2548 684 circa
2572 632 2811 701 frequens
2838 636 3179 689 ministerium
3210 634 3361 705 (Luc.
3388 653 3441 699 x,
3468 636 3580 705 40).
3608 638 3854 705 Compre-

2303 721 2489 783 henso,
2533 730 2587 774 et
2620 723 2902 784 crncifiso.
2936 726 3086 791 quasi
3131 726 3181 779 iu
3222 741 3442 781 carcere
3464 728 3642 795 posito
3668 727 3853 791 adfuit,

2300 808 2435 861 sicut
2468 808 2726 881 scriptum
2753 818 2835 862 est
2867 823 2881 861 :
2920 810 3109 864 Stabat
3134 824 3303 865 autem
3325 814 3479 881 juxta
3507 828 3708 864 crucem
3732 812 3853 867 Jesu

2299 909 2462 949 mater
2488 878 2597 964 ejus
2628 896 2809 965 (Joan.
2843 914 2954 963 XIX,
2982 900 3096 959 25).
3129 901 3271 955 luter
3292 903 3406 954 hzec
3428 913 3603 955 autem
3626 902 3851 956 sollicita

2298 996 2435 1049 erat,
2463 995 2515 1037 et
2540 985 2870 1049 turbahatur,
2899 1003 3019 1040 cum
3046 989 3250 1057 fugeret
3278 991 3328 1042 in
3360 990 3652 1059 [Egyptum
3671 1006 3699 1043 a
3723 991 3855 1047 facie

2300 1074 2541 1139 llcrodis,
2567 1077 2654 1143 qui
2690 1092 2842 1129 suum
2873 1076 3030 1131 talem
3071 1080 3236 1133 tilium
3271 1080 3404 1134 adeo
3435 1084 3856 1149 persequebatur

2301 1173 2358 1216 ιιι
2384 1165 2581 1217 annuos
2610 1180 2705 1233 pro
2728 1181 2791 1219 co
2813 1172 3131 1236 suspectae,”
3161 1172 3333 1223 atatis
3357 1157 3550 1239 pueros
3569 1173 3855 1228 occideret.

2298 1254 2592 1318 Turbatur,
2624 1246 2745 1309 cum
2776 1255 2988 1312 Jndmos
3027 1244 3343 1313 insidiantes
3367 1269 3419 1314 ct
3449 1272 3675 1316 mortem
3705 1264 3752 1315 ei
3778 1270 3857 1316 tn-

2297 1342 2439 1396 ferrc
2461 1343 2503 1373 ⁶⁰
2523 1344 2800 1398 molientes
2823 1346 2863 1376 ‘"
2888 1355 3256 1415 cognosceret.
3280 1348 3360 1402 Ad
3379 1347 3622 1403 ultimum
3643 1350 3854 1405 turbata

2297 1442 2378 1487 est
2416 1435 2590 1500 valde,
2622 1446 2675 1489 ct
2694 1434 2848 1501 juxta
2883 1437 3149 1490 Simeonis
3187 1453 3367 1492 vorem
3403 1440 3467 1501 ",
3501 1456 3663 1507 suam-
3694 1442 3854 1510 ipsius

2297 1526 2527 1577 animam
2567 1527 2869 1593 pertransiit
2905 1525 3110 1595 gladius
3147 1526 3295 1596 (Luc.
3335 1544 3396 1593 ιι,
3426 1528 3539 1595 55),
3565 1544 3684 1581 cum
3713 1530 3859 1584 vide-

634 1620 763 1673 ιίοηί
811 1622 1039 1673 mem-il,
1097 1621 1382 1690 Νυιημηιηι
1419 1621 1463 1653 ιδ
1499 1622 1577 1675 sic
1610 1622 1766 1685 alias,
1798 1622 1881 1675 γρι
1926 1624 2061 1691 ηερε,
2109 1622 2191 1676 νει
2226 1607 2268 1665 Β
2300 1625 2379 1669 ret
2416 1632 2569 1669 suum
2603 1617 2760 1670 talem
2807 1618 2972 1670 tilium
3002 1618 3047 1648 ⁵³
3093 1620 3501 1687 comprehendi,
3540 1621 3715 1691 ligari,
3757 1620 3855 1673 ﬂa-

631 1709 744 1771 illa,
777 1714 914 1778 quod
963 1727 1114 1765 stnuu
1154 1722 1257 1776 est,
1307 1713 1571 1767 exhibuit.
1618 1711 1750 1767 Cum
1794 1712 2077 1771 Martham.
2114 1713 2195 1766 vel

595 1841 599 1845 .
631 1799 853 1873 Mariam
885 1804 1021 1864 dico,
1044 1818 1231 1856 carum
1258 1804 1305 1834 ⁸⁸
1339 1803 1642 1873 signiﬁcata
1674 1803 1930 1873 intelligo.
1960 1804 2063 1858 Sed
2083 1804 2192 1873 jam

628 1869 906 1946 videamus
935 1889 1203 1943 actionem
1238 1888 1396 1956 hujus
1426 1891 1679 1956 Marthae;
1715 1890 1911 1945 deinde
1938 1893 2194 1960 conjicia-

632 1988 751 2028 mus
776 1976 1283 2046 contemplationem
1306 1976 1467 2046 hujus
1486 1977 1687 2032 Marize.
1716 1978 1803 2042 Et,
1831 1987 1887 2031 ιιι
1910 1979 2119 2046 planius
2144 1980 2193 2034 id

631 2050 914 2129 faciamus,
942 2067 1067 2134 quid
1098 2066 1187 2120 alii
1213 2067 1475 2121 Martham
1500 2077 1832 2138 operantur;
1868 2071 2069 2137 etquid
2093 2071 2191 2124 ista

629 2163 850 2221 operata
888 2164 970 2208 est
1005 2156 1369 2210 conferamus.
1393 2156 1495 2210 Alii
1526 2157 1790 2225 hospitem
1818 2158 2111 2226 quemlibet
2137 2161 2189 2213 in

626 2239 785 2293 domo
819 2258 914 2295 sua
940 2245 1266 2313 suscipiunt;
1301 2246 1401 2299 ista
1429 2261 1533 2299 non
1570 2247 1885 2315 quemlibet,
1918 2248 2010 2301 sed
2068 2264 2190 2317 pro-

633 2330 810 2400 prium
844 2331 937 2386 Dci
979 2333 1192 2401 Filium,
1228 2336 1316 2404 qui
1349 2352 1452 2390 non
1489 2337 1641 2389 habet
1670 2337 1757 2389 ubi
1793 2348 1945 2405 caput
1978 2338 2188 2391 reclinet

629 2416 843 2487 (Matth.
876 2438 993 2485 vni,
1017 2421 1130 2491 20),
1156 2440 1259 2477 non
1285 2425 1339 2479 in
1362 2425 1544 2491 domo,
1574 2428 1665 2478 Sed
1692 2427 1744 2479 in
1771 2436 1924 2480 ulc-ro
1945 2427 2187 2495 suscipit.

628 2508 731 2560 Alii
766 2509 962 2562 nudum
992 2513 1287 2581 quemlibet
1330 2523 1481 2568 veste
1526 2516 1767 2569 mutabili
1802 2525 1964 2583 atque
2004 2532 2190 2570 corru-

630 2597 801 2661 ptibili
835 2599 1107 2653 undelibet
1132 2604 1425 2672 composita
1455 2603 1499 2635 "
1528 2605 1800 2673 operiunt,
1833 2606 1932 2660 ista
1962 2605 2189 2660 Verbum

632 2687 723 2740 Dei
772 2689 1166 2755 quo-.lannnodo
1201 2696 1401 2747 nudum
1438 2711 1603 2750 carne
1648 2696 1848 2759 induit;
1892 2700 2016 2749 dum
2048 2698 2186 2751 idem

591 2806 594 2809 η
629 2779 848 2853 verbum
889 2781 941 2834 in
983 2781 1167 2836 eadem
1204 2784 1411 2852 virgine
1434 2800 1650 2839 carnem
1685 2788 1734 2840 iu
1768 2789 1969 2841 unitate
1998 2788 2042 2819 ⁸⁸
2068 2804 2189 2857 per-

630 2859 776 2937 sena:
801 2870 1111 2937 assumpsit,
1142 2885 1261 2938 quae
1289 2872 1529 2942 siuelfiue
1555 2872 1600 2904 δ’
1629 2864 2077 2929 incommutabilis
2098 2887 2182 2930 at-

624 2970 730 3024 que
774 2957 1200 3027 incorruptibilis
1240 2964 1576 3030 permanebit
1624 2964 1690 3018 5°.
1736 2965 1834 3017 Alii
1895 2966 2185 3035 quemlibet

624 3047 951 3101 esurientem
1007 3051 1086 3103 vel
1135 3049 1406 3105 sitientem
1454 3053 1597 3117 cibo,
1652 3054 1731 3107 vel
1764 3066 1889 3122 pota
1931 3058 2183 3109 exteriori

632 3136 909 3202 reﬁciunt;
962 3138 1063 3193 ista
1104 3141 1374 3195 hominem
1421 3132 1586 3194 Deum
1634 3143 1674 3173 ⁵⁸
1712 3144 2021 3197 humanitus
2052 3145 2187 3197 indi—

628 3238 839 3294 gentem
864 3230 932 3292 ",
966 3246 1070 3297 non
1113 3232 1289 3286 solum
1318 3232 1673 3285 exterioribus
1701 3232 1837 3285 cibis
1869 3234 1946 3285 vel
1977 3234 2187 3301 [lttiiilth‘

629 3317 790 3382 pavit,
836 3318 1187 3373 verumetiam
1233 3320 1475 3373 interiori
1522 3337 1618 3374 suo
1657 3320 1701 3351 ⁸³
1750 3320 1883 3375 lacte
1915 3321 2062 3373 aluit.
2099 3321 2181 3395 Et,

628 3415 688 3457 ut
714 3407 948 3461 breviter
975 3408 1061 3460 illa
1091 3423 1183 3461 sex
1211 3410 1596 3463 misericordia:
1619 3425 1779 3478 opera
1811 3426 2189 3478 percnrranms

630 3510 749 3562 qum
792 3514 909 3550 cum
952 3499 1038 3551 uni
1090 3514 1155 3552 ex
1198 3500 1434 3553 minimis
1482 3502 1593 3554 suis
1630 3504 1762 3556 fiunt
1802 3501 1866 3563 ⁸⁸,
1918 3501 2053 3553 Deus
2084 3502 2185 3554 sibi

628 3582 767 3637 facta
797 3585 1113 3651 confitetur;
1142 3587 1239 3642 ista
1272 3602 1376 3641 non
1407 3589 1698 3657 quemlibet
1720 3603 1782 3642 cx
1812 3587 2063 3649 minimis,
2092 3589 2181 3642 sed

626 3687 893 3727 sumntum
929 3676 1019 3729 Dei
1053 3676 1245 3730 Filimn
1274 3677 1549 3747 hospitem
1571 3680 1621 3732 in
1663 3690 1815 3732 utero
1840 3676 2074 3745 suscepit
2112 3677 2177 3739 ⁸⁵,

624 3764 823 3815 nudum
861 3778 1022 3817 carne
1054 3766 1133 3818 vel
1165 3766 1326 3819 etiam
1357 3769 1548 3836 pannis
1586 3770 1813 3838 operuit,
1851 3768 2177 3823 esurientem

2296 1704 2500 1772 gellari,
2536 1706 2783 1773 conspui,
2819 1705 2989 1773 spinis
3024 1707 3299 1772 coronari,
3337 1708 3591 1775 derideri,
3621 1704 3858 1779 colaphi-

2296 1793 2430 1855 zari,
2456 1793 2717 1862 cruciligi,
2753 1795 2909 1858 mori,
2940 1795 3175 1863 sepeliri.
3225 1795 3375 1849 Unde
3399 1806 3451 1849 et
3473 1798 3619 1850 bene
3644 1797 3691 1851 ei
3722 1813 3854 1853 con-

2295 1872 2440 1951 gruit
2467 1880 2680 1951 “quod
2722 1884 2920 1936 dicitur
2950 1900 2963 1935 :
2999 1882 3230 1950 Martha,
3264 1883 3497 1946 Martha,
3530 1885 3754 1939 sollicita
3781 1904 3857 1953 es,

2295 1976 2341 2025 ‘cl
2389 1971 2616 2023 turbaris
2665 1986 2786 2039 erga
2830 1970 3054 2039 plurima
3106 1971 3258 2040 (Luc.
3305 1989 3359 2037 ιι,
3388 1972 3499 2041 Η).
3533 1973 3697 2028 Nenzo
3728 1989 3856 2030 Vero

2294 2048 2505 2114 dubitat
2532 2064 2671 2129 quod
2696 2062 2753 2113 Β.
2786 2061 2950 2114 Maria
2984 2062 3146 2115 filium
3179 2079 3333 2116 suum
3364 2065 3522 2117 vellet
3546 2064 3765 2119 liberari
3790 2066 3882 2120 de'

2293 2151 2436 2203 onmi
2466 2151 2826 2214 tribulatione.
2872 2162 2925 2207 et
2952 2153 3186 2222 scipsam
3231 2155 3282 2207 in
3312 2154 3355 2185 "
3384 2157 3787 2223 perturbatione
3813 2157 3855 2186 "‘

2305 2238 2546 2307 adjuvari
2571 2256 2599 2293 a
2650 2242 2951 2305 divinitate,
2975 2258 3133 2310 quam
3156 2245 3325 2298 cidem
3358 2246 3463 2298 tilio
3488 2261 3584 2298 suo
3612 2246 3786 2299 inesse
3812 2248 3853 2276 ⁸⁷

2293 2328 2495 2382 sciebat
2522 2343 2618 2396 per
2658 2330 2918 2383 tbeoriam
2956 2332 3021 2395 ⁸⁸,
3065 2347 3185 2400 quzc
3222 2342 3304 2385 est
3350 2349 3475 2402 pars
3508 2334 3705 2389 Marize.
3744 2336 3855 2389 lloc

2292 2429 2394 2482 est,
2429 2422 2569 2488 quod
2602 2420 2810 2475 Martha
2840 2425 3191 2490 conqueritur
3249 2427 3387 2492 quod
3423 2440 3539 2479 eam
3567 2442 3721 2481 soror
3759 2442 3855 2482 sua

2294 2511 2568 2577 reliquerit
2597 2511 2641 2542 ‘9
2672 2512 2839 2564 solam
2887 2514 3218 2577 ministrare,
3263 2526 3316 2567 et
3346 2516 3464 2584 ejus
3492 2509 3752 2571 auxilium
3802 2519 3853 2570 in

2294 2598 2594 2651 ministerio
2621 2600 2665 2629 ⁷⁰
2711 2598 2930 2667 ﬂagitat.
2965 2601 3086 2655 l~lzec
3130 2605 3193 2655 de
3231 2614 3381 2672 parte
3409 2604 3650 2659 Martiae.
3688 2606 3856 2659 Porro

2292 2687 2357 2739 de
2381 2698 2531 2755 parte
2554 2687 2753 2755 Marias,
2786 2706 2904 2758 quae
2928 2690 3128 2760 optima
3169 2694 3512 2760 prmdicatnr,
3542 2704 3742 2762 quanta
3774 2695 3853 2747 vel

2291 2778 2467 2845 qualis
2497 2778 2549 2832 in
2579 2778 2638 2833 B.
2670 2779 2833 2833 Maria
2881 2782 3060 2844 fuerit,
3102 2783 3223 2851 quis
3266 2784 3426 2851 digne
3474 2784 3767 2859 loquatur?
3796 2785 3853 2838 Si

2291 2865 2413 2917 talis
2462 2874 2565 2929 est,
2616 2875 2673 2918 ut
2729 2867 2982 2929 diximus,
3037 2868 3143 2922 imo
3186 2869 3307 2938 quia
3349 2870 3539 2923 metior
3576 2879 3850 2939 estquam

2287 2954 2534 3013 diximus,
2563 2955 2612 3006 in
2633 2956 2783 3007 beata
2801 2954 2963 3007 Maria
2983 2971 3108 3023 pars
3128 2955 3372 3020 Marthte,
3392 2974 3510 3027 qua:
3533 2967 3739 3011 tantmn
3761 2976 3788 3012 ιι
3808 2961 3849 2992 τ’

2291 3046 2513 3099 Domixo
2546 3061 2649 3098 non
2680 3045 2956 3109 laudatur,
2988 3047 3288 3105 sed,tamen
3328 3064 3431 3103 non
3467 3048 3807 3117 vituperatur
3835 3064 3851 3102 :

2288 3135 2462 3201 qualis
2484 3146 2567 3188 est
2595 3150 2739 3203 pars,
2758 3151 2917 3203 quam
2943 3136 3200 3205 optimam
3227 3137 3390 3190 Maria
3415 3139 3595 3207 elegit,
3630 3156 3750 3207 quae
3776 3142 3854 3196 sie

2289 3222 2557 3288 laudatur,
2592 3232 2648 3277 ut
2680 3226 2748 3277 ab
2768 3239 2831 3277 ea
2860 3240 2963 3279 non
2989 3224 3187 3279 adferri
3217 3225 3394 3295 (ibid.,
3421 3227 3509 3301 Η)
3546 3229 3758 3281 dicatur
3784 3231 3850 3283 7'.

2288 3313 2330 3369 Ο
2377 3330 2539 3383 quam
2586 3331 2778 3382 magna
2809 3315 3091 3370 multitudo
3122 3317 3420 3372 dulcedinis
3462 3319 3552 3372 Dei
3586 3319 3685 3371 fuit
3713 3321 3766 3353 ⁷³
3800 3322 3851 3375 in

2292 3405 2447 3458 beata
2484 3406 2720 3479 Virgine,
2764 3405 2977 3472 quando
3022 3405 3254 3472 Spiritus
3281 3416 3497 3460 sanctus
3534 3422 3696 3475 super
3728 3423 3850 3462 eam

2290 3498 2432 3549 venit
2476 3496 2548 3558 ",
2591 3506 2645 3549 et
2676 3497 2842 3548 virtus
2881 3495 3138 3549 Altissirni
3176 3496 3514 3551 obumbravit
3547 3497 3595 3552 ei
3624 3498 3781 3566 (Lar.
3810 3515 3847 3563 ι,

2285 3584 2397 3647 33),
2438 3595 2491 3639 et
2528 3586 2591 3638 dc
2620 3587 2805 3639 eodem
2836 3586 3035 3653 Spiritu
3076 3595 3260 3639 sancto
3294 3589 3537 3656 coacepit
3566 3590 3578 3641 !
3610 3590 3749 3653 Quid
3784 3590 3849 3641 de

2288 3675 2393 3729 Deo
2423 3691 2527 3728 non
2558 3676 2821 3744 sapiebat,
2852 3675 3027 3743 inqua
3059 3677 3317 3745 sapientia
3349 3677 3437 3730 Dei
3470 3678 3667 3732 latebat
3689 3681 3758 3742 "’,
3792 3688 3848 3734 et

2284 3767 2336 3818 in
2384 3765 2535 3833 cujus
2583 3774 2736 3819 utero
2766 3779 2958 3848 corpus
2985 3767 3085 3819 sibi
3116 3769 3334 3837 aptabat
3365 3768 3444 3821 ⁷⁸⁸2
3475 3768 3712 3824 Christus
3747 3779 3846 3834 est,
3914 3754 3927 3763 ’

1922 3903 2144 3958 νιιιιιθΕ
2187 3856 2579 3957 LECTiONES.

696 4034 737 4065 ιι
772 4031 930 4113 Sicut
964 4032 1152 4118 Patres
1195 4036 1362 4089 sancti
1409 4054 1503 4090 ms.
1568 4037 1719 4091 Carc.
1768 4036 1902 4090 sinu
1958 4038 2126 4118 sancti
2186 4034 2592 4118 l‘atreshnostri
2695 4034 2738 4064 “
2801 4034 3064 4118 Quoniam
3122 4035 3259 4116 Dens
3319 4045 3400 4090 est
3458 4054 3554 4090 ms.
3621 4036 3685 4091 E.
3730 4041 3840 4118 _lO.

623 4103 872 4171 quoniam
908 4105 1074 4172 gDeus
1140 4103 1307 4175 bonus
1362 4116 1417 4159 et
1479 4108 1647 4160 dulcis
1706 4117 1787 4160 est
1826 4124 1921 4160 ms.
1979 4106 2131 4160 Care.
2185 4123 2341 4175 quam
2392 4105 2529 4158 Dens
2585 4112 2667 4158 est
2710 4115 2734 4157 ιέ
2786 4104 2843 4163 η⁸³
2884 4103 3034 4156 Sicut
3094 4105 3234 4175 enim
3287 4118 3456 4160 mater
3507 4124 3635 4161 mss.
3698 4112 3840 4168 sicut

625 4184 807 4242 autem
871 4182 1044 4227 mater
1143 4173 1188 4203 “
1241 4175 1474 4240 Quarum
1533 4176 1646 4230 ista:
1708 4192 1920 4242 sorores
1985 4193 2108 4229 mss.
2170 4173 2405 4242 Quarum
2472 4176 2582 4226 istre
2637 4175 2753 4227 duce
2800 4188 3010 4227 sorores
3150 4173 3194 4204 ⁸⁸
3256 4175 3421 4242 Immo
3482 4176 3533 4228 in
3585 4180 3839 4237 omnibus

618 4240 879 4295 cdit.Col.
932 4243 1140 4320 orrtittit_
1224 4236 1279 4273 δ’δ’
1308 4246 1432 4298 Dico
1467 4287 1479 4308 ,
1520 4262 1703 4298 eorum
1764 4236 1890 4320 mss:
1937 4247 2092 4309 dico,
2131 4236 2334 4320 carum
2449 4242 2819 4320 “_Uudelihet
2874 4243 3179 4320 composita
3230 4236 3568 4320 urszbdarc.‘
3588 4247 3836 4305 videlicet

628 4314 924 4392 pomposita
982 4310 1046 4392 .‘3
1087 4311 1188 4392 llla_
1230 4314 1461 4367 Verbum
1519 4316 1607 4367 Dei
1666 4316 1715 4366 in
1773 4315 1954 4368 eadem
2010 4316 2247 4392 virginea
2306 4313 2560 4392 carnein
2625 4312 2825 4392 trinitate
2877 4329 2996 4390 mss.
3056 4311 3210 4392 Co_rb.
3266 4313 3490 4392 ξιξ-ειηει
3528 4312 3680 4370 Carc.
3731 4321 3834 4392 ista

629 4379 855 4435 Verbum
907 4381 993 4434 Dei
1051 4382 1278 4446 quodam
1335 4385 1489 4459 moto
1548 4385 1743 4459 nntium
1802 4399 1966 4459 earn.)
2023 4379 2218 4459 induit,
2274 4381 2611 4459 altum-idem
2662 4380 2906 4459 Verbum.
2942 4381 2989 4431 in
3041 4383 3225 4459 eadem
3287 4382 3742 4459 Virgitre‘carnem
3774 4389 3829 4442 in

632 4450 841 4503 unitate
865 4468 963 4502 ms.
994 4451 1115 4502 307.
1147 4461 1192 4502 ct
1225 4453 1349 4503 edit.
1380 4450 1492 4503 Col.
1526 4451 1676 4503 1576.
1710 4454 1809 4504 ista
1844 4453 2071 4504 Verbum
2104 4454 2153 4503 in
2189 4452 2378 4504 eadem
2405 4450 2621 4517 Virgine
2651 4464 2865 4501 carnem
2895 4450 2944 4501 in
2975 4450 3177 4504 unitate
3206 4468 3300 4503 ms.
3342 4451 3404 4503 E.
3457 4454 3538 4506 l0.
3579 4453 3664 4507 illa
3698 4456 3833 4511 Ver.

635 4518 759 4588 hum
793 4520 880 4571 Dei
920 4521 969 4571 in
1010 4521 1195 4572 eadem
1236 4520 1470 4588 Virgine,
1498 4521 1653 4571 salva
1673 4522 1789 4587 ejus
1821 4522 2142 4587 integritate,
2171 4522 2331 4574 homo
2360 4520 2578 4580 factum,
2605 4525 2818 4571 ca‘rnem
2846 4518 2895 4569 in
2928 4519 3127 4571 unitate
3199 4520 3243 4550 "
3274 4522 3401 4585 Qum
3430 4523 3545 4575 sine
3590 4524 3693 4576 line
3727 4542 3833 4579 mss

628 4586 908 4641 Carrasou.
939 4590 1060 4657 quia
1090 4592 1205 4642 sine
1235 4586 1349 4640 find
1409 4590 1451 4619 ⁸ο
1484 4586 1769 4643 Permanet
1799 4607 1917 4641 mss.
1936 4586 2276 4658 permanebit
2347 4590 2389 4619 ⁵¹
2428 4588 2527 4641 Ista
2563 4589 2725 4640 Deum
2755 4597 2805 4639 et
2832 4588 3098 4658 hominem
3142 4596 3291 4642 mss.‘
3328 4593 3599 4643 hominem
3665 4593 3831 4648 Deum

624 4656 671 4687 δ’
716 4659 1069 4710 llnmmitatis
1095 4658 1418 4725 indigentem
1450 4676 1571 4711 mss.
1608 4662 1733 4711 edit.
1765 4656 2022 4712 Colomct
2051 4657 2205 4711 Goth.
2237 4660 2539 4711 humanitus
2572 4658 2897 4727 indigentem
2924 4673 3018 4727 ms.
3054 4657 3266 4711 (furcas.
3310 4661 3540 4720 humana
3578 4660 3825 4727 indigen-

631 4736 733 4777 tem
805 4727 852 4757 ⁸³
893 4728 1132 4779 Interiori
1159 4724 1256 4780 suo
1302 4731 1426 4780 edit.
1457 4728 1569 4780 Col.
1602 4731 1735 4781 uteri
1763 4729 1842 4780 sui
1918 4729 1963 4759 ⁸³
2002 4728 2125 4783 Suis
2165 4728 2296 4782 fecit
2337 4745 2456 4779 mss.
2511 4727 2623 4779 suis
2662 4724 2791 4777 ﬁunt
2864 4726 2909 4755 ⁵³
2943 4724 3215 4793 llospitetn
3245 4730 3481 4795 suscepit
3527 4746 3621 4780 ms.
3669 4724 3827 4786 Care.

634 4796 891 4859 hospitem
919 4797 969 4847 in
998 4806 1147 4849 utero
1170 4798 1403 4863 suscepit
1474 4797 1519 4827 ”
1560 4797 1839 4875 Sitientem
1870 4799 2004 4852 lacte
2032 4800 2232 4875 potavit
2253 4814 2383 4875 ἠμί..
2404 4796 2686 4875 (ξιινσιιδοιι.
2722 4796 2907 4847 omittit
2972 4795 3023 4875 .5"
3150 4791 3417 4875 jacentétn
3445 4799 3567 4848 edit.
3597 4797 3708 4875 Col:
3741 4802 3831 4862 ul-

632 4865 754 4913 tima
784 4874 833 4913 et
860 4874 1065 4917 :etatem
1139 4866 1183 4935 F3
1204 4865 1524 4935 Balneando
1557 4883 1653 4919 ms.
1683 4866 1837 4919 Cave.
1885 4865 2177 4920 habitando
2251 4867 2295 4897 ⁵⁹
2325 4865 2529 4935 Multos
2558 4874 2816 4935 Suspectte
2839 4881 2933 4916 ms.
2962 4865 3025 4916 Ε.
3057 4867 3140 4918 10.
3176 4868 3499 4935 rnultnsApro
3528 4881 3591 4919 eo
3640 4865 3826 4935 stirpe-

630 4944 729 4984 eta:
804 4933 845 4961 °°
875 4934 1103 4984 Mortem
1139 4932 1334 4985 inferre
1357 4951 1455 4986 ms.
1488 4934 1639 4987 Carc.
1672 4948 1895 4988 mortem
1941 4938 1987 4989 ei
2022 4938 2163 4988 l'erre
2240 4936 2281 4966 ⁶¹
2320 4934 2592 4986 Mulientes
2630 4949 2726 4984 ms.
2780 4932 2931 4985 (λινε.
2976 4935 3214 4987 volentes
3287 4936 3328 4963 ⁶²
3367 4932 3523 4987 Juxta
3559 4932 3829 4990 Simeouis

635 5017 814 5051 vin-em
841 5018 963 5053 mss.
1012 5000 1078 5054 E.
1112 5002 1196 5055 10.
1227 5012 1272 5053 et
1306 5002 1455 5054 Carr.
1478 5002 1626 5068 juxta
1664 5004 1973 5060 Simeonem
2052 5005 2096 5036 ⁸³
2128 5004 2322 5056 Filium
2358 5004 2596 5074 “videret
2618 5018 2714 5074 ms.
2740 5002 3335 5074 tiara.lilintnviderit
3377 5004 3451 5074 f‘
3484 5004 3540 5056 Ei
3577 5010 3828 5074 congruit

632 5086 753 5120 mss.
786 5080 834 5121 et
866 5070 1064 5142 beneei
1098 5071 1341 5142 congruit
1414 5072 1455 5102 ⁸⁵
1500 5074 1560 5124 lit
1585 5075 1816 5142 seipsum
1852 5076 1901 5126 in
1929 5089 2057 5127 mss.
2088 5082 2133 5124 et
2172 5074 2313 5125 Etlit.
2346 5070 2458 5142 Cal.
2485 5083 2528 5123 et
2557 5069 2709 5142 Coth.
2751 5082 2804 5142 et
2859 5073 3087 5140 seipsam
3128 5072 3179 5123 in
3225 5089 3322 5142 ius.
3365 5070 3515 5125 Carr.
3561 5085 3615 5125 et
3662 5069 3716 5126 se
3771 5074 3823 5127 in

549 5136 551 5138 ’
631 5140 673 5167 ⁸⁸
714 5139 1118 5191 Ρω·ιιιι·ιι;ιιὶι)ιιο
1150 5136 1267 5190 mss.
1300 5140 1359 5192 E.
1392 5142 1472 5195 l0.
1500 5142 1621 5194 307.
1651 5136 1696 5195 ἐι
1727 5144 1875 5196 Care.
1909 5143 2216 5195 turbatione
2248 5158 2349 5193 ms.
2392 5141 2513 5193 596.
2550 5140 2887 5193 trilmlatione
2944 5136 3001 5172 ’⁸⁷
3044 5146 3211 5205 Lunam
3240 5141 3345 5193 tilio
3374 5158 3468 5193 sua
3493 5144 3664 5195 inesse
3688 5159 3817 5195 mss.

629 5223 784 5273 quam
817 5210 989 5260 cidem
1023 5209 1127 5261 tilio
1152 5210 1323 5261 inesse.
1348 5227 1441 5263 ms.
1497 5210 1646 5263 Carr.
1694 5229 1797 5280 qua
1829 5215 2001 5265 eidem
2038 5212 2143 5263 lilio
2188 5211 2390 5280 inessc__
2438 5210 2479 5244 ⁸⁸
2521 5210 2623 5261 Per
2650 5210 2951 5280 νῚῚιυυιίίιῖιι
2983 5227 3104 5280 ms._
3144 5210 3295 5261 (ἐτη-ε.
3351 5225 3444 5277 per
3492 5212 3809 5280 ’l'heoricarn

627 5278 671 5307 ‘9
714 5277 1004 5343 Reliqncrit
1032 5295 1125 5329 ms.
1158 5279 1305 5329 Curc.
1337 5294 1426 5331 sua
1462 5281 1675 5348 reliquit
1713 5276 1724 5280 ’
1747 5284 1791 5311 ⁷⁰
1819 5283 1871 5335 In
1902 5280 2319 5356 ministerioms.
2353 5278 2501 5356 Care.
2528 5279 2887 5356 n'rittisterittt_tt
2908 5280 3030 5356 edit.
3067 5276 3179 5329 Col.
3208 5280 3257 5331 in
3286 5282 3538 5356 tttvsterio
3611 5281 3651 5310 '“
3683 5279 3814 5356 Qua:

630 5358 803 5398 t:nnett
836 5362 863 5398 a
899 5364 992 5399 ms.
1056 5346 1207 5397 Carr.
1233 5362 1348 5413 qua:
1380 5346 1633 5401 tantunta
1664 5352 1787 5402 edit.
1812 5350 1922 5402 Col.
1958 5365 2075 5415 qua)
2101 5350 2310 5415 quidem
2338 5364 2364 5399 a
2439 5350 2483 5377 ⁷³
2524 5348 2634 5398 Non
2664 5346 2858 5397 auferri
2882 5347 3096 5415 dicatur
3125 5364 3245 5399 mss.
3286 5349 3495 5401 auferre
3536 5366 3637 5400 non
3666 5349 3815 5401 dice.

632 5424 716 5466 tur
788 5416 835 5445 ⁷³
875 5416 1174 5468 Dulcedinis
1205 5417 1295 5466 fuit
1330 5433 1448 5468 mss.
1498 5418 1789 5471 dulcedinis
1822 5421 1911 5471 Dei
1944 5414 2041 5471 l'uit
2116 5414 2159 5447 7‘
2188 5416 2356 5483 Super
2382 5432 2497 5468 eam
2536 5417 2677 5467 venit
2710 5432 2802 5465 ms.
2851 5414 3000 5466 Carr.
3030 5417 3080 5467 in
3109 5432 3223 5469 eam
3256 5420 3561 5483 supervenit
3635 5417 3680 5448 ⁷⁸
3708 5416 3814 5470 Sa-

633 5485 825 5550 pientia
858 5484 947 5538 Dei
978 5485 1173 5539 latebat
1199 5500 1293 5537 ms.
1320 5484 1470 5537 Cum
1504 5488 1759 5554 sapientia
1790 5488 1993 5541 latebat
2072 5487 2117 5517 ⁷⁸
2158 5487 2268 5539 Sibi
2302 5488 2517 5553 aptabat
2551 5502 2643 5537 ms.
2699 5484 2848 5534 (ἔατε.
2881 5484 2975 5537 sibi
3024 5486 3307 5554 co-tptabat
