  <div class='ocr_page' id='page_1' title='image "/cluster/home/n/w/nwhite01/storage/ocr_20150623/158/uva.x000829800/328.png"; bbox 0 0 4190 6222; ppageno 0'>
   <div class='ocr_carea' id='block_1_1' title="bbox 457 229 562 289">
    <p class='ocr_par' dir='ltr' id='par_1_1' title="bbox 457 229 562 289">
     <span class='ocr_line' id='line_1_1' title="bbox 457 229 562 289; baseline -0.029 0"><span class='ocrx_word' id='word_1_1' title='bbox 457 229 562 289; x_wconf 64' lang='grc'><strong>649</strong></span> 
     </span>
    </p>
   </div>
   <div class='ocr_carea' id='block_1_2' title="bbox 1563 208 2610 276">
    <p class='ocr_par' dir='ltr' id='par_1_2' title="bbox 1563 208 2610 276">
     <span class='ocr_line' id='line_1_2' title="bbox 1563 208 2610 276; baseline -0.011 1"><span class='ocrx_word' id='word_1_2' title='bbox 1563 218 1867 276; x_wconf 64' lang='grc' dir='ltr'><strong>ηοωιυε</strong></span> <span class='ocrx_word' id='word_1_3' title='bbox 1899 216 1983 272; x_wconf 82' lang='lat' dir='ltr'><strong>ET</strong></span> <span class='ocrx_word' id='word_1_4' title='bbox 2016 208 2610 273; x_wconf 75' lang='lat' dir='ltr'><strong>EXHORTATIONES.</strong></span> 
     </span>
    </p>
   </div>
   <div class='ocr_carea' id='block_1_3' title="bbox 3592 204 3702 265">
    <p class='ocr_par' dir='ltr' id='par_1_3' title="bbox 3592 204 3702 265">
     <span class='ocr_line' id='line_1_3' title="bbox 3592 204 3702 265; baseline 0.018 -1"><span class='ocrx_word' id='word_1_5' title='bbox 3592 204 3702 265; x_wconf 79' lang='lat'><strong>650</strong></span> 
     </span>
    </p>
   </div>
   <div class='ocr_carea' id='block_1_4' title="bbox 456 315 3700 415">
    <p class='ocr_par' dir='ltr' id='par_1_4' title="bbox 456 315 3700 415">
     <span class='ocr_line' id='line_1_4' title="bbox 456 315 3700 415; baseline -0.003 -34"><span class='ocrx_word' id='word_1_6' title='bbox 456 348 531 403; x_wconf 62' lang='grc' dir='ltr'><strong>,ει</strong></span> <span class='ocrx_word' id='word_1_7' title='bbox 551 347 599 381; x_wconf 71' lang='grc' dir='ltr'><strong>ιτ</strong></span> <span class='ocrx_word' id='word_1_8' title='bbox 617 343 922 415; x_wconf 57' lang='lat' dir='ltr'><strong>Apostolus,</strong></span> <span class='ocrx_word' id='word_1_9' title='bbox 946 342 1041 396; x_wconf 67' lang='lat' dir='ltr'><strong>De;</strong></span> <span class='ocrx_word' id='word_1_10' title='bbox 1067 340 1253 404; x_wconf 63' lang='lat' dir='ltr'><strong>vim“,</strong></span> <span class='ocrx_word' id='word_1_11' title='bbox 1290 350 1336 393; x_wconf 76' lang='grc' dir='ltr'><strong>ιι</strong></span> <span class='ocrx_word' id='word_1_12' title='bbox 1363 337 1455 391; x_wconf 70' lang='lat' dir='ltr'><strong>De:</strong></span> <span class='ocrx_word' id='word_1_13' title='bbox 1474 338 1728 405; x_wconf 71' lang='lat' dir='ltr'><strong>sapientia</strong></span> <span class='ocrx_word' id='word_1_14' title='bbox 1760 334 1810 405; x_wconf 84' lang='grc'><strong>(1</strong></span> <span class='ocrx_word' id='word_1_15' title='bbox 1834 335 1955 388; x_wconf 86' lang='lat' dir='ltr'><strong>Cor.</strong></span> <span class='ocrx_word' id='word_1_16' title='bbox 1983 349 2023 397; x_wconf 82' lang='grc' dir='ltr'><strong>ι,</strong></span> <span class='ocrx_word' id='word_1_17' title='bbox 2046 330 2100 391; x_wconf 70' lang='grc' dir='ltr'><strong>,Α</strong></span> <span class='ocrx_word' id='word_1_18' title='bbox 2127 332 2440 380; x_wconf 86' lang='lat' dir='ltr'><strong>noscuntur.</strong></span> <span class='ocrx_word' id='word_1_19' title='bbox 2462 323 2619 415; x_wconf 33' lang='lat' dir='ltr'><strong>Aliam</strong></span> <span class='ocrx_word' id='word_1_20' title='bbox 2644 315 2938 415; x_wconf 68' lang='lat' dir='ltr'><strong>Pharism</strong></span> <span class='ocrx_word' id='word_1_21' title='bbox 2977 318 3065 387; x_wconf 89' lang='lat' dir='ltr'><strong>qui</strong></span> <span class='ocrx_word' id='word_1_22' title='bbox 3083 317 3519 415; x_wconf 61' lang='lat' dir='ltr'><strong>interpretantur</strong></span> <span class='ocrx_word' id='word_1_23' title='bbox 3542 318 3700 383; x_wconf 82' lang='lat' dir='ltr'><strong>divis,</strong></span> 
     </span>
    </p>
   </div>
   <div class='ocr_carea' id='block_1_5' title="bbox 456 425 2028 504">
    <p class='ocr_par' dir='ltr' id='par_1_5' title="bbox 456 425 2028 504">
     <span class='ocr_line' id='line_1_5' title="bbox 456 425 2028 504; baseline -0.009 -13"><span class='ocrx_word' id='word_1_24' title='bbox 456 433 551 504; x_wconf 61' lang='grc' dir='ltr'><strong>ει)</strong></span> <span class='ocrx_word' id='word_1_25' title='bbox 578 453 591 488; x_wconf 91' lang='lat'><strong>:</strong></span> <span class='ocrx_word' id='word_1_26' title='bbox 622 445 675 490; x_wconf 92' lang='lat' dir='ltr'><strong>et</strong></span> <span class='ocrx_word' id='word_1_27' title='bbox 703 432 773 487; x_wconf 84' lang='lat' dir='ltr'><strong>In</strong></span> <span class='ocrx_word' id='word_1_28' title='bbox 796 448 861 486; x_wconf 88' lang='lat' dir='ltr'><strong>eo</strong></span> <span class='ocrx_word' id='word_1_29' title='bbox 885 442 1005 486; x_wconf 84' lang='lat' dir='ltr'><strong>sunt</strong></span> <span class='ocrx_word' id='word_1_30' title='bbox 1036 447 1211 485; x_wconf 77' lang='lat' dir='ltr'><strong>omnes</strong></span> <span class='ocrx_word' id='word_1_31' title='bbox 1245 429 1474 482; x_wconf 80' lang='lat' dir='ltr'><strong>thesauri</strong></span> <span class='ocrx_word' id='word_1_32' title='bbox 1499 428 1765 495; x_wconf 68' lang='lat' dir='ltr'><strong>sapientia</strong></span> <span class='ocrx_word' id='word_1_33' title='bbox 1788 436 1835 478; x_wconf 89' lang='lat' dir='ltr'><strong>et</strong></span> <span class='ocrx_word' id='word_1_34' title='bbox 1861 425 2028 479; x_wconf 65' lang='lat' dir='ltr'><strong>scieno</strong></span> 
     </span>
    </p>
   </div>
   <div class='ocr_carea' id='block_1_6' title="bbox 458 513 2023 595">
    <p class='ocr_par' dir='ltr' id='par_1_6' title="bbox 458 513 2023 595">
     <span class='ocr_line' id='line_1_6' title="bbox 458 513 2023 595; baseline -0.008 -15"><span class='ocrx_word' id='word_1_35' title='bbox 458 527 545 580; x_wconf 79' lang='lat' dir='ltr'><strong>tice</strong></span> <span class='ocrx_word' id='word_1_36' title='bbox 570 524 856 579; x_wconf 81' lang='lat' dir='ltr'><strong>absconditi</strong></span> <span class='ocrx_word' id='word_1_37' title='bbox 876 521 1099 595; x_wconf 79' lang='lat' dir='ltr'><strong>(Coloss.</strong></span> <span class='ocrx_word' id='word_1_38' title='bbox 1122 536 1184 585; x_wconf 83' lang='lat' dir='ltr'><strong>ll,</strong></span> <span class='ocrx_word' id='word_1_39' title='bbox 1201 521 1280 588; x_wconf 80' lang='lat'><strong>3),</strong></span> <span class='ocrx_word' id='word_1_40' title='bbox 1298 519 1543 574; x_wconf 82' lang='lat' dir='ltr'><strong>Christus</strong></span> <span class='ocrx_word' id='word_1_41' title='bbox 1564 526 1742 571; x_wconf 87' lang='lat' dir='ltr'><strong>autem</strong></span> <span class='ocrx_word' id='word_1_42' title='bbox 1761 517 1811 568; x_wconf 93' lang='lat' dir='ltr'><strong>in</strong></span> <span class='ocrx_word' id='word_1_43' title='bbox 1836 513 2023 568; x_wconf 83' lang='lat' dir='ltr'><strong>Maria.</strong></span> 
     </span>
    </p>
   </div>
   <div class='ocr_carea' id='block_1_7' title="bbox 459 604 2026 683">
    <p class='ocr_par' dir='ltr' id='par_1_7' title="bbox 459 604 2026 683">
     <span class='ocr_line' id='line_1_7' title="bbox 459 604 2026 683; baseline -0.008 -14"><span class='ocrx_word' id='word_1_44' title='bbox 459 615 599 683; x_wconf 79' lang='lat' dir='ltr'><strong>Ergo</strong></span> <span class='ocrx_word' id='word_1_45' title='bbox 631 614 721 668; x_wconf 85' lang='lat' dir='ltr'><strong>Dei</strong></span> <span class='ocrx_word' id='word_1_46' title='bbox 746 613 918 667; x_wconf 90' lang='lat' dir='ltr'><strong>virtus</strong></span> <span class='ocrx_word' id='word_1_47' title='bbox 947 620 1001 665; x_wconf 90' lang='lat' dir='ltr'><strong>et</strong></span> <span class='ocrx_word' id='word_1_48' title='bbox 1034 610 1128 665; x_wconf 85' lang='lat' dir='ltr'><strong>Dei</strong></span> <span class='ocrx_word' id='word_1_49' title='bbox 1160 609 1452 678; x_wconf 85' lang='lat' dir='ltr'><strong>sapientia,</strong></span> <span class='ocrx_word' id='word_1_50' title='bbox 1490 617 1544 661; x_wconf 92' lang='lat' dir='ltr'><strong>et</strong></span> <span class='ocrx_word' id='word_1_51' title='bbox 1572 622 1760 661; x_wconf 84' lang='lat' dir='ltr'><strong>omnes</strong></span> <span class='ocrx_word' id='word_1_52' title='bbox 1787 604 2026 658; x_wconf 88' lang='lat' dir='ltr'><strong>thesauri</strong></span> 
     </span>
    </p>
   </div>
   <div class='ocr_carea' id='block_1_8' title="bbox 459 695 2026 771">
    <p class='ocr_par' dir='ltr' id='par_1_8' title="bbox 459 695 2026 771">
     <span class='ocr_line' id='line_1_8' title="bbox 459 695 2026 771; baseline -0.006 -16"><span class='ocrx_word' id='word_1_53' title='bbox 459 702 739 771; x_wconf 76' lang='lat' dir='ltr'><strong>sapientiae</strong></span> <span class='ocrx_word' id='word_1_54' title='bbox 767 709 822 755; x_wconf 89' lang='lat' dir='ltr'><strong>et</strong></span> <span class='ocrx_word' id='word_1_55' title='bbox 847 699 1085 754; x_wconf 76' lang='lat' dir='ltr'><strong>scientiae</strong></span> <span class='ocrx_word' id='word_1_56' title='bbox 1127 698 1180 751; x_wconf 93' lang='lat' dir='ltr'><strong>in</strong></span> <span class='ocrx_word' id='word_1_57' title='bbox 1217 696 1383 751; x_wconf 82' lang='lat' dir='ltr'><strong>Maria</strong></span> <span class='ocrx_word' id='word_1_58' title='bbox 1417 696 1485 749; x_wconf 77' lang='grc'><strong>⁷⁸.</strong></span> <span class='ocrx_word' id='word_1_59' title='bbox 1518 695 1641 749; x_wconf 78' lang='lat' dir='ltr'><strong>llzec</strong></span> <span class='ocrx_word' id='word_1_60' title='bbox 1672 710 1779 747; x_wconf 90' lang='lat' dir='ltr'><strong>non</strong></span> <span class='ocrx_word' id='word_1_61' title='bbox 1818 701 2026 745; x_wconf 84' lang='lat' dir='ltr'><strong>tantum</strong></span> 
     </span>
    </p>
   </div>
   <div class='ocr_carea' id='block_1_9' title="bbox 460 780 2027 857">
    <p class='ocr_par' dir='ltr' id='par_1_9' title="bbox 460 780 2027 857">
     <span class='ocr_line' id='line_1_9' title="bbox 460 780 2027 857; baseline -0.008 -14"><span class='ocrx_word' id='word_1_62' title='bbox 460 791 526 843; x_wconf 87' lang='lat' dir='ltr'><strong>ad</strong></span> <span class='ocrx_word' id='word_1_63' title='bbox 558 789 740 857; x_wconf 85' lang='lat' dir='ltr'><strong>pedes,</strong></span> <span class='ocrx_word' id='word_1_64' title='bbox 768 788 860 842; x_wconf 88' lang='lat' dir='ltr'><strong>sed</strong></span> <span class='ocrx_word' id='word_1_65' title='bbox 888 787 1049 841; x_wconf 88' lang='lat' dir='ltr'><strong>etiam</strong></span> <span class='ocrx_word' id='word_1_66' title='bbox 1077 786 1142 840; x_wconf 89' lang='lat' dir='ltr'><strong>ad</strong></span> <span class='ocrx_word' id='word_1_67' title='bbox 1173 793 1335 854; x_wconf 90' lang='lat' dir='ltr'><strong>caput</strong></span> <span class='ocrx_word' id='word_1_68' title='bbox 1376 783 1587 837; x_wconf 91' lang='lat' dir='ltr'><strong>Domini</strong></span> <span class='ocrx_word' id='word_1_69' title='bbox 1615 782 1812 836; x_wconf 86' lang='lat' dir='ltr'><strong>sedens</strong></span> <span class='ocrx_word' id='word_1_70' title='bbox 1838 780 2027 832; x_wconf 85' lang='lat' dir='ltr'><strong>audie-</strong></span> 
     </span>
    </p>
   </div>
   <div class='ocr_carea' id='block_1_10' title="bbox 380 871 2028 944">
    <p class='ocr_par' dir='ltr' id='par_1_10' title="bbox 380 871 2028 944">
     <span class='ocr_line' id='line_1_10' title="bbox 380 871 2028 944; baseline -0.004 -13"><span class='ocrx_word' id='word_1_71' title='bbox 380 898 387 904; x_wconf 64' lang='grc' dir='ltr'><em>ι</em></span> <span class='ocrx_word' id='word_1_72' title='bbox 461 876 553 930; x_wconf 83' lang='lat' dir='ltr'><strong>bat</strong></span> <span class='ocrx_word' id='word_1_73' title='bbox 582 878 805 930; x_wconf 84' lang='lat' dir='ltr'><strong>verbum</strong></span> <span class='ocrx_word' id='word_1_74' title='bbox 829 892 896 929; x_wconf 79' lang='lat' dir='ltr'><strong>ex</strong></span> <span class='ocrx_word' id='word_1_75' title='bbox 923 890 1016 929; x_wconf 90' lang='lat' dir='ltr'><strong>ore</strong></span> <span class='ocrx_word' id='word_1_76' title='bbox 1042 876 1089 908; x_wconf 78' lang='grc' dir='ltr'><strong>τ’</strong></span> <span class='ocrx_word' id='word_1_77' title='bbox 1116 874 1253 944; x_wconf 88' lang='lat' dir='ltr'><strong>ejus.</strong></span> <span class='ocrx_word' id='word_1_78' title='bbox 1296 873 1420 928; x_wconf 66' lang='lat' dir='ltr'><strong>llaec</strong></span> <span class='ocrx_word' id='word_1_79' title='bbox 1459 874 1818 929; x_wconf 90' lang='lat' dir='ltr'><strong>conservabat</strong></span> <span class='ocrx_word' id='word_1_80' title='bbox 1846 871 2028 924; x_wconf 90' lang='lat' dir='ltr'><strong>omnia</strong></span> 
     </span>
    </p>
   </div>
   <div class='ocr_carea' id='block_1_11' title="bbox 460 966 2028 1035">
    <p class='ocr_par' dir='ltr' id='par_1_11' title="bbox 460 966 2028 1035">
     <span class='ocr_line' id='line_1_11' title="bbox 460 966 2028 1035; baseline -0.001 -18"><span class='ocrx_word' id='word_1_81' title='bbox 460 966 505 998; x_wconf 75' lang='grc'>⁸⁸</span> <span class='ocrx_word' id='word_1_82' title='bbox 538 967 699 1021; x_wconf 77' lang='lat' dir='ltr'><strong>verba</strong></span> <span class='ocrx_word' id='word_1_83' title='bbox 740 966 1074 1035; x_wconf 75' lang='lat' dir='ltr'><strong>angelorum,</strong></span> <span class='ocrx_word' id='word_1_84' title='bbox 1112 974 1410 1034; x_wconf 88' lang='lat' dir='ltr'><strong>pastorum,</strong></span> <span class='ocrx_word' id='word_1_85' title='bbox 1446 978 1748 1033; x_wconf 79' lang='lat' dir='ltr'><strong>magorum,</strong></span> <span class='ocrx_word' id='word_1_86' title='bbox 1794 976 1893 1016; x_wconf 92' lang='lat' dir='ltr'><strong>nec</strong></span> <span class='ocrx_word' id='word_1_87' title='bbox 1921 977 2028 1015; x_wconf 92' lang='lat' dir='ltr'><strong>non</strong></span> 
     </span>
    </p>
   </div>
   <div class='ocr_carea' id='block_1_12' title="bbox 465 1050 2025 1124">
    <p class='ocr_par' dir='ltr' id='par_1_12' title="bbox 465 1050 2025 1124">
     <span class='ocr_line' id='line_1_12' title="bbox 465 1050 2025 1124; baseline -0.004 -15"><span class='ocrx_word' id='word_1_88' title='bbox 465 1056 637 1124; x_wconf 83' lang='lat' dir='ltr'><strong>ipsius</strong></span> <span class='ocrx_word' id='word_1_89' title='bbox 668 1055 759 1109; x_wconf 83' lang='lat' dir='ltr'><strong>lilii</strong></span> <span class='ocrx_word' id='word_1_90' title='bbox 793 1056 898 1119; x_wconf 89' lang='lat' dir='ltr'><strong>sui,</strong></span> <span class='ocrx_word' id='word_1_91' title='bbox 926 1054 1212 1109; x_wconf 80' lang='lat' dir='ltr'><strong>conferens</strong></span> <span class='ocrx_word' id='word_1_92' title='bbox 1238 1054 1290 1108; x_wconf 91' lang='lat' dir='ltr'><strong>in</strong></span> <span class='ocrx_word' id='word_1_93' title='bbox 1327 1052 1489 1108; x_wconf 84' lang='lat' dir='ltr'><strong>corde</strong></span> <span class='ocrx_word' id='word_1_94' title='bbox 1521 1066 1619 1105; x_wconf 88' lang='lat' dir='ltr'><strong>suo</strong></span> <span class='ocrx_word' id='word_1_95' title='bbox 1649 1051 1800 1120; x_wconf 82' lang='lat' dir='ltr'><strong>(Luc.</strong></span> <span class='ocrx_word' id='word_1_96' title='bbox 1826 1066 1887 1112; x_wconf 81' lang='grc' dir='ltr'><strong>ιι,</strong></span> <span class='ocrx_word' id='word_1_97' title='bbox 1917 1050 2025 1120; x_wconf 83' lang='grc'><strong>19).</strong></span> 
     </span>
    </p>
   </div>
   <div class='ocr_carea' id='block_1_13' title="bbox 462 1142 2031 1216">
    <p class='ocr_par' dir='ltr' id='par_1_13' title="bbox 462 1142 2031 1216">
     <span class='ocr_line' id='line_1_13' title="bbox 462 1142 2031 1216; baseline -0.004 -15"><span class='ocrx_word' id='word_1_98' title='bbox 462 1147 631 1201; x_wconf 79' lang='lat' dir='ltr'><strong>Nemo</strong></span> <span class='ocrx_word' id='word_1_99' title='bbox 663 1163 897 1216; x_wconf 82' lang='lat' dir='ltr'><strong>unquam</strong></span> <span class='ocrx_word' id='word_1_100' title='bbox 949 1147 1089 1202; x_wconf 89' lang='lat' dir='ltr'><strong>sicut</strong></span> <span class='ocrx_word' id='word_1_101' title='bbox 1124 1146 1234 1214; x_wconf 89' lang='lat' dir='ltr'><strong>ipsa</strong></span> <span class='ocrx_word' id='word_1_102' title='bbox 1263 1144 1499 1215; x_wconf 74' lang='lat' dir='ltr'><strong>gustavit</strong></span> <span class='ocrx_word' id='word_1_103' title='bbox 1536 1146 1708 1211; x_wconf 87' lang='lat' dir='ltr'><strong>qna&#39;m_</strong></span> <span class='ocrx_word' id='word_1_104' title='bbox 1739 1142 1919 1196; x_wconf 89' lang='lat' dir='ltr'><strong>suavis</strong></span> <span class='ocrx_word' id='word_1_105' title='bbox 1948 1148 2031 1195; x_wconf 82' lang='lat' dir='ltr'><strong>cst</strong></span> 
     </span>
    </p>
   </div>
   <div class='ocr_carea' id='block_1_14' title="bbox 462 1233 2030 1305">
    <p class='ocr_par' dir='ltr' id='par_1_14' title="bbox 462 1233 2030 1305">
     <span class='ocr_line' id='line_1_14' title="bbox 462 1233 2030 1305; baseline -0.002 -15"><span class='ocrx_word' id='word_1_106' title='bbox 462 1235 729 1299; x_wconf 83' lang='lat' dir='ltr'><strong>Dominus</strong></span> <span class='ocrx_word' id='word_1_107' title='bbox 749 1233 920 1305; x_wconf 83' lang='lat' dir='ltr'><strong>(Psni.</strong></span> <span class='ocrx_word' id='word_1_108' title='bbox 956 1251 1144 1297; x_wconf 71' lang='lat' dir='ltr'><strong>sxxrtl,</strong></span> <span class='ocrx_word' id='word_1_109' title='bbox 1179 1234 1258 1303; x_wconf 87' lang='lat'><strong>9).</strong></span> <span class='ocrx_word' id='word_1_110' title='bbox 1287 1233 1664 1288; x_wconf 79' lang='lat' dir='ltr'><strong>lnébriabatur</strong></span> <span class='ocrx_word' id='word_1_111' title='bbox 1685 1234 1753 1285; x_wconf 89' lang='lat' dir='ltr'><strong>ab</strong></span> <span class='ocrx_word' id='word_1_112' title='bbox 1785 1234 2030 1287; x_wconf 81' lang='lat' dir='ltr'><strong>ubertate</strong></span> 
     </span>
    </p>
   </div>
   <div class='ocr_carea' id='block_1_15' title="bbox 364 1322 2031 1407">
    <p class='ocr_par' dir='ltr' id='par_1_15' title="bbox 364 1322 2031 1407">
     <span class='ocr_line' id='line_1_15' title="bbox 364 1322 2031 1407; baseline -0.001 -28"><span class='ocrx_word' id='word_1_113' title='bbox 364 1374 373 1379; x_wconf 91' lang='lat'><strong>-</strong></span> <span class='ocrx_word' id='word_1_114' title='bbox 461 1332 652 1379; x_wconf 61' lang='lat' dir='ltr'><strong>«minus</strong></span> <span class='ocrx_word' id='word_1_115' title='bbox 685 1324 800 1390; x_wconf 83' lang='lat' dir='ltr'><strong>Dei,</strong></span> <span class='ocrx_word' id='word_1_116' title='bbox 841 1334 900 1381; x_wconf 87' lang='lat' dir='ltr'><strong>et</strong></span> <span class='ocrx_word' id='word_1_117' title='bbox 941 1334 1181 1381; x_wconf 79' lang='lat' dir='ltr'><strong>torrente</strong></span> <span class='ocrx_word' id='word_1_118' title='bbox 1202 1324 1490 1397; x_wconf 74' lang='lat' dir='ltr'><strong>voluptatis</strong></span> <span class='ocrx_word' id='word_1_119' title='bbox 1511 1322 1693 1407; x_wconf 51' lang='lat' dir='ltr'><strong>ejusf‘</strong></span> <span class='ocrx_word' id='word_1_120' title='bbox 1744 1324 2031 1392; x_wconf 80' lang='lat' dir='ltr'><strong>palabatur</strong></span> 
     </span>
    </p>
   </div>
   <div class='ocr_carea' id='block_1_16' title="bbox 462 1411 2026 1484">
    <p class='ocr_par' dir='ltr' id='par_1_16' title="bbox 462 1411 2026 1484">
     <span class='ocr_line' id='line_1_16' title="bbox 462 1411 2026 1484; baseline 0.001 -19"><span class='ocrx_word' id='word_1_121' title='bbox 462 1411 633 1479; x_wconf 82' lang='lat' dir='ltr'><strong>(Psal.</strong></span> <span class='ocrx_word' id='word_1_122' title='bbox 667 1430 841 1482; x_wconf 78' lang='lat' dir='ltr'><strong>xxxv,</strong></span> <span class='ocrx_word' id='word_1_123' title='bbox 882 1414 958 1483; x_wconf 87' lang='lat'><strong>9).</strong></span> <span class='ocrx_word' id='word_1_124' title='bbox 1022 1414 1133 1470; x_wconf 80' lang='lat' dir='ltr'><strong>Nec</strong></span> <span class='ocrx_word' id='word_1_125' title='bbox 1156 1414 1387 1477; x_wconf 85' lang='lat' dir='ltr'><strong>mirum;</strong></span> <span class='ocrx_word' id='word_1_126' title='bbox 1421 1414 1675 1482; x_wconf 87' lang='lat' dir='ltr'><strong>quoniam</strong></span> <span class='ocrx_word' id='word_1_127' title='bbox 1696 1415 1844 1484; x_wconf 73' lang='lat' dir='ltr'><strong>apud</strong></span> <span class='ocrx_word' id='word_1_128' title='bbox 1883 1428 2026 1479; x_wconf 85' lang='lat' dir='ltr'><strong>eam,</strong></span> 
     </span>
    </p>
   </div>
   <div class='ocr_carea' id='block_1_17' title="bbox 463 1498 2030 1572">
    <p class='ocr_par' dir='ltr' id='par_1_17' title="bbox 463 1498 2030 1572">
     <span class='ocr_line' id='line_1_17' title="bbox 463 1498 2030 1572; baseline 0.003 -19"><span class='ocrx_word' id='word_1_129' title='bbox 463 1498 573 1553; x_wconf 89' lang='lat' dir='ltr'><strong>imo</strong></span> <span class='ocrx_word' id='word_1_130' title='bbox 614 1501 753 1557; x_wconf 81' lang='lat' dir='ltr'><strong>intra</strong></span> <span class='ocrx_word' id='word_1_131' title='bbox 794 1516 914 1556; x_wconf 86' lang='lat' dir='ltr'><strong>eam</strong></span> <span class='ocrx_word' id='word_1_132' title='bbox 960 1510 1081 1557; x_wconf 84' lang='lat' dir='ltr'><strong>erat</strong></span> <span class='ocrx_word' id='word_1_133' title='bbox 1117 1500 1240 1567; x_wconf 74' lang='lat' dir='ltr'><strong>fons</strong></span> <span class='ocrx_word' id='word_1_134' title='bbox 1278 1502 1402 1557; x_wconf 76' lang='lat' dir='ltr'><strong>vita:</strong></span> <span class='ocrx_word' id='word_1_135' title='bbox 1441 1501 1630 1570; x_wconf 80' lang='lat' dir='ltr'><strong>(lbid.,</strong></span> <span class='ocrx_word' id='word_1_136' title='bbox 1675 1502 1785 1572; x_wconf 77' lang='lat' dir='ltr'><strong>i0),</strong></span> <span class='ocrx_word' id='word_1_137' title='bbox 1829 1505 1895 1556; x_wconf 81' lang='lat' dir='ltr'><strong>de</strong></span> <span class='ocrx_word' id='word_1_138' title='bbox 1921 1519 2030 1572; x_wconf 86' lang='lat' dir='ltr'><strong>quo</strong></span> 
     </span>
    </p>
   </div>
   <div class='ocr_carea' id='block_1_18' title="bbox 414 1585 2025 1662">
    <p class='ocr_par' dir='ltr' id='par_1_18' title="bbox 414 1585 2025 1662">
     <span class='ocr_line' id='line_1_18' title="bbox 414 1585 2025 1662; baseline 0.003 -20"><span class='ocrx_word' id='word_1_139' title='bbox 414 1598 427 1610; x_wconf 87' lang='lat'>&#39;</span> <span class='ocrx_word' id='word_1_140' title='bbox 465 1588 725 1643; x_wconf 78' lang='lat' dir='ltr'><strong>manabat</strong></span> <span class='ocrx_word' id='word_1_141' title='bbox 763 1596 956 1644; x_wconf 80' lang='lat' dir='ltr'><strong>cuneta</strong></span> <span class='ocrx_word' id='word_1_142' title='bbox 992 1591 1251 1658; x_wconf 72' lang='lat' dir='ltr'><strong>perfectio</strong></span> <span class='ocrx_word' id='word_1_143' title='bbox 1284 1592 1342 1625; x_wconf 66' lang='grc' dir='ltr'><em>η</em></span> <span class='ocrx_word' id='word_1_144' title='bbox 1372 1594 1659 1662; x_wconf 76' lang='lat' dir='ltr'><strong>utriusque</strong></span> <span class='ocrx_word' id='word_1_145' title='bbox 1699 1585 2025 1648; x_wconf 68' lang='lat' dir='ltr'><strong>riiae.Circa</strong></span> 
     </span>
    </p>
   </div>
   <div class='ocr_carea' id='block_1_19' title="bbox 2130 406 3704 483">
    <p class='ocr_par' dir='ltr' id='par_1_19' title="bbox 2130 406 3704 483">
     <span class='ocr_line' id='line_1_19' title="bbox 2130 406 3704 483; baseline -0.003 -16"><span class='ocrx_word' id='word_1_146' title='bbox 2130 415 2434 483; x_wconf 77' lang='lat' dir='ltr'><strong>signiﬁcant</strong></span> <span class='ocrx_word' id='word_1_147' title='bbox 2457 413 2671 468; x_wconf 74' lang='lat' dir='ltr'><strong>Judmos</strong></span> <span class='ocrx_word' id='word_1_148' title='bbox 2694 410 2759 464; x_wconf 90' lang='lat' dir='ltr'><strong>ab</strong></span> <span class='ocrx_word' id='word_1_149' title='bbox 2777 408 3027 464; x_wconf 84' lang='lat' dir='ltr'><strong>omnibus</strong></span> <span class='ocrx_word' id='word_1_150' title='bbox 3051 406 3172 461; x_wconf 88' lang='lat' dir='ltr'><strong>aliis</strong></span> <span class='ocrx_word' id='word_1_151' title='bbox 3198 407 3447 477; x_wconf 85' lang='lat' dir='ltr'><strong>gentibus</strong></span> <span class='ocrx_word' id='word_1_152' title='bbox 3471 408 3704 463; x_wconf 83' lang='lat' dir='ltr'><strong>circum-</strong></span> 
     </span>
    </p>
   </div>
   <div class='ocr_carea' id='block_1_20' title="bbox 2129 496 3703 572">
    <p class='ocr_par' dir='ltr' id='par_1_20' title="bbox 2129 496 3703 572">
     <span class='ocr_line' id='line_1_20' title="bbox 2129 496 3703 572; baseline -0.001 -16"><span class='ocrx_word' id='word_1_153' title='bbox 2129 503 2338 556; x_wconf 89' lang='lat' dir='ltr'><strong>cisione</strong></span> <span class='ocrx_word' id='word_1_154' title='bbox 2395 512 2451 556; x_wconf 91' lang='lat' dir='ltr'><strong>et</strong></span> <span class='ocrx_word' id='word_1_155' title='bbox 2514 502 2632 572; x_wconf 85' lang='lat' dir='ltr'><strong>lege</strong></span> <span class='ocrx_word' id='word_1_156' title='bbox 2692 499 2913 566; x_wconf 80' lang='lat' dir='ltr'><strong>divisos.</strong></span> <span class='ocrx_word' id='word_1_157' title='bbox 2982 496 3245 566; x_wconf 85' lang='lat' dir='ltr'><strong>Princeps</strong></span> <span class='ocrx_word' id='word_1_158' title='bbox 3305 496 3703 554; x_wconf 70' lang='lat' dir='ltr'><strong>Pharisaeorum</strong></span> 
     </span>
    </p>
   </div>
   <div class='ocr_carea' id='block_1_21' title="bbox 2129 585 3696 661">
    <p class='ocr_par' dir='ltr' id='par_1_21' title="bbox 2129 585 3696 661">
     <span class='ocr_line' id='line_1_21' title="bbox 2129 585 3696 661; baseline -0.003 -16"><span class='ocrx_word' id='word_1_159' title='bbox 2129 591 2355 661; x_wconf 88' lang='lat' dir='ltr'><strong>mystice</strong></span> <span class='ocrx_word' id='word_1_160' title='bbox 2385 603 2467 645; x_wconf 90' lang='lat' dir='ltr'><strong>est</strong></span> <span class='ocrx_word' id='word_1_161' title='bbox 2505 588 2779 660; x_wconf 79' lang='lat' dir='ltr'><strong>prontifex</strong></span> <span class='ocrx_word' id='word_1_162' title='bbox 2810 588 2939 643; x_wconf 92' lang='lat' dir='ltr'><strong>olim</strong></span> <span class='ocrx_word' id='word_1_163' title='bbox 2966 585 3292 640; x_wconf 60' lang='lat' dir='ltr'><strong>Judazorum.</strong></span> <span class='ocrx_word' id='word_1_164' title='bbox 3316 588 3518 641; x_wconf 89' lang='lat' dir='ltr'><strong>Domus</strong></span> <span class='ocrx_word' id='word_1_165' title='bbox 3546 589 3696 656; x_wconf 82' lang='lat' dir='ltr'><strong>prin-</strong></span> 
     </span>
    </p>
   </div>
   <div class='ocr_carea' id='block_1_22' title="bbox 2128 676 3701 757">
    <p class='ocr_par' dir='ltr' id='par_1_22' title="bbox 2128 676 3701 757">
     <span class='ocr_line' id='line_1_22' title="bbox 2128 676 3701 757; baseline -0.003 -24"><span class='ocrx_word' id='word_1_166' title='bbox 2128 681 2279 757; x_wconf 43' lang='lat' dir='ltr'><strong>cipis&#39;</strong></span> <span class='ocrx_word' id='word_1_167' title='bbox 2310 679 2492 745; x_wconf 86' lang='lat' dir='ltr'><strong>hujus,</strong></span> <span class='ocrx_word' id='word_1_168' title='bbox 2531 679 2834 749; x_wconf 86' lang='lat' dir='ltr'><strong>Synagoga.</strong></span> <span class='ocrx_word' id='word_1_169' title='bbox 2887 676 2955 731; x_wconf 85' lang='lat' dir='ltr'><strong>In</strong></span> <span class='ocrx_word' id='word_1_170' title='bbox 3002 692 3163 746; x_wconf 91' lang='lat' dir='ltr'><strong>quam</strong></span> <span class='ocrx_word' id='word_1_171' title='bbox 3226 676 3433 731; x_wconf 86' lang='lat' dir='ltr'><strong>scilicet</strong></span> <span class='ocrx_word' id='word_1_172' title='bbox 3490 678 3701 732; x_wconf 76' lang='lat' dir='ltr'><strong>domum</strong></span> 
     </span>
    </p>
   </div>
   <div class='ocr_carea' id='block_1_23' title="bbox 2129 766 3705 837">
    <p class='ocr_par' dir='ltr' id='par_1_23' title="bbox 2129 766 3705 837">
     <span class='ocr_line' id='line_1_23' title="bbox 2129 766 3705 837; baseline -0.002 -14"><span class='ocrx_word' id='word_1_173' title='bbox 2129 768 2352 823; x_wconf 82' lang='lat' dir='ltr'><strong>intravit</strong></span> <span class='ocrx_word' id='word_1_174' title='bbox 2380 768 2660 830; x_wconf 88' lang='lat' dir='ltr'><strong>Dominus,</strong></span> <span class='ocrx_word' id='word_1_175' title='bbox 2689 766 2905 837; x_wconf 78' lang='lat' dir='ltr'><strong>quando</strong></span> <span class='ocrx_word' id='word_1_176' title='bbox 2928 774 3176 836; x_wconf 82' lang='lat' dir='ltr'><strong>tanquam</strong></span> <span class='ocrx_word' id='word_1_177' title='bbox 3198 782 3415 834; x_wconf 81' lang='lat' dir='ltr'><strong>sponsus</strong></span> <span class='ocrx_word' id='word_1_178' title='bbox 3426 768 3705 833; x_wconf 83' lang='lat' dir='ltr'><strong>procedens</strong></span> 
     </span>
    </p>
   </div>
   <div class='ocr_carea' id='block_1_24' title="bbox 2128 856 3702 928">
    <p class='ocr_par' dir='ltr' id='par_1_24' title="bbox 2128 856 3702 928">
     <span class='ocr_line' id='line_1_24' title="bbox 2128 856 3702 928; baseline -0.002 -16"><span class='ocrx_word' id='word_1_179' title='bbox 2128 858 2445 928; x_wconf 81' lang='lat' dir='ltr'><strong>dethalamo</strong></span> <span class='ocrx_word' id='word_1_180' title='bbox 2465 857 2637 928; x_wconf 79' lang='lat' dir='ltr'><strong>(Psal.</strong></span> <span class='ocrx_word' id='word_1_181' title='bbox 2671 856 2910 925; x_wconf 81' lang='lat' dir='ltr'><strong>xvm,6),</strong></span> <span class='ocrx_word' id='word_1_182' title='bbox 2939 864 3095 910; x_wconf 87' lang='lat' dir='ltr'><strong>natus</strong></span> <span class='ocrx_word' id='word_1_183' title='bbox 3125 868 3207 910; x_wconf 88' lang='lat' dir='ltr'><strong>cst</strong></span> <span class='ocrx_word' id='word_1_184' title='bbox 3242 858 3295 909; x_wconf 92' lang='lat' dir='ltr'><strong>in</strong></span> <span class='ocrx_word' id='word_1_185' title='bbox 3321 857 3475 926; x_wconf 83' lang='lat' dir='ltr'><strong>plebe</strong></span> <span class='ocrx_word' id='word_1_186' title='bbox 3498 856 3702 912; x_wconf 68' lang='lat' dir='ltr'><strong>Judaeu-</strong></span> 
     </span>
    </p>
   </div>
   <div class='ocr_carea' id='block_1_25' title="bbox 2138 926 3706 1016">
    <p class='ocr_par' dir='ltr' id='par_1_25' title="bbox 2138 926 3706 1016">
     <span class='ocr_line' id='line_1_25' title="bbox 2138 926 3706 1016; baseline -0.002 -12"><span class='ocrx_word' id='word_1_187' title='bbox 2138 926 2256 1004; x_wconf 67' lang='lat' dir='ltr'><strong>ruin</strong></span> <span class='ocrx_word' id='word_1_188' title='bbox 2300 966 2369 1003; x_wconf 80' lang='lat' dir='ltr'><strong>ex</strong></span> <span class='ocrx_word' id='word_1_189' title='bbox 2409 926 2739 1004; x_wconf 65' lang='lat' dir='ltr'><strong>intemerata:</strong></span> <span class='ocrx_word' id='word_1_190' title='bbox 2781 946 3019 1016; x_wconf 80' lang='lat' dir='ltr'><strong>Virginis</strong></span> <span class='ocrx_word' id='word_1_191' title='bbox 3067 954 3254 1010; x_wconf 88' lang='lat' dir='ltr'><strong>utero;</strong></span> <span class='ocrx_word' id='word_1_192' title='bbox 3309 956 3368 1000; x_wconf 87' lang='lat' dir='ltr'><strong>et</strong></span> <span class='ocrx_word' id='word_1_193' title='bbox 3420 946 3525 1002; x_wconf 85' lang='lat' dir='ltr'><strong>hoe</strong></span> <span class='ocrx_word' id='word_1_194' title='bbox 3575 945 3706 1004; x_wconf 87' lang='lat' dir='ltr'><strong>fecit</strong></span> 
     </span>
    </p>
   </div>
   <div class='ocr_carea' id='block_1_26' title="bbox 2132 1036 3703 1108">
    <p class='ocr_par' dir='ltr' id='par_1_26' title="bbox 2132 1036 3703 1108">
     <span class='ocr_line' id='line_1_26' title="bbox 2132 1036 3703 1108; baseline -0.003 -11"><span class='ocrx_word' id='word_1_195' title='bbox 2132 1041 2383 1106; x_wconf 84' lang='lat' dir='ltr'><strong>Sabbato,</strong></span> <span class='ocrx_word' id='word_1_196' title='bbox 2413 1042 2464 1095; x_wconf 91' lang='lat' dir='ltr'><strong>id</strong></span> <span class='ocrx_word' id='word_1_197' title='bbox 2498 1050 2579 1095; x_wconf 91' lang='lat' dir='ltr'><strong>est</strong></span> <span class='ocrx_word' id='word_1_198' title='bbox 2608 1056 2729 1093; x_wconf 88' lang='lat' dir='ltr'><strong>cum</strong></span> <span class='ocrx_word' id='word_1_199' title='bbox 2751 1040 2865 1108; x_wconf 83' lang='lat' dir='ltr'><strong>jam</strong></span> <span class='ocrx_word' id='word_1_200' title='bbox 2898 1046 3177 1092; x_wconf 87' lang='lat' dir='ltr'><strong>cessarent</strong></span> <span class='ocrx_word' id='word_1_201' title='bbox 3198 1036 3348 1105; x_wconf 78' lang='lat' dir='ltr'><strong>juxta</strong></span> <span class='ocrx_word' id='word_1_202' title='bbox 3391 1038 3482 1092; x_wconf 86' lang='lat' dir='ltr'><strong>Dei</strong></span> <span class='ocrx_word' id='word_1_203' title='bbox 3515 1039 3703 1093; x_wconf 80' lang='lat' dir='ltr'><strong>velun-</strong></span> 
     </span>
    </p>
   </div>
   <div class='ocr_carea' id='block_1_27' title="bbox 2098 1120 3702 1198">
    <p class='ocr_par' dir='ltr' id='par_1_27' title="bbox 2098 1120 3702 1198">
     <span class='ocr_line' id='line_1_27' title="bbox 2098 1120 3702 1198; baseline -0.001 -16"><span class='ocrx_word' id='word_1_204' title='bbox 2098 1176 2103 1182; x_wconf 93' lang='lat'><strong>.</strong></span> <span class='ocrx_word' id='word_1_205' title='bbox 2132 1142 2296 1187; x_wconf 86' lang='lat' dir='ltr'><strong>tatem</strong></span> <span class='ocrx_word' id='word_1_206' title='bbox 2331 1132 2568 1187; x_wconf 79' lang='lat' dir='ltr'><strong>camalia</strong></span> <span class='ocrx_word' id='word_1_207' title='bbox 2601 1130 2734 1198; x_wconf 81' lang='lat' dir='ltr'><strong>legis</strong></span> <span class='ocrx_word' id='word_1_208' title='bbox 2763 1120 2950 1198; x_wconf 62' lang='lat' dir='ltr'><strong>opera,</strong></span> <span class='ocrx_word' id='word_1_209' title='bbox 2984 1136 3039 1181; x_wconf 90' lang='lat' dir='ltr'><strong>et</strong></span> <span class='ocrx_word' id='word_1_210' title='bbox 3065 1141 3287 1195; x_wconf 86' lang='lat' dir='ltr'><strong>operum</strong></span> <span class='ocrx_word' id='word_1_211' title='bbox 3317 1126 3535 1190; x_wconf 87' lang='lat' dir='ltr'><strong>edicta;</strong></span> <span class='ocrx_word' id='word_1_212' title='bbox 3575 1127 3702 1194; x_wconf 84' lang='lat' dir='ltr'><strong>quia</strong></span> 
     </span>
    </p>
   </div>
   <div class='ocr_carea' id='block_1_28' title="bbox 2133 1213 3700 1291">
    <p class='ocr_par' dir='ltr' id='par_1_28' title="bbox 2133 1213 3700 1291">
     <span class='ocr_line' id='line_1_28' title="bbox 2133 1213 3700 1291; baseline -0.003 -16"><span class='ocrx_word' id='word_1_213' title='bbox 2133 1224 2216 1278; x_wconf 80' lang='lat' dir='ltr'><strong>lex</strong></span> <span class='ocrx_word' id='word_1_214' title='bbox 2250 1230 2304 1276; x_wconf 90' lang='lat' dir='ltr'><strong>et</strong></span> <span class='ocrx_word' id='word_1_215' title='bbox 2332 1222 2612 1291; x_wconf 72' lang='lat' dir='ltr'><strong>propheta:</strong></span> <span class='ocrx_word' id='word_1_216' title='bbox 2649 1234 2819 1287; x_wconf 86' lang='lat' dir='ltr'><strong>usque</strong></span> <span class='ocrx_word' id='word_1_217' title='bbox 2849 1218 2913 1271; x_wconf 86' lang='lat' dir='ltr'><strong>ad</strong></span> <span class='ocrx_word' id='word_1_218' title='bbox 2941 1214 3226 1272; x_wconf 78' lang='lat' dir='ltr'><strong>Joannem.</strong></span> <span class='ocrx_word' id='word_1_219' title='bbox 3250 1213 3381 1268; x_wconf 80' lang='lat' dir='ltr'><strong>Nam</strong></span> <span class='ocrx_word' id='word_1_220' title='bbox 3405 1215 3700 1270; x_wconf 87' lang='lat' dir='ltr'><strong>secundum</strong></span> 
     </span>
    </p>
   </div>
   <div class='ocr_carea' id='block_1_29' title="bbox 2129 1303 3759 1389">
    <p class='ocr_par' dir='ltr' id='par_1_29' title="bbox 2129 1303 3759 1389">
     <span class='ocr_line' id='line_1_29' title="bbox 2129 1303 3759 1389; baseline -0.009 -22"><span class='ocrx_word' id='word_1_221' title='bbox 2129 1312 2303 1382; x_wconf 85' lang='lat' dir='ltr'><strong>legem</strong></span> <span class='ocrx_word' id='word_1_222' title='bbox 2324 1310 2575 1387; x_wconf 26' lang='lat' dir='ltr'><strong>‘Sabhato</strong></span> <span class='ocrx_word' id='word_1_223' title='bbox 2613 1307 2928 1389; x_wconf 65' lang='lat' dir='ltr'><strong>cessabatur</strong></span> <span class='ocrx_word' id='word_1_224' title='bbox 2971 1306 3038 1359; x_wconf 90' lang='lat' dir='ltr'><strong>ab</strong></span> <span class='ocrx_word' id='word_1_225' title='bbox 3070 1303 3330 1359; x_wconf 79' lang='lat' dir='ltr'><strong>exteriori</strong></span> <span class='ocrx_word' id='word_1_226' title='bbox 3372 1305 3613 1376; x_wconf 82' lang='lat' dir='ltr'><strong>actione;</strong></span> <span class='ocrx_word' id='word_1_227' title='bbox 3646 1311 3706 1361; x_wconf 82' lang='lat' dir='ltr'><strong>et</strong></span> <span class='ocrx_word' id='word_1_228' title='bbox 3750 1310 3759 1353; x_wconf 68' lang='grc' dir='ltr'><em>ἑ</em></span> 
     </span>
    </p>
   </div>
   <div class='ocr_carea' id='block_1_30' title="bbox 2132 1378 3700 1466">
    <p class='ocr_par' dir='ltr' id='par_1_30' title="bbox 2132 1378 3700 1466">
     <span class='ocr_line' id='line_1_30' title="bbox 2132 1378 3700 1466; baseline -0.004 -10"><span class='ocrx_word' id='word_1_229' title='bbox 2132 1378 2253 1457; x_wconf 73' lang='lat' dir='ltr'><strong>ideo</strong></span> <span class='ocrx_word' id='word_1_230' title='bbox 2289 1378 2508 1458; x_wconf 58' lang='lat' dir='ltr'><strong>sabbati</strong></span> <span class='ocrx_word' id='word_1_231' title='bbox 2543 1378 2759 1456; x_wconf 64' lang='lat' dir='ltr'><strong>nomine</strong></span> <span class='ocrx_word' id='word_1_232' title='bbox 2791 1399 3105 1466; x_wconf 79' lang='lat' dir='ltr'><strong>designatur</strong></span> <span class='ocrx_word' id='word_1_233' title='bbox 3134 1397 3365 1451; x_wconf 88' lang='lat' dir='ltr'><strong>cessatio</strong></span> <span class='ocrx_word' id='word_1_234' title='bbox 3404 1395 3700 1451; x_wconf 82' lang='lat' dir='ltr'><strong>carnalium</strong></span> 
     </span>
    </p>
   </div>
   <div class='ocr_carea' id='block_1_31' title="bbox 2131 1479 3705 1560">
    <p class='ocr_par' dir='ltr' id='par_1_31' title="bbox 2131 1479 3705 1560">
     <span class='ocr_line' id='line_1_31' title="bbox 2131 1479 3705 1560; baseline -0.002 -17"><span class='ocrx_word' id='word_1_235' title='bbox 2131 1490 2266 1559; x_wconf 82' lang='lat' dir='ltr'><strong>legis</strong></span> <span class='ocrx_word' id='word_1_236' title='bbox 2291 1492 2461 1560; x_wconf 85' lang='lat' dir='ltr'><strong>ipsius</strong></span> <span class='ocrx_word' id='word_1_237' title='bbox 2503 1491 2797 1544; x_wconf 87' lang='lat' dir='ltr'><strong>actionum.</strong></span> <span class='ocrx_word' id='word_1_238' title='bbox 2830 1488 2884 1541; x_wconf 89' lang='lat' dir='ltr'><strong>in</strong></span> <span class='ocrx_word' id='word_1_239' title='bbox 2915 1484 3219 1557; x_wconf 86' lang='lat' dir='ltr'><strong>hujusmodi</strong></span> <span class='ocrx_word' id='word_1_240' title='bbox 3253 1486 3493 1558; x_wconf 80' lang='lat' dir='ltr'><strong>Sabbato</strong></span> <span class='ocrx_word' id='word_1_241' title='bbox 3525 1479 3705 1540; x_wconf 87' lang='lat' dir='ltr'><strong>Domi-</strong></span> 
     </span>
    </p>
   </div>
   <div class='ocr_carea' id='block_1_32' title="bbox 2132 1580 3708 1652">
    <p class='ocr_par' dir='ltr' id='par_1_32' title="bbox 2132 1580 3708 1652">
     <span class='ocr_line' id='line_1_32' title="bbox 2132 1580 3708 1652; baseline -0.001 -16"><span class='ocrx_word' id='word_1_242' title='bbox 2132 1599 2235 1636; x_wconf 87' lang='lat' dir='ltr'><strong>nus</strong></span> <span class='ocrx_word' id='word_1_243' title='bbox 2261 1585 2317 1639; x_wconf 85' lang='lat' dir='ltr'><strong>in</strong></span> <span class='ocrx_word' id='word_1_244' title='bbox 2345 1584 2554 1637; x_wconf 71' lang='lat' dir='ltr'><strong>domum</strong></span> <span class='ocrx_word' id='word_1_245' title='bbox 2588 1584 2903 1652; x_wconf 78' lang='lat' dir='ltr'><strong>praedictam</strong></span> <span class='ocrx_word' id='word_1_246' title='bbox 2937 1581 3182 1645; x_wconf 87' lang='lat' dir='ltr'><strong>intravit,</strong></span> <span class='ocrx_word' id='word_1_247' title='bbox 3216 1590 3273 1635; x_wconf 88' lang='lat' dir='ltr'><strong>et</strong></span> <span class='ocrx_word' id='word_1_248' title='bbox 3301 1580 3522 1634; x_wconf 87' lang='lat' dir='ltr'><strong>intravit</strong></span> <span class='ocrx_word' id='word_1_249' title='bbox 3554 1598 3708 1635; x_wconf 83' lang='lat' dir='ltr'><strong>man-</strong></span> 
     </span>
    </p>
   </div>
   <div class='ocr_carea' id='block_1_33' title="bbox 465 1666 3708 1753">
    <p class='ocr_par' dir='ltr' id='par_1_33' title="bbox 465 1666 3708 1753">
     <span class='ocr_line' id='line_1_33' title="bbox 465 1666 3708 1753; baseline 0 -26"><span class='ocrx_word' id='word_1_250' title='bbox 465 1675 716 1745; x_wconf 82' lang='lat' dir='ltr'><strong>plurima,</strong></span> <span class='ocrx_word' id='word_1_251' title='bbox 762 1687 821 1731; x_wconf 87' lang='lat' dir='ltr'><strong>ut</strong></span> <span class='ocrx_word' id='word_1_252' title='bbox 858 1666 1089 1745; x_wconf 72' lang='lat' dir='ltr'><strong>Martha,</strong></span> <span class='ocrx_word' id='word_1_253' title='bbox 1112 1670 1533 1749; x_wconf 73' lang='lat' dir='ltr'><strong>occupabatur;</strong></span> <span class='ocrx_word' id='word_1_254' title='bbox 1568 1680 1716 1737; x_wconf 86' lang='lat' dir='ltr'><strong>circa</strong></span> <span class='ocrx_word' id='word_1_255' title='bbox 1749 1699 1934 1747; x_wconf 80' lang='lat' dir='ltr'><strong>imum,</strong></span> <span class='ocrx_word' id='word_1_256' title='bbox 1968 1692 2026 1736; x_wconf 81' lang='lat' dir='ltr'><strong>ut</strong></span> <span class='ocrx_word' id='word_1_257' title='bbox 2058 1667 2321 1729; x_wconf 18' lang='lat' dir='ltr'><strong>Bidumre</strong></span> <span class='ocrx_word' id='word_1_258' title='bbox 2368 1693 2579 1753; x_wconf 66' lang='lat' dir='ltr'><strong>panem,</strong></span> <span class='ocrx_word' id='word_1_259' title='bbox 2624 1677 2675 1729; x_wconf 89' lang='lat' dir='ltr'><strong>id</strong></span> <span class='ocrx_word' id='word_1_260' title='bbox 2714 1683 2799 1730; x_wconf 89' lang='lat' dir='ltr'><strong>est</strong></span> <span class='ocrx_word' id='word_1_261' title='bbox 2834 1681 2895 1729; x_wconf 89' lang='lat' dir='ltr'><strong>ut</strong></span> <span class='ocrx_word' id='word_1_262' title='bbox 2923 1683 3143 1743; x_wconf 87' lang='lat' dir='ltr'><strong>caperet</strong></span> <span class='ocrx_word' id='word_1_263' title='bbox 3173 1675 3373 1740; x_wconf 90' lang='lat' dir='ltr'><strong>cibum,</strong></span> <span class='ocrx_word' id='word_1_264' title='bbox 3406 1674 3510 1747; x_wconf 74' lang='lat' dir='ltr'><strong>hoc</strong></span> <span class='ocrx_word' id='word_1_265' title='bbox 3536 1688 3620 1729; x_wconf 88' lang='lat' dir='ltr'><strong>est</strong></span> <span class='ocrx_word' id='word_1_266' title='bbox 3649 1685 3708 1732; x_wconf 88' lang='lat' dir='ltr'><strong>ut</strong></span> 
     </span>
    </p>
   </div>
   <div class='ocr_carea' id='block_1_34' title="bbox 466 1763 2021 1838">
    <p class='ocr_par' dir='ltr' id='par_1_34' title="bbox 466 1763 2021 1838">
     <span class='ocr_line' id='line_1_34' title="bbox 466 1763 2021 1838; baseline 0.008 -21"><span class='ocrx_word' id='word_1_267' title='bbox 466 1763 657 1829; x_wconf 76' lang='lat' dir='ltr'><strong>Maria,</strong></span> <span class='ocrx_word' id='word_1_268' title='bbox 701 1766 1093 1833; x_wconf 87' lang='lat' dir='ltr'><strong>delectabatur,</strong></span> <span class='ocrx_word' id='word_1_269' title='bbox 1138 1768 1263 1838; x_wconf 83' lang='lat' dir='ltr'><strong>quia</strong></span> <span class='ocrx_word' id='word_1_270' title='bbox 1318 1787 1481 1825; x_wconf 91' lang='lat' dir='ltr'><strong>unum</strong></span> <span class='ocrx_word' id='word_1_271' title='bbox 1529 1782 1612 1827; x_wconf 86' lang='lat' dir='ltr'><strong>est</strong></span> <span class='ocrx_word' id='word_1_272' title='bbox 1656 1776 2021 1828; x_wconf 81' lang='lat' dir='ltr'><strong>necessarium</strong></span> 
     </span>
    </p>
   </div>
   <div class='ocr_carea' id='block_1_35' title="bbox 467 1853 2023 1927">
    <p class='ocr_par' dir='ltr' id='par_1_35' title="bbox 467 1853 2023 1927">
     <span class='ocr_line' id='line_1_35' title="bbox 467 1853 2023 1927; baseline 0.008 -21"><span class='ocrx_word' id='word_1_273' title='bbox 467 1853 618 1923; x_wconf 82' lang='lat' dir='ltr'><strong>(Luc.</strong></span> <span class='ocrx_word' id='word_1_274' title='bbox 668 1872 726 1920; x_wconf 63' lang='grc' dir='ltr'><strong>κ,</strong></span> <span class='ocrx_word' id='word_1_275' title='bbox 775 1857 897 1926; x_wconf 67' lang='grc' dir='ltr'><strong>ὁΞ);</strong></span> <span class='ocrx_word' id='word_1_276' title='bbox 954 1858 1182 1927; x_wconf 86' lang='lat' dir='ltr'><strong>plurima</strong></span> <span class='ocrx_word' id='word_1_277' title='bbox 1229 1858 1568 1926; x_wconf 78' lang='lat' dir='ltr'><strong>auferuntur,</strong></span> <span class='ocrx_word' id='word_1_278' title='bbox 1614 1879 1777 1915; x_wconf 85' lang='lat' dir='ltr'><strong>unmn</strong></span> <span class='ocrx_word' id='word_1_279' title='bbox 1825 1873 2023 1918; x_wconf 82' lang='lat' dir='ltr'><strong>manet.</strong></span> 
     </span>
    </p>
   </div>
   <div class='ocr_carea' id='block_1_36' title="bbox 419 1945 2031 2022">
    <p class='ocr_par' dir='ltr' id='par_1_36' title="bbox 419 1945 2031 2022">
     <span class='ocr_line' id='line_1_36' title="bbox 419 1945 2031 2022; baseline 0.005 -24"><span class='ocrx_word' id='word_1_280' title='bbox 419 1978 429 1987; x_wconf 74' lang='grc' dir='ltr'><strong><em>ο</em></strong></span> <span class='ocrx_word' id='word_1_281' title='bbox 467 1945 829 2015; x_wconf 81' lang='lat' dir='ltr'><strong>Singulariter</strong></span> <span class='ocrx_word' id='word_1_282' title='bbox 853 1948 1020 2016; x_wconf 77' lang='lat' dir='ltr'><strong>igitur</strong></span> <span class='ocrx_word' id='word_1_283' title='bbox 1043 1951 1248 2018; x_wconf 78' lang='lat' dir='ltr'><strong>partem</strong></span> <span class='ocrx_word' id='word_1_284' title='bbox 1288 1949 1509 2005; x_wconf 79' lang='lat' dir='ltr'><strong>Marthae</strong></span> <span class='ocrx_word' id='word_1_285' title='bbox 1538 1953 1765 2022; x_wconf 74' lang='lat' dir='ltr'><strong>peregit,</strong></span> <span class='ocrx_word' id='word_1_286' title='bbox 1793 1952 2031 2021; x_wconf 64' lang='lat' dir='ltr'><strong>singula-</strong></span> 
     </span>
    </p>
   </div>
   <div class='ocr_carea' id='block_1_37' title="bbox 469 2018 2028 2108">
    <p class='ocr_par' dir='ltr' id='par_1_37' title="bbox 469 2018 2028 2108">
     <span class='ocr_line' id='line_1_37' title="bbox 469 2018 2028 2108; baseline 0.007 -25"><span class='ocrx_word' id='word_1_287' title='bbox 469 2033 603 2084; x_wconf 85' lang='lat' dir='ltr'><strong>riter</strong></span> <span class='ocrx_word' id='word_1_288' title='bbox 627 2034 881 2100; x_wconf 90' lang='lat' dir='ltr'><strong>optimam</strong></span> <span class='ocrx_word' id='word_1_289' title='bbox 914 2044 1121 2102; x_wconf 90' lang='lat' dir='ltr'><strong>partem</strong></span> <span class='ocrx_word' id='word_1_290' title='bbox 1151 2035 1333 2092; x_wconf 74' lang='lat' dir='ltr'><strong>Maria:</strong></span> <span class='ocrx_word' id='word_1_291' title='bbox 1365 2018 1701 2108; x_wconf 32' lang='lat' dir='ltr'><strong>elegit—{scd</strong></span> <span class='ocrx_word' id='word_1_292' title='bbox 1727 2056 1852 2107; x_wconf 68' lang='lat' dir='ltr'><strong>pars</strong></span> <span class='ocrx_word' id='word_1_293' title='bbox 1880 2018 2028 2094; x_wconf 55' lang='grc'><strong>11³1·-</strong></span> 
     </span>
    </p>
   </div>
   <div class='ocr_carea' id='block_1_38' title="bbox 470 2112 2032 2201">
    <p class='ocr_par' dir='ltr' id='par_1_38' title="bbox 470 2112 2032 2201">
     <span class='ocr_line' id='line_1_38' title="bbox 470 2112 2032 2201; baseline 0.007 -30"><span class='ocrx_word' id='word_1_294' title='bbox 470 2119 576 2173; x_wconf 63' lang='lat' dir='ltr'><strong>the:</strong></span> <span class='ocrx_word' id='word_1_295' title='bbox 606 2122 652 2173; x_wconf 89' lang='lat' dir='ltr'><strong>ei</strong></span> <span class='ocrx_word' id='word_1_296' title='bbox 682 2120 922 2174; x_wconf 83' lang='lat' dir='ltr'><strong>aufertur</strong></span> <span class='ocrx_word' id='word_1_297' title='bbox 948 2122 1134 2190; x_wconf 81' lang='lat' dir='ltr'><strong>(Ibid.,</strong></span> <span class='ocrx_word' id='word_1_298' title='bbox 1158 2124 1271 2190; x_wconf 69' lang='grc'><strong>49).</strong></span> <span class='ocrx_word' id='word_1_299' title='bbox 1300 2125 1418 2201; x_wconf 69' lang='lat' dir='ltr'><strong>iam</strong></span> <span class='ocrx_word' id='word_1_300' title='bbox 1447 2128 1589 2180; x_wconf 88' lang='lat' dir='ltr'><strong>enim</strong></span> <span class='ocrx_word' id='word_1_301' title='bbox 1616 2112 1733 2180; x_wconf 25' lang='lat' dir='ltr'><strong>non.</strong></span> <span class='ocrx_word' id='word_1_302' title='bbox 1754 2129 1860 2181; x_wconf 87' lang='lat' dir='ltr'><strong>crit</strong></span> <span class='ocrx_word' id='word_1_303' title='bbox 1886 2128 2032 2182; x_wconf 88' lang='lat' dir='ltr'><strong>solli-</strong></span> 
     </span>
    </p>
   </div>
   <div class='ocr_carea' id='block_1_39' title="bbox 473 2208 2033 2283">
    <p class='ocr_par' dir='ltr' id='par_1_39' title="bbox 473 2208 2033 2283">
     <span class='ocr_line' id='line_1_39' title="bbox 473 2208 2033 2283; baseline 0.007 -23"><span class='ocrx_word' id='word_1_304' title='bbox 473 2208 581 2260; x_wconf 90' lang='lat' dir='ltr'><strong>cita</strong></span> <span class='ocrx_word' id='word_1_305' title='bbox 614 2217 669 2259; x_wconf 93' lang='lat' dir='ltr'><strong>ut</strong></span> <span class='ocrx_word' id='word_1_306' title='bbox 697 2209 969 2263; x_wconf 88' lang='lat' dir='ltr'><strong>ministret</strong></span> <span class='ocrx_word' id='word_1_307' title='bbox 998 2212 1068 2275; x_wconf 86' lang='lat' dir='ltr'><strong>ei,</strong></span> <span class='ocrx_word' id='word_1_308' title='bbox 1092 2213 1230 2266; x_wconf 87' lang='lat' dir='ltr'><strong>sicut</strong></span> <span class='ocrx_word' id='word_1_309' title='bbox 1256 2228 1444 2283; x_wconf 89' lang='lat' dir='ltr'><strong>puero,</strong></span> <span class='ocrx_word' id='word_1_310' title='bbox 1477 2216 1561 2270; x_wconf 91' lang='lat' dir='ltr'><strong>cui</strong></span> <span class='ocrx_word' id='word_1_311' title='bbox 1593 2231 1782 2270; x_wconf 81' lang='lat' dir='ltr'><strong>omnes</strong></span> <span class='ocrx_word' id='word_1_312' title='bbox 1813 2218 2033 2271; x_wconf 82' lang='lat' dir='ltr'><strong>ordines</strong></span> 
     </span>
    </p>
   </div>
   <div class='ocr_carea' id='block_1_40' title="bbox 468 2297 2034 2369">
    <p class='ocr_par' dir='ltr' id='par_1_40' title="bbox 468 2297 2034 2369">
     <span class='ocr_line' id='line_1_40' title="bbox 468 2297 2034 2369; baseline 0.007 -20"><span class='ocrx_word' id='word_1_313' title='bbox 468 2297 782 2366; x_wconf 82' lang='lat' dir='ltr'><strong>angelorum</strong></span> <span class='ocrx_word' id='word_1_314' title='bbox 824 2300 1152 2369; x_wconf 88' lang='lat' dir='ltr'><strong>ministrant,</strong></span> <span class='ocrx_word' id='word_1_315' title='bbox 1188 2313 1247 2356; x_wconf 84' lang='grc' dir='ltr'><strong>ιιι</strong></span> <span class='ocrx_word' id='word_1_316' title='bbox 1288 2302 1532 2358; x_wconf 91' lang='lat' dir='ltr'><strong>Domino.</strong></span> <span class='ocrx_word' id='word_1_317' title='bbox 1563 2304 1681 2359; x_wconf 85' lang='lat' dir='ltr'><strong>Jam</strong></span> <span class='ocrx_word' id='word_1_318' title='bbox 1716 2322 1819 2359; x_wconf 88' lang='lat' dir='ltr'><strong>non</strong></span> <span class='ocrx_word' id='word_1_319' title='bbox 1849 2307 2034 2360; x_wconf 87' lang='lat' dir='ltr'><strong>turba—</strong></span> 
     </span>
    </p>
   </div>
   <div class='ocr_carea' id='block_1_41' title="bbox 466 2387 2029 2464">
    <p class='ocr_par' dir='ltr' id='par_1_41' title="bbox 466 2387 2029 2464">
     <span class='ocr_line' id='line_1_41' title="bbox 466 2387 2029 2464; baseline 0.005 -23"><span class='ocrx_word' id='word_1_320' title='bbox 466 2387 613 2445; x_wconf 81' lang='lat' dir='ltr'><strong>bitur</strong></span> <span class='ocrx_word' id='word_1_321' title='bbox 642 2389 857 2459; x_wconf 74' lang='lat' dir='ltr'><strong>fugiens</strong></span> <span class='ocrx_word' id='word_1_322' title='bbox 893 2406 1014 2454; x_wconf 87' lang='lat' dir='ltr'><strong>cum</strong></span> <span class='ocrx_word' id='word_1_323' title='bbox 1047 2406 1112 2446; x_wconf 91' lang='lat' dir='ltr'><strong>eo</strong></span> <span class='ocrx_word' id='word_1_324' title='bbox 1138 2393 1191 2446; x_wconf 90' lang='lat' dir='ltr'><strong>in</strong></span> <span class='ocrx_word' id='word_1_325' title='bbox 1220 2392 1512 2464; x_wconf 68' lang='lat' dir='ltr'><strong>Egyptum</strong></span> <span class='ocrx_word' id='word_1_326' title='bbox 1550 2412 1578 2449; x_wconf 87' lang='lat' dir='ltr'><strong>a</strong></span> <span class='ocrx_word' id='word_1_327' title='bbox 1608 2395 1747 2449; x_wconf 87' lang='lat' dir='ltr'><strong>facie</strong></span> <span class='ocrx_word' id='word_1_328' title='bbox 1774 2395 2029 2460; x_wconf 83' lang='lat' dir='ltr'><strong>Herodis;</strong></span> 
     </span>
    </p>
   </div>
   <div class='ocr_carea' id='block_1_42' title="bbox 469 2477 2049 2547">
    <p class='ocr_par' dir='ltr' id='par_1_42' title="bbox 469 2477 2049 2547">
     <span class='ocr_line' id='line_1_42' title="bbox 469 2477 2049 2547; baseline 0.008 -19"><span class='ocrx_word' id='word_1_329' title='bbox 469 2477 595 2544; x_wconf 87' lang='lat' dir='ltr'><strong>quia</strong></span> <span class='ocrx_word' id='word_1_330' title='bbox 627 2478 739 2547; x_wconf 85' lang='lat' dir='ltr'><strong>ipse</strong></span> <span class='ocrx_word' id='word_1_331' title='bbox 764 2481 1008 2534; x_wconf 78' lang='lat' dir='ltr'><strong>ascendit</strong></span> <span class='ocrx_word' id='word_1_332' title='bbox 1038 2481 1090 2535; x_wconf 92' lang='lat' dir='ltr'><strong>in</strong></span> <span class='ocrx_word' id='word_1_333' title='bbox 1126 2482 1343 2547; x_wconf 70' lang='lat' dir='ltr'><strong>omium,</strong></span> <span class='ocrx_word' id='word_1_334' title='bbox 1392 2494 1446 2540; x_wconf 86' lang='lat' dir='ltr'><strong>et</strong></span> <span class='ocrx_word' id='word_1_335' title='bbox 1478 2482 1717 2538; x_wconf 84' lang='lat' dir='ltr'><strong>licrodes</strong></span> <span class='ocrx_word' id='word_1_336' title='bbox 1757 2486 2049 2540; x_wconf 72' lang='lat' dir='ltr'><strong>descendit</strong></span> 
     </span>
    </p>
   </div>
   <div class='ocr_carea' id='block_1_43' title="bbox 394 2563 2034 2643">
    <p class='ocr_par' dir='ltr' id='par_1_43' title="bbox 394 2563 2034 2643">
     <span class='ocr_line' id='line_1_43' title="bbox 394 2563 2034 2643; baseline 0.009 -30"><span class='ocrx_word' id='word_1_337' title='bbox 394 2610 395 2613; x_wconf 44' lang='grc' dir='ltr'><strong>η</strong></span> <span class='ocrx_word' id='word_1_338' title='bbox 469 2563 523 2617; x_wconf 90' lang='lat' dir='ltr'><strong>in</strong></span> <span class='ocrx_word' id='word_1_339' title='bbox 550 2565 815 2619; x_wconf 83' lang='lat' dir='ltr'><strong>infernum</strong></span> <span class='ocrx_word' id='word_1_340' title='bbox 838 2584 867 2621; x_wconf 72' lang='grc' dir='ltr'><strong>ει</strong></span> <span class='ocrx_word' id='word_1_341' title='bbox 891 2566 1027 2643; x_wconf 55' lang='lat' dir='ltr'><strong>facie</strong></span> <span class='ocrx_word' id='word_1_342' title='bbox 1052 2569 1099 2600; x_wconf 82' lang='grc'><strong>⁸³</strong></span> <span class='ocrx_word' id='word_1_343' title='bbox 1128 2570 1266 2639; x_wconf 88' lang='lat' dir='ltr'><strong>ejus.</strong></span> <span class='ocrx_word' id='word_1_344' title='bbox 1295 2569 1414 2624; x_wconf 73' lang='lat' dir='ltr'><strong>iam</strong></span> <span class='ocrx_word' id='word_1_345' title='bbox 1443 2587 1546 2624; x_wconf 92' lang='lat' dir='ltr'><strong>non</strong></span> <span class='ocrx_word' id='word_1_346' title='bbox 1584 2573 1887 2627; x_wconf 89' lang='lat' dir='ltr'><strong>turbabitur</strong></span> <span class='ocrx_word' id='word_1_347' title='bbox 1907 2588 2034 2643; x_wconf 85' lang='lat' dir='ltr'><strong>erga</strong></span> 
     </span>
    </p>
   </div>
   <div class='ocr_carea' id='block_1_44' title="bbox 469 2653 2035 2727">
    <p class='ocr_par' dir='ltr' id='par_1_44' title="bbox 469 2653 2035 2727">
     <span class='ocr_line' id='line_1_44' title="bbox 469 2653 2035 2727; baseline 0.006 -23"><span class='ocrx_word' id='word_1_348' title='bbox 469 2653 720 2721; x_wconf 87' lang='lat' dir='ltr'><strong>plurima,</strong></span> <span class='ocrx_word' id='word_1_349' title='bbox 749 2670 866 2723; x_wconf 79' lang='lat' dir='ltr'><strong>quae</strong></span> <span class='ocrx_word' id='word_1_350' title='bbox 898 2654 1144 2711; x_wconf 89' lang='lat' dir='ltr'><strong>fecerunt</strong></span> <span class='ocrx_word' id='word_1_351' title='bbox 1187 2660 1296 2712; x_wconf 85' lang='lat' dir='ltr'><strong>tilio</strong></span> <span class='ocrx_word' id='word_1_352' title='bbox 1325 2674 1425 2712; x_wconf 90' lang='lat' dir='ltr'><strong>suo</strong></span> <span class='ocrx_word' id='word_1_353' title='bbox 1454 2658 1655 2723; x_wconf 67' lang='lat' dir='ltr'><strong>Judrei;</strong></span> <span class='ocrx_word' id='word_1_354' title='bbox 1684 2662 1809 2727; x_wconf 85' lang='lat' dir='ltr'><strong>quia</strong></span> <span class='ocrx_word' id='word_1_355' title='bbox 1852 2662 2035 2714; x_wconf 85' lang='lat' dir='ltr'><strong>omnia</strong></span> 
     </span>
    </p>
   </div>
   <div class='ocr_carea' id='block_1_45' title="bbox 462 2742 2036 2818">
    <p class='ocr_par' dir='ltr' id='par_1_45' title="bbox 462 2742 2036 2818">
     <span class='ocr_line' id='line_1_45' title="bbox 462 2742 2036 2818; baseline 0.006 -24"><span class='ocrx_word' id='word_1_356' title='bbox 462 2742 706 2809; x_wconf 84' lang='lat' dir='ltr'><strong>subjecta</strong></span> <span class='ocrx_word' id='word_1_357' title='bbox 730 2756 853 2798; x_wconf 89' lang='lat' dir='ltr'><strong>sunt</strong></span> <span class='ocrx_word' id='word_1_358' title='bbox 874 2748 919 2800; x_wconf 89' lang='lat' dir='ltr'><strong>ei</strong></span> <span class='ocrx_word' id='word_1_359' title='bbox 938 2746 985 2816; x_wconf 91' lang='grc'><strong>(1</strong></span> <span class='ocrx_word' id='word_1_360' title='bbox 1012 2746 1133 2801; x_wconf 85' lang='lat' dir='ltr'><strong>Cor.</strong></span> <span class='ocrx_word' id='word_1_361' title='bbox 1150 2748 1257 2818; x_wconf 83' lang='lat' dir='ltr'><strong>xv).</strong></span> <span class='ocrx_word' id='word_1_362' title='bbox 1272 2748 1390 2801; x_wconf 88' lang='lat' dir='ltr'><strong>Jam</strong></span> <span class='ocrx_word' id='word_1_363' title='bbox 1416 2748 1555 2803; x_wconf 81' lang='lat' dir='ltr'><strong>[ilius</strong></span> <span class='ocrx_word' id='word_1_364' title='bbox 1574 2749 1749 2803; x_wconf 74' lang='lat' dir='ltr'><strong>Maria:</strong></span> <span class='ocrx_word' id='word_1_365' title='bbox 1767 2765 1797 2803; x_wconf 90' lang='lat' dir='ltr'><strong>a</strong></span> <span class='ocrx_word' id='word_1_366' title='bbox 1817 2749 2036 2814; x_wconf 69' lang='lat' dir='ltr'><strong>Judaais,</strong></span> 
     </span>
    </p>
   </div>
   <div class='ocr_carea' id='block_1_46' title="bbox 468 2832 2037 2910">
    <p class='ocr_par' dir='ltr' id='par_1_46' title="bbox 468 2832 2037 2910">
     <span class='ocr_line' id='line_1_46' title="bbox 468 2832 2037 2910; baseline 0.008 -25"><span class='ocrx_word' id='word_1_367' title='bbox 468 2834 552 2886; x_wconf 67' lang='lat' dir='ltr'><strong>vel</strong></span> <span class='ocrx_word' id='word_1_368' title='bbox 608 2835 882 2901; x_wconf 86' lang='lat' dir='ltr'><strong>militibus,</strong></span> <span class='ocrx_word' id='word_1_369' title='bbox 924 2852 1027 2891; x_wconf 89' lang='lat' dir='ltr'><strong>non</strong></span> <span class='ocrx_word' id='word_1_370' title='bbox 1049 2832 1420 2907; x_wconf 86' lang='lat' dir='ltr'><strong>ﬂagellabitur,</strong></span> <span class='ocrx_word' id='word_1_371' title='bbox 1452 2855 1551 2895; x_wconf 91' lang='lat' dir='ltr'><strong>nec</strong></span> <span class='ocrx_word' id='word_1_372' title='bbox 1578 2840 1885 2906; x_wconf 82' lang='lat' dir='ltr'><strong>Occidetur;</strong></span> <span class='ocrx_word' id='word_1_373' title='bbox 1912 2841 2037 2910; x_wconf 79' lang='lat' dir='ltr'><strong>quia</strong></span> 
     </span>
    </p>
   </div>
   <div class='ocr_carea' id='block_1_47' title="bbox 470 2922 2038 3000">
    <p class='ocr_par' dir='ltr' id='par_1_47' title="bbox 470 2922 2038 3000">
     <span class='ocr_line' id='line_1_47' title="bbox 470 2922 2038 3000; baseline 0.006 -24"><span class='ocrx_word' id='word_1_374' title='bbox 470 2922 717 2978; x_wconf 87' lang='lat' dir='ltr'><strong>Christus</strong></span> <span class='ocrx_word' id='word_1_375' title='bbox 742 2943 806 2980; x_wconf 67' lang='lat' dir='ltr'><strong>ea:</strong></span> <span class='ocrx_word' id='word_1_376' title='bbox 832 2932 1050 2983; x_wconf 78' lang='lat' dir='ltr'><strong>mortuis</strong></span> <span class='ocrx_word' id='word_1_377' title='bbox 1074 2946 1343 3000; x_wconf 80' lang='lat' dir='ltr'><strong>resurgens</strong></span> <span class='ocrx_word' id='word_1_378' title='bbox 1354 2930 1469 2999; x_wconf 84' lang='lat' dir='ltr'><strong>jam</strong></span> <span class='ocrx_word' id='word_1_379' title='bbox 1499 2948 1600 2985; x_wconf 88' lang='lat' dir='ltr'><strong>non</strong></span> <span class='ocrx_word' id='word_1_380' title='bbox 1628 2934 1870 2998; x_wconf 72' lang='lat' dir='ltr'><strong>moritur,</strong></span> <span class='ocrx_word' id='word_1_381' title='bbox 1899 2949 2038 2987; x_wconf 85' lang='lat' dir='ltr'><strong>mors</strong></span> 
     </span>
    </p>
   </div>
   <div class='ocr_carea' id='block_1_48' title="bbox 470 2996 2109 3095">
    <p class='ocr_par' dir='ltr' id='par_1_48' title="bbox 470 2996 2109 3095">
     <span class='ocr_line' id='line_1_48' title="bbox 470 2996 2109 3095; baseline 0.009 -30"><span class='ocrx_word' id='word_1_382' title='bbox 470 3012 549 3065; x_wconf 87' lang='lat' dir='ltr'><strong>illi</strong></span> <span class='ocrx_word' id='word_1_383' title='bbox 598 3014 738 3069; x_wconf 87' lang='lat' dir='ltr'><strong>ultra</strong></span> <span class='ocrx_word' id='word_1_384' title='bbox 779 3024 883 3071; x_wconf 76' lang='lat' dir='ltr'><strong>nun</strong></span> <span class='ocrx_word' id='word_1_385' title='bbox 924 2996 1277 3074; x_wconf 73' lang='lat' dir='ltr'><strong>dominabitur</strong></span> <span class='ocrx_word' id='word_1_386' title='bbox 1308 2996 1486 3092; x_wconf 69' lang='lat' dir='ltr'><strong>(liam.</strong></span> <span class='ocrx_word' id='word_1_387' title='bbox 1521 3039 1597 3086; x_wconf 78' lang='lat' dir='ltr'><strong>v1,</strong></span> <span class='ocrx_word' id='word_1_388' title='bbox 1640 3024 1718 3093; x_wconf 90' lang='lat'><strong>9).</strong></span> <span class='ocrx_word' id='word_1_389' title='bbox 1750 2996 1883 3077; x_wconf 84' lang='lat' dir='ltr'><strong>Pars</strong></span> <span class='ocrx_word' id='word_1_390' title='bbox 1908 3039 2039 3095; x_wconf 82' lang='lat' dir='ltr'><strong>ergo</strong></span> <span class='ocrx_word' id='word_1_391' title='bbox 2064 2996 2109 3058; x_wconf 65' lang='grc' dir='ltr'><strong>Ο</strong></span> 
     </span>
    </p>
   </div>
   <div class='ocr_carea' id='block_1_49' title="bbox 476 3103 2037 3183">
    <p class='ocr_par' dir='ltr' id='par_1_49' title="bbox 476 3103 2037 3183">
     <span class='ocr_line' id='line_1_49' title="bbox 476 3103 2037 3183; baseline 0.007 -28"><span class='ocrx_word' id='word_1_392' title='bbox 476 3103 703 3183; x_wconf 64' lang='lat' dir='ltr'><strong>Martha:</strong></span> <span class='ocrx_word' id='word_1_393' title='bbox 730 3107 777 3139; x_wconf 71' lang='grc'><strong>’⁵</strong></span> <span class='ocrx_word' id='word_1_394' title='bbox 816 3109 863 3163; x_wconf 91' lang='lat' dir='ltr'><strong>ei</strong></span> <span class='ocrx_word' id='word_1_395' title='bbox 894 3110 1137 3166; x_wconf 81' lang='lat' dir='ltr'><strong>aufertur</strong></span> <span class='ocrx_word' id='word_1_396' title='bbox 1176 3110 1247 3177; x_wconf 81' lang='grc'><strong>⁸⁸,</strong></span> <span class='ocrx_word' id='word_1_397' title='bbox 1277 3112 1372 3167; x_wconf 91' lang='lat' dir='ltr'><strong>sed</strong></span> <span class='ocrx_word' id='word_1_398' title='bbox 1403 3113 1544 3166; x_wconf 93' lang='lat' dir='ltr'><strong>bono</strong></span> <span class='ocrx_word' id='word_1_399' title='bbox 1586 3127 1685 3167; x_wconf 89' lang='lat' dir='ltr'><strong>suo</strong></span> <span class='ocrx_word' id='word_1_400' title='bbox 1700 3129 1725 3178; x_wconf 90' lang='lat'><strong>;-</strong></span> <span class='ocrx_word' id='word_1_401' title='bbox 1752 3127 1880 3179; x_wconf 91' lang='lat' dir='ltr'><strong>pars</strong></span> <span class='ocrx_word' id='word_1_402' title='bbox 1910 3128 2037 3167; x_wconf 91' lang='lat' dir='ltr'><strong>vero</strong></span> 
     </span>
    </p>
   </div>
   <div class='ocr_carea' id='block_1_50' title="bbox 470 3192 2033 3270">
    <p class='ocr_par' dir='ltr' id='par_1_50' title="bbox 470 3192 2033 3270">
     <span class='ocr_line' id='line_1_50' title="bbox 470 3192 2033 3270; baseline 0.004 -24"><span class='ocrx_word' id='word_1_403' title='bbox 470 3192 657 3249; x_wconf 75' lang='lat' dir='ltr'><strong>Maria:</strong></span> <span class='ocrx_word' id='word_1_404' title='bbox 677 3194 725 3228; x_wconf 74' lang='lat'>“</span> <span class='ocrx_word' id='word_1_405' title='bbox 766 3198 813 3252; x_wconf 88' lang='lat' dir='ltr'><strong>ei</strong></span> <span class='ocrx_word' id='word_1_406' title='bbox 858 3200 1156 3268; x_wconf 82' lang='lat' dir='ltr'><strong>perﬁcitur,</strong></span> <span class='ocrx_word' id='word_1_407' title='bbox 1200 3216 1331 3270; x_wconf 60' lang='lat' dir='ltr'><strong>qua!</strong></span> <span class='ocrx_word' id='word_1_408' title='bbox 1362 3216 1469 3255; x_wconf 90' lang='lat' dir='ltr'><strong>non</strong></span> <span class='ocrx_word' id='word_1_409' title='bbox 1514 3200 1792 3255; x_wconf 84' lang='lat' dir='ltr'><strong>auferetur</strong></span> <span class='ocrx_word' id='word_1_410' title='bbox 1838 3202 1906 3255; x_wconf 88' lang='lat' dir='ltr'><strong>ab</strong></span> <span class='ocrx_word' id='word_1_411' title='bbox 1949 3217 2033 3255; x_wconf 90' lang='lat' dir='ltr'><strong>ea.</strong></span> 
     </span>
    </p>
   </div>
   <div class='ocr_carea' id='block_1_51' title="bbox 471 3286 2039 3359">
    <p class='ocr_par' dir='ltr' id='par_1_51' title="bbox 471 3286 2039 3359">
     <span class='ocr_line' id='line_1_51' title="bbox 471 3286 2039 3359; baseline 0.004 -20"><span class='ocrx_word' id='word_1_412' title='bbox 471 3286 717 3341; x_wconf 79' lang='lat' dir='ltr'><strong>Exaltata</strong></span> <span class='ocrx_word' id='word_1_413' title='bbox 766 3296 850 3343; x_wconf 90' lang='lat' dir='ltr'><strong>est</strong></span> <span class='ocrx_word' id='word_1_414' title='bbox 901 3291 1044 3343; x_wconf 89' lang='lat' dir='ltr'><strong>enim</strong></span> <span class='ocrx_word' id='word_1_415' title='bbox 1078 3305 1241 3358; x_wconf 84' lang='lat' dir='ltr'><strong>super</strong></span> <span class='ocrx_word' id='word_1_416' title='bbox 1268 3292 1466 3344; x_wconf 88' lang='lat' dir='ltr'><strong>choros</strong></span> <span class='ocrx_word' id='word_1_417' title='bbox 1494 3290 1832 3359; x_wconf 88' lang='lat' dir='ltr'><strong>angelorum,</strong></span> <span class='ocrx_word' id='word_1_418' title='bbox 1865 3290 2039 3359; x_wconf 83' lang='lat' dir='ltr'><strong>reple-</strong></span> 
     </span>
    </p>
   </div>
   <div class='ocr_carea' id='block_1_52' title="bbox 472 3368 2035 3448">
    <p class='ocr_par' dir='ltr' id='par_1_52' title="bbox 472 3368 2035 3448">
     <span class='ocr_line' id='line_1_52' title="bbox 472 3368 2035 3448; baseline 0.005 -25"><span class='ocrx_word' id='word_1_419' title='bbox 472 3381 585 3424; x_wconf 91' lang='lat' dir='ltr'><strong>tum</strong></span> <span class='ocrx_word' id='word_1_420' title='bbox 632 3382 717 3426; x_wconf 89' lang='lat' dir='ltr'><strong>est</strong></span> <span class='ocrx_word' id='word_1_421' title='bbox 767 3375 820 3427; x_wconf 92' lang='lat' dir='ltr'><strong>in</strong></span> <span class='ocrx_word' id='word_1_422' title='bbox 871 3368 1026 3430; x_wconf 79' lang='lat' dir='ltr'><strong>bonis</strong></span> <span class='ocrx_word' id='word_1_423' title='bbox 1072 3375 1398 3429; x_wconf 88' lang='lat' dir='ltr'><strong>desiderium</strong></span> <span class='ocrx_word' id='word_1_424' title='bbox 1440 3392 1596 3430; x_wconf 90' lang='lat' dir='ltr'><strong>suum</strong></span> <span class='ocrx_word' id='word_1_425' title='bbox 1626 3375 1799 3440; x_wconf 79' lang='lat' dir='ltr'><strong>(I’sal.</strong></span> <span class='ocrx_word' id='word_1_426' title='bbox 1831 3392 1925 3442; x_wconf 85' lang='lat' dir='ltr'><strong>cn,</strong></span> <span class='ocrx_word' id='word_1_427' title='bbox 1955 3377 2035 3448; x_wconf 83' lang='lat'><strong>5),</strong></span> 
     </span>
    </p>
   </div>
   <div class='ocr_carea' id='block_1_53' title="bbox 469 3462 2034 3549">
    <p class='ocr_par' dir='ltr' id='par_1_53' title="bbox 469 3462 2034 3549">
     <span class='ocr_line' id='line_1_53' title="bbox 469 3462 2034 3549; baseline 0.005 -35"><span class='ocrx_word' id='word_1_428' title='bbox 469 3462 616 3515; x_wconf 82' lang='lat' dir='ltr'><strong>videt</strong></span> <span class='ocrx_word' id='word_1_429' title='bbox 637 3462 799 3517; x_wconf 88' lang='lat' dir='ltr'><strong>Deum</strong></span> <span class='ocrx_word' id='word_1_430' title='bbox 828 3463 965 3519; x_wconf 78' lang='lat' dir='ltr'><strong>facie</strong></span> <span class='ocrx_word' id='word_1_431' title='bbox 991 3466 1057 3519; x_wconf 90' lang='lat' dir='ltr'><strong>ad</strong></span> <span class='ocrx_word' id='word_1_432' title='bbox 1082 3465 1291 3532; x_wconf 80' lang='lat' dir='ltr'><strong>faciem,</strong></span> <span class='ocrx_word' id='word_1_433' title='bbox 1315 3468 1471 3521; x_wconf 89' lang='lat' dir='ltr'><strong>sicuti</strong></span> <span class='ocrx_word' id='word_1_434' title='bbox 1494 3468 1641 3549; x_wconf 72' lang='lat' dir='ltr'><strong>est(l</strong></span> <span class='ocrx_word' id='word_1_435' title='bbox 1667 3471 1827 3522; x_wconf 81' lang='lat' dir='ltr'><strong>Joan.</strong></span> <span class='ocrx_word' id='word_1_436' title='bbox 1849 3485 1933 3536; x_wconf 81' lang='lat' dir='ltr'><strong>ill,</strong></span> <span class='ocrx_word' id='word_1_437' title='bbox 1956 3470 2034 3539; x_wconf 60' lang='grc' dir='ltr'><strong>ἓ),</strong></span> 
     </span>
    </p>
   </div>
   <div class='ocr_carea' id='block_1_54' title="bbox 474 3553 2035 3636">
    <p class='ocr_par' dir='ltr' id='par_1_54' title="bbox 474 3553 2035 3636">
     <span class='ocr_line' id='line_1_54' title="bbox 474 3553 2035 3636; baseline 0.004 -31"><span class='ocrx_word' id='word_1_438' title='bbox 474 3553 678 3621; x_wconf 85' lang='lat' dir='ltr'><strong>gaudet</strong></span> <span class='ocrx_word' id='word_1_439' title='bbox 703 3569 822 3636; x_wconf 81' lang='lat' dir='ltr'><strong>cum</strong></span> <span class='ocrx_word' id='word_1_440' title='bbox 849 3554 959 3609; x_wconf 84' lang='lat' dir='ltr'><strong>filio</strong></span> <span class='ocrx_word' id='word_1_441' title='bbox 986 3556 1039 3610; x_wconf 91' lang='lat' dir='ltr'><strong>in</strong></span> <span class='ocrx_word' id='word_1_442' title='bbox 1069 3565 1352 3612; x_wconf 56' lang='lat' dir='ltr'><strong>aeternam.</strong></span> <span class='ocrx_word' id='word_1_443' title='bbox 1382 3557 1507 3613; x_wconf 65' lang='lat' dir='ltr'><strong>llaec</strong></span> <span class='ocrx_word' id='word_1_444' title='bbox 1536 3567 1620 3614; x_wconf 87' lang='lat' dir='ltr'><strong>est</strong></span> <span class='ocrx_word' id='word_1_445' title='bbox 1649 3574 1777 3629; x_wconf 88' lang='lat' dir='ltr'><strong>pars</strong></span> <span class='ocrx_word' id='word_1_446' title='bbox 1812 3562 2035 3629; x_wconf 79' lang='lat' dir='ltr'><strong>Optima,</strong></span> 
     </span>
    </p>
   </div>
   <div class='ocr_carea' id='block_1_55' title="bbox 478 3644 2038 3719">
    <p class='ocr_par' dir='ltr' id='par_1_55' title="bbox 478 3644 2038 3719">
     <span class='ocr_line' id='line_1_55' title="bbox 478 3644 2038 3719; baseline 0.006 -24"><span class='ocrx_word' id='word_1_447' title='bbox 478 3659 599 3710; x_wconf 76' lang='lat' dir='ltr'><strong>qum</strong></span> <span class='ocrx_word' id='word_1_448' title='bbox 626 3659 731 3698; x_wconf 88' lang='lat' dir='ltr'><strong>non</strong></span> <span class='ocrx_word' id='word_1_449' title='bbox 763 3644 1038 3701; x_wconf 77' lang='lat' dir='ltr'><strong>auferetur</strong></span> <span class='ocrx_word' id='word_1_450' title='bbox 1079 3648 1147 3701; x_wconf 86' lang='lat' dir='ltr'><strong>ab</strong></span> <span class='ocrx_word' id='word_1_451' title='bbox 1172 3662 1275 3714; x_wconf 89' lang='lat' dir='ltr'><strong>ea;</strong></span> <span class='ocrx_word' id='word_1_452' title='bbox 1316 3649 1551 3718; x_wconf 28' lang='lat' dir='ltr'><strong>cujus‘et</strong></span> <span class='ocrx_word' id='word_1_453' title='bbox 1594 3664 1694 3705; x_wconf 91' lang='lat' dir='ltr'><strong>nos</strong></span> <span class='ocrx_word' id='word_1_454' title='bbox 1742 3650 2038 3719; x_wconf 87' lang='lat' dir='ltr'><strong>participes</strong></span> 
     </span>
    </p>
   </div>
   <div class='ocr_carea' id='block_1_56' title="bbox 471 3719 2035 3813">
    <p class='ocr_par' dir='ltr' id='par_1_56' title="bbox 471 3719 2035 3813">
     <span class='ocr_line' id='line_1_56' title="bbox 471 3719 2035 3813; baseline 0.006 -29"><span class='ocrx_word' id='word_1_455' title='bbox 471 3732 663 3795; x_wconf 86' lang='lat' dir='ltr'><strong>simus,</strong></span> <span class='ocrx_word' id='word_1_456' title='bbox 692 3719 897 3790; x_wconf 75' lang='lat' dir='ltr'><strong>meritis</strong></span> <span class='ocrx_word' id='word_1_457' title='bbox 920 3742 974 3789; x_wconf 90' lang='lat' dir='ltr'><strong>et</strong></span> <span class='ocrx_word' id='word_1_458' title='bbox 998 3737 1248 3805; x_wconf 90' lang='lat' dir='ltr'><strong>precibus</strong></span> <span class='ocrx_word' id='word_1_459' title='bbox 1271 3737 1405 3807; x_wconf 88' lang='lat' dir='ltr'><strong>ejus,</strong></span> <span class='ocrx_word' id='word_1_460' title='bbox 1434 3753 1531 3808; x_wconf 89' lang='lat' dir='ltr'><strong>per</strong></span> <span class='ocrx_word' id='word_1_461' title='bbox 1558 3738 1741 3794; x_wconf 85' lang='lat' dir='ltr'><strong>Jesum</strong></span> <span class='ocrx_word' id='word_1_462' title='bbox 1761 3738 2035 3813; x_wconf 80' lang='lat' dir='ltr'><strong>Christum</strong></span> 
     </span>
    </p>
   </div>
   <div class='ocr_carea' id='block_1_57' title="bbox 470 3818 2036 3895">
    <p class='ocr_par' dir='ltr' id='par_1_57' title="bbox 470 3818 2036 3895">
     <span class='ocr_line' id='line_1_57' title="bbox 470 3818 2036 3895; baseline 0.006 -24"><span class='ocrx_word' id='word_1_463' title='bbox 470 3818 667 3874; x_wconf 83' lang='lat' dir='ltr'><strong>Filium</strong></span> <span class='ocrx_word' id='word_1_464' title='bbox 696 3821 833 3889; x_wconf 86' lang='lat' dir='ltr'><strong>ejus,</strong></span> <span class='ocrx_word' id='word_1_465' title='bbox 862 3824 956 3892; x_wconf 90' lang='lat' dir='ltr'><strong>qui</strong></span> <span class='ocrx_word' id='word_1_466' title='bbox 983 3824 1119 3877; x_wconf 88' lang='lat' dir='ltr'><strong>vivit</strong></span> <span class='ocrx_word' id='word_1_467' title='bbox 1143 3833 1198 3878; x_wconf 90' lang='lat' dir='ltr'><strong>et</strong></span> <span class='ocrx_word' id='word_1_468' title='bbox 1234 3834 1424 3895; x_wconf 87' lang='lat' dir='ltr'><strong>regnat</strong></span> <span class='ocrx_word' id='word_1_469' title='bbox 1462 3841 1585 3881; x_wconf 90' lang='lat' dir='ltr'><strong>cum</strong></span> <span class='ocrx_word' id='word_1_470' title='bbox 1634 3828 1746 3883; x_wconf 89' lang='lat' dir='ltr'><strong>Deo</strong></span> <span class='ocrx_word' id='word_1_471' title='bbox 1788 3818 1949 3881; x_wconf 84' lang='lat' dir='ltr'><strong>Patre</strong></span> <span class='ocrx_word' id='word_1_472' title='bbox 1982 3827 2036 3880; x_wconf 92' lang='lat' dir='ltr'><strong>in</strong></span> 
     </span>
    </p>
   </div>
   <div class='ocr_carea' id='block_1_58' title="bbox 473 3909 2036 3984">
    <p class='ocr_par' dir='ltr' id='par_1_58' title="bbox 473 3909 2036 3984">
     <span class='ocr_line' id='line_1_58' title="bbox 473 3909 2036 3984; baseline 0.006 -23"><span class='ocrx_word' id='word_1_473' title='bbox 473 3909 682 3963; x_wconf 90' lang='lat' dir='ltr'><strong>unitate</strong></span> <span class='ocrx_word' id='word_1_474' title='bbox 730 3912 963 3980; x_wconf 87' lang='lat' dir='ltr'><strong>Spiritus</strong></span> <span class='ocrx_word' id='word_1_475' title='bbox 1006 3913 1177 3967; x_wconf 82' lang='lat' dir='ltr'><strong>sancti</strong></span> <span class='ocrx_word' id='word_1_476' title='bbox 1224 3912 1295 3981; x_wconf 80' lang='grc'><strong>⁸⁷,</strong></span> <span class='ocrx_word' id='word_1_477' title='bbox 1351 3930 1449 3984; x_wconf 87' lang='lat' dir='ltr'><strong>per</strong></span> <span class='ocrx_word' id='word_1_478' title='bbox 1490 3917 1672 3971; x_wconf 90' lang='lat' dir='ltr'><strong>omnia</strong></span> <span class='ocrx_word' id='word_1_479' title='bbox 1718 3917 2036 3972; x_wconf 64' lang='lat' dir='ltr'><strong>smeulorum</strong></span> 
     </span>
    </p>
   </div>
   <div class='ocr_carea' id='block_1_59' title="bbox 471 3997 979 4055">
    <p class='ocr_par' dir='ltr' id='par_1_59' title="bbox 471 3997 979 4055">
     <span class='ocr_line' id='line_1_59' title="bbox 471 3997 979 4055; baseline 0.006 -3"><span class='ocrx_word' id='word_1_480' title='bbox 471 3997 690 4052; x_wconf 61' lang='lat' dir='ltr'><strong>monia.</strong></span> <span class='ocrx_word' id='word_1_481' title='bbox 718 3998 887 4054; x_wconf 80' lang='lat' dir='ltr'><strong>Amen</strong></span> <span class='ocrx_word' id='word_1_482' title='bbox 910 3999 979 4055; x_wconf 81' lang='grc'><strong>³⁸.</strong></span> 
     </span>
    </p>
   </div>
   <div class='ocr_carea' id='block_1_60' title="bbox 957 4089 1544 4161">
    <p class='ocr_par' dir='ltr' id='par_1_60' title="bbox 957 4089 1544 4161">
     <span class='ocr_line' id='line_1_60' title="bbox 957 4089 1544 4161; baseline -0.003 -15"><span class='ocrx_word' id='word_1_483' title='bbox 957 4090 1117 4161; x_wconf 75' lang='lat'><strong>130</strong></span> <span class='ocrx_word' id='word_1_484' title='bbox 1152 4089 1432 4146; x_wconf 81' lang='lat' dir='ltr'><strong>HOMILIA</strong></span> <span class='ocrx_word' id='word_1_485' title='bbox 1469 4089 1544 4145; x_wconf 84' lang='lat' dir='ltr'><strong>x.</strong></span> 
     </span>
    </p>
   </div>
   <div class='ocr_carea' id='block_1_61' title="bbox 470 4176 2036 4239">
    <p class='ocr_par' dir='ltr' id='par_1_61' title="bbox 470 4176 2036 4239">
     <span class='ocr_line' id='line_1_61' title="bbox 470 4176 2036 4239; baseline 0.006 -9"><span class='ocrx_word' id='word_1_486' title='bbox 470 4176 530 4231; x_wconf 76' lang='lat' dir='ltr'><strong>In</strong></span> <span class='ocrx_word' id='word_1_487' title='bbox 559 4194 889 4236; x_wconf 72' lang='lat' dir='ltr'><strong>evsucsuuu</strong></span> <span class='ocrx_word' id='word_1_488' title='bbox 913 4197 1184 4238; x_wconf 74' lang='lat' dir='ltr'><strong>sscuunuu</strong></span> <span class='ocrx_word' id='word_1_489' title='bbox 1207 4182 1394 4237; x_wconf 76' lang='lat' dir='ltr'><strong>Lucsu</strong></span> <span class='ocrx_word' id='word_1_490' title='bbox 1422 4201 1437 4235; x_wconf 85' lang='lat'><strong>:</strong></span> <span class='ocrx_word' id='word_1_491' title='bbox 1474 4182 1605 4236; x_wconf 81' lang='lat' dir='ltr'><strong>Cum</strong></span> <span class='ocrx_word' id='word_1_492' title='bbox 1636 4183 1856 4236; x_wconf 82' lang='lat' dir='ltr'><strong>intraret</strong></span> <span class='ocrx_word' id='word_1_493' title='bbox 1878 4181 2036 4239; x_wconf 80' lang='lat' dir='ltr'><strong>Iesus</strong></span> 
     </span>
    </p>
   </div>
   <div class='ocr_carea' id='block_1_62' title="bbox 546 4271 2040 4343">
    <p class='ocr_par' dir='ltr' id='par_1_62' title="bbox 546 4271 2040 4343">
     <span class='ocr_line' id='line_1_62' title="bbox 546 4271 2040 4343; baseline 0.005 -20"><span class='ocrx_word' id='word_1_494' title='bbox 546 4272 603 4324; x_wconf 89' lang='lat' dir='ltr'><strong>in</strong></span> <span class='ocrx_word' id='word_1_495' title='bbox 630 4273 843 4325; x_wconf 84' lang='lat' dir='ltr'><strong>domum</strong></span> <span class='ocrx_word' id='word_1_496' title='bbox 867 4274 1142 4340; x_wconf 73' lang='lat' dir='ltr'><strong>cujusdam</strong></span> <span class='ocrx_word' id='word_1_497' title='bbox 1174 4274 1423 4343; x_wconf 82' lang='lat' dir='ltr'><strong>principis</strong></span> <span class='ocrx_word' id='word_1_498' title='bbox 1466 4271 1863 4328; x_wconf 78' lang='lat' dir='ltr'><strong>Pharisteorum</strong></span> <span class='ocrx_word' id='word_1_499' title='bbox 1903 4274 2040 4330; x_wconf 86' lang='lat' dir='ltr'><strong>Sab-</strong></span> 
     </span>
    </p>
   </div>
   <div class='ocr_carea' id='block_1_63' title="bbox 546 4360 2033 4434">
    <p class='ocr_par' dir='ltr' id='par_1_63' title="bbox 546 4360 2033 4434">
     <span class='ocr_line' id='line_1_63' title="bbox 546 4360 2033 4434; baseline 0.003 -21"><span class='ocrx_word' id='word_1_500' title='bbox 546 4360 666 4414; x_wconf 79' lang='lat' dir='ltr'><strong>bato</strong></span> <span class='ocrx_word' id='word_1_501' title='bbox 700 4361 1017 4416; x_wconf 77' lang='lat' dir='ltr'><strong>manducare</strong></span> <span class='ocrx_word' id='word_1_502' title='bbox 1040 4378 1263 4430; x_wconf 81' lang='lat' dir='ltr'><strong>panem;</strong></span> <span class='ocrx_word' id='word_1_503' title='bbox 1301 4371 1349 4417; x_wconf 83' lang='lat' dir='ltr'><strong>et</strong></span> <span class='ocrx_word' id='word_1_504' title='bbox 1376 4363 1478 4434; x_wconf 83' lang='lat' dir='ltr'><strong>ipsi</strong></span> <span class='ocrx_word' id='word_1_505' title='bbox 1518 4363 1861 4418; x_wconf 82' lang='lat' dir='ltr'><strong>observabant</strong></span> <span class='ocrx_word' id='word_1_506' title='bbox 1891 4381 2033 4419; x_wconf 83' lang='lat' dir='ltr'><strong>eum.</strong></span> 
     </span>
    </p>
   </div>
   <div class='ocr_carea' id='block_1_64' title="bbox 542 4446 1284 4523">
    <p class='ocr_par' dir='ltr' id='par_1_64' title="bbox 542 4446 1284 4523">
     <span class='ocr_line' id='line_1_64' title="bbox 542 4446 1284 4523; baseline 0.009 -22"><span class='ocrx_word' id='word_1_507' title='bbox 542 4446 607 4501; x_wconf 87' lang='lat' dir='ltr'><strong>Et</strong></span> <span class='ocrx_word' id='word_1_508' title='bbox 636 4447 861 4520; x_wconf 86' lang='lat' dir='ltr'><strong>reliqua.</strong></span> <span class='ocrx_word' id='word_1_509' title='bbox 888 4449 1039 4518; x_wconf 84' lang='lat' dir='ltr'><strong>(Luc.</strong></span> <span class='ocrx_word' id='word_1_510' title='bbox 1066 4466 1176 4517; x_wconf 77' lang='lat' dir='ltr'><strong>xiv,</strong></span> <span class='ocrx_word' id='word_1_511' title='bbox 1206 4450 1284 4523; x_wconf 83' lang='grc'><strong>1.)</strong></span> 
     </span>
    </p>
   </div>
   <div class='ocr_carea' id='block_1_65' title="bbox 496 4530 2035 4617">
    <p class='ocr_par' dir='ltr' id='par_1_65' title="bbox 496 4530 2035 4617">
     <span class='ocr_line' id='line_1_65' title="bbox 496 4530 2035 4617; baseline 0.002 -26"><span class='ocrx_word' id='word_1_512' title='bbox 496 4614 499 4617; x_wconf 13' lang='grc' dir='ltr'><em>Α</em></span> <span class='ocrx_word' id='word_1_513' title='bbox 543 4530 689 4605; x_wconf 69' lang='lat' dir='ltr'><strong>Haec,</strong></span> <span class='ocrx_word' id='word_1_514' title='bbox 714 4554 832 4609; x_wconf 67' lang='lat' dir='ltr'><strong>quae</strong></span> <span class='ocrx_word' id='word_1_515' title='bbox 854 4555 997 4595; x_wconf 91' lang='lat' dir='ltr'><strong>nunc</strong></span> <span class='ocrx_word' id='word_1_516' title='bbox 1016 4543 1306 4597; x_wconf 90' lang='lat' dir='ltr'><strong>secundum</strong></span> <span class='ocrx_word' id='word_1_517' title='bbox 1329 4540 1611 4598; x_wconf 61' lang='lat' dir='ltr'><strong>histodam</strong></span> <span class='ocrx_word' id='word_1_518' title='bbox 1635 4540 1771 4597; x_wconf 86' lang='lat' dir='ltr'><strong>mira</strong></span> <span class='ocrx_word' id='word_1_519' title='bbox 1793 4540 2035 4596; x_wconf 84' lang='lat' dir='ltr'><strong>referun-</strong></span> 
     </span>
    </p>
   </div>
   <div class='ocr_carea' id='block_1_66' title="bbox 394 4628 2031 4700">
    <p class='ocr_par' dir='ltr' id='par_1_66' title="bbox 394 4628 2031 4700">
     <span class='ocr_line' id='line_1_66' title="bbox 394 4628 2031 4700; baseline -0.004 -11"><span class='ocrx_word' id='word_1_520' title='bbox 394 4684 397 4689; x_wconf 95' lang='lat'><strong>.</strong></span> <span class='ocrx_word' id='word_1_521' title='bbox 471 4636 584 4694; x_wconf 86' lang='lat' dir='ltr'><strong>tur,</strong></span> <span class='ocrx_word' id='word_1_522' title='bbox 610 4631 904 4685; x_wconf 86' lang='lat' dir='ltr'><strong>secundum</strong></span> <span class='ocrx_word' id='word_1_523' title='bbox 940 4630 1235 4700; x_wconf 87' lang='lat' dir='ltr'><strong>spiritalem</strong></span> <span class='ocrx_word' id='word_1_524' title='bbox 1282 4646 1503 4686; x_wconf 85' lang='lat' dir='ltr'><strong>sensum</strong></span> <span class='ocrx_word' id='word_1_525' title='bbox 1538 4629 1671 4700; x_wconf 82' lang='lat' dir='ltr'><strong>plus</strong></span> <span class='ocrx_word' id='word_1_526' title='bbox 1711 4628 2031 4684; x_wconf 85' lang='lat' dir='ltr'><strong>admiranda</strong></span> 
     </span>
    </p>
   </div>
   <div class='ocr_carea' id='block_1_67' title="bbox 2132 1763 3754 1824">
    <p class='ocr_par' dir='ltr' id='par_1_67' title="bbox 2132 1763 3754 1824">
     <span class='ocr_line' id='line_1_67' title="bbox 2132 1763 3754 1824; baseline -0.001 -8"><span class='ocrx_word' id='word_1_527' title='bbox 2132 1763 2331 1819; x_wconf 83' lang='lat' dir='ltr'><strong>faceret</strong></span> <span class='ocrx_word' id='word_1_528' title='bbox 2356 1765 2537 1821; x_wconf 85' lang='lat' dir='ltr'><strong>Patris</strong></span> <span class='ocrx_word' id='word_1_529' title='bbox 2560 1766 2918 1819; x_wconf 86' lang='lat' dir='ltr'><strong>voluntatem.</strong></span> <span class='ocrx_word' id='word_1_530' title='bbox 2942 1763 3034 1817; x_wconf 84' lang='lat' dir='ltr'><strong>Ait</strong></span> <span class='ocrx_word' id='word_1_531' title='bbox 3060 1763 3204 1817; x_wconf 90' lang='lat' dir='ltr'><strong>enim</strong></span> <span class='ocrx_word' id='word_1_532' title='bbox 3227 1781 3238 1815; x_wconf 94' lang='lat'>:</span> <span class='ocrx_word' id='word_1_533' title='bbox 3267 1764 3413 1816; x_wconf 81' lang='lat' dir='ltr'><strong>Mens</strong></span> <span class='ocrx_word' id='word_1_534' title='bbox 3439 1764 3584 1817; x_wconf 83' lang='lat' dir='ltr'><strong>cibus</strong></span> <span class='ocrx_word' id='word_1_535' title='bbox 3607 1774 3702 1824; x_wconf 81' lang='lat' dir='ltr'><strong>est,</strong></span> <span class='ocrx_word' id='word_1_536' title='bbox 3749 1778 3754 1783; x_wconf 77' lang='lat'>&#39;</span> 
     </span>
    </p>
   </div>
   <div class='ocr_carea' id='block_1_68' title="bbox 2131 1853 3703 1925">
    <p class='ocr_par' dir='ltr' id='par_1_68' title="bbox 2131 1853 3703 1925">
     <span class='ocr_line' id='line_1_68' title="bbox 2131 1853 3703 1925; baseline 0.001 -16"><span class='ocrx_word' id='word_1_537' title='bbox 2131 1867 2185 1909; x_wconf 87' lang='lat' dir='ltr'><strong>ut</strong></span> <span class='ocrx_word' id='word_1_538' title='bbox 2215 1856 2407 1923; x_wconf 78' lang='lat' dir='ltr'><strong>faciam</strong></span> <span class='ocrx_word' id='word_1_539' title='bbox 2436 1856 2748 1910; x_wconf 80' lang='lat' dir='ltr'><strong>voluntatem</strong></span> <span class='ocrx_word' id='word_1_540' title='bbox 2768 1856 2882 1925; x_wconf 82' lang='lat' dir='ltr'><strong>ejus</strong></span> <span class='ocrx_word' id='word_1_541' title='bbox 2903 1855 2992 1923; x_wconf 84' lang='lat' dir='ltr'><strong>qui</strong></span> <span class='ocrx_word' id='word_1_542' title='bbox 3014 1870 3094 1907; x_wconf 89' lang='lat' dir='ltr'><strong>me</strong></span> <span class='ocrx_word' id='word_1_543' title='bbox 3117 1855 3256 1907; x_wconf 83' lang='lat' dir='ltr'><strong>misit</strong></span> <span class='ocrx_word' id='word_1_544' title='bbox 3277 1853 3459 1924; x_wconf 82' lang='lat' dir='ltr'><strong>(Joan.</strong></span> <span class='ocrx_word' id='word_1_545' title='bbox 3485 1871 3558 1921; x_wconf 86' lang='lat' dir='ltr'><strong>tv,</strong></span> <span class='ocrx_word' id='word_1_546' title='bbox 3587 1855 3703 1925; x_wconf 60' lang='grc'><strong>54).</strong></span> 
     </span>
    </p>
   </div>
   <div class='ocr_carea' id='block_1_69' title="bbox 2204 1945 3695 2031">
    <p class='ocr_par' dir='ltr' id='par_1_69' title="bbox 2204 1945 3695 2031">
     <span class='ocr_line' id='line_1_69' title="bbox 2204 1945 3695 2031; baseline 0 -32"><span class='ocrx_word' id='word_1_547' title='bbox 2204 1946 2267 1999; x_wconf 79' lang='lat' dir='ltr'><strong>Et</strong></span> <span class='ocrx_word' id='word_1_548' title='bbox 2290 1947 2388 2015; x_wconf 84' lang='lat' dir='ltr'><strong>ipsi</strong></span> <span class='ocrx_word' id='word_1_549' title='bbox 2409 1947 2746 2002; x_wconf 84' lang='lat' dir='ltr'><strong>observabant</strong></span> <span class='ocrx_word' id='word_1_550' title='bbox 2768 1960 2908 2031; x_wconf 45' lang='lat' dir='ltr'><strong>aut,</strong></span> <span class='ocrx_word' id='word_1_551' title='bbox 2932 1947 2983 2002; x_wconf 87' lang='lat' dir='ltr'><strong>id</strong></span> <span class='ocrx_word' id='word_1_552' title='bbox 3007 1954 3108 2009; x_wconf 90' lang='lat' dir='ltr'><strong>est,</strong></span> <span class='ocrx_word' id='word_1_553' title='bbox 3138 1946 3302 2000; x_wconf 85' lang='lat' dir='ltr'><strong>etiam</strong></span> <span class='ocrx_word' id='word_1_554' title='bbox 3329 1946 3449 2015; x_wconf 83' lang='lat' dir='ltr'><strong>ipsi,</strong></span> <span class='ocrx_word' id='word_1_555' title='bbox 3469 1945 3534 1999; x_wconf 86' lang='lat' dir='ltr'><strong>ad</strong></span> <span class='ocrx_word' id='word_1_556' title='bbox 3558 1960 3695 2014; x_wconf 89' lang='lat' dir='ltr'><strong>quos</strong></span> 
     </span>
    </p>
   </div>
   <div class='ocr_carea' id='block_1_70' title="bbox 2130 2034 3703 2103">
    <p class='ocr_par' dir='ltr' id='par_1_70' title="bbox 2130 2034 3703 2103">
     <span class='ocr_line' id='line_1_70' title="bbox 2130 2034 3703 2103; baseline -0.001 -17"><span class='ocrx_word' id='word_1_557' title='bbox 2130 2044 2370 2095; x_wconf 80' lang='lat' dir='ltr'><strong>venerat,</strong></span> <span class='ocrx_word' id='word_1_558' title='bbox 2433 2036 2828 2091; x_wconf 85' lang='lat' dir='ltr'><strong>insidiabantur</strong></span> <span class='ocrx_word' id='word_1_559' title='bbox 2878 2036 2946 2090; x_wconf 90' lang='lat' dir='ltr'><strong>ei.</strong></span> <span class='ocrx_word' id='word_1_560' title='bbox 3017 2034 3473 2103; x_wconf 83' lang='lat' dir='ltr'><strong>Significaverunt</strong></span> <span class='ocrx_word' id='word_1_561' title='bbox 3523 2044 3703 2089; x_wconf 84' lang='lat' dir='ltr'><strong>autem</strong></span> 
     </span>
    </p>
   </div>
   <div class='ocr_carea' id='block_1_71' title="bbox 2129 2124 3705 2196">
    <p class='ocr_par' dir='ltr' id='par_1_71' title="bbox 2129 2124 3705 2196">
     <span class='ocr_line' id='line_1_71' title="bbox 2129 2124 3705 2196; baseline 0.001 -20"><span class='ocrx_word' id='word_1_562' title='bbox 2129 2139 2247 2177; x_wconf 81' lang='lat' dir='ltr'><strong>eam</strong></span> <span class='ocrx_word' id='word_1_563' title='bbox 2277 2124 2583 2179; x_wconf 74' lang='lat' dir='ltr'><strong>Judmorum</strong></span> <span class='ocrx_word' id='word_1_564' title='bbox 2607 2135 2844 2194; x_wconf 89' lang='lat' dir='ltr'><strong>partem,</strong></span> <span class='ocrx_word' id='word_1_565' title='bbox 2875 2125 2927 2179; x_wconf 90' lang='lat' dir='ltr'><strong>in</strong></span> <span class='ocrx_word' id='word_1_566' title='bbox 2954 2141 3059 2196; x_wconf 87' lang='lat' dir='ltr'><strong>qua</strong></span> <span class='ocrx_word' id='word_1_567' title='bbox 3088 2135 3140 2181; x_wconf 90' lang='lat' dir='ltr'><strong>et</strong></span> <span class='ocrx_word' id='word_1_568' title='bbox 3169 2126 3267 2195; x_wconf 71' lang='grc' dir='ltr'><strong>ὅρεὲ</strong></span> <span class='ocrx_word' id='word_1_569' title='bbox 3298 2132 3475 2181; x_wconf 68' lang='lat' dir='ltr'><strong>erant.</strong></span> <span class='ocrx_word' id='word_1_570' title='bbox 3508 2140 3626 2195; x_wconf 70' lang='lat' dir='ltr'><strong>qua:</strong></span> <span class='ocrx_word' id='word_1_571' title='bbox 3653 2126 3705 2178; x_wconf 91' lang='lat' dir='ltr'><strong>ci</strong></span> 
     </span>
    </p>
   </div>
   <div class='ocr_carea' id='block_1_72' title="bbox 2131 2211 3709 2283">
    <p class='ocr_par' dir='ltr' id='par_1_72' title="bbox 2131 2211 3709 2283">
     <span class='ocr_line' id='line_1_72' title="bbox 2131 2211 3709 2283; baseline 0.003 -19"><span class='ocrx_word' id='word_1_572' title='bbox 2131 2225 2344 2278; x_wconf 84' lang='lat' dir='ltr'><strong>semper</strong></span> <span class='ocrx_word' id='word_1_573' title='bbox 2360 2211 2606 2267; x_wconf 83' lang='lat' dir='ltr'><strong>invidens</strong></span> <span class='ocrx_word' id='word_1_574' title='bbox 2622 2214 2998 2277; x_wconf 84' lang='lat' dir='ltr'><strong>insidiabatur,</strong></span> <span class='ocrx_word' id='word_1_575' title='bbox 3016 2226 3070 2269; x_wconf 90' lang='lat' dir='ltr'><strong>et</strong></span> <span class='ocrx_word' id='word_1_576' title='bbox 3091 2217 3363 2283; x_wconf 70' lang='lat' dir='ltr'><strong>quacreLat</strong></span> <span class='ocrx_word' id='word_1_577' title='bbox 3394 2218 3709 2271; x_wconf 82' lang='lat' dir='ltr'><strong>occasiones</strong></span> 
     </span>
    </p>
   </div>
   <div class='ocr_carea' id='block_1_73' title="bbox 2133 2300 3727 2373">
    <p class='ocr_par' dir='ltr' id='par_1_73' title="bbox 2133 2300 3727 2373">
     <span class='ocr_line' id='line_1_73' title="bbox 2133 2300 3727 2373; baseline 0.003 -20"><span class='ocrx_word' id='word_1_578' title='bbox 2133 2300 2558 2371; x_wconf 88' lang='lat' dir='ltr'><strong>reprehendendi</strong></span> <span class='ocrx_word' id='word_1_579' title='bbox 2584 2301 2668 2356; x_wconf 90' lang='lat' dir='ltr'><strong>vel</strong></span> <span class='ocrx_word' id='word_1_580' title='bbox 2706 2303 2994 2357; x_wconf 88' lang='lat' dir='ltr'><strong>accusandi</strong></span> <span class='ocrx_word' id='word_1_581' title='bbox 3025 2316 3170 2357; x_wconf 89' lang='lat' dir='ltr'><strong>eum.</strong></span> <span class='ocrx_word' id='word_1_582' title='bbox 3722 2368 3727 2373; x_wconf 83' lang='lat'><strong><em>_</em></strong></span> 
     </span>
    </p>
   </div>
   <div class='ocr_carea' id='block_1_74' title="bbox 2205 2390 3699 2462">
    <p class='ocr_par' dir='ltr' id='par_1_74' title="bbox 2205 2390 3699 2462">
     <span class='ocr_line' id='line_1_74' title="bbox 2205 2390 3699 2462; baseline 0.001 -18"><span class='ocrx_word' id='word_1_583' title='bbox 2205 2390 2274 2446; x_wconf 89' lang='lat' dir='ltr'><strong>Et</strong></span> <span class='ocrx_word' id='word_1_584' title='bbox 2310 2407 2423 2445; x_wconf 81' lang='lat' dir='ltr'><strong>ecce</strong></span> <span class='ocrx_word' id='word_1_585' title='bbox 2450 2392 2604 2445; x_wconf 82' lang='lat' dir='ltr'><strong>homo</strong></span> <span class='ocrx_word' id='word_1_586' title='bbox 2635 2392 2850 2461; x_wconf 85' lang='lat' dir='ltr'><strong>quidam</strong></span> <span class='ocrx_word' id='word_1_587' title='bbox 2890 2392 3205 2462; x_wconf 78' lang='lat' dir='ltr'><strong>hydropicus</strong></span> <span class='ocrx_word' id='word_1_588' title='bbox 3241 2404 3353 2446; x_wconf 80' lang='lat' dir='ltr'><strong>erat</strong></span> <span class='ocrx_word' id='word_1_589' title='bbox 3381 2403 3500 2446; x_wconf 84' lang='lat' dir='ltr'><strong>ante</strong></span> <span class='ocrx_word' id='word_1_590' title='bbox 3531 2393 3699 2446; x_wconf 84' lang='lat' dir='ltr'><strong>illum.</strong></span> 
     </span>
    </p>
   </div>
   <div class='ocr_carea' id='block_1_75' title="bbox 2140 2480 3702 2552">
    <p class='ocr_par' dir='ltr' id='par_1_75' title="bbox 2140 2480 3702 2552">
     <span class='ocr_line' id='line_1_75' title="bbox 2140 2480 3702 2552; baseline 0.003 -19"><span class='ocrx_word' id='word_1_591' title='bbox 2140 2480 2472 2552; x_wconf 78' lang='lat' dir='ltr'><strong>Ilydropicus</strong></span> <span class='ocrx_word' id='word_1_592' title='bbox 2522 2481 2626 2536; x_wconf 90' lang='lat' dir='ltr'><strong>iste</strong></span> <span class='ocrx_word' id='word_1_593' title='bbox 2676 2481 2767 2550; x_wconf 91' lang='lat' dir='ltr'><strong>qui</strong></span> <span class='ocrx_word' id='word_1_594' title='bbox 2814 2492 2922 2535; x_wconf 84' lang='lat' dir='ltr'><strong>erat</strong></span> <span class='ocrx_word' id='word_1_595' title='bbox 2959 2482 3012 2535; x_wconf 91' lang='lat' dir='ltr'><strong>in</strong></span> <span class='ocrx_word' id='word_1_596' title='bbox 3048 2482 3207 2537; x_wconf 87' lang='lat' dir='ltr'><strong>domo</strong></span> <span class='ocrx_word' id='word_1_597' title='bbox 3233 2484 3484 2552; x_wconf 80' lang='lat' dir='ltr'><strong>principis</strong></span> <span class='ocrx_word' id='word_1_598' title='bbox 3514 2482 3702 2537; x_wconf 75' lang='lat' dir='ltr'><strong>I’Imri~</strong></span> 
     </span>
    </p>
   </div>
   <div class='ocr_carea' id='block_1_76' title="bbox 2134 2570 3704 2644">
    <p class='ocr_par' dir='ltr' id='par_1_76' title="bbox 2134 2570 3704 2644">
     <span class='ocr_line' id='line_1_76' title="bbox 2134 2570 3704 2644; baseline 0.001 -19"><span class='ocrx_word' id='word_1_599' title='bbox 2134 2588 2381 2635; x_wconf 65' lang='lat' dir='ltr'><strong>sitorum,</strong></span> <span class='ocrx_word' id='word_1_600' title='bbox 2416 2580 2576 2643; x_wconf 83' lang='lat' dir='ltr'><strong>typus</strong></span> <span class='ocrx_word' id='word_1_601' title='bbox 2623 2570 2727 2625; x_wconf 82' lang='lat' dir='ltr'><strong>fuit</strong></span> <span class='ocrx_word' id='word_1_602' title='bbox 2756 2571 2960 2642; x_wconf 90' lang='lat' dir='ltr'><strong>populi,</strong></span> <span class='ocrx_word' id='word_1_603' title='bbox 3014 2574 3105 2643; x_wconf 88' lang='lat' dir='ltr'><strong>qui</strong></span> <span class='ocrx_word' id='word_1_604' title='bbox 3153 2583 3272 2628; x_wconf 88' lang='lat' dir='ltr'><strong>erat</strong></span> <span class='ocrx_word' id='word_1_605' title='bbox 3323 2575 3375 2631; x_wconf 91' lang='lat' dir='ltr'><strong>in</strong></span> <span class='ocrx_word' id='word_1_606' title='bbox 3425 2574 3704 2644; x_wconf 82' lang='lat' dir='ltr'><strong>Synagoga</strong></span> 
     </span>
    </p>
   </div>
   <div class='ocr_carea' id='block_1_77' title="bbox 2135 2650 3706 2734">
    <p class='ocr_par' dir='ltr' id='par_1_77' title="bbox 2135 2650 3706 2734">
     <span class='ocr_line' id='line_1_77' title="bbox 2135 2650 3706 2734; baseline 0.003 -22"><span class='ocrx_word' id='word_1_607' title='bbox 2135 2654 2465 2724; x_wconf 63' lang='lat' dir='ltr'><strong>.ludceorum,</strong></span> <span class='ocrx_word' id='word_1_608' title='bbox 2507 2661 2752 2715; x_wconf 84' lang='lat' dir='ltr'><strong>avaritiae</strong></span> <span class='ocrx_word' id='word_1_609' title='bbox 2798 2663 2990 2720; x_wconf 86' lang='lat' dir='ltr'><strong>morbo</strong></span> <span class='ocrx_word' id='word_1_610' title='bbox 3043 2650 3316 2718; x_wconf 83' lang='lat' dir='ltr'><strong>laborans.</strong></span> <span class='ocrx_word' id='word_1_611' title='bbox 3372 2663 3706 2734; x_wconf 77' lang='lat' dir='ltr'><strong>Ilydropicus</strong></span> 
     </span>
    </p>
   </div>
   <div class='ocr_carea' id='block_1_78' title="bbox 2136 2749 3709 2824">
    <p class='ocr_par' dir='ltr' id='par_1_78' title="bbox 2136 2749 3709 2824">
     <span class='ocr_line' id='line_1_78' title="bbox 2136 2749 3709 2824; baseline 0.005 -23"><span class='ocrx_word' id='word_1_612' title='bbox 2136 2749 2302 2816; x_wconf 83' lang='lat' dir='ltr'><strong>enim,</strong></span> <span class='ocrx_word' id='word_1_613' title='bbox 2335 2765 2442 2819; x_wconf 92' lang='lat' dir='ltr'><strong>quo</strong></span> <span class='ocrx_word' id='word_1_614' title='bbox 2488 2752 2720 2817; x_wconf 88' lang='lat' dir='ltr'><strong>amplius</strong></span> <span class='ocrx_word' id='word_1_615' title='bbox 2762 2752 2917 2819; x_wconf 82' lang='lat' dir='ltr'><strong>bibit,</strong></span> <span class='ocrx_word' id='word_1_616' title='bbox 2968 2768 3032 2808; x_wconf 92' lang='lat' dir='ltr'><strong>eo</strong></span> <span class='ocrx_word' id='word_1_617' title='bbox 3064 2755 3293 2824; x_wconf 89' lang='lat' dir='ltr'><strong>amplius</strong></span> <span class='ocrx_word' id='word_1_618' title='bbox 3343 2756 3479 2809; x_wconf 88' lang='lat' dir='ltr'><strong>sitit.</strong></span> <span class='ocrx_word' id='word_1_619' title='bbox 3531 2756 3622 2810; x_wconf 85' lang='lat' dir='ltr'><strong>Sic</strong></span> <span class='ocrx_word' id='word_1_620' title='bbox 3650 2767 3709 2810; x_wconf 86' lang='lat' dir='ltr'><strong>et</strong></span> 
     </span>
    </p>
   </div>
   <div class='ocr_carea' id='block_1_79' title="bbox 2138 2841 3706 2915">
    <p class='ocr_par' dir='ltr' id='par_1_79' title="bbox 2138 2841 3706 2915">
     <span class='ocr_line' id='line_1_79' title="bbox 2138 2841 3706 2915; baseline 0.006 -25"><span class='ocrx_word' id='word_1_621' title='bbox 2138 2854 2335 2892; x_wconf 84' lang='lat' dir='ltr'><strong>avarus</strong></span> <span class='ocrx_word' id='word_1_622' title='bbox 2364 2853 2471 2908; x_wconf 69' lang='lat' dir='ltr'><strong>qzo</strong></span> <span class='ocrx_word' id='word_1_623' title='bbox 2496 2841 2669 2911; x_wconf 87' lang='lat' dir='ltr'><strong>magis</strong></span> <span class='ocrx_word' id='word_1_624' title='bbox 2701 2841 2983 2910; x_wconf 86' lang='lat' dir='ltr'><strong>pecuniam</strong></span> <span class='ocrx_word' id='word_1_625' title='bbox 3015 2855 3193 2911; x_wconf 88' lang='lat' dir='ltr'><strong>auget,</strong></span> <span class='ocrx_word' id='word_1_626' title='bbox 3230 2860 3295 2898; x_wconf 91' lang='lat' dir='ltr'><strong>eo</strong></span> <span class='ocrx_word' id='word_1_627' title='bbox 3336 2846 3505 2915; x_wconf 83' lang='lat' dir='ltr'><strong>magis</strong></span> <span class='ocrx_word' id='word_1_628' title='bbox 3538 2862 3706 2915; x_wconf 89' lang='lat' dir='ltr'><strong>pecu-</strong></span> 
     </span>
    </p>
   </div>
   <div class='ocr_carea' id='block_1_80' title="bbox 2141 2920 3706 3003">
    <p class='ocr_par' dir='ltr' id='par_1_80' title="bbox 2141 2920 3706 3003">
     <span class='ocr_line' id='line_1_80' title="bbox 2141 2920 3706 3003; baseline 0.004 -21"><span class='ocrx_word' id='word_1_629' title='bbox 2141 2929 2243 2983; x_wconf 67' lang='lat' dir='ltr'><strong>nite</strong></span> <span class='ocrx_word' id='word_1_630' title='bbox 2270 2930 2358 2983; x_wconf 83' lang='lat' dir='ltr'><strong>siti</strong></span> <span class='ocrx_word' id='word_1_631' title='bbox 2389 2920 2570 2994; x_wconf 55' lang='lat' dir='ltr'><strong>ar&#39;det;</strong></span> <span class='ocrx_word' id='word_1_632' title='bbox 2618 2940 2673 2985; x_wconf 90' lang='lat' dir='ltr'><strong>ct</strong></span> <span class='ocrx_word' id='word_1_633' title='bbox 2710 2931 2757 2986; x_wconf 90' lang='lat' dir='ltr'><strong>ci</strong></span> <span class='ocrx_word' id='word_1_634' title='bbox 2785 2932 2967 2985; x_wconf 86' lang='lat' dir='ltr'><strong>crescit</strong></span> <span class='ocrx_word' id='word_1_635' title='bbox 3009 2949 3157 2985; x_wconf 88' lang='lat' dir='ltr'><strong>amor</strong></span> <span class='ocrx_word' id='word_1_636' title='bbox 3188 2936 3406 2996; x_wconf 83' lang='lat' dir='ltr'><strong>nummi,</strong></span> <span class='ocrx_word' id='word_1_637' title='bbox 3451 2945 3706 3003; x_wconf 78' lang='lat' dir='ltr'><strong>quantum</strong></span> 
     </span>
    </p>
   </div>
   <div class='ocr_carea' id='block_1_81' title="bbox 2139 3019 3708 3095">
    <p class='ocr_par' dir='ltr' id='par_1_81' title="bbox 2139 3019 3708 3095">
     <span class='ocr_line' id='line_1_81' title="bbox 2139 3019 3708 3095; baseline 0.006 -24"><span class='ocrx_word' id='word_1_638' title='bbox 2139 3020 2252 3085; x_wconf 84' lang='lat' dir='ltr'><strong>ipsa</strong></span> <span class='ocrx_word' id='word_1_639' title='bbox 2283 3020 2509 3089; x_wconf 29' lang='lat' dir='ltr'><strong>pecunia,</strong></span> <span class='ocrx_word' id='word_1_640' title='bbox 2543 3022 2745 3074; x_wconf 84' lang='lat' dir='ltr'><strong>crescit.</strong></span> <span class='ocrx_word' id='word_1_641' title='bbox 2788 3019 3081 3095; x_wconf 87' lang='lat' dir='ltr'><strong>Talemque</strong></span> <span class='ocrx_word' id='word_1_642' title='bbox 3121 3020 3380 3078; x_wconf 89' lang='lat' dir='ltr'><strong>Dominus</strong></span> <span class='ocrx_word' id='word_1_643' title='bbox 3406 3021 3708 3095; x_wconf 71' lang='lat' dir='ltr'><strong>Synagoga:</strong></span> 
     </span>
    </p>
   </div>
   <div class='ocr_carea' id='block_1_82' title="bbox 2139 3094 3706 3180">
    <p class='ocr_par' dir='ltr' id='par_1_82' title="bbox 2139 3094 3706 3180">
     <span class='ocr_line' id='line_1_82' title="bbox 2139 3094 3706 3180; baseline 0.003 -17"><span class='ocrx_word' id='word_1_644' title='bbox 2139 3110 2391 3178; x_wconf 87' lang='lat' dir='ltr'><strong>populum</strong></span> <span class='ocrx_word' id='word_1_645' title='bbox 2422 3109 2645 3174; x_wconf 87' lang='lat' dir='ltr'><strong>invenit,</strong></span> <span class='ocrx_word' id='word_1_646' title='bbox 2682 3109 2774 3179; x_wconf 87' lang='lat' dir='ltr'><strong>qui</strong></span> <span class='ocrx_word' id='word_1_647' title='bbox 2806 3094 2975 3164; x_wconf 79' lang='lat' dir='ltr'><strong>solam</strong></span> <span class='ocrx_word' id='word_1_648' title='bbox 3000 3108 3144 3180; x_wconf 81' lang='lat' dir='ltr'><strong>legis</strong></span> <span class='ocrx_word' id='word_1_649' title='bbox 3187 3111 3419 3165; x_wconf 83' lang='lat' dir='ltr'><strong>litteram</strong></span> <span class='ocrx_word' id='word_1_650' title='bbox 3446 3094 3706 3167; x_wconf 80' lang='lat' dir='ltr'><strong>oeciden-</strong></span> 
     </span>
    </p>
   </div>
   <div class='ocr_carea' id='block_1_83' title="bbox 2140 3188 3704 3273">
    <p class='ocr_par' dir='ltr' id='par_1_83' title="bbox 2140 3188 3704 3273">
     <span class='ocr_line' id='line_1_83' title="bbox 2140 3188 3704 3273; baseline 0.003 -22"><span class='ocrx_word' id='word_1_651' title='bbox 2140 3207 2247 3251; x_wconf 91' lang='lat' dir='ltr'><strong>tem</strong></span> <span class='ocrx_word' id='word_1_652' title='bbox 2276 3197 2610 3273; x_wconf 83' lang='lat' dir='ltr'><strong>sectabatur,</strong></span> <span class='ocrx_word' id='word_1_653' title='bbox 2639 3206 2694 3251; x_wconf 91' lang='lat' dir='ltr'><strong>et</strong></span> <span class='ocrx_word' id='word_1_654' title='bbox 2718 3199 2968 3267; x_wconf 89' lang='lat' dir='ltr'><strong>spiritum</strong></span> <span class='ocrx_word' id='word_1_655' title='bbox 2996 3198 3355 3253; x_wconf 78' lang='lat' dir='ltr'><strong>viviﬁcantem</strong></span> <span class='ocrx_word' id='word_1_656' title='bbox 3394 3188 3704 3270; x_wconf 81' lang='lat' dir='ltr'><strong>nesciebat;</strong></span> 
     </span>
    </p>
   </div>
   <div class='ocr_carea' id='block_1_84' title="bbox 2139 3284 3704 3354">
    <p class='ocr_par' dir='ltr' id='par_1_84' title="bbox 2139 3284 3704 3354">
     <span class='ocr_line' id='line_1_84' title="bbox 2139 3284 3704 3354; baseline 0.006 -16"><span class='ocrx_word' id='word_1_657' title='bbox 2139 3293 2300 3352; x_wconf 89' lang='lat' dir='ltr'><strong>atque</strong></span> <span class='ocrx_word' id='word_1_658' title='bbox 2356 3284 2773 3354; x_wconf 88' lang='lat' dir='ltr'><strong>promissiones,</strong></span> <span class='ocrx_word' id='word_1_659' title='bbox 2823 3300 2943 3354; x_wconf 80' lang='lat' dir='ltr'><strong>quze</strong></span> <span class='ocrx_word' id='word_1_660' title='bbox 2989 3288 3281 3339; x_wconf 83' lang='lat' dir='ltr'><strong>secundum</strong></span> <span class='ocrx_word' id='word_1_661' title='bbox 3342 3289 3577 3346; x_wconf 90' lang='lat' dir='ltr'><strong>litteram</strong></span> <span class='ocrx_word' id='word_1_662' title='bbox 3632 3293 3704 3349; x_wconf 89' lang='lat' dir='ltr'><strong>ibi</strong></span> 
     </span>
    </p>
   </div>
   <div class='ocr_carea' id='block_1_85' title="bbox 2139 3372 3706 3442">
    <p class='ocr_par' dir='ltr' id='par_1_85' title="bbox 2139 3372 3706 3442">
     <span class='ocr_line' id='line_1_85' title="bbox 2139 3372 3706 3442; baseline 0.005 -17"><span class='ocrx_word' id='word_1_663' title='bbox 2139 3372 2357 3426; x_wconf 85' lang='lat' dir='ltr'><strong>nonnisi</strong></span> <span class='ocrx_word' id='word_1_664' title='bbox 2407 3372 2654 3427; x_wconf 88' lang='lat' dir='ltr'><strong>carnales</strong></span> <span class='ocrx_word' id='word_1_665' title='bbox 2708 3373 3075 3434; x_wconf 82' lang='lat' dir='ltr'><strong>inveniuntur,</strong></span> <span class='ocrx_word' id='word_1_666' title='bbox 3124 3377 3474 3442; x_wconf 82' lang='lat' dir='ltr'><strong>exspectabat</strong></span> <span class='ocrx_word' id='word_1_667' title='bbox 3522 3393 3551 3431; x_wconf 89' lang='lat' dir='ltr'><strong>a</strong></span> <span class='ocrx_word' id='word_1_668' title='bbox 3599 3379 3706 3433; x_wconf 89' lang='lat' dir='ltr'><strong>Deo</strong></span> 
     </span>
    </p>
   </div>
   <div class='ocr_carea' id='block_1_86' title="bbox 2137 3463 3709 3532">
    <p class='ocr_par' dir='ltr' id='par_1_86' title="bbox 2137 3463 3709 3532">
     <span class='ocr_line' id='line_1_86' title="bbox 2137 3463 3709 3532; baseline 0.003 -15"><span class='ocrx_word' id='word_1_669' title='bbox 2137 3477 2237 3532; x_wconf 87' lang='lat' dir='ltr'><strong>pro</strong></span> <span class='ocrx_word' id='word_1_670' title='bbox 2270 3463 2701 3517; x_wconf 89' lang='lat' dir='ltr'><strong>remuneratione</strong></span> <span class='ocrx_word' id='word_1_671' title='bbox 2738 3463 2978 3517; x_wconf 89' lang='lat' dir='ltr'><strong>laborum</strong></span> <span class='ocrx_word' id='word_1_672' title='bbox 3019 3477 3257 3527; x_wconf 91' lang='lat' dir='ltr'><strong>suorum,</strong></span> <span class='ocrx_word' id='word_1_673' title='bbox 3298 3464 3455 3519; x_wconf 83' lang='lat' dir='ltr'><strong>velut-</strong></span> <span class='ocrx_word' id='word_1_674' title='bbox 3472 3466 3709 3521; x_wconf 80' lang='lat' dir='ltr'><strong>maxima</strong></span> 
     </span>
    </p>
   </div>
   <div class='ocr_carea' id='block_1_87' title="bbox 2138 3553 3706 3625">
    <p class='ocr_par' dir='ltr' id='par_1_87' title="bbox 2138 3553 3706 3625">
     <span class='ocr_line' id='line_1_87' title="bbox 2138 3553 3706 3625; baseline 0.003 -18"><span class='ocrx_word' id='word_1_675' title='bbox 2138 3553 2276 3607; x_wconf 87' lang='lat' dir='ltr'><strong>bona</strong></span> <span class='ocrx_word' id='word_1_676' title='bbox 2308 3570 2321 3607; x_wconf 87' lang='lat'><strong>:</strong></span> <span class='ocrx_word' id='word_1_677' title='bbox 2349 3562 2402 3605; x_wconf 90' lang='lat' dir='ltr'><strong>et</strong></span> <span class='ocrx_word' id='word_1_678' title='bbox 2432 3553 2551 3608; x_wconf 89' lang='lat' dir='ltr'><strong>ideo</strong></span> <span class='ocrx_word' id='word_1_679' title='bbox 2577 3568 2636 3608; x_wconf 91' lang='lat' dir='ltr'><strong>se</strong></span> <span class='ocrx_word' id='word_1_680' title='bbox 2659 3563 2827 3608; x_wconf 90' lang='lat' dir='ltr'><strong>totum</strong></span> <span class='ocrx_word' id='word_1_681' title='bbox 2861 3556 2912 3608; x_wconf 91' lang='lat' dir='ltr'><strong>in</strong></span> <span class='ocrx_word' id='word_1_682' title='bbox 2941 3556 3180 3625; x_wconf 87' lang='lat' dir='ltr'><strong>appetitu</strong></span> <span class='ocrx_word' id='word_1_683' title='bbox 3210 3556 3394 3610; x_wconf 85' lang='lat' dir='ltr'><strong>talium</strong></span> <span class='ocrx_word' id='word_1_684' title='bbox 3421 3556 3706 3624; x_wconf 85' lang='lat' dir='ltr'><strong>ell&#39;uderat,</strong></span> 
     </span>
    </p>
   </div>
   <div class='ocr_carea' id='block_1_88' title="bbox 2138 3642 3708 3714">
    <p class='ocr_par' dir='ltr' id='par_1_88' title="bbox 2138 3642 3708 3714">
     <span class='ocr_line' id='line_1_88' title="bbox 2138 3642 3708 3714; baseline 0.004 -17"><span class='ocrx_word' id='word_1_685' title='bbox 2138 3642 2359 3710; x_wconf 89' lang='lat' dir='ltr'><strong>solaque</strong></span> <span class='ocrx_word' id='word_1_686' title='bbox 2388 3644 2669 3711; x_wconf 61' lang='lat' dir='ltr'><strong>praesentis</strong></span> <span class='ocrx_word' id='word_1_687' title='bbox 2708 3644 2835 3697; x_wconf 57' lang='lat' dir='ltr'><strong>vitae</strong></span> <span class='ocrx_word' id='word_1_688' title='bbox 2871 3643 3009 3698; x_wconf 88' lang='lat' dir='ltr'><strong>bona</strong></span> <span class='ocrx_word' id='word_1_689' title='bbox 3056 3646 3293 3709; x_wconf 85' lang='lat' dir='ltr'><strong>sitiebat,</strong></span> <span class='ocrx_word' id='word_1_690' title='bbox 3340 3662 3460 3714; x_wconf 73' lang='lat' dir='ltr'><strong>qum</strong></span> <span class='ocrx_word' id='word_1_691' title='bbox 3488 3647 3542 3700; x_wconf 89' lang='lat' dir='ltr'><strong>in</strong></span> <span class='ocrx_word' id='word_1_692' title='bbox 3590 3649 3708 3703; x_wconf 87' lang='lat' dir='ltr'><strong>sola</strong></span> 
     </span>
    </p>
   </div>
   <div class='ocr_carea' id='block_1_89' title="bbox 2110 3730 3709 3813">
    <p class='ocr_par' dir='ltr' id='par_1_89' title="bbox 2110 3730 3709 3813">
     <span class='ocr_line' id='line_1_89' title="bbox 2110 3730 3709 3813; baseline 0.003 -27"><span class='ocrx_word' id='word_1_693' title='bbox 2110 3730 2231 3813; x_wconf 40' lang='lat' dir='ltr'><strong>lDei</strong></span> <span class='ocrx_word' id='word_1_694' title='bbox 2262 3731 2380 3800; x_wconf 84' lang='lat' dir='ltr'><strong>lege</strong></span> <span class='ocrx_word' id='word_1_695' title='bbox 2418 3731 2661 3800; x_wconf 89' lang='lat' dir='ltr'><strong>promitti</strong></span> <span class='ocrx_word' id='word_1_696' title='bbox 2712 3734 2978 3801; x_wconf 86' lang='lat' dir='ltr'><strong>putabat;</strong></span> <span class='ocrx_word' id='word_1_697' title='bbox 3019 3742 3073 3788; x_wconf 92' lang='lat' dir='ltr'><strong>et</strong></span> <span class='ocrx_word' id='word_1_698' title='bbox 3099 3734 3176 3788; x_wconf 84' lang='lat' dir='ltr'><strong>sic</strong></span> <span class='ocrx_word' id='word_1_699' title='bbox 3204 3747 3325 3787; x_wconf 89' lang='lat' dir='ltr'><strong>eum</strong></span> <span class='ocrx_word' id='word_1_700' title='bbox 3357 3735 3533 3788; x_wconf 86' lang='lat' dir='ltr'><strong>littera</strong></span> <span class='ocrx_word' id='word_1_701' title='bbox 3566 3738 3709 3791; x_wconf 87' lang='lat' dir='ltr'><strong>male</strong></span> 
     </span>
    </p>
   </div>
   <div class='ocr_carea' id='block_1_90' title="bbox 2138 3820 3709 3897">
    <p class='ocr_par' dir='ltr' id='par_1_90' title="bbox 2138 3820 3709 3897">
     <span class='ocr_line' id='line_1_90' title="bbox 2138 3820 3709 3897; baseline 0.004 -21"><span class='ocrx_word' id='word_1_702' title='bbox 2138 3821 2409 3877; x_wconf 90' lang='lat' dir='ltr'><strong>intellecta</strong></span> <span class='ocrx_word' id='word_1_703' title='bbox 2458 3820 2782 3892; x_wconf 88' lang='lat' dir='ltr'><strong>perimebat,</strong></span> <span class='ocrx_word' id='word_1_704' title='bbox 2827 3833 2883 3878; x_wconf 91' lang='lat' dir='ltr'><strong>et</strong></span> <span class='ocrx_word' id='word_1_705' title='bbox 2926 3832 3149 3895; x_wconf 89' lang='lat' dir='ltr'><strong>propter</strong></span> <span class='ocrx_word' id='word_1_706' title='bbox 3195 3824 3353 3894; x_wconf 88' lang='lat' dir='ltr'><strong>hujus</strong></span> <span class='ocrx_word' id='word_1_707' title='bbox 3395 3824 3709 3897; x_wconf 84' lang='lat' dir='ltr'><strong>languorem</strong></span> 
     </span>
    </p>
   </div>
   <div class='ocr_carea' id='block_1_91' title="bbox 2141 3911 3708 3985">
    <p class='ocr_par' dir='ltr' id='par_1_91' title="bbox 2141 3911 3708 3985">
     <span class='ocr_line' id='line_1_91' title="bbox 2141 3911 3708 3985; baseline 0.004 -20"><span class='ocrx_word' id='word_1_708' title='bbox 2141 3911 2482 3981; x_wconf 88' lang='lat' dir='ltr'><strong>spiritualem</strong></span> <span class='ocrx_word' id='word_1_709' title='bbox 2514 3911 2775 3966; x_wconf 88' lang='lat' dir='ltr'><strong>Dominus</strong></span> <span class='ocrx_word' id='word_1_710' title='bbox 2809 3912 3213 3982; x_wconf 77' lang='lat' dir='ltr'><strong>insidiatoribus</strong></span> <span class='ocrx_word' id='word_1_711' title='bbox 3240 3914 3353 3970; x_wconf 90' lang='lat' dir='ltr'><strong>suis</strong></span> <span class='ocrx_word' id='word_1_712' title='bbox 3374 3917 3708 3985; x_wconf 80' lang='lat' dir='ltr'><strong>respondens,</strong></span> 
     </span>
    </p>
   </div>
   <div class='ocr_carea' id='block_1_92' title="bbox 2138 3999 3709 4073">
    <p class='ocr_par' dir='ltr' id='par_1_92' title="bbox 2138 3999 3709 4073">
     <span class='ocr_line' id='line_1_92' title="bbox 2138 3999 3709 4073; baseline 0.005 -19"><span class='ocrx_word' id='word_1_713' title='bbox 2138 4001 2273 4054; x_wconf 75' lang='lat' dir='ltr'><strong>dixit</strong></span> <span class='ocrx_word' id='word_1_714' title='bbox 2309 4001 2377 4054; x_wconf 87' lang='lat' dir='ltr'><strong>ad</strong></span> <span class='ocrx_word' id='word_1_715' title='bbox 2418 3999 2738 4071; x_wconf 72' lang='lat' dir='ltr'><strong>legisper&#39;itos</strong></span> <span class='ocrx_word' id='word_1_716' title='bbox 2770 4009 2819 4055; x_wconf 82' lang='lat' dir='ltr'><strong>et</strong></span> <span class='ocrx_word' id='word_1_717' title='bbox 2863 3999 3189 4067; x_wconf 73' lang='lat' dir='ltr'><strong>Pliariswos,</strong></span> <span class='ocrx_word' id='word_1_718' title='bbox 3232 4004 3322 4073; x_wconf 88' lang='lat' dir='ltr'><strong>qui</strong></span> <span class='ocrx_word' id='word_1_719' title='bbox 3353 4019 3413 4059; x_wconf 88' lang='lat' dir='ltr'><strong>se</strong></span> <span class='ocrx_word' id='word_1_720' title='bbox 3456 4004 3709 4061; x_wconf 84' lang='lat' dir='ltr'><strong>volebant</strong></span> 
     </span>
    </p>
   </div>
   <div class='ocr_carea' id='block_1_93' title="bbox 2138 4088 3710 4162">
    <p class='ocr_par' dir='ltr' id='par_1_93' title="bbox 2138 4088 3710 4162">
     <span class='ocr_line' id='line_1_93' title="bbox 2138 4088 3710 4162; baseline 0.004 -16"><span class='ocrx_word' id='word_1_721' title='bbox 2138 4088 2671 4162; x_wconf 81' lang='lat' dir='ltr'><strong>reprehendere:Si</strong></span> <span class='ocrx_word' id='word_1_722' title='bbox 2718 4088 2835 4142; x_wconf 83' lang='lat' dir='ltr'><strong>licet</strong></span> <span class='ocrx_word' id='word_1_723' title='bbox 2880 4088 3111 4144; x_wconf 84' lang='lat' dir='ltr'><strong>Sabbato</strong></span> <span class='ocrx_word' id='word_1_724' title='bbox 3162 4102 3369 4157; x_wconf 72' lang='lat' dir='ltr'><strong>curare,</strong></span> <span class='ocrx_word' id='word_1_725' title='bbox 3425 4093 3478 4147; x_wconf 91' lang='lat' dir='ltr'><strong>id</strong></span> <span class='ocrx_word' id='word_1_726' title='bbox 3523 4103 3609 4149; x_wconf 85' lang='lat' dir='ltr'><strong>est</strong></span> <span class='ocrx_word' id='word_1_727' title='bbox 3657 4098 3710 4154; x_wconf 79' lang='lat' dir='ltr'><strong>si</strong></span> 
     </span>
    </p>
   </div>
   <div class='ocr_carea' id='block_1_94' title="bbox 2134 4177 3708 4253">
    <p class='ocr_par' dir='ltr' id='par_1_94' title="bbox 2134 4177 3708 4253">
     <span class='ocr_line' id='line_1_94' title="bbox 2134 4177 3708 4253; baseline 0.003 -20"><span class='ocrx_word' id='word_1_728' title='bbox 2134 4180 2281 4253; x_wconf 84' lang='lat' dir='ltr'><strong>juste</strong></span> <span class='ocrx_word' id='word_1_729' title='bbox 2329 4187 2508 4248; x_wconf 84' lang='lat' dir='ltr'><strong>potest</strong></span> <span class='ocrx_word' id='word_1_730' title='bbox 2565 4177 2682 4232; x_wconf 81' lang='lat' dir='ltr'><strong>ﬂeri</strong></span> <span class='ocrx_word' id='word_1_731' title='bbox 2733 4187 2794 4231; x_wconf 91' lang='lat' dir='ltr'><strong>ut</strong></span> <span class='ocrx_word' id='word_1_732' title='bbox 2850 4178 3193 4233; x_wconf 87' lang='lat' dir='ltr'><strong>cessantibus</strong></span> <span class='ocrx_word' id='word_1_733' title='bbox 3243 4178 3379 4249; x_wconf 86' lang='lat' dir='ltr'><strong>legis</strong></span> <span class='ocrx_word' id='word_1_734' title='bbox 3430 4183 3708 4251; x_wconf 86' lang='lat' dir='ltr'><strong>operibus,</strong></span> 
     </span>
    </p>
   </div>
   <div class='ocr_carea' id='block_1_95' title="bbox 2140 4268 3710 4343">
    <p class='ocr_par' dir='ltr' id='par_1_95' title="bbox 2140 4268 3710 4343">
     <span class='ocr_line' id='line_1_95' title="bbox 2140 4268 3710 4343; baseline 0.003 -18"><span class='ocrx_word' id='word_1_735' title='bbox 2140 4286 2368 4342; x_wconf 91' lang='lat' dir='ltr'><strong>quorum</strong></span> <span class='ocrx_word' id='word_1_736' title='bbox 2391 4270 2562 4324; x_wconf 92' lang='lat' dir='ltr'><strong>otium</strong></span> <span class='ocrx_word' id='word_1_737' title='bbox 2590 4268 2951 4340; x_wconf 87' lang='lat' dir='ltr'><strong>appellatione</strong></span> <span class='ocrx_word' id='word_1_738' title='bbox 2979 4268 3203 4327; x_wconf 88' lang='lat' dir='ltr'><strong>Sabbati</strong></span> <span class='ocrx_word' id='word_1_739' title='bbox 3238 4272 3571 4343; x_wconf 87' lang='lat' dir='ltr'><strong>designatur,</strong></span> <span class='ocrx_word' id='word_1_740' title='bbox 3604 4275 3710 4330; x_wconf 87' lang='lat' dir='ltr'><strong>iste</strong></span> 
     </span>
    </p>
   </div>
   <div class='ocr_carea' id='block_1_96' title="bbox 2142 4359 3711 4433">
    <p class='ocr_par' dir='ltr' id='par_1_96' title="bbox 2142 4359 3711 4433">
     <span class='ocr_line' id='line_1_96' title="bbox 2142 4359 3711 4433; baseline 0.003 -17"><span class='ocrx_word' id='word_1_741' title='bbox 2142 4360 2371 4432; x_wconf 90' lang='lat' dir='ltr'><strong>populus</strong></span> <span class='ocrx_word' id='word_1_742' title='bbox 2402 4368 2628 4413; x_wconf 88' lang='lat' dir='ltr'><strong>sanetur</strong></span> <span class='ocrx_word' id='word_1_743' title='bbox 2654 4360 2722 4416; x_wconf 87' lang='lat' dir='ltr'><strong>ab</strong></span> <span class='ocrx_word' id='word_1_744' title='bbox 2763 4359 2867 4415; x_wconf 91' lang='lat' dir='ltr'><strong>hoc</strong></span> <span class='ocrx_word' id='word_1_745' title='bbox 2903 4359 3148 4418; x_wconf 72' lang='lat' dir='ltr'><strong>avaritiae</strong></span> <span class='ocrx_word' id='word_1_746' title='bbox 3183 4363 3399 4428; x_wconf 90' lang='lat' dir='ltr'><strong>morbo,</strong></span> <span class='ocrx_word' id='word_1_747' title='bbox 3436 4378 3544 4433; x_wconf 86' lang='lat' dir='ltr'><strong>quo</strong></span> <span class='ocrx_word' id='word_1_748' title='bbox 3594 4372 3711 4420; x_wconf 89' lang='lat' dir='ltr'><strong>tur-</strong></span> 
     </span>
    </p>
   </div>
   <div class='ocr_carea' id='block_1_97' title="bbox 2141 4450 3739 4520">
    <p class='ocr_par' dir='ltr' id='par_1_97' title="bbox 2141 4450 3739 4520">
     <span class='ocr_line' id='line_1_97' title="bbox 2141 4450 3739 4520; baseline 0.005 -17"><span class='ocrx_word' id='word_1_749' title='bbox 2141 4450 2297 4520; x_wconf 89' lang='lat' dir='ltr'><strong>gidus</strong></span> <span class='ocrx_word' id='word_1_750' title='bbox 2344 4454 2541 4503; x_wconf 78' lang='lat' dir='ltr'><strong>testuat</strong></span> <span class='ocrx_word' id='word_1_751' title='bbox 2578 4466 2593 4503; x_wconf 89' lang='lat'><strong>:</strong></span> <span class='ocrx_word' id='word_1_752' title='bbox 2633 4458 2691 4505; x_wconf 88' lang='lat' dir='ltr'><strong>et</strong></span> <span class='ocrx_word' id='word_1_753' title='bbox 2736 4464 2924 4504; x_wconf 80' lang='lat' dir='ltr'><strong>revera</strong></span> <span class='ocrx_word' id='word_1_754' title='bbox 2980 4450 3195 4505; x_wconf 90' lang='lat' dir='ltr'><strong>nonnisi</strong></span> <span class='ocrx_word' id='word_1_755' title='bbox 3242 4451 3481 4506; x_wconf 85' lang='lat' dir='ltr'><strong>Sabbato</strong></span> <span class='ocrx_word' id='word_1_756' title='bbox 3527 4456 3739 4511; x_wconf 71' lang='lat' dir='ltr'><strong>curari‘</strong></span> 
     </span>
    </p>
   </div>
   <div class='ocr_carea' id='block_1_98' title="bbox 2138 4536 3706 4608">
    <p class='ocr_par' dir='ltr' id='par_1_98' title="bbox 2138 4536 3706 4608">
     <span class='ocr_line' id='line_1_98' title="bbox 2138 4536 3706 4608; baseline 0.003 -17"><span class='ocrx_word' id='word_1_757' title='bbox 2138 4544 2377 4608; x_wconf 86' lang='lat' dir='ltr'><strong>poterat,</strong></span> <span class='ocrx_word' id='word_1_758' title='bbox 2404 4536 2555 4608; x_wconf 89' lang='lat' dir='ltr'><strong>quia,</strong></span> <span class='ocrx_word' id='word_1_759' title='bbox 2583 4536 2689 4591; x_wconf 85' lang='lat' dir='ltr'><strong>nisi</strong></span> <span class='ocrx_word' id='word_1_760' title='bbox 2731 4546 3001 4592; x_wconf 84' lang='lat' dir='ltr'><strong>cessasset</strong></span> <span class='ocrx_word' id='word_1_761' title='bbox 3035 4538 3179 4595; x_wconf 85' lang='lat' dir='ltr'><strong>actio</strong></span> <span class='ocrx_word' id='word_1_762' title='bbox 3212 4538 3506 4595; x_wconf 88' lang='lat' dir='ltr'><strong>carnalium</strong></span> <span class='ocrx_word' id='word_1_763' title='bbox 3536 4541 3706 4597; x_wconf 79' lang='lat' dir='ltr'><strong>bono-</strong></span> 
     </span>
    </p>
   </div>
   <div class='ocr_carea' id='block_1_99' title="bbox 2139 4627 3708 4702">
    <p class='ocr_par' dir='ltr' id='par_1_99' title="bbox 2139 4627 3708 4702">
     <span class='ocr_line' id='line_1_99' title="bbox 2139 4627 3708 4702; baseline 0.003 -20"><span class='ocrx_word' id='word_1_764' title='bbox 2139 4643 2259 4683; x_wconf 87' lang='lat' dir='ltr'><strong>rum</strong></span> <span class='ocrx_word' id='word_1_765' title='bbox 2308 4628 2362 4687; x_wconf 86' lang='lat' dir='ltr'><strong>in</strong></span> <span class='ocrx_word' id='word_1_766' title='bbox 2406 4627 2524 4698; x_wconf 81' lang='lat' dir='ltr'><strong>lege</strong></span> <span class='ocrx_word' id='word_1_767' title='bbox 2561 4627 2952 4697; x_wconf 86' lang='lat' dir='ltr'><strong>promissorum</strong></span> <span class='ocrx_word' id='word_1_768' title='bbox 2980 4627 3101 4699; x_wconf 82' lang='lat' dir='ltr'><strong>[at.,</strong></span> <span class='ocrx_word' id='word_1_769' title='bbox 3133 4629 3565 4702; x_wconf 84' lang='lat' dir='ltr'><strong>promissiones],</strong></span> <span class='ocrx_word' id='word_1_770' title='bbox 3608 4646 3708 4687; x_wconf 85' lang='lat' dir='ltr'><strong>nec</strong></span> 
     </span>
    </p>
   </div>
   <div class='ocr_carea' id='block_1_100' title="bbox 1725 4780 2415 4841">
    <p class='ocr_par' dir='ltr' id='par_1_100' title="bbox 1725 4780 2415 4841">
     <span class='ocr_line' id='line_1_100' title="bbox 1725 4780 2415 4841; baseline -0.009 -2"><span class='ocrx_word' id='word_1_771' title='bbox 1725 4782 1959 4841; x_wconf 72' lang='lat' dir='ltr'><strong>VARUE</strong></span> <span class='ocrx_word' id='word_1_772' title='bbox 2003 4780 2381 4840; x_wconf 79' lang='lat' dir='ltr'><strong>LECTIONES</strong></span> <span class='ocrx_word' id='word_1_773' title='bbox 2408 4808 2415 4811; x_wconf 71' lang='lat'>~</span> 
     </span>
    </p>
   </div>
   <div class='ocr_carea' id='block_1_101' title="bbox 544 4964 1305 5031">
    <p class='ocr_par' dir='ltr' id='par_1_101' title="bbox 544 4964 1305 5031">
     <span class='ocr_line' id='line_1_101' title="bbox 544 4964 1305 5031; baseline 0.001 -13"><span class='ocrx_word' id='word_1_774' title='bbox 544 4965 590 4998; x_wconf 79' lang='lat'><strong>&quot;</strong></span> <span class='ocrx_word' id='word_1_775' title='bbox 610 4964 724 5026; x_wconf 83' lang='lat' dir='ltr'><strong>Est,</strong></span> <span class='ocrx_word' id='word_1_776' title='bbox 756 4972 813 5019; x_wconf 92' lang='lat' dir='ltr'><strong>ut</strong></span> <span class='ocrx_word' id='word_1_777' title='bbox 833 4964 907 5018; x_wconf 87' lang='lat' dir='ltr'><strong>ait</strong></span> <span class='ocrx_word' id='word_1_778' title='bbox 930 4980 1057 5018; x_wconf 87' lang='lat' dir='ltr'><strong>mss.</strong></span> <span class='ocrx_word' id='word_1_779' title='bbox 1097 4974 1204 5031; x_wconf 87' lang='lat' dir='ltr'><strong>est,</strong></span> <span class='ocrx_word' id='word_1_780' title='bbox 1227 4973 1305 5019; x_wconf 78' lang='lat' dir='ltr'><strong>ait</strong></span> 
     </span>
    </p>
   </div>
   <div class='ocr_carea' id='block_1_102' title="bbox 3618 4868 3664 4925">
    <p class='ocr_par' dir='ltr' id='par_1_102' title="bbox 3618 4868 3664 4925">
     <span class='ocr_line' id='line_1_102' title="bbox 3618 4868 3664 4925; baseline 0 0"><span class='ocrx_word' id='word_1_781' title='bbox 3618 4868 3664 4925; x_wconf 56' lang='grc' dir='ltr'>θ</span> 
     </span>
    </p>
   </div>
   <div class='ocr_carea' id='block_1_103' title="bbox 1452 4944 3712 5028">
    <p class='ocr_par' dir='ltr' id='par_1_103' title="bbox 1452 4944 3712 5028">
     <span class='ocr_line' id='line_1_103' title="bbox 1452 4944 3712 5028; baseline 0 -7"><span class='ocrx_word' id='word_1_782' title='bbox 1452 4966 1521 5021; x_wconf 89' lang='lat' dir='ltr'><strong>Et</strong></span> <span class='ocrx_word' id='word_1_783' title='bbox 1553 4964 1605 5020; x_wconf 92' lang='lat' dir='ltr'><strong>in</strong></span> <span class='ocrx_word' id='word_1_784' title='bbox 1633 4979 1700 5021; x_wconf 89' lang='lat' dir='ltr'><strong>eo</strong></span> <span class='ocrx_word' id='word_1_785' title='bbox 1720 4971 1847 5019; x_wconf 91' lang='lat' dir='ltr'><strong>sunt</strong></span> <span class='ocrx_word' id='word_1_786' title='bbox 1866 4977 2053 5018; x_wconf 88' lang='lat' dir='ltr'><strong>omnes</strong></span> <span class='ocrx_word' id='word_1_787' title='bbox 2077 4961 2313 5016; x_wconf 78' lang='lat' dir='ltr'><strong>thesauri</strong></span> <span class='ocrx_word' id='word_1_788' title='bbox 2336 4956 2615 5028; x_wconf 67' lang='lat' dir='ltr'><strong>sapientiae</strong></span> <span class='ocrx_word' id='word_1_789' title='bbox 2641 4967 2696 5012; x_wconf 89' lang='lat' dir='ltr'><strong>et</strong></span> <span class='ocrx_word' id='word_1_790' title='bbox 2720 4958 2960 5014; x_wconf 73' lang='lat' dir='ltr'><strong>scientia:</strong></span> <span class='ocrx_word' id='word_1_791' title='bbox 2987 4961 3309 5016; x_wconf 78' lang='lat' dir='ltr'><strong>absconditi.</strong></span> <span class='ocrx_word' id='word_1_792' title='bbox 3340 4944 3590 5019; x_wconf 82' lang='lat' dir='ltr'><strong>Christus</strong></span> <span class='ocrx_word' id='word_1_793' title='bbox 3613 4981 3712 5021; x_wconf 85' lang='lat' dir='ltr'><strong>au-</strong></span> 
     </span>
    </p>
   </div>
   <div class='ocr_carea' id='block_1_104' title="bbox 472 5028 3711 5103">
    <p class='ocr_par' dir='ltr' id='par_1_104' title="bbox 472 5028 3711 5103">
     <span class='ocr_line' id='line_1_104' title="bbox 472 5028 3711 5103; baseline 0.001 -17"><span class='ocrx_word' id='word_1_794' title='bbox 472 5040 581 5103; x_wconf 49' lang='lat' dir='ltr'><strong>gent</strong></span> <span class='ocrx_word' id='word_1_795' title='bbox 599 5035 660 5103; x_wconf 80' lang='lat' dir='ltr'><strong>in</strong></span> <span class='ocrx_word' id='word_1_796' title='bbox 687 5033 853 5087; x_wconf 82' lang='lat' dir='ltr'><strong>Maria</strong></span> <span class='ocrx_word' id='word_1_797' title='bbox 879 5051 892 5089; x_wconf 86' lang='lat'><strong>:</strong></span> <span class='ocrx_word' id='word_1_798' title='bbox 918 5050 1047 5103; x_wconf 88' lang='lat' dir='ltr'><strong>ergo</strong></span> <span class='ocrx_word' id='word_1_799' title='bbox 1076 5033 1165 5086; x_wconf 90' lang='lat' dir='ltr'><strong>Dei</strong></span> <span class='ocrx_word' id='word_1_800' title='bbox 1192 5028 1371 5088; x_wconf 82' lang='lat' dir='ltr'><strong>virtus</strong></span> <span class='ocrx_word' id='word_1_801' title='bbox 1398 5043 1455 5088; x_wconf 91' lang='lat' dir='ltr'><strong>et</strong></span> <span class='ocrx_word' id='word_1_802' title='bbox 1483 5035 1575 5088; x_wconf 89' lang='lat' dir='ltr'><strong>Dei</strong></span> <span class='ocrx_word' id='word_1_803' title='bbox 1607 5034 1893 5102; x_wconf 85' lang='lat' dir='ltr'><strong>sapientia,</strong></span> <span class='ocrx_word' id='word_1_804' title='bbox 1915 5043 1977 5103; x_wconf 84' lang='lat' dir='ltr'><strong>et</strong></span> <span class='ocrx_word' id='word_1_805' title='bbox 2000 5045 2190 5103; x_wconf 78' lang='lat' dir='ltr'><strong>omnes</strong></span> <span class='ocrx_word' id='word_1_806' title='bbox 2216 5029 2452 5103; x_wconf 69' lang='lat' dir='ltr'><strong>thesauri</strong></span> <span class='ocrx_word' id='word_1_807' title='bbox 2475 5028 2751 5097; x_wconf 60' lang='lat' dir='ltr'><strong>sapientiae</strong></span> <span class='ocrx_word' id='word_1_808' title='bbox 2771 5037 2826 5081; x_wconf 90' lang='lat' dir='ltr'><strong>et</strong></span> <span class='ocrx_word' id='word_1_809' title='bbox 2851 5029 3175 5103; x_wconf 44' lang='lat' dir='ltr'><strong>scientiatum</strong></span> <span class='ocrx_word' id='word_1_810' title='bbox 3194 5031 3391 5103; x_wconf 65' lang='lat' dir='ltr'><strong>Maria.</strong></span> <span class='ocrx_word' id='word_1_811' title='bbox 3418 5050 3514 5087; x_wconf 87' lang='lat' dir='ltr'><strong>ms.</strong></span> <span class='ocrx_word' id='word_1_812' title='bbox 3550 5033 3711 5088; x_wconf 80' lang='lat' dir='ltr'><strong>Care.</strong></span> 
     </span>
    </p>
   </div>
   <div class='ocr_carea' id='block_1_105' title="bbox 470 5096 3710 5157">
    <p class='ocr_par' dir='ltr' id='par_1_105' title="bbox 470 5096 3710 5157">
     <span class='ocr_line' id='line_1_105' title="bbox 470 5096 3710 5157; baseline 0 -4"><span class='ocrx_word' id='word_1_813' title='bbox 470 5099 543 5154; x_wconf 83' lang='lat' dir='ltr'><strong>Et</strong></span> <span class='ocrx_word' id='word_1_814' title='bbox 562 5100 680 5155; x_wconf 91' lang='lat' dir='ltr'><strong>ideo</strong></span> <span class='ocrx_word' id='word_1_815' title='bbox 705 5113 829 5157; x_wconf 89' lang='lat' dir='ltr'><strong>sunt</strong></span> <span class='ocrx_word' id='word_1_816' title='bbox 857 5096 1043 5157; x_wconf 60' lang='lat' dir='ltr'><strong>omniss</strong></span> <span class='ocrx_word' id='word_1_817' title='bbox 1071 5104 1307 5157; x_wconf 88' lang='lat' dir='ltr'><strong>thesauri</strong></span> <span class='ocrx_word' id='word_1_818' title='bbox 1332 5103 1608 5157; x_wconf 72' lang='lat' dir='ltr'><strong>sapientia:</strong></span> <span class='ocrx_word' id='word_1_819' title='bbox 1630 5096 1686 5156; x_wconf 74' lang='lat' dir='ltr'><strong>et</strong></span> <span class='ocrx_word' id='word_1_820' title='bbox 1703 5102 1946 5157; x_wconf 78' lang='lat' dir='ltr'><strong>scientia:</strong></span> <span class='ocrx_word' id='word_1_821' title='bbox 1967 5102 2022 5153; x_wconf 95' lang='lat' dir='ltr'><strong>in</strong></span> <span class='ocrx_word' id='word_1_822' title='bbox 2047 5099 2210 5153; x_wconf 78' lang='lat' dir='ltr'><strong>Maria</strong></span> <span class='ocrx_word' id='word_1_823' title='bbox 2249 5099 2294 5132; x_wconf 74' lang='grc' dir='ltr'><strong>τ’</strong></span> <span class='ocrx_word' id='word_1_824' title='bbox 2309 5096 2549 5152; x_wconf 75' lang='lat' dir='ltr'><strong>Verbum</strong></span> <span class='ocrx_word' id='word_1_825' title='bbox 2575 5112 2642 5150; x_wconf 83' lang='lat' dir='ltr'><strong>ex</strong></span> <span class='ocrx_word' id='word_1_826' title='bbox 2669 5112 2766 5151; x_wconf 83' lang='lat' dir='ltr'><strong>ore</strong></span> <span class='ocrx_word' id='word_1_827' title='bbox 2787 5112 2882 5150; x_wconf 84' lang='lat' dir='ltr'><strong>ms.</strong></span> <span class='ocrx_word' id='word_1_828' title='bbox 2908 5096 3061 5152; x_wconf 80' lang='lat' dir='ltr'><strong>Caro.</strong></span> <span class='ocrx_word' id='word_1_829' title='bbox 3086 5099 3256 5154; x_wconf 81' lang='lat' dir='ltr'><strong>Verba</strong></span> <span class='ocrx_word' id='word_1_830' title='bbox 3283 5117 3348 5154; x_wconf 79' lang='lat' dir='ltr'><strong>ex</strong></span> <span class='ocrx_word' id='word_1_831' title='bbox 3376 5116 3469 5155; x_wconf 89' lang='lat' dir='ltr'><strong>ore</strong></span> <span class='ocrx_word' id='word_1_832' title='bbox 3503 5103 3547 5135; x_wconf 77' lang='lat'><strong>&quot;&#39;</strong></span> <span class='ocrx_word' id='word_1_833' title='bbox 3570 5103 3710 5157; x_wconf 87' lang='lat' dir='ltr'><strong>Con-</strong></span> 
     </span>
    </p>
   </div>
   <div class='ocr_carea' id='block_1_106' title="bbox 472 5166 3707 5239">
    <p class='ocr_par' dir='ltr' id='par_1_106' title="bbox 472 5166 3707 5239">
     <span class='ocr_line' id='line_1_106' title="bbox 472 5166 3707 5239; baseline 0.001 -18"><span class='ocrx_word' id='word_1_834' title='bbox 472 5169 726 5239; x_wconf 65' lang='lat' dir='ltr'><strong>serjabat</strong></span> <span class='ocrx_word' id='word_1_835' title='bbox 751 5174 929 5226; x_wconf 89' lang='lat' dir='ltr'><strong>omnia</strong></span> <span class='ocrx_word' id='word_1_836' title='bbox 964 5189 1062 5227; x_wconf 90' lang='lat' dir='ltr'><strong>ms.</strong></span> <span class='ocrx_word' id='word_1_837' title='bbox 1090 5171 1243 5227; x_wconf 68' lang='grc' dir='ltr'><strong>(ἐστο.</strong></span> <span class='ocrx_word' id='word_1_838' title='bbox 1270 5166 1587 5224; x_wconf 75' lang='lat' dir='ltr'><strong>conferebat</strong></span> <span class='ocrx_word' id='word_1_839' title='bbox 1616 5173 1797 5225; x_wconf 87' lang='lat' dir='ltr'><strong>omnia</strong></span> <span class='ocrx_word' id='word_1_840' title='bbox 1870 5171 1915 5201; x_wconf 81' lang='grc'><strong>⁸¹</strong></span> <span class='ocrx_word' id='word_1_841' title='bbox 1956 5168 2266 5239; x_wconf 74' lang='lat' dir='ltr'><strong>Voluptatis</strong></span> <span class='ocrx_word' id='word_1_842' title='bbox 2286 5182 2394 5223; x_wconf 78' lang='lat' dir='ltr'><strong>sua:</strong></span> <span class='ocrx_word' id='word_1_843' title='bbox 2422 5182 2520 5218; x_wconf 85' lang='lat' dir='ltr'><strong>ms.</strong></span> <span class='ocrx_word' id='word_1_844' title='bbox 2546 5166 2836 5239; x_wconf 65' lang='lat' dir='ltr'><strong>voluptatis</strong></span> <span class='ocrx_word' id='word_1_845' title='bbox 2858 5167 2975 5239; x_wconf 81' lang='lat' dir='ltr'><strong>ejus</strong></span> <span class='ocrx_word' id='word_1_846' title='bbox 3042 5167 3090 5199; x_wconf 83' lang='grc'><strong>⁸²</strong></span> <span class='ocrx_word' id='word_1_847' title='bbox 3129 5169 3297 5224; x_wconf 87' lang='lat' dir='ltr'><strong>Tanta</strong></span> <span class='ocrx_word' id='word_1_848' title='bbox 3324 5171 3581 5239; x_wconf 79' lang='lat' dir='ltr'><strong>perfectio</strong></span> <span class='ocrx_word' id='word_1_849' title='bbox 3606 5187 3707 5224; x_wconf 88' lang='lat' dir='ltr'><strong>ms.</strong></span> 
     </span>
    </p>
   </div>
   <div class='ocr_carea' id='block_1_107' title="bbox 475 5233 3709 5315">
    <p class='ocr_par' dir='ltr' id='par_1_107' title="bbox 475 5233 3709 5315">
     <span class='ocr_line' id='line_1_107' title="bbox 475 5233 3709 5315; baseline 0.001 -26"><span class='ocrx_word' id='word_1_850' title='bbox 475 5236 604 5315; x_wconf 74' lang='lat'><strong>_3_01.</strong></span> <span class='ocrx_word' id='word_1_851' title='bbox 637 5251 824 5315; x_wconf 73' lang='lat' dir='ltr'><strong>cuneta</strong></span> <span class='ocrx_word' id='word_1_852' title='bbox 866 5242 1139 5315; x_wconf 44' lang='lat' dir='ltr'><strong>perfectio:</strong></span> <span class='ocrx_word' id='word_1_853' title='bbox 1188 5240 1242 5315; x_wconf 64' lang='grc' dir='ltr'><strong>ξ’</strong></span> <span class='ocrx_word' id='word_1_854' title='bbox 1278 5241 1390 5310; x_wconf 90' lang='lat' dir='ltr'><strong>ipsa</strong></span> <span class='ocrx_word' id='word_1_855' title='bbox 1422 5239 1761 5315; x_wconf 60' lang='lat' dir='ltr'><strong>ascenditad</strong></span> <span class='ocrx_word' id='word_1_856' title='bbox 1788 5239 2063 5315; x_wconf 62' lang='lat' dir='ltr'><strong>infernum</strong></span> <span class='ocrx_word' id='word_1_857' title='bbox 2160 5238 2296 5315; x_wconf 77' lang='lat' dir='ltr'><strong>facie</strong></span> <span class='ocrx_word' id='word_1_858' title='bbox 2336 5251 2463 5289; x_wconf 83' lang='lat' dir='ltr'><strong>mss.</strong></span> <span class='ocrx_word' id='word_1_859' title='bbox 2508 5233 2711 5315; x_wconf 59' lang='lat' dir='ltr'><strong>stertit.</strong></span> <span class='ocrx_word' id='word_1_860' title='bbox 2738 5233 2850 5315; x_wconf 70' lang='grc' dir='ltr'><strong>(ξυι.</strong></span> <span class='ocrx_word' id='word_1_861' title='bbox 2879 5233 3268 5315; x_wconf 77' lang='lat' dir='ltr'><strong>ipse_:_tscendit</strong></span> <span class='ocrx_word' id='word_1_862' title='bbox 3297 5233 3348 5293; x_wconf 80' lang='lat' dir='ltr'><strong>in</strong></span> <span class='ocrx_word' id='word_1_863' title='bbox 3383 5240 3578 5315; x_wconf 69' lang='lat' dir='ltr'><strong>coelum</strong></span> <span class='ocrx_word' id='word_1_864' title='bbox 3607 5254 3622 5301; x_wconf 90' lang='lat'><strong>;</strong></span> <span class='ocrx_word' id='word_1_865' title='bbox 3652 5247 3709 5291; x_wconf 91' lang='lat' dir='ltr'><strong>ct</strong></span> 
     </span>
    </p>
   </div>
   <div class='ocr_carea' id='block_1_108' title="bbox 476 5303 3700 5373">
    <p class='ocr_par' dir='ltr' id='par_1_108' title="bbox 476 5303 3700 5373">
     <span class='ocr_line' id='line_1_108' title="bbox 476 5303 3700 5373; baseline -0.001 -10"><span class='ocrx_word' id='word_1_866' title='bbox 476 5306 716 5363; x_wconf 81' lang='lat' dir='ltr'><strong>Herodes</strong></span> <span class='ocrx_word' id='word_1_867' title='bbox 745 5303 1020 5361; x_wconf 78' lang='lat' dir='ltr'><strong>descendit</strong></span> <span class='ocrx_word' id='word_1_868' title='bbox 1048 5312 1100 5363; x_wconf 94' lang='lat' dir='ltr'><strong>in</strong></span> <span class='ocrx_word' id='word_1_869' title='bbox 1126 5303 1388 5364; x_wconf 76' lang='lat' dir='ltr'><strong>infernum</strong></span> <span class='ocrx_word' id='word_1_870' title='bbox 1415 5325 1443 5362; x_wconf 87' lang='lat' dir='ltr'><strong>a</strong></span> <span class='ocrx_word' id='word_1_871' title='bbox 1473 5310 1607 5362; x_wconf 79' lang='lat' dir='ltr'><strong>facie</strong></span> <span class='ocrx_word' id='word_1_872' title='bbox 1626 5308 1752 5361; x_wconf 81' lang='lat' dir='ltr'><strong>edit.</strong></span> <span class='ocrx_word' id='word_1_873' title='bbox 1780 5305 1894 5360; x_wconf 84' lang='lat' dir='ltr'><strong>Col.</strong></span> <span class='ocrx_word' id='word_1_874' title='bbox 1929 5318 1976 5359; x_wconf 84' lang='lat' dir='ltr'><strong>et</strong></span> <span class='ocrx_word' id='word_1_875' title='bbox 2000 5304 2155 5360; x_wconf 79' lang='lat' dir='ltr'><strong>Goth.</strong></span> <span class='ocrx_word' id='word_1_876' title='bbox 2188 5307 2300 5373; x_wconf 90' lang='lat' dir='ltr'><strong>ipsa</strong></span> <span class='ocrx_word' id='word_1_877' title='bbox 2331 5303 2574 5373; x_wconf 85' lang='lat' dir='ltr'><strong>ascendit</strong></span> <span class='ocrx_word' id='word_1_878' title='bbox 2600 5303 2652 5355; x_wconf 92' lang='lat' dir='ltr'><strong>in</strong></span> <span class='ocrx_word' id='word_1_879' title='bbox 2676 5303 2977 5373; x_wconf 35' lang='lat' dir='ltr'><strong>ccelum,‘et</strong></span> <span class='ocrx_word' id='word_1_880' title='bbox 3006 5304 3244 5361; x_wconf 85' lang='lat' dir='ltr'><strong>Herodes</strong></span> <span class='ocrx_word' id='word_1_881' title='bbox 3266 5319 3372 5362; x_wconf 81' lang='lat' dir='ltr'><strong>etc.</strong></span> <span class='ocrx_word' id='word_1_882' title='bbox 3405 5318 3457 5359; x_wconf 81' lang='lat' dir='ltr'><strong>ut</strong></span> <span class='ocrx_word' id='word_1_883' title='bbox 3486 5306 3536 5360; x_wconf 80' lang='lat' dir='ltr'><strong>in</strong></span> <span class='ocrx_word' id='word_1_884' title='bbox 3570 5322 3700 5361; x_wconf 86' lang='lat' dir='ltr'><strong>mss.</strong></span> 
     </span>
    </p>
   </div>
   <div class='ocr_carea' id='block_1_109' title="bbox 487 5374 2003 5447">
    <p class='ocr_par' dir='ltr' id='par_1_109' title="bbox 487 5374 2003 5447">
     <span class='ocr_line' id='line_1_109' title="bbox 487 5374 2003 5447; baseline 0 -19"><span class='ocrx_word' id='word_1_885' title='bbox 487 5376 535 5447; x_wconf 60' lang='lat' dir='ltr'><strong>ff</strong></span> <span class='ocrx_word' id='word_1_886' title='bbox 572 5374 699 5447; x_wconf 81' lang='lat' dir='ltr'><strong>Pars</strong></span> <span class='ocrx_word' id='word_1_887' title='bbox 726 5392 853 5447; x_wconf 76' lang='lat' dir='ltr'><strong>ergo</strong></span> <span class='ocrx_word' id='word_1_888' title='bbox 884 5376 1103 5429; x_wconf 74' lang='lat' dir='ltr'><strong>Marthae</strong></span> <span class='ocrx_word' id='word_1_889' title='bbox 1143 5395 1240 5431; x_wconf 88' lang='lat' dir='ltr'><strong>ms.</strong></span> <span class='ocrx_word' id='word_1_890' title='bbox 1270 5380 1421 5432; x_wconf 80' lang='lat' dir='ltr'><strong>Carc.</strong></span> <span class='ocrx_word' id='word_1_891' title='bbox 1455 5393 1581 5447; x_wconf 77' lang='lat' dir='ltr'><strong>pars</strong></span> <span class='ocrx_word' id='word_1_892' title='bbox 1608 5390 1735 5447; x_wconf 71' lang='lat' dir='ltr'><strong>vero</strong></span> <span class='ocrx_word' id='word_1_893' title='bbox 1766 5375 2003 5447; x_wconf 67' lang='lat' dir='ltr'><strong>_Marthae</strong></span> 
     </span>
    </p>
   </div>
   <div class='ocr_carea' id='block_1_110' title="bbox 2143 5371 3707 5430">
    <p class='ocr_par' dir='ltr' id='par_1_110' title="bbox 2143 5371 3707 5430">
     <span class='ocr_line' id='line_1_110' title="bbox 2143 5371 3707 5430; baseline 0 -3"><span class='ocrx_word' id='word_1_894' title='bbox 2143 5373 2189 5405; x_wconf 81' lang='grc'><strong>⁸⁸</strong></span> <span class='ocrx_word' id='word_1_895' title='bbox 2209 5371 2288 5428; x_wconf 27' lang='lat' dir='ltr'><strong>‘Ei</strong></span> <span class='ocrx_word' id='word_1_896' title='bbox 2320 5372 2563 5426; x_wconf 79' lang='lat' dir='ltr'><strong>aufertur</strong></span> <span class='ocrx_word' id='word_1_897' title='bbox 2586 5384 2686 5424; x_wconf 88' lang='lat' dir='ltr'><strong>ms.</strong></span> <span class='ocrx_word' id='word_1_898' title='bbox 2714 5371 2819 5425; x_wconf 86' lang='lat' dir='ltr'><strong>Car</strong></span> <span class='ocrx_word' id='word_1_899' title='bbox 2835 5389 2879 5425; x_wconf 88' lang='lat' dir='ltr'><strong>c.</strong></span> <span class='ocrx_word' id='word_1_900' title='bbox 2915 5374 2962 5428; x_wconf 90' lang='lat' dir='ltr'><strong>ei</strong></span> <span class='ocrx_word' id='word_1_901' title='bbox 2994 5376 3269 5430; x_wconf 78' lang='lat' dir='ltr'><strong>auferetur</strong></span> <span class='ocrx_word' id='word_1_902' title='bbox 3339 5378 3384 5412; x_wconf 80' lang='grc'><strong>⁸⁸</strong></span> <span class='ocrx_word' id='word_1_903' title='bbox 3415 5376 3544 5430; x_wconf 80' lang='lat' dir='ltr'><strong>Pars</strong></span> <span class='ocrx_word' id='word_1_904' title='bbox 3578 5389 3707 5427; x_wconf 82' lang='lat' dir='ltr'><strong>vero</strong></span> 
     </span>
    </p>
   </div>
   <div class='ocr_carea' id='block_1_111' title="bbox 478 5440 3704 5526">
    <p class='ocr_par' dir='ltr' id='par_1_111' title="bbox 478 5440 3704 5526">
     <span class='ocr_line' id='line_1_111' title="bbox 478 5440 3704 5526; baseline -0.002 -27"><span class='ocrx_word' id='word_1_905' title='bbox 478 5440 964 5526; x_wconf 45' lang='lat' dir='ltr'><strong>Harig‘ms.:Carc.</strong></span> <span class='ocrx_word' id='word_1_906' title='bbox 992 5447 1268 5526; x_wconf 41' lang='lat' dir='ltr'><strong>q‘uia‘pars</strong></span> <span class='ocrx_word' id='word_1_907' title='bbox 1291 5440 1488 5526; x_wconf 44' lang='lat' dir='ltr'><strong>alariae.</strong></span> <span class='ocrx_word' id='word_1_908' title='bbox 1535 5447 1585 5526; x_wconf 60' lang='lat' dir='ltr'><strong>f7</strong></span> <span class='ocrx_word' id='word_1_909' title='bbox 1606 5444 2056 5526; x_wconf 66' lang='lat' dir='ltr'><strong>GumDeoPatre</strong></span> <span class='ocrx_word' id='word_1_910' title='bbox 2076 5442 2129 5497; x_wconf 88' lang='lat' dir='ltr'><strong>in</strong></span> <span class='ocrx_word' id='word_1_911' title='bbox 2154 5442 2362 5526; x_wconf 78' lang='lat' dir='ltr'><strong>unitate</strong></span> <span class='ocrx_word' id='word_1_912' title='bbox 2383 5440 2618 5511; x_wconf 82' lang='lat' dir='ltr'><strong>Spiritus</strong></span> <span class='ocrx_word' id='word_1_913' title='bbox 2640 5442 2811 5496; x_wconf 83' lang='lat' dir='ltr'><strong>sancti</strong></span> <span class='ocrx_word' id='word_1_914' title='bbox 2840 5457 2917 5494; x_wconf 85' lang='lat' dir='ltr'><strong>ms</strong></span> <span class='ocrx_word' id='word_1_915' title='bbox 2938 5480 2950 5497; x_wconf 92' lang='lat'><strong>.</strong></span> <span class='ocrx_word' id='word_1_916' title='bbox 2979 5443 3132 5509; x_wconf 74' lang='lat' dir='ltr'><strong>Care.</strong></span> <span class='ocrx_word' id='word_1_917' title='bbox 3158 5447 3347 5498; x_wconf 83' lang='lat' dir='ltr'><strong>omittit</strong></span> <span class='ocrx_word' id='word_1_918' title='bbox 3404 5470 3407 5473; x_wconf 55' lang='grc' dir='ltr'>ν</span> <span class='ocrx_word' id='word_1_919' title='bbox 3443 5446 3488 5480; x_wconf 74' lang='grc'><strong>⁸³</strong></span> <span class='ocrx_word' id='word_1_920' title='bbox 3510 5444 3704 5500; x_wconf 79' lang='lat' dir='ltr'><strong>Amen.</strong></span> 
     </span>
    </p>
   </div>
   <div class='ocr_carea' id='block_1_112' title="bbox 477 5512 2177 5581">
    <p class='ocr_par' dir='ltr' id='par_1_112' title="bbox 477 5512 2177 5581">
     <span class='ocr_line' id='line_1_112' title="bbox 477 5512 2177 5581; baseline 0.001 -16"><span class='ocrx_word' id='word_1_921' title='bbox 477 5528 575 5567; x_wconf 74' lang='lat' dir='ltr'><strong>tm.</strong></span> <span class='ocrx_word' id='word_1_922' title='bbox 616 5515 735 5569; x_wconf 85' lang='lat'><strong>596.</strong></span> <span class='ocrx_word' id='word_1_923' title='bbox 773 5515 961 5568; x_wconf 77' lang='lat' dir='ltr'><strong>Arnen.</strong></span> <span class='ocrx_word' id='word_1_924' title='bbox 996 5514 1073 5569; x_wconf 72' lang='lat' dir='ltr'><strong>Ex</strong></span> <span class='ocrx_word' id='word_1_925' title='bbox 1102 5512 1260 5567; x_wconf 85' lang='lat' dir='ltr'><strong>dictis</strong></span> <span class='ocrx_word' id='word_1_926' title='bbox 1289 5516 1490 5570; x_wconf 89' lang='lat' dir='ltr'><strong>domini</strong></span> <span class='ocrx_word' id='word_1_927' title='bbox 1521 5514 1757 5570; x_wconf 77' lang='lat' dir='ltr'><strong>Ansslmi</strong></span> <span class='ocrx_word' id='word_1_928' title='bbox 1784 5512 2177 5581; x_wconf 80' lang='lat' dir='ltr'><strong>srcbieoiscopi</strong></span> 
     </span>
    </p>
   </div>
   <div class='ocr_carea' id='block_1_113' title="bbox 749 5606 1324 5670">
    <p class='ocr_par' dir='ltr' id='par_1_113' title="bbox 749 5606 1324 5670">
     <span class='ocr_line' id='line_1_113' title="bbox 749 5606 1324 5670; baseline 0.003 -2"><span class='ocrx_word' id='word_1_929' title='bbox 749 5610 1015 5668; x_wconf 69' lang='grc' dir='ltr'><strong>Ριτιοι..</strong></span> <span class='ocrx_word' id='word_1_930' title='bbox 1061 5606 1324 5670; x_wconf 81' lang='lat' dir='ltr'><strong>CLVlil.</strong></span> 
     </span>
    </p>
   </div>
   <div class='ocr_carea' id='block_1_114' title="bbox 3184 5562 3331 5665">
    <p class='ocr_par' dir='ltr' id='par_1_114' title="bbox 3184 5562 3331 5665">
     <span class='ocr_line' id='line_1_114' title="bbox 3184 5562 3331 5665; baseline 0 0"><span class='ocrx_word' id='word_1_931' title='bbox 3184 5562 3331 5665; x_wconf 69' lang='grc' dir='ltr'><strong>¹Ἦ</strong></span> 
     </span>
    </p>
   </div>
  </div>
