4190 6202
554 333 655 389 651
728 392 731 394 .

558 458 745 501 eorum
784 443 1049 513 cupiditas
1097 442 1533 509 exstingueretur
1578 438 1632 491 in
1693 435 1855 490 corde
1913 431 2117 485 .ludaici
2153 440 2197 496 Α

562 531 765 606 populi.
807 530 873 584 At
925 530 1025 595 illi,
1069 530 1159 597 qui
1210 529 1277 581 de
1319 526 1420 581 hac
1450 541 1507 580 re
1538 526 1748 580 fuerant
1782 520 2116 589 interrogati,

557 626 878 695 tacuerunt;
933 617 1058 693 quia
1111 619 1177 670 de
1207 616 1495 671 abolitione
1526 615 1822 670 carnalium
1869 611 2123 664 observa-

559 712 763 763 tionqu
791 708 937 775 loqui
970 708 1276 779 noluerunt,
1306 721 1441 775 quas
1460 698 1573 766 iam
1604 705 1801 758 debere
1831 701 2123 756 secundum

559 784 824 873 rationem
876 807 1022 853 stare
1064 794 1363 867 nequibant
1406 795 1709 849 ostendere.
1744 793 1880 847 Nam
1921 808 1987 846 ex
2037 792 2126 845 illo

561 892 802 963 tempore
826 886 939 956 jam
972 903 1003 941 a
1033 884 1371 941 confessione
1400 883 1645 938 veritatis
1674 899 1771 938 ora
1799 881 2123 946 clauserant,

560 991 624 1032 ex
649 989 755 1046 quo
782 977 848 1030 de
880 975 1161 1031 Salvatore
1198 975 1657 1043 conspirationem
1698 972 1969 1043 fecerant,
1999 980 2053 1025 ut
2083 975 2126 1025 si

593 1062 674 1123 ιώ
698 1084 811 1123 eum
831 1052 1621 1133 conﬁtereturCltristum,extra
1638 1066 1963 1137 Synagogam
1983 1066 2125 1135 ﬁeret

593 1086 674 1123 ωε
698 1086 811 1123 eum
831 1086 1621 1133 conﬁtereturutrtswm,extra
1638 1086 1963 1137 oyntrgogam
1983 1086 2125 1135 [teret

545 1086 747 1231 Lean.
792 1173 869 1222 ix,
907 1153 1021 1228 22).
1052 1156 1290 1222 Quorum
1321 1159 1660 1212 taciturnitas
1689 1157 1900 1214 silentio
1925 1157 2126 1211 Zacha-

520 1249 652 1325 1rla1
699 1235 817 1303 non
854 1246 1128 1304 credentis
1170 1258 1254 1304 est
1304 1249 1603 1319 designata.
1649 1248 1909 1314 Dominus
1947 1255 2124 1299 autem

526 1334 816 1408 ‘regrotum
849 1326 1206 1410 apprehendit
1233 1348 1285 1393 et
1310 1341 1542 1401 sanavit;
1586 1332 1993 1413 quiapopulum
2026 1335 2125 1390 Ju-

557 1430 799 1486 dteorum
823 1432 1010 1487 morbo
1041 1431 1302 1493 avaritize,
1340 1431 1482 1483 sicut
1511 1429 1710 1482 dictum
1740 1438 1843 1493 est,
1871 1424 2126 1482 laboran-

500 1586 503 1587 ν
561 1518 1053 1595 temapprebendit
1080 1520 1131 1573 in
1172 1518 1254 1573 his
1283 1533 1418 1588 quos
1442 1518 1624 1587 elegit,
1649 1526 1705 1573 et
1733 1518 1799 1572 ab
1841 1517 1984 1572 omni
2014 1527 2123 1571 ter-

548 1610 689 1662 “rcna
712 1608 1014 1679 cupiditate
1046 1608 1327 1672 liberavit;
1365 1609 1579 1676 quando
1614 1608 1844 1662 venditis
1877 1608 2126 1663 omnibus

555 1709 673 1773 quae
699 1682 1068 1773 posSederant,
1102 1704 1156 1750 et
1196 1696 1384 1765 positis
1410 1711 1595 1752 eorum
1640 1698 1829 1766 pretiis
1857 1699 1927 1773 ad
1962 1697 2125 1765 pedes

880 334 951 388 S.
992 327 1288 385 ANSELMI
1326 325 1673 382 CANTUAR.
1715 316 2031 379 A'RCIIIEP.
2071 320 2139 374 01

2255 318 2431 372 PARS
2461 317 2521 370 1-1.
2553 344 2620 358 -
2657 316 3025 371 PMUENET.
3067 314 3156 372 ΕΤ
3197 314 3438 373 ASCET.

3693 324 3798 378 (:52

2300 428 2471 480 "omn
2527 429 2626 481 iste
2668 438 2749 482 cst
2796 429 3052 481 Mediator
3092 427 3186 480 Dei
3227 435 3276 481 et
3320 425 3605 488 hominum,
3648 434 3798 487 hunc

2229 519 2469 573 Christus
2498 521 2654 574 Jesus
2678 520 2727 590 {1
2767 520 2898 572 'l'im.
2936 536 2993 583 tt;
3024 521 3098 586 5).
3141 519 3326 587 Magna
3357 503 3473 581 eius
3504 533 3679 582 t'mna,
3719 535 3797 577 ρει

2228 625 2361 664 nova
2389 611 2687 679 spiritualis
2721 610 2965 673 scientia,
2997 626 3154 679 quam
3186 611 3252 663 ad
3284 608 3528 664 ultimum
3574 622 3669 679 per
3713 626 3792 678 se,

2228 707 2281 751 et
2326 712 2422 766 per
2460 697 2748 765 apostolos,
2794 713 2857 752 ac
2892 714 2984 767 per
3022 700 3358 767 expositores
3386 697 3790 767 Scripturarum

2229 786 2383 838 nobis
2409 786 2624 853 copiose
2652 786 2901 852 dignatus
2943 793 3023 837 est
3061 786 3210 852 dare,
3252 794 3313 839 ut
3350 778 3556 840 animas
3579 798 3794 841 nostras

2230 872 2600 941 spiritualibus
2626 870 2832 924 deliciis
2862 873 3150 938 saginaret.
3183 873 3342 927 Addit
3371 882 3427 927 et
3454 873 3595 926 aliud
3628 874 3794 928 fercu-

2229 961 2356 1022 lum.
2392 965 2515 1015 dum
2550 970 2756 1015 mentes
2796 972 3011 1015 nostras
3045 977 3229 1016 amore
3272 980 3371 1018 suo
3408 963 3798 1020 delectabiliter

2228 1051 2414 1119 pascit.
2455 1049 2615 1115 Addit
2644 1060 2697 1105 et
2738 1050 2976 1115 tertium,
3012 1050 3136 1103 dum
3173 1052 3326 1105 nobis
3364 1068 3472 1107 sua:
3502 1052 3797 1107 divinitatis

2228 1138 2489 1193 visionem
2539 1138 2682 1193 inter
2726 1139 2946 1208 angelos
2973 1140 3284 1207 perenniter
3317 1140 3523 1194 tribuit.
3566 1143 3689 1197 llaec
3714 1152 3793 1196 est

2227 1224 2342 1294 ejus
2370 1242 2547 1291 coena,
2576 1242 2736 1297 quam
2765 1229 2879 1283 suis
2923 1228 3149 1297 paravit,
3194 1236 3249 1281 et
3286 1230 3353 1281 ad
3398 1243 3555 1296 quam
3599 1231 3797 1285 multos

2230 1316 2459 1379 vocavit,
2496 1314 2708 1393 Judteus
2753 1316 2960 1370 scilicet
3024 1326 3077 1368 et
3121 1316 3349 1385 gentiles
3385 1318 3452 1371 de
3489 1325 3599 1370 toto
3622 1319 3791 1383 orbe;

2229 1406 2321 1458 sed
2350 1406 2521 1473 primo
2546 1404 2777 1463 Iudaeos.
2820 1405 3015 1459 deinde
3038 1406 3283 1473 gentiles.
3316 1404 3439 1459 llaec
3464 1405 3607 1460 enim
3639 1421 3791 1460 coena

2228 1510 2324 1563 per
2364 1495 2671 1549 e‘onvivium
2713 1496 2843 1549 illud
2880 1496 3032 1564 181
3074 1495 3354 1565 designata
3380 1504 3483 1565 est,
3526 1497 3664 1563 quod
3693 1495 3790 1549 As-

2230 1598 2421 1639 suerus
2466 1585 2623 1638 tertio
2663 1600 2806 1638 anno
2855 1585 3003 1654 regni
3053 1584 3133 1638 sui
3180 1578 3697 1654 fecit'optitnalibus
3738 1594 3793 1639 et

2231 1675 2421 1729 amicis
2470 1676 2610 1739 suis;
2660 1689 2725 1727 ac
2772 1674 2968 1727 dehinc
3011 1673 3077 1727 ad
3109 1674 3481 1740 illudo’mnem
3511 1673 3788 1743 populum,

554 1770 941 1853 apostolorum,
973 1800 1264 1855 pauperem
1295 1786 1460 1839 vitam
1485 1762 1933 1858 communemque
1962 1786 2124 1841 duce-

2228 1766 2318 1836 qui
2354 1767 2403 1819 in
2451 1767 2564 1821 suis
2607 1772 2850 1833 repertus
2898 1772 3000 1831 est,
3042 1763 3289 1817 invitavit
3328 1763 3502 1828 (Est/1.
3550 1780 3591 1830 ι,
3626 1763 3680 1827 5,
3710 1762 3788 1834 5).

553 1875 699 1953 bant
718 1875 998 1932 unanimes
1038 1876 1094 1935 in
1133 1877 1397 1931 charitate
1425 1875 1561 1946 (Act.
1598 1892 1669 1939 ιν,
1702 1877 1814 1947 52).
1866 1876 1957 1931 Sic
1995 1892 2123 1948 ergo

554 1968 651 2045 per
681 1966 910 2043 gratiam
942 1981 1095 2027 suam
1137 1965 1383 2020 Christus
1425 1956 1520 2021 is
1562 1967 1629 2021 ab
1656 1968 1805 2041 omni
1847 1968 1933 2021 illa
1975 1980 2147 2037 peste,

555 2056 877 2112 insatiabilis
916 2055 1154 2121 avaritia:
1192 2056 1392 2109 sanavit
1416 2072 1436 2119 ;
1468 2063 1521 2111 et
1557 2056 1628 2109 ita
1659 2056 1876 2123 dimisit,
1908 2057 1959 2110 id
1989 2066 2073 2111 est
2093 2072 2122 2110 a

554 2140 681 2216 iugo
720 2144 852 2215 legis
891 2145 1072 2210 solvit,
1103 2154 1154 2199 et
1196 2146 1248 2199 in
1293 2144 1541 2199 libertate
1585 2145 1869 2199 charitatis
1898 2145 2124 2200 arbitrio

557 2249 655 2292 suo
684 2224 963 2293 relaxavit.
1000 2241 1059 2287 ut
1088 2249 1190 2287 non
1207 2232 1320 2299 jam
1342 2232 1537 2296 coacti,
1561 2232 1657 2287 sed
1676 2234 1955 2302 spontanei
1984 2234 2123 2289 bona

553 2316 811 2377 facerent.
852 2318 1107 2389 Quisquis
1142 2330 1285 2374 emm
1330 2320 1597 2373 charitate
1643 2318 1853 2389 ﬂagrat,
1887 2336 1993 2376 non
2024 2335 2123 2375 ne-

553 2425 707 2467 cesse
739 2418 821 2465 est
856 2420 914 2464 ut
961 2411 1009 2464 ei
1042 2410 1405 2479 prmaitfntur,
1439 2408 1541 2464 nisi
1574 2420 1634 2464 ut
1663 2410 1825 2465 faciat
1865 2412 2123 2480 quidquid

554 2502 808 2557 voiuerit.
871 2501 1075 2555 Dehine
1134 2488 1771 2555 aemulorum‘invidiath
1837 2502 2125 2558 confutans

559 2591 829 2655 Salvator,
862 2591 938 2643 ait
969 2590 1075 2645 illis
1104 2608 1116 2643 :
1150 2588 1315 2658 Cujus
1346 2599 1571 2644 vestrum
1601 2592 1781 2645 asinus
1822 2601 1913 2644 aut
1948 2592 2037 2646 bos
2071 2594 2126 2647 in

554 2689 767 2750 puteum
817 2679 986 2745 cadet,
1032 2688 1081 2731 et
1132 2694 1234 2733 non
1283 2680 1530 2732 continuo
1568 2681 1803 2734 extrahet
1839 2681 1992 2733 illum
2043 2683 2126 2736 die

559 2760 811 2823 Sabbati?
846 2767 975 2833 Qua:
1008 2764 1212 2821 scilicet
1244 2767 1508 2821 sententia
1535 2776 1589 2820 et
1618 2768 1959 2839 insidiatores
1998 2785 2126 2824 con-

555 2858 744 2921 vincit,
789 2866 844 2913 et
887 2858 952 2911 ad
997 2858 1169 2927 ipsum
1228 2865 1429 2911 nostrae
1473 2858 1805 2913 liberationis
1836 2870 2122 2923 auctorem

558 2949 865 3017 specialiter
895 2948 1132 3017 resliieit.
1160 2948 1275 3015 Ipse
1306 2947 1449 3001 enim
1481 2948 1774 3002 secundum
1802 2950 1982 3005 carnis
2012 2965 2123 3005 ma-

542 3037 749 3094 tteriam
784 3053 920 3091 unus
943 3035 1247 3091 Judzeorum
1283 3046 1425 3102 erat,
1463 3037 1802 3111 quicarnem
1839 3054 1906 3093 ex
1933 3053 2121 3095 eorum
2151 3069 2196 3130 ο

558 3136 716 3205 gente
756 3137 1089 3198 susceperat.
1138 3125 1303 3195 Cujus
1341 3128 1522 3181 asinus
1566 3136 1622 3182 et
1668 3127 1756 3181 bos
1809 3129 1864 3182 in
1913 3140 2123 3199 puteum

556 3218 783 3282 cecidit;
836 3219 962 3287 quia
1010 3218 1224 3286 gentilis
1274 3226 1329 3271 et
1373 3215 1631 3278 Judaieus
1676 3218 1920 3285 populus,
1968 3233 2125 3287 quem

559 3315 850 3374 utrumque
896 3307 1011 3374 ipse
1051 3316 1353 3369 creaverat,
1396 3305 1448 3357 in
1482 3306 1586 3357 ima
1615 3305 1868 3358 vitiorum
1902 3307 2124 3359 corruit.

565 3395 749 3449 Asinus
778 3395 920 3449 enim
948 3392 1196 3463 gentilem
1227 3380 1471 3461 designat
1504 3390 1757 3462 populum
1792 3392 2006 3446 brutum
2040 3392 2127 3446 nio

565 3484 670 3538 mis
708 3493 763 3537 et
800 3483 1057 3537 oneribus
1095 3482 1303 3537 cunctis
1334 3495 1577 3537 errorum
1623 3480 1989 3546 substratum;
2038 3481 2125 3534 bas

561 3587 714 3637 vero,
758 3558 1038 3627 Iudaicum
1083 3571 1213 3640 jugo
1257 3572 1389 3639 legis
1438 3572 1732 3626 subditum.
1786 3572 1900 3626 Non
1951 3573 2121 3627 solum

560 3660 701 3714 enim
733 3660 929 3724 asinus,
962 3659 1012 3712 id
1041 3670 1121 3714 est
1154 3659 1369 3728 gentilis
1401 3658 1667 3729 populus;
1714 3661 1807 3715 sed
1843 3670 1896 3715 et
1932 3662 2041 3724 bos,
2072 3662 2123 3715 id

462 3762 468 3767 ‘
558 3759 641 3805 est
667 3747 944 3812 Iudaicus,
983 3757 1066 3803 est
1092 3749 1143 3803 in
1172 3748 1609 3818 profunditatem
1653 3751 2122 3818 peccatorumde-

558 3838 761 3907 lapsus,
788 3839 912 3907 quia
946 3852 1044 3891 nec
1074 3838 1187 3905 ipse
1211 3836 1495 3905 justificari
1531 3838 1705 3907 potuit
1734 3854 1800 3891 ex
1832 3839 1964 3907 legis
1995 3854 2123 3908 ope-

559 3928 728 3982 ribus.
772 3926 877 3981 Sed
918 3936 1205 3993 utrumque
1256 3926 1514 3979 Dominus
1557 3927 1825 3990 extraxit;
1858 3928 1994 3993 fqttia
2027 3942 2123 3993 per

562 4014 719 4068 fidem
770 4027 918 4067 suam
974 4022 1258 4081 utrumque
1296 4012 1643 4080 justiﬂcans,
1695 4016 1760 4067 ad
1815 4015 2119 4068 libertatem

560 4104 838 4157 charitatis
866 4102 1065 4157 eduxit.
1094 4101 1160 4155 Et
1190 4103 1290 4156 hoc
1318 4100 1465 4165 fecit,
1495 4104 1765 4167 continuo,
1800 4102 1851 4155 id
1894 4111 1975 4156 est
2006 4104 2124 4157 sine

561 4186 843 4258 dilatione;
895 4193 1019 4261 quia
1068 4192 1120 4245 in
1169 4193 1436 4260 baptismo
1490 4191 1684 4246 delevit
1728 4194 1927 4261 absque
1972 4195 2122 4247 mora

560 4281 742 4352 culpas
771 4296 978 4347 eorum,
1002 4290 1057 4335 et
1082 4281 1329 4336 dedit‘eis
1359 4282 1737 4335 innocentiam.
1766 4282 1862 4334 Die
1885 4280 2120 4349 Sabbati,

2226 1857 2361 1911 Nam
2400 1859 2685 1920 Assuerus,
2734 1854 2961 1925 mystice
3015 1853 3301 1920 Christus;
3365 1854 3554 1918 tertius
3598 1869 3789 1917 annus,

2228 1948 2442 2002 tertium
2473 1957 2684 2014 tempus
2716 1954 2821 2000 est.
2850 1943 3089 1997 Primum
3126 1945 3269 1998 enim
3303 1948 3509 2011 tempus
3539 1944 3635 1995 fuit
3667 1951 3791 1997 ante

2226 2036 2417 2105 legem,
2455 2035 2748 2090 secundum
2788 2035 2889 2089 sub
2925 2033 3060 2103 lege,
3115 2036 3327 2090 tertium
3376 2036 3476 2089 sub
3506 2034 3697 2104 gratia.
3726 2032 3793 2088 ιιι

2226 2125 2329 2179 hoc
2359 2124 2472 2179 Rex
2496 2138 2688 2193 regum
2717 2125 2960 2178 exhibuit
2989 2118 3295 2182 convivium
3323 2119 3501 2181 suum.
3547 2126 3789 2194 Optima~

2209 2223 2307 2268 etes
2334 2223 2387 2268 et
2417 2214 2574 2267 amici
2607 2223 2734 2267 sunt
2773 2213 3022 2293 apostoli,
3064 2222 3120 2267 et
3155 2215 3245 2282 qui
3280 2216 3347 2271 de
3384 2214 3584 2269 Judmis
3616 2216 3793 2283 primo

2227 2302 2591 2357 crediderunt.
2631 2301 2873 2370 Populus
2922 2301 2990 2355 de
3036 2311 3143 2355 tota
3190 2304 3321 2356 urbe
3374 2303 3650 2370 invitatus,
3707 2312 3794 2355 est
3852 2305 3856 2309 ’

2228 2392 2515 2448 multitudo
2539 2393 2776 2462 gentimn
2801 2392 2866 2447 de
2896 2401 3007 2446 toto
3028 2394 3158 2447 orbe
3189 2402 3399 2459 vocata,
3427 2395 3679 2463 quoniam
3710 2393 3794 2448 ci-

2226 2483 2366 2537 vitas
2396 2483 2478 2536 vel
2500 2485 2780 2547 mundum,
2812 2482 2893 2535 vel
2921 2483 3273 2552 gentilitatem
3308 2484 3565 2553 designat.

2306 2573 2448 2628 Misit
2480 2575 2661 2643 itaque
2690 2572 2937 2629 dominus
2966 2575 3066 2629 iste
3089 2593 3288 2629 servum
3312 2577 3605 2632 suum/mra
3634 2590 3793 2629 canat

2227 2664 2397 2716 dicere
2428 2664 2651 2717 invitatis
2671 2658 2724 2716 ut
2748 2665 3000 2727 venirent,
3032 2666 3153 2733 quia
3180 2665 3295 2733 jam
3323 2675 3508 2733 parata
3535 2676 3653 2718 sunt
3677 2680 3780 2717 om-

2227 2752 2336 2804 nia.
2371 2753 2589 2815 Servus,
2641 2760 2725 2806 est
2754 2753 2887 2805 ordo
2924 2754 3354 2821 praedicatorum.
3396 2746 3545 2806 Hora
3592 2770 3775 2815 caena',
3818 2764 3829 2774 '

2226 2849 2465 2894 extrema
2490 2850 2619 2894 setas
2648 2841 2849 2904 saeculi,
2883 2842 2948 2895 de
2988 2856 3092 2909 qua
3117 2843 3303 2896 beatus
3340 2841 3572 2897 Joannes
3602 2840 3779 2917 loqui—

2228 2939 2362 2984 tur:
2406 2930 2611 2996 Filioli,
2646 2931 2920 2999 novissima
2970 2933 3097 2986 liora
3148 2943 3223 3003 est
3268 2932 3353 3004 (11
3392 2934 3550 2988 Joan.
3584 2949 3644 2997 tt,
3679 2928 3786 3005 l8).

2227 3020 2353 3075 Haec
2378 3020 2521 3075 enim
2547 3020 2676 3074 hora
2738 3031 2820 3076 est
2870 3021 3101 3088 spatium
3158 3020 3416 3091 temperis
3443 3023 3511 3076 ab
3556 3024 3791 3080 adventu

2231 3112 2435 3167 Domini
2468 3126 2636 3181 usque
2670 3114 2735 3166 ad
2768 3112 2926 3167 linem
2955 3111 3157 3179 sazculi,
3191 3114 3243 3166 in
3258 3128 3376 3181 quo
3398 3113 3619 3166 scientia
3670 3112 3788 3181 spi-

2230 3195 2401 3248 ritalis
2433 3203 2514 3248 est
2552 3194 2803 3271 revelata,
2835 3203 2888 3247 et
2916 3195 3085 3263 gratia
3111 3196 3283 3248 sancti
3332 3194 3562 3263 Spiritus
3588 3193 3788 3263 effusa,

2230 3292 2283 3337 et
2313 3299 2475 3353 regna
2501 3284 2760 3338 caelorum
2804 3293 3010 3351 aperta.
3042 3284 3269 3351 Ideoque
3298 3285 3495 3338 dicitur
3514 3288 3643 3353 'quia
3660 3286 3784 3354 jam

2227 3382 2413 3440 parata
2456 3381 2573 3424 sunt
2626 3371 2819 3423 omnia.
2852 3368 2994 3423 Nihil
3022 3371 3163 3423 enim
3197 3370 3395 3437 restat,’
3423 3373 3523 3425 nisi
3549 3382 3609 3425 ut
3638 3374 3807 3439 (‘11ng

2229 3449 2333 3527 que
2357 3460 2576 3528 dignum
2597 3472 2656 3511 se
2684 3467 2966 3527 praeparet,
2995 3468 3052 3512 et
3084 3458 3265 3512 veniat
3286 3467 3349 3517 ,ει
3396 3460 3479 3512 his
3530 3460 3782 3514 omnibus

2226 3549 2553 3619 perfruatur.
2585 3548 2735 3602 Tunc
2762 3558 2939 3601 autem
2972 3549 3146 3616 primo
3169 3565 3368 3602 servum
3397 3566 3547 3621 suum
3606 3552 3788 3605 Domi-

2229 3655 2328 3694 nus
2356 3639 2505 3694 misit
2540 3650 2598 3691 ut
2627 3638 2879 3692 invitatos
2906 3647 3147 3701 vocaret,
3175 3640 3389 3707 quando
3411 3641 3521 3694 suis
3550 3642 3813 3710 discipttu

2226 3732 2290 3785 lis
2319 3731 2394 3785 ait
2421 3749 2435 3783 :
2477 3730 2543 3782 In
2572 3731 2705 3783 uiam
2732 3730 2958 3798 gentium
3019 3746 3079 3783 ne
3108 3729 3360 3793 abieritis,
3384 3741 3438 3787 ,et
3465 3731 3516 3782 in
3552 3732 3787 3785 civitates

2225 3820 2681 3873 Samaritanorum
2710 3817 3138 3880 ne-intraveritis;
3178 3818 3265 3869 sed
3288 3819 3455 3884 potius
3480 3818 3548 3871 ite
3577 3820 3644 3870 ad
3663 3835 3786 3872 oves

2228 3928 2342 3983 qute
2396 3912 2653 3979 perierunt
2708 3910 2891 3961 domus
2919 3905 3084 3959 Israel
3110 3905 3320 3973 (Matth.
3354 3925 3401 3965 x,
3431 3906 3536 3974 15).
3571 3907 3784 3961 Israeli-

2228 4012 2308 4055 tas
2342 4000 2483 4055 enim
2508 4000 2617 4069 jam
2647 3998 3001 4067 inritaverant
3033 3999 3095 4051 ad
3127 3999 3263 4050 hanc
3294 4011 3496 4050 orenam
3526 4007 3579 4051 et
3614 4000 3781 4066 patri-

2227 4092 2422 4153 archae,
2457 4099 2510 4145 et
2536 4090 2743 4160 Moyses
2770 4098 2823 4141 et
2853 4090 3145 4156 prophetae.
3182 4088 3256 4140 Illi
3289 4096 3467 4140 autem
3502 4102 3601 4141 nec
3624 4096 3778 4151 tunc,

2227 4198 2325 4237 nec
2354 4182 2511 4235 modo
2537 4181 2818 4234 voluerunt
2858 4179 3062 4242 venire,
3094 4178 3185 4232 sed
3218 4188 3474 4248 caperunt
3502 4194 3674 4232 omnes
3702 4181 3780 4232 si-

2224 4271 2333 4323 mul
2361 4284 2627 4323 excusare.

558 4371 610 4425 id
640 4379 723 4425 est
746 4370 887 4425 clara
925 4370 1044 4424 luce
1084 4370 1205 4423 ﬁdei
1247 4379 1299 4424 et
1333 4371 1591 4436 scientia,
1636 4372 1687 4424 in
1719 4385 1941 4440 operum
1986 4372 2116 4441 legis
2147 4378 2195 4436 Ι)
2297 4361 2507 4415 Primus
2532 4359 2661 4411 dixit
2690 4371 2709 4408 :
2746 4356 2937 4429 Villam
2964 4358 3082 4417 emi,
3114 4366 3159 4409 et
3190 4373 3386 4411 necesse
3422 4358 3580 4411 Italico
3614 4359 3779 4424 exire,

536 4462 877 4517 cessatione.
918 4459 984 4515 Et
1016 4478 1118 4515 non
1149 4454 1391 4529 poterant
1434 4462 1503 4513 ad
1528 4463 1638 4515 litvo
1671 4463 1978 4532 respondere
2006 4464 2117 4528 illi;

558 4551 680 4618 quia
719 4550 926 4605 eductis
956 4550 1021 4603 de
1061 4548 1323 4617 profundo
1353 4550 1616 4604 malorum
1650 4551 1853 4606 duobus
1883 4542 2117 4621 populis,

558 4650 609 4695 et
639 4640 703 4694 ad
729 4641 899 4694 lucem
929 4639 1053 4693 fidei
1086 4640 1427 4718 convocatis,
1448 4641 1525 4694 sic
1556 4640 1773 4695 stultam
1809 4642 1939 4697 fecit
1970 4646 2119 4701 Deus

558 4730 873 4797 sapientiam
915 4728 1119 4789 mundi,
1160 4737 1217 4779 ut
1253 4728 1369 4796 ejus
1413 4730 1704 4798 sapientes,
1744 4732 1835 4800 qui
1865 4730 2120 4789 Ecclesiae

562 4816 850 4872 Salvatoris
877 4818 1132 4879 invident,
1164 4833 1267 4871 non
1298 4819 1567 4873 inveniant
1589 4822 1715 4889 quid
1764 4824 2119 4893 respondeant

562 4916 776 4960 econtra
819 4917 873 4959 et
914 4907 1302 4960 rationabiliter
1340 4908 1539 4973 dicunt,
1569 4912 1661 4964 sed
1695 4911 1876 4967 clauso
1915 4928 2009 4967 ore
2040 4915 2115 4968 si-

564 4997 780 5050 lentium
814 5005 1045 5061 teneant,
1071 5009 1123 5051 et
1145 4998 1354 5051 interno
1382 5000 1546 5054 livore
1574 5006 1869 5058 tabescant.

542 5089 547 5094 ’
1141 5086 1413 5140 HOMILIA
1451 5088 1535 5141 XI.

565 5174 617 5229 lu
640 5186 975 5229 ενΑΝεειιυιι
1004 5187 1272 5230 SECUNDUM
1302 5177 1482 5231 Lucan
1516 5197 1527 5231 :
1563 5178 1731 5232 Ilomo
1756 5180 1966 5249 quidam
2000 5180 2118 5246 fecit

632 5278 829 5318 omnum
859 5278 1121 5331 magnam,
1146 5275 1189 5317 et
1217 5270 1407 5321 vocavit
1431 5269 1636 5321 multos.
1665 5267 1730 5319 Et
1756 5269 1893 5320 misit
1920 5284 2119 5321 servum

634 5369 785 5405 suum
824 5350 952 5403 hora
988 5366 1141 5403 caeme
1166 5355 1331 5407 dicere
1359 5356 1586 5409 invitatis
1618 5365 1669 5407 ut
1695 5356 1963 5417 eenirent;
1996 5357 2120 5422 quia

624 5444 741 5513 jam
775 5452 962 5509 parata
1005 5452 1125 5495 sunt
1165 5448 1355 5497 omnia.
1391 5445 1455 5497 Et
1484 5456 1739 5512 «cperunt
1766 5444 1923 5497 simul
1946 5459 2119 5496 omnes

637 5547 899 5585 excusare.
936 5529 1141 5586 Primus
1174 5533 1304 5585 dixit
1336 5536 1400 5585 ei.
1448 5533 1511 5587 Et
1545 5534 1768 5600 reliqua.
1796 5531 1963 5601 ,(Luc.
2001 5546 2115 5595 xw,

634 5622 744 5687 te.)

2223 4465 2269 4509 et
2292 4456 2461 4508 videre
2494 4454 2661 4506 illum.
2715 4452 2859 4520 Rogo
2888 4452 3123 4513 te,‘habe
3174 4467 3253 4503 me
3299 4461 3618 4506 excusatum.
3674 4454 3781 4513 Iste

2220 4546 2426 4615 primus
2452 4543 2589 4612 gerit
2621 4542 2899 4611 persrﬁam
2931 4544 3206 4608 potentum
3239 4538 3435 4591 smculi‘
3475 4539 3564 4605 qui
3618 4540 3780 4595 villas

2221 4644 2273 4689 et
2302 4635 2517 4689 castella
2551 4632 2651 4688 sibi
2698 4632 2991 4693 V‘indieant,
3022 4639 3079 4683 ut
3114 4644 3275 4699 super
3302 4638 3523 4683 creteros
3549 4638 3781 4696 potesta—

2222 4734 2329 4779 tem
2357 4735 2672 4789 exerceant,
2693 4736 2747 4780 et
2771 4727 3189 4781 bonnrabiliores
3217 4736 3376 4795 atque
3416 4726 3634 4779 ditiores
3668 4727 3780 4781 sint

2220 4817 2446 4869 caeteris.
2477 4816 2542 4883 Et
2566 4816 2641 4880 hi,
2674 4832 2766 4869 sua
2793 4817 2979 4870 intima
3008 4818 3335 4881 deserentes,
3366 4826 3561 4870 exeunt
3592 4817 3777 4872 animo

2220 4904 2366 4958 foras
2394 4904 2459 4957 ad
2489 4904 2784 4957 exteriores
2834 4920 3010 4969 curas,
3043 4912 3093 4957 et
3125 4906 3439 4972 quibusdam
3489 4905 3778 4959 necessita-

2222 5005 2331 5048 tum
2364 4996 2593 5050 vinculis
2636 4996 2934 5049 retinentur
2990 5011 3065 5071 ne
3104 4996 3168 5049 ad
3223 4996 3474 5049 interiora
3525 4996 3774 5060 redeant,

2222 5087 2313 5139 sed
2344 5087 2495 5141 villas
2521 5094 2576 5139 et
2604 5089 2971 5155 possessiones
3021 5102 3147 5140 suas
3192 5102 3401 5153 semper
3434 5086 3673 5151 videant,
3721 5097 3778 5142 et

2222 5176 2286 5228 de
2317 5176 2397 5228 his
2432 5176 2683 5243 cogitent,
2716 5166 2862 5229 ae'in
2907 5176 2988 5229 his
3014 5176 3392 5229 delectabiliter
3441 5184 3722 5227 teneantur
3759 5191 3775 5237 ;

2224 5264 2447 5332 ideoque
2496 5279 2703 5319 cmuam
2749 5265 2837 5318 Dei
2891 5264 3177 5332 negligant.
3240 5263 3454 5315 Talibus
3504 5272 3679 5317 autem
3729 5263 3774 5314 si

2223 5356 2434 5421 quando
2466 5357 2845 5423 prmdicatores
2876 5355 3197 5423 persuadent
3250 5356 3494 5414 meliora,
3548 5353 3769 5421 promit-

2226 5452 2423 5497 tuntse
2472 5445 2709 5499 facturos
2741 5446 2879 5511 quod
2932 5445 3009 5497 eis
3039 5444 3371 5511 prmeipitur;
3425 5445 3515 5496 sed
3554 5441 3777 5507 impedi-

2224 5541 2399 5584 menta
2431 5532 2703 5599 objiciunt.
2732 5533 3125 5587 excusationem
3156 5544 3449 5599 opponunt,
3500 5541 3550 5581 ct
3592 5539 3646 5579 ut
3674 5528 3774 5594 ipsi

2229 5639 2323 5690 pro
2354 5626 2429 5678 eis
2462 5627 2623 5679 Deum
2658 5635 2945 5693 precentur
2973 5634 3213 5678 exorant.
3270 5622 3375 5673 llnc
3424 5630 3595 5671 autem
3647 5618 3774 5684 quid
