4190 6218
396 434 501 491 653

1517 424 1816 483 llOlllLi/E
1850 420 2443 481 EXHORTATIONES.

3486 421 3590 477 θδι

397 564 480 611 est
499 553 637 609 aliud
666 551 864 616 dicere,
890 550 989 606 nisi
1013 565 1133 620 rogo
1159 557 1226 611 te,
1262 547 1389 599 habe
1416 562 1491 599 me
1516 544 1851 599 excusatum?
1880 544 1942 596 lit
1969 546 2014 603 Α
2046 538 2215 594 tiones
2240 555 2419 609 perge,
2451 550 2504 594 et
2530 554 2662 609 quos
2688 539 2757 593 ibi
2793 538 2873 593 vel
2902 538 3253 608 amplitudine
3295 540 3595 608 possession

366 646 548 702 'niulti
585 624 718 701 tales
746 653 899 699 erant
934 645 984 697 in
1034 642 1211 697 Juda‘a
1265 639 1475 709 quando
1529 638 1779 691 Dominus
1831 637 1944 691 lucc

399 734 737 803 loquebatur;
760 732 849 787 sed
875 734 946 794 hi,
972 732 1061 800 qui
1092 742 1231 782 nunc
1261 738 1402 791 sunt,
1433 728 1620 789 Judzci,
1648 728 1768 795 quia
1795 725 1943 779 villas

397 844 503 882 non
560 834 798 895 possunt.
838 825 1093 878 pecunias
1122 814 1443 894 acquirunt.
1501 819 1566 871 Et
1602 821 1732 877 alter
1769 818 1897 869 dixit
1926 818 1959 871 :‘

394 916 533 985 luga
559 918 707 967 boum
736 930 833 966 emt
860 916 1081 981 quinque
1116 920 1164 963 et
1186 927 1244 962 eo
1288 911 1502 978 probare
1537 908 1647 961 illa.
1697 906 1837 973 Rogo
1876 917 1944 969 te,

394 1004 524 1057 habe
558 1019 637 1056 me
673 1012 994 1054 excusatum.
1034 999 1136 1053 Iste
1192 997 1457 1068 signiﬁcat
1502 996 1617 1049 illos
1640 994 1943 1048 Iudaeorum

394 1093 486 1161 qui
515 1089 876 1162 magisdediti
912 1097 1039 1144 sunt
1064 1088 1262 1144 carnali
1308 1088 1485 1142 studio
1518 1085 1670 1155 legis.
1706 1083 1946 1152 Quinque

393 1183 537 1238 enim
552 1182 683 1249 fuga
709 1180 883 1243 boum,
908 1178 1146 1247 quinque
1198 1187 1321 1232 sunt
1366 1176 1486 1229 libri
1544 1172 1709 1243 Moysi
1767 1173 1941 1242 depri-

394 1281 601 1326 tneutes
629 1269 1084 1339 gravi.servitute
1124 1268 1241 1322 illos
1269 1267 1361 1336 qui
1404 1266 1504 1319 sub
1554 1280 1611 1317 se
1658 1263 1947 1318 carnaliter

392 1367 517 1414 sunt
548 1358 730 1428 positi.
763 1357 872 1412 Hos
896 1367 1072 1412 autem
1112 1356 1275 1410 libros
1318 1354 1486 1409 Judazi
1517 1362 1788 1415 emerunt,
1820 1353 1944 1421 quia

392 1464 491 1519 pro
515 1450 595 1502 his
622 1447 924 1502 circumcisi
957 1453 1102 1513 sunt,
1132 1460 1229 1515 pro
1278 1445 1363 1499 his
1393 1444 1649 1510 decimas,
1679 1452 1732 1497 et
1757 1444 1953 1513 primis

392 1538 498 1593 tias
519 1546 570 1592 et
596 1539 856 1593 sacrificia
899 1537 1149 1592 oderunt.
1185 1535 1292 1590 llos
1332 1544 1507 1589 tamen
1557 1536 1788 1589 nondum
1820 1550 1946 1604 pro-

392 1628 547 1682 batos
582 1629 798 1693 habent,
825 1628 948 1697 quia
973 1627 1207 1681 nondum
1233 1640 1327 1680 eos
1366 1624 1692 1696 intelligunt.
1723 1626 1777 1679 Si
1800 1626 1943 1680 enim

389 1731 486 1776 cos
515 1717 921 1783 intellexissent,
976 1715 1173 1771 nullam
1202 1715 1605 1770 excusationem
1633 1716 1946 1786 praetendis-

392 1815 532 1871 sent,
567 1808 659 1864 sed
684 1808 749 1863 ad
779 1823 987 1863 cmnam
1028 1807 1139 1876 jam
1168 1808 1463 1861 venissent.
1510 1806 1639 1875 Sed,
1685 1809 1809 1877 quia
1850 1823 1944 1862 eos

2046 646 2168 683 num
2202 631 2475 693 dilatatos,
2509 630 2590 683 vel
2621 630 2866 699 angustia
2906 622 3223 685 facultatum
3251 638 3488 683 arctatos
3518 644 3600 683 rc-

2044 706 2345 788 poreris,ad
2374 722 2533 774 vitam
2563 722 2901 775 introducere
2927 738 3028 775 non
3058 723 3303 775 moreris.
3338 720 3599 787 Paupercs

2045 809 2185 860 enim
2211 825 2272 861 ac
2296 802 2505 874 debiles,
2532 821 2579 879 et
2603 811 2746 870 cwci,
2771 819 2818 862 ct
2844 810 3016 863 claudi
3038 810 3449 881 erantgentiles,
3474 809 3599 879 quia

2049 912 2143 949 nec
2171 898 2303 965 legis
2327 899 2561 963 divitias,
2624 916 2725 955 nec
2782 901 3039 953 Virtutum
3074 900 3461 963 fortitudinem,
3494 914 3601 969 qua

2048 985 2298 1039 resistere
2331 999 2550 1057 possent
2579 989 2805 1053 diabolo,
2856 1005 2954 1045 nec
3000 991 3237 1045 scientize
3263 990 3464 1053 lumen,
3518 988 3601 1044 vel

2050 1070 2374 1139 illuminatos
2389 1078 2567 1130 cordis
2584 1079 2767 1133 oculos
2791 1078 3078 1143 habebant,
3097 1094 3195 1134 nec
3208 1079 3257 1133 in
3274 1078 3358 1133 via
3380 1078 3600 1146 iustitiae

2050 1164 2210 1217 rectis
2251 1164 2474 1233 pedibus
2524 1169 2856 1224 incedebant.
2891 1171 2989 1235 Qui
3041 1180 3215 1223 tamen
3270 1170 3476 1224 invitati
3530 1168 3600 1223 ad

2047 1251 2348 1306 convivium
2380 1253 2601 1317 Christi,
2632 1256 2823 1311 divites
2860 1259 3171 1326 spiritaliter
3200 1267 3253 1313 et
3276 1257 3442 1313 fortes
3470 1256 3600 1312 [acti

2048 1349 2193 1407 sunt,
2224 1350 2277 1396 et
2302 1342 2527 1396 interius
2553 1343 2836 1397 illuminati
2860 1347 2969 1413 jam
3003 1347 3054 1399 in
3091 1349 3175 1402 via
3230 1348 3322 1402 Dci
3354 1362 3460 1401 non
3511 1360 3601 1399 er-

2048 1440 2190 1495 rant,
2219 1430 2311 1485 sed
2344 1440 2491 1486 recto
2520 1432 2733 1485 tramite
2759 1435 3070 1499 gradiuntur

2116 1520 2188 1573 Et
2214 1523 2287 1576 ait
2312 1538 2487 1575 servus
2516 1538 2534 1575 :
2558 1521 2797 1591 meine,
2823 1521 3019 1589 factum
3057 1532 3129 1575 est
3161 1534 3211 1575 ut
3238 1526 3522 1592 imperasti,
3552 1534 3601 1578 et

2045 1613 2216 1665 adhuc
2245 1612 2391 1665 locus
2430 1620 2525 1665 cst.
2583 1610 2923 1674 Vocavinius,
2977 1613 3165 1680 inquit,
3217 1611 3369 1679 juxta
3405 1626 3623 1683 przecc-q

2044 1712 2190 1771 plum
2223 1694 2389 1768 tuum,
2419 1701 2628 1757 Judzeos
2655 1710 2710 1755 et
2740 1702 2981 1771 gentiles,
3012 1712 3059 1755 et
3089 1702 3260 1756 adhuc
3311 1705 3455 1757 locus
3502 1718 3602 1768 cst,

2046 1792 2132 1846 ubi
2160 1792 2517 1860 suscipiantur
2538 1793 2626 1860 qui
2655 1792 2837 1845 venire
2866 1791 3151 1855 voluerint.
3174 1793 3274 1847 Iste
3312 1794 3454 1847 locus
3479 1805 3604 1853 tunc

385 1912 498 1953 non
520 1898 836 1969 intelligunt,
870 1898 994 1953 dum
1034 1913 1097 1953 eo
1129 1898 1370 1953 venerari
1402 1912 1461 1951 se
1490 1898 1762 1961 simulant,
1794 1916 1941 1952 suam

2047 1882 2415 1951 complebitur,
2444 1884 2653 1951 quando
2675 1882 2924 1939 smculum
2951 1883 3051 1937 hoc
3076 1884 3466 1948 terminabitur.
3494 1889 3602 1943 Ad-

392 1986 651 2058 ]ustitiam
678 1996 962 2058 querentes
989 1996 1231 2051 statuere,
1282 1986 1505 2055 justitia:
1535 1985 1629 2040 Dei
1684 2004 1784 2041 non
1822 1995 1944 2041 sunt

390 2078 607 2147 subjecti
637 2074 814 2147 (Rom.
843 2094 895 2143 ι,
921 2076 997 2147 3).
1668 2090 1669 2093 ‘

463 2164 530 2220 Et
557 2167 693 2221 alius
719 2168 850 2223 dixit
873 2186 891 2223 :
925 2166 1149 2223 Uxorem
1173 2169 1318 2231 duxi,
1351 2177 1405 2224 et
1435 2166 1549 2223 ideo
1594 2185 1695 2222 non
1740 2184 1949 2235 possunt

390 2260 578 2312 venire.
612 2257 714 2312 Per
740 2258 880 2314 hunc
910 2260 1253 2329 designantur
1279 2260 1353 2313 illi
1377 2260 1465 2328 qui
1506 2274 1562 2313 se
1584 2258 1807 2323 luxuria:
1828 2274 1949 2313 car-

392 2348 581 2415 nisque
600 2348 961 2418 voluptatibus
992 2364 1088 2418 per
1108 2336 1301 2404 omnia
1319 2349 1628 2418 subjiciunt.
1659 2348 1759 2414 Qui
1787 2363 1945 2404 excu-

392 2436 499 2489 sari
526 2451 627 2489 non
652 2447 914 2505 quaarunt,
939 2439 1085 2506 quia,
1102 2434 1267 2492 solam
1294 2437 1429 2492 hanc
1452 2438 1614 2491 vitam
1642 2438 1946 2508 diligentes,

392 2522 553 2578 aliam
583 2526 989 2595 parvipendunt.
1022 2527 1079 2582 ln
1126 2524 1209 2581 his
1240 2537 1412 2581 autem
1447 2527 1617 2581 tribus
1646 2528 1735 2597 qui
1768 2529 1950 2582 venire

394 2612 463 2666 ad
506 2624 716 2668 cuinam
769 2614 1074 2683 noluerunt,
1125 2616 1381 2685 designati
1405 2625 1528 2669 sunt
1556 2629 1742 2670 omnes
1767 2617 1855 2684 qui
1885 2618 1951 2671 ad

392 2714 511 2755 eam
548 2700 735 2757 venire
760 2701 1052 2773 negligunt,
1092 2712 1147 2773 et
1176 2704 1227 2756 in
1261 2703 1448 2759 horum
1479 2711 1603 2773 typo
1638 2701 1803 2757 Judaei
1837 2716 1950 2757 coe-

390 2805 519 2859 nam
556 2792 692 2847 hanc
718 2793 867 2849 adire
889 2786 1190 2847 noluerunt.

464 2881 530 2934 Et
563 2898 792 2936 reversus
819 2899 995 2936 servus
1019 2881 1269 2935 nuntiavit
1295 2884 1404 2935 lucc
1424 2881 1630 2935 domino
1650 2898 1767 2935 suo.
1798 2881 1947 2937 Unde

390 2968 558 3025 Isaias
591 2988 604 3024 :
645 2970 883 3036 Domine,
912 2973 1027 3041 quis
1061 2970 1278 3025 credidit
1300 2970 1506 3022 auditut‘
1553 2970 1771 3023 nostra?
1810 2969 1948 3039 (Isa.
1984 3030 1987 3035 ,

393 3074 509 3121 Litt,
537 3060 617 3129 1.)
648 3056 790 3113 Tunc
814 3062 981 3114 iratus
1004 3058 1402 3129 paterfamilias,
1443 3060 1573 3112 dixit
1616 3076 1759 3114 servo
1812 3074 1946 3113 suo:

391 3149 499 3204 Exi
532 3145 634 3204 cito
671 3154 725 3203 in
752 3152 948 3220 plateas
968 3161 1011 3204 et
1041 3151 1174 3204 vicos
1219 3151 1480 3214 civitatis;
1506 3161 1551 3204 et
1582 3168 1853 3220 pauperes,
1884 3168 1945 3205 ac

389 3236 609 3301 debiles,
637 3248 681 3290 et
719 3253 879 3292 cwcos
900 3248 947 3291 et
970 3237 1184 3290 claudos
1219 3238 1457 3291 introduc
1486 3240 1605 3290 huc.
1635 3236 1833 3291 Judmis
1856 3253 1946 3293 ve-

391 3327 512 3381 nire
541 3326 858 3388 nolentibus,
885 3328 1050 3379 iratus
1077 3335 1158 3381 est
1187 3326 1465 3391 Dominus,
1490 3327 1612 3396 quia
1652 3341 1755 3381 non
1808 3328 1945 3382 ultra

390 3402 497 3486 per
511 3430 635 3471 suos
656 3414 1033 3485 praedicatores
1057 3415 1261 3469 monuit
1289 3429 1383 3469 eos
1398 3424 1452 3469 ut
1482 3424 1947 3482 converterentur,

391 3504 489 3559 sed
511 3518 573 3559 ex
606 3513 716 3557 toto
744 3504 958 3573 reliquit
986 3517 1079 3557 eos
1109 3503 1161 3556 in
1191 3517 1285 3557 sua
1321 3502 1544 3567 malitia,
1574 3505 1831 3557 mandans
1854 3520 1951 3558 nu-

390 3592 548 3647 bibus
578 3606 643 3645 ne
672 3607 831 3663 super
857 3591 1239 3646 infructuosam
1280 3591 1488 3647 vineam
1532 3592 1771 3662 pluerent
1816 3593 1949 3665 (lsa.

366 3696 448 3746 -ν,
475 3680 552 3749 6),
585 3681 635 3734 id
666 3691 747 3734 est
775 3682 1089 3751 praecipiens
1118 3680 1375 3751 apostolis
1419 3697 1487 3735 ne
1512 3682 1706 3737 Judaea:
1754 3686 1949 3751 pracdi-

372 3781 599 3829 'carent.
628 3772 816 3841 Magna
857 3773 999 3825 enim
1029 3772 1108 3825 ira
1138 3772 1229 3825 Dei
1260 3780 1366 3836 est,
1395 3780 1708 3841 peccatores
1746 3773 1811 3827 ad
1835 3787 1957 3847 pm-q

391 3863 672 3918 nitentiam
698 3878 803 3917 non
826 3872 1043 3926 Vocare,
1074 3863 1167 3916 sed
1194 3862 1244 3915 in
1275 3862 1507 3931 peccatis
1534 3875 1700 3929 usque
1723 3864 1788 3915 ad
1816 3877 1965 3917 mor--

393 3960 505 4007 tem
537 3950 855 4020 relinquere.
886 3951 978 4005 Sic
1002 3953 1167 4004 iratus
1193 3959 1273 4004 est
1300 3949 1496 4005 Iudaeis
1526 3952 1590 4003 ad
1620 3964 1826 4004 coenam
1863 3966 1952 4004 ve-

397 4038 516 4093 nire
540 4046 592 4092 et
615 4040 833 4093 credere
862 4038 1181 4103 nolentibus,
1212 4047 1267 4092 et
1300 4048 1486 4108 gentes
1515 4038 1706 4092 intuitu
1740 4039 1949 4092 miseri-

394 4128 593 4183 cordia:
620 4129 871 4197 respexit.
907 4128 1055 4183 Unde
1094 4129 1223 4198 ipsis
1264 4127 1461 4183 Judreis
1513 4127 1709 4182 Paulus
1753 4138 1805 4182 et
1828 4129 1956 4181 Bar-

396 4214 854 4271 nabanixerunt:
883 4216 1304 4284 Vobisoportebat
1328 4219 1550 4285 primum
1580 4217 1719 4286 loqui
1749 4218 1955 4270 verbum

398 4302 499 4357 Dei
511 4320 525 4367 ,‘
549 4303 636 4356 sed
657 4305 777 4372 quia
808 4296 1064 4371 repulistis
1086 4302 1233 4362 illud,
1268 4312 1314 4357 et
1338 4303 1575 4371 indignos
1602 4319 1685 4355 vos
1696 4302 1951 4371 judicatis

376 4384 607 4449 iactemur
628 4394 765 4457 vita’,
798 4410 911 4447 ecce
936 4394 1277 4446 convertimur
1327 4393 1393 4445 ad
1428 4403 1597 4461 gentes
1640 4392 1781 4462 (Act.
1832 4409 1952 4460 xm,

2048 1972 2151 2027 huc
2173 1973 2313 2028 enim
2342 1973 2576 2042 quotidie
2604 1974 2885 2027 mittuntur
2905 1972 3070 2037 servi,
3101 1974 3275 2028 adhuc
3301 1975 3367 2028 ad
3389 1990 3601 2031 cmnam

2050 2062 2269 2116 veniunt
2300 2060 2501 2123 fideles,
2529 2061 2645 2114 aliis
2675 2075 2769 2129 per
2794 2060 3132 2131 baptismum,
3170 2061 3288 2118 aliis
3340 2079 3435 2133 pcr
3488 2081 3602 2135 ρω-

2053 2150 2328 2205 nitentiam
2355 2148 2748 2204 festinantibus.

2120 2240 2205 2292 Ait
2233 2252 2465 2309 namque
2494 2240 2733 2291 dominus
2754 2251 2938 2291 servo:
2975 2236 3073 2291 Exi
3092 2238 3147 2293 in
3167 2239 3274 2301 vias
3294 2249 3339 2293 et
3362 2256 3523 2309 sepes,
3554 2251 3602 2295 et

2049 2329 2293 2399 compelle
2319 2329 2533 2403 intrare,
2560 2318 2913 2392 ut‘impleatur
2933 2329 3116 2383 domus
3139 2345 3270 2383 mea.
3314 2329 3429 2383 Jam
3456 2334 3601 2386 enim

2052 2432 2221 2486 neque
2243 2418 2361 2479 viae,
2389 2429 2559 2483 neque
2578 2430 2748 2485 scpes,
2775 2431 2947 2484 neque
2972 2416 3120 2471 locus
3148 2416 3301 2481 ullus,
3335 2417 3447 2472 sive
3478 2406 3606 2488 per-

2049 2507 2188 2573 vius,
2214 2507 2326 2561 sive
2354 2515 2556 2574 septus,
2615 2505 2726 2557 sive
2758 2503 3089 2570 manifestus,
3123 2505 3236 2560 sive
3261 2506 3493 2571 abditus,
3522 2521 3604 2562 re-

2053 2597 2208 2651 lictus
2234 2607 2337 2659 est,
2370 2596 2435 2647 ad
2475 2610 2631 2662 quem
2670 2594 2809 2647 servi
2851 2592 3050 2648 Christi
3100 2596 3445 2651 scrutandum
3495 2611 3603 2655 non

2052 2685 2413 2754 pervenerint.
2445 2683 2543 2748 Qui
2598 2683 2754 2751 igitur
2808 2681 2932 2736 huic
2985 2696 3149 2736 caena;
3196 2682 3477 2740 defuerunt
3511 2696 3606 2741 aut

2054 2776 2265 2838 desunt,
2322 2789 2425 2827 non
2483 2786 2756 2825 servorum
2805 2770 3159 2839 negligentize,
3211 2772 3305 2826 sed
3350 2788 3457 2829 suae
3503 2777 3607 2833 hoc

2055 2866 2428 2921 inobedientia:
2462 2865 2735 2933 deputent.
2786 2862 2910 2917 Huic
2943 2872 3119 2919 autem
3169 2866 3325 2919 tertia
3361 2866 3608 2927 invitatio

2052 2958 2220 3027 magis
2249 2957 2315 3009 ad
2345 2950 2583 3010 nostrum
2614 2966 2819 3023 tempus
2851 2957 3101 3025 pertinet,
3151 2958 3202 3010 in
3234 2973 3341 3027 quo
3387 2962 3609 3016 crebre-

2051 3054 2207 3099 scunt
2237 3045 2589 3098 adversitates
2618 3046 2819 3108 szcculi,
2850 3056 2904 3099 et
2940 3046 3009 3100 ob
3036 3048 3135 3101 hoc
3165 3048 3218 3100 in
3273 3064 3335 3103 ea
3365 3049 3557 3105 dicitur
3591 3068 3605 3105 :

2051 3133 2307 3203 Compelle
2335 3137 2548 3188 intrare.
2572 3134 2868 3203 Aliquando
2888 3137 3029 3189 enim
3047 3129 3151 3191 'nos
3172 3139 3403 3193 mundus
3433 3150 3609 3193 retra—

2047 3226 2125 3280 xit
2150 3241 2177 3278 a
2201 3225 2332 3289 Deo,
2356 3227 2447 3279 sed
2472 3240 2611 3280 nunc
2636 3233 2711 3279 tot
2738 3226 3005 3295 tantisque
3043 3226 3195 3281 malis
3215 3226 3401 3295 plenus
3440 3240 3523 3284 est
3546 3241 3609 3286 ut

2049 3319 2162 3386 ipse
2184 3332 2281 3371 nos
2298 3316 2406 3385 jam
2430 3316 2605 3370 mittat
2627 3314 2691 3369 ald
2716 3316 2898 3387 Deum.
2913 3317 3061 3371 Unde
3082 3328 3135 3371 et
3156 3320 3517 3387 scriptum'est
3541 3321 3607 3374 de

2051 3408 2206 3479 aquis
2226 3408 2427 3462 diluvii.
2458 3406 3214 3475 Vehementerdnundnverunt,
3239 3418 3284 3462 et
3313 3408 3606 3464 levaverunt

2051 3515 2228 3554 arcam
2249 3500 2303 3551 in
2344 3490 2610 3551 sublim'ea
2636 3505 2772 3550 terra
2803 3496 2952 3566 (Gen.
2983 3511 3076 3562 vn,
3117 3498 3225 3567 17).
3275 3499 3411 3565 Quid
3457 3501 3606 3555 enim

2050 3603 2148 3657 per
2168 3601 2337 3657 aquas
2367 3586 2877 3649 nisi'trihulationes,
2904 3595 2955 3641 et
2981 3588 3108 3657 quid
3151 3603 3245 3657 per
3284 3604 3462 3644 arcam
3504 3590 3608 3645 nisi

2052 3677 2290 3731 Ecclesia
2317 3676 2418 3744 tigu
2431 3676 2611 3729 ratur?
2632 3676 2801 3743 Aquis
2827 3692 2955 3746 ergo
2980 3678 3361 3734 inundantibus
3403 3678 3609 3734 levatur

2050 3782 2174 3822 arca
2197 3768 2250 3819 in
2272 3766 2492 3819 sublime
2516 3783 2546 3818 a
2569 3775 2730 3830 terra,
2749 3769 2999 3833 quoniam
3022 3770 3261 3824 adversis
3283 3770 3611 3827 irruentibus

2052 3866 2333 3928 separatur
2361 3873 2390 3909 a
2416 3856 2645 3909 terrenis
2668 3856 3048 3925 cupiditatibus
3074 3859 3330 3923 Ecclesia,
3364 3875 3449 3913 vet
3471 3861 3607 3915 lide-

2054 3946 2118 4002 lis
2144 3947 2341 4008 anima,
2367 3955 2419 4000 et
2453 3946 2589 4000 cmlo
2612 3946 2667 3998 lit
2690 3946 2951 4015 proxima.
2980 3946 3115 4003 Sunt
3154 3950 3295 4004 enim
3339 3951 3607 4014 nonnulli,

2055 4038 2220 4107 quiin
2245 4037 2347 4090 hoc
2376 4035 2573 4089 mundo
2619 4050 2872 4104 prospera
2921 4046 3187 4104 quaerunt,
3241 4038 3332 4093 sed
3381 4039 3611 4096 adverSa

2055 4125 2350 4193 reperiunt,
2376 4132 2427 4178 et
2449 4123 2849 4192 apprchendere
2896 4127 3236 4195 temporalem
3274 4128 3496 4197 gloriam
3520 4136 3613 4185 ee-

2054 4227 2274 4281 nantur,
2306 4224 2361 4268 et
2410 4223 2706 4282 nequeunt;
2738 4224 2792 4269 et
2837 4230 2941 4283 quo
2990 4218 3157 4284 magis
3200 4218 3517 4288 voluptates,
3561 4228 3617 4276 et

2055 4321 2203 4375 opes,
2230 4305 2312 4358 vel
2346 4306 2577 4359 honores
2600 4314 2874 4373 appetunt,
2899 4320 2961 4359 eo
2983 4318 3323 4375 punctiones,
3347 4318 3400 4364 et
3421 4322 3617 4366 mrum-

2054 4412 2169 4456 nas,
2197 4404 2250 4449 et
2277 4395 2604 4461 abjectiones
2624 4396 2879 4449 sentiunt.
2910 4398 3015 4452 llos
3040 4398 3199 4467 igitur
3220 4400 3441 4456 adversa
3464 4410 3617 4456 com-

392 4484 515 4554 Mi).
540 4484 732 4537 Civitas
760 4493 937 4538 autem
963 4484 1014 4538 in
1045 4484 1145 4539 hoc
1170 4484 1285 4538 loco
1319 4484 1589 4553 gentilitas
1613 4483 1949 4554 intelligitur,
1984 4502 2029 4555 Ι)
2055 4485 2256 4556 pellunt
2284 4493 2341 4538 ut
2365 4484 2432 4537 ad
2454 4486 2545 4538 Dei
2578 4498 2783 4538 orenam
2811 4485 3046 4540 veniant.
3079 4486 3183 4541 Sed
3218 4488 3341 4557 quia
3387 4489 3440 4543 in
3482 4490 3616 4560 ipsis

398 4576 569 4631 muris
594 4575 1007 4644 disputationum
1056 4584 1109 4628 et
1156 4584 1589 4642 argumentorum
1617 4583 1780 4644 atque
1801 4585 1953 4643 pote-

398 4674 599 4721 statum
624 4665 960 4722 smcularium
991 4664 1211 4742 munita.
1247 4664 1397 4719 Unde
1419 4676 1471 4717 et
1496 4680 1590 4733 per
1618 4664 1955 4720 Psalmistam

408 4758 669 4814 Dominus
688 4758 807 4823 ait:
850 4757 978 4821 Quis
1020 4757 1235 4809 deducet
1276 4772 1355 4809 me
1412 4772 1571 4824 usque
1609 4756 1664 4809 in
1700 4757 1956 4810 civitatem

399 4849 692 4904 munitam?
724 4849 852 4912 Quis
888 4848 1100 4901 deducet
1127 4864 1283 4916 usque
1309 4849 1361 4901 in
1401 4834 1730 4900 ldum-team?
1782 4848 1953 4916 (Psal.

401 4939 657 5008 ιιι,›Η.)
706 4934 980 4992 Christum
1034 4938 1174 4992 enim
1212 4938 1276 4991 ad
1330 4946 1639 5005 peccatores
1667 4937 1833 5003 ducit,
1863 4940 1955 5009 qui

401 5044 524 5084 eum
555 5029 921 5096 peccatoribus
951 5029 1219 5097 praedicat.
1253 5027 1353 5094 Qui
1384 5029 1505 5097 quia
1531 5045 1682 5085 rarus
1708 5038 1807 5094 est,
1834 5030 1956 5085 ideo

382 5118 661 5171 Dominus
709 5119 784 5171 ait
837 5136 849 5171 :
915 5119 1044 5183 Quis
1118 5120 1330 5171 deducet
1391 5120 1519 5172 me?
1575 5120 1759 5175 Messis
1821 5123 1956 5174 enim

402 5207 591 5267 multa,
616 5208 839 5275 operarii
861 5219 1031 5261 autem
1055 5209 1207 5274 pauci
1234 5208 1384 5277 (Luc.
1411 5225 1462 5275 κ,
1488 5209 1563 5278 ‘2).
1587 5209 1783 5264 Civitas
1805 5226 1953 5275 vero,

403 5298 544 5352 sicut
572 5298 823 5361 diximus,
846 5307 929 5352 est
957 5300 1255 5367 gentilitas;
1291 5309 1343 5351 et
1372 5301 1485 5369 ipsa
1514 5308 1595 5354 est
1623 5300 1871 5365 Idumam,
1906 5304 1956 5357 id

403 5396 492 5443 est
515 5398 741 5443 terrena.
779 5389 985 5442 Plateas
1009 5400 1183 5443 autem
1212 5401 1255 5443 et
1284 5392 1416 5444 vicos
1445 5391 1694 5456 civitatis,
1720 5393 1956 5448 latitudi-

407 5491 510 5533 nes
526 5488 579 5532 et
605 5480 879 5549 angustias
908 5480 1223 5551 gentilitatis
1251 5480 1629 5549 intelligamus.
1663 5466 1954 5555 Ait'itaque

407 5568 813 5638 [medicatorum
838 5570 1013 5624 ordini
1046 5584 1061 5622 :
1096 5570 1197 5624 Exi
1229 5572 1327 5623 cito
1354 5570 1404 5622 in
1429 5570 1625 5637 plateas
1652 5580 1700 5642 et
1719 5572 1855 5624 vicos
1876 5575 1954 5626 ci-

410 5659 609 5723 vitatis,-
632 5668 678 5711 et
697 5675 967 5725 pauperes,
992 5675 1054 5711 ac
1077 5661 1286 5723 debiles,
1308 5676 1467 5713 απυδ
1497 5668 1542 5713 et
1564 5659 1776 5713 claudos
1798 5664 1957 5716 intro-

412 5747 511 5807 duc
542 5750 661 5802 huc.
686 5748 764 5803 Λα
788 5748 835 5803 si
866 5748 1065 5803 diceret
1096 5766 1108 5800 :
1141 5750 1479 5805 Festinanter
1507 5749 1571 5803 ad
1620 5760 1831 5807 exteras
1864 5768 1955 5807 ns-

322 5848 439 6133 l

2057 4574 2296 4630 adversis
2317 4588 2469 4628 mens
2488 4587 2672 4629 eorum
2708 4582 2923 4642 stupore
2943 4576 3018 4630 sic
3047 4577 3299 4632 obduruit
3331 4588 3390 4633 ut
3415 4580 3580 4638 intelli
3596 4612 3615 4623 -

2057 4682 2183 4738 gere
2204 4676 2436 4736 nequeat
2459 4667 2598 4719 mala
2622 4682 2739 4735 quae
2761 4668 2980 4735 patitur,
3010 4669 3133 4722 dum
3177 4670 3494 4737 praedicator
3537 4671 3619 4731 eis

2058 4759 2197 4814 mala
2249 4758 2449 4821 saeculi,
2504 4756 2700 4826 quibus
2740 4757 3065 4827 aﬂliguntur,
3109 4759 3361 4822 declarat,
3392 4770 3446 4815 et
3480 4778 3617 4831 qua-

2059 4852 2181 4906 dam
2205 4850 2257 4903 vi
2281 4850 2546 4903 rationum
2575 4857 2630 4912 et
2652 4847 3080 4903 adhortationum
3104 4851 3245 4918 cegit
3269 4865 3383 4913 eos,
3407 4858 3464 4903 ut
3497 4866 3613 4905 cm-

2059 4942 2211 4997 lestia
2255 4940 2413 5009 182
2438 4939 2574 4994 bona
2606 4946 2879 5006 appetant,
2922 4938 3031 5009 agit
3081 4940 3220 5007 quod
3268 4941 3466 4994 dictum
3509 4944 3617 5017 est,

2062 5031 2304 5101 compelle
2333 5032 2547 5084 intrare.
2574 5030 2767 5098 Sicque
2789 5044 3041 5084 numerus
3077 5030 3365 5083 electorum
3398 5032 3617 5098 perﬁci-

2060 5131 2168 5188 tur,
2192 5130 2245 5177 et
2268 5121 2707 5191 supernadomus
2730 5121 2997 5190 impletur.
3023 5122 3095 5174 De
3136 5122 3238 5175 illis
3268 5130 3467 5182 autem,
3520 5128 3613 5199 qui

2059 5214 2243 5270 venire
2285 5220 2737 5280 contempserant,
2793 5213 3036 5267 subditur
3068 5226 3081 5263 :
3144 5211 3270 5263 Dico
3306 5213 3445 5264 vobis
3472 5224 3610 5280 quod

2061 5319 2209 5358 nemo
2238 5302 2464 5355 virorum
2492 5302 2721 5375 illorum,
2770 5303 2855 5370 qui
2886 5302 3051 5354 vocati
3083 5312 3224 5364 sunt,
3264 5302 3487 5369 gustabit
3516 5318 3613 5354 cae-

2062 5410 2182 5447 nam
2208 5409 2396 5446 meum.
2429 5391 2594 5444 Nemo
2614 5378 2843 5453 illorum,
2868 5391 3134 5459 quivocati
3160 5402 3297 5455 sunt,
3341 5400 3393 5444 et
3428 5391 3609 5441 venire

2062 5483 2362 5543 noluerunt,
2386 5480 2609 5549 gustabit
2636 5480 2855 5534 internae
2876 5479 3169 5534 dulcedinis
3199 5488 3440 5537 omnem;
3464 5493 3609 5528 nemo

2062 5588 2245 5627 eorum
2271 5572 2427 5626 simul
2460 5576 2582 5626 cum
2626 5571 2827 5625 sanctis
2860 5572 2923 5624 ad
2954 5570 3133 5624 :eterni
3170 5567 3395 5623 convivii
3426 5567 3609 5633 epulas

2064 5662 2301 5717 intrabit.
2332 5658 2483 5715 Unde
2519 5668 2574 5715 et
2594 5675 2689 5730 per
2722 5665 3034 5729 prophetam
3069 5658 3172 5711 illis
3196 5656 3450 5737 Dominus
3480 5657 3607 5737 aitl:

2069 5754 2199 5809 Ecce
2234 5754 2365 5809 servi
2393 5754 2490 5808 mei
2511 5752 2788 5817 comedent,
2824 5761 2871 5805 et
2898 5766 2981 5804 vos
3010 5748 3265 5802 esui-ictis.
3321 5736 3453 5801 Ecce
3477 5736 3613 5799 servi
