4190 6202
661 309 768 368 655

1009 310 1068 366 5.
1103 307 1399 366 ANSELMI
1437 306 1788 366 CANTUAR.
1828 305 2143 363 ARCHIEP.
2187 307 2334 362 OPP.
2376 307 2554 362 PARS
2594 309 2652 362 ιι.
2696 339 2762 348 -
2798 309 3141 364 PARENET
3179 310 3265 364 ET
3301 309 3519 365 ASCET

3785 309 3887 368 656

646 427 755 480 .mei
779 425 974 490 bibent,
996 435 1041 479 et
1074 441 1158 479 ros
1188 424 1391 478 sitietis.
1430 433 1562 478 nece
1595 421 1725 477 servi
1755 422 1854 474 mei
1883 426 2224 484 ttetaountur,
2254 430 2304 490 Α
2330 431 2659 490 susceperat,
2688 423 2824 475 mala
2851 422 2916 476 de
2939 437 2996 475 se
3019 423 3260 489 exempla
3289 422 3594 491 praebendo,
3641 424 3886 494 dissipat.

656 529 705 572 st
735 535 823 572 vos
858 515 1263 586 confundemini.
1290 513 1430 568 Ecce
1459 513 1592 567 servi
1639 511 1740 567 mei
1787 509 2078 564 laudabunt
2117 525 2226 579 prie

655 606 1003 662 exsultatione
1025 605 1218 669 cordis,
1247 613 1294 657 et
1319 619 1404 656 vos
1451 601 1742 654 clamabitis
1767 615 1876 669 pra:
1907 598 2087 652 dolore
2111 614 2226 651 cor-

658 700 758 764 dis,
784 709 829 751 et
853 712 961 766 prie
981 694 1287 748 contritione
1307 692 1518 761 spiritus
1544 690 1810 744 ululabilis
1826 688 1961 752 (Isa.
1984 704 2108 754 va,
2136 690 2221 756 13,

656 791 768 858 Η).
797 788 902 843 Sed
940 795 994 842 et
1042 787 1092 839 in
1142 783 1429 854 Evangelio
1484 783 1720 852 loquitur
1755 781 1869 850 ipse
1917 779 2220 835 Dominus:

654 885 759 950 Qui
785 884 919 938 venit
939 880 1006 934 ad
1034 895 1136 945 me,
1171 895 1273 932 non
1291 878 1516 940 esuriet;
1542 884 1589 929 et
1613 876 1702 944 qui
1726 875 1888 927 credit
1911 873 1966 927 in
1993 889 2093 939 nte,
2118 889 2222 926 non

652 975 787 1028 sitiet
810 987 1035 1042 unquam
1067 967 1248 1039 (Joan.
1285 983 1356 1030 vt,
1381 967 1490 1035 35).
1514 965 1688 1019 Simili
1717 978 1879 1018 sensu
1908 963 2109 1017 dictum
2139 971 2224 1016 est

654 1071 707 1118 ct
728 1063 780 1118 in
810 1061 993 1116 Exodo
1027 1077 1040 1113 :
1084 1057 1338 1112 Viderunt
1361 1057 1522 1112 Deum
1565 1053 1757 1108 Israel.
1787 1062 1833 1106 et
1864 1052 2219 1118 comederunt,

649 1166 696 1209 et
725 1155 957 1208 biberunt
983 1151 1178 1221 (Exod.
1206 1165 1354 1214 xxtv,
1378 1150 1488 1216 Η).

719 1244 849 1312 Qua:
881 1243 1064 1300 omnia
1093 1256 1190 1296 nos
1210 1241 1297 1294 vel
1318 1249 1521 1293 terrere
1550 1239 1769 1304 debent,
1796 1236 1880 1293 vel
1901 1236 2216 1292 accendere.

651 1335 905 1398 Terrere,
934 1347 1002 1388 ne
1027 1331 1306 1398 contingat
1331 1329 1538 1382 esurire
1575 1337 1629 1382 et
1664 1329 1844 1383 dolere
1868 1343 1988 1383 cum
2032 1341 2216 1396 repro-

577 1433 588 1442 ‘
649 1425 771 1490 bis;
801 1423 1116 1486 accendere,
1167 1429 1226 1474 ut
1272 1434 1573 1474 mereamur
1624 1419 1829 1488 epulari
1880 1427 1935 1472 et
1983 1420 2217 1485 gaudere

647 1528 776 1568 eum
803 1511 1011 1567 electis.
1040 1509 1352 1576 Quicunque
1375 1507 1518 1561 enim
1549 1508 1672 1561 huic
1692 1507 1942 1561 convivio
1963 1507 2214 1572 defuerit,

651 1605 892 1659 tabescet
911 1617 964 1656 in
989 1608 1248 1655 :eternum
1275 1597 1417 1652 tame
1437 1606 1492 1651 et
1515 1597 1750 1660 miseria,
1777 1608 1831 1651 et
1853 1598 2092 1652 omnium
2121 1596 2217 1654 bo-

651 1708 843 1750 norum
879 1691 1074 1762 inopia.
1105 1689 1172 1745 Et
1199 1689 1507 1758 quicunque
1559 1685 1888 1750 interfuerit,
1930 1685 2216 1740 satiabitur

651 1787 958 1857 perenniter
978 1783 1218 1840 omnium
1242 1782 1508 1837 bonorum
1552 1777 1884 1848 plenitudine
1928 1778 2213 1833 immensa.
2246 1763 2292 1823 Β

612 1845 780 1932 ’ξηειηι
802 1873 1222 1942 escajustorum
1266 1880 1349 1927 est
1369 1882 1602 1940 praesens
1623 1868 1803 1921 vultus
1834 1867 1924 1922 Dei
1952 1868 2064 1935 qui,
2092 1866 2222 1952 dum

647 1971 765 2022 sine
791 1966 1002 2022 delectu
1042 1964 1307 2025 cernitur,
1348 1961 1466 2014 sine
1490 1959 1595 2013 (ine
1625 1974 1777 2014 meus
1806 1960 1928 2013 cibo
1974 1959 2096 2012 vita:
2131 1953 2217 2013 sa?

659 2058 840 2112 tiatur.
874 2053 1026 2110 Unde
1046 2053 1310 2106 etdictum
1323 2060 1402 2104 est
1419 2067 1432 2104 :
1456 2049 1596 2103 Justi
1617 2049 1887 2118 opulentur
1898 2059 1943 2123 et
1963 2047 2216 2102 exsultent

660 2149 715 2201 in
731 2153 1004 2214 conspectu
1019 2141 1137 2206 Dei,
1159 2151 1206 2195 et
1220 2141 1533 2196 delectentur
1559 2141 1805 2194 inltetitia
1827 2139 1998 2209 (Psal.
2046 2153 2213 2203 um,

646 2238 725 2308 4).
758 2235 925 2291 Ibide
947 2233 1266 2288 eternitatis
1305 2233 1561 2288 societate
1600 2231 1870 2293 lrctantur,
1895 2228 2111 2300 quijam
2133 2229 2214 2282 la-

647 2342 815 2400 queos
841 2325 1168 2396 voluptuosa:
1199 2322 1609 2393 temporalitatis
1632 2332 1938 2376 evaserunt.
1965 2321 2034 2374 Ibi
2063 2321 2213 2390 bym-

647 2415 815 2472 nidici
843 2412 1150 2486 angelorum
1178 2412 1350 2475 chori,
1385 2411 1454 2464 ibi
1483 2411 1715 2464 societas
1749 2423 2100 2477 supernorum
2131 2406 2211 2459 ci-

643 2508 811 2564 vium.
846 2506 920 2559 lbi
947 2503 1124 2558 dulcis
1150 2500 1462 2554 solemnitas
1490 2513 1519 2549 a
1561 2496 2005 2564 peregrinationis
2057 2494 2214 2561 bujus

645 2595 788 2650 tristi
817 2593 1000 2648 labore
1018 2588 1371 2644 redeuntium.
1423 2585 1764 2638 Festiucmus
1795 2585 1956 2653 igitur
1983 2583 2085 2638 hoc
2132 2584 2213 2636 in-

647 2695 791 2740 trare
815 2681 1139 2745 convivium,
1181 2679 1267 2732 ubi
1297 2691 1416 2730 cum
1446 2674 1735 2729 electorum
1766 2674 2004 2728 omnium
2040 2675 2212 2728 socie-

646 2782 756 2832 tate
775 2771 979 2828 festivis
1000 2769 1207 2840 gaudiis
1227 2767 1486 2837 perpetim
1504 2765 1854 2830 exsultemus,
1873 2780 1936 2820 co
1955 2763 2211 2835 largiente

644 2865 737 2935 qui
785 2863 912 2920 vivit
959 2872 1014 2918 et
1063 2869 1250 2931 regnat
1300 2857 1440 2912 Deus
1495 2859 1544 2911 in
1601 2856 1793 2911 secula
1869 2845 2204 2910 saeculorum.

644 2953 834 3010 Amen.

1221 3038 1499 3094 HOMILIA
1528 3037 1641 3092 XII.

643 3135 697 3192 [tt
723 3147 1058 3192 svsuceuuu
1104 3146 1377 3188 secuxnuu
1413 3130 1594 3184 Lucus
1628 3146 1641 3182 :
1673 3128 1814 3182 Dixit
1855 3126 2012 3183 Iesus
2042 3129 2206 3183 disci-

715 3225 854 3296 pulis
894 3219 1003 3278 suis
1048 3221 1352 3292 parabolam
1394 3220 1569 3272 hanc:
1622 3217 1792 3271 Homo
1847 3219 2060 3287 quidam
2096 3220 2236 3271 erat‘

710 3317 873 3379 dives,
910 3315 998 3381 qui
1036 3313 1272 3364 'habebat
1308 3310 1568 3372 villicum;
1615 3319 1662 3363 et
1697 3301 1779 3360 hic
1805 3309 2104 3377 diﬂ'antatus
2130 3316 2203 3361 est

704 3405 843 3472 apud
866 3402 998 3456 illud
1028 3403 1176 3472 quasi
1212 3400 1509 3468 dissipasset
1540 3387 1674 3452 bo’na
1701 3399 1883 3468 ipsius.
1915 3398 1981 3452 Et
2006 3399 2202 3452 vocavit

609 3479 612 3481 Α
710 3491 882 3556 illum,
906 3500 954 3544 et
974 3491 1047 3544 ait
1076 3489 1173 3542 illi.
1207 3488 1275 3541 Et
1303 3488 1527 3557 reliqua.
1566 3485 1715 3557 (Luc‘.
1749 3502 1860 3547 xvt.
1895 3487 1969 3556 l.)

709 3579 834 3637 Haec
867 3593 1020 3636 sacra
1053 3579 1212 3634 lectio
1234 3579 1334 3633 sub
1367 3578 1538 3648 ﬁgura
1566 3577 1726 3632 villici
1750 3577 1902 3646 prius
1928 3577 2201 3646 dissipan-

639 3676 711 3732 t'a
729 3673 868 3728 bona
898 3674 1095 3728 domini
1136 3673 1239 3738 sui,
1264 3682 1316 3728 et
1349 3684 1534 3744 postea
1563 3672 1628 3727 de
1656 3672 1812 3727 bonis
1843 3671 2032 3742 ipsius.
2056 3681 2114 3726 ut
2134 3672 2202 3728 ab

638 3781 707 3830 eo
741 3763 1070 3830 laudaretur,
1098 3766 1391 3832 prudenter
1430 3765 1658 3836 egentis,
1690 3765 1925 3819 ostendit
1964 3763 2200 3832 pravita-

640 3871 746 3917 tem
771 3866 828 3915 et
845 3854 1231 3912 correctionem
1284 3857 1563 3925 cujuslibet
1592 3855 1862 3927 praepositi
1922 3855 2195 3919 Ecclesia,

637 3951 809 4025 quiin
840 3945 1120 4021 principiis
1153 3949 1362 4014 quidem
1400 3965 1506 4003 non
1549 3950 1723 4003 solum
1770 3951 1825 4002 in
1873 3964 1952 4014 se,
2008 3949 2104 4002 sed
2145 3957 2200 4000 et

636 4045 691 4100 in
771 4038 1029 4110 subjectis
1080 4037 1407 4107 disciplinam
1454 4053 1516 4093 ac
1569 4037 1878 4108 religionem
1936 4036 2197 4100 debilitat,

639 4139 833 4203 postea
862 4141 990 4183 vero
1039 4134 1147 4179 tam
1180 4142 1236 4181 se
1271 4144 1428 4196 quam
1461 4127 1702 4182 subditos
1732 4125 1983 4180 nobiliter
2009 4137 2196 4178 emen-

634 4219 745 4277 dat.

702 4307 898 4372 Homo.
952 4305 1148 4373 inquit,
1185 4317 1294 4358 erat
1342 4309 1498 4373 dives,
1531 4319 1634 4364 etc.
1694 4308 1862 4362 Ilomo
1898 4307 2040 4362 enim
2096 4307 2196 4361 iste

2328 512 2666 566 Annuntiant
2689 513 2830 567 enim
2878 513 2992 566 Deo
3042 513 3213 583 angeli
3269 525 3450 568 nostra
3503 529 3662 582 opera
3700 525 3889 569 cuncta

2331 618 2428 656 nee
2453 618 2554 657 non
2587 603 2878 670 orationes,
2913 618 3016 656 nou
3051 614 3106 658 ut
3136 604 3247 674 ipse
3292 605 3476 658 discat-
3514 620 3632 673 qum
3685 608 3892 661 nescie-

2328 691 2441 754 bat,
2475 693 2606 747 nihil
2628 694 2770 747 enim
2797 693 3041 761 estquod
3089 694 3324 762 ignoret;
3360 693 3451 748 sed
3499 696 3622 763 quia
3672 709 3890 750 necesse

2325 782 2486 836 habet
2515 784 2786 838 rationalis
2809 793 3057 839 creatura
3081 786 3462 852 obtemperans
3519 785 3625 840 Deo
3681 795 3888 855 tempo-

2326 876 2466 928 rales
2499 890 2687 930 causas
2716 876 2781 929 ad
2811 885 3065 930 teternam
3091 877 3368 929 veritatem
3393 876 3618 944 referre,
3667 878 3777 931 sive
3800 895 3891 946 pe-

2328 966 2484 1019 tendo
2510 967 2637 1036 quid
2659 982 2786 1037 erga
2822 983 2883 1022 se
2931 967 3014 1024 vel
3059 982 3182 1036 erga
3229 980 3326 1021 nos
3373 966 3486 1022 fiat.
3543 969 3655 1022 sive
3697 983 3890 1022 consu-

2292 1054 2480 1109 ‘lendo
2511 1056 2637 1124 quid
2663 1057 2845 1112 faciat.
2879 1057 2980 1125 Qui
3033 1057 3153 1128 pius
3203 1060 3396 1112 mentis
3443 1056 3663 1112 allectus
3683 1066 3801 1122 .cst,
3829 1068 3890 1110 ut

2324 1143 2439 1215 ipsa
2470 1156 2832 1214 construatur,
2873 1164 2976 1203 non
3027 1157 3085 1202 ut
3117 1149 3258 1204 Deus
3299 1145 3614 1203 instruatur.
3659 1148 3790 1202 Nam
3833 1157 3887 1203 et

2323 1235 2724 1316 hmc'quaedam
2776 1240 3097 1295 contestatio
3151 1227 3234 1294 est
3277 1238 3555 1294 rationilis
3603 1247 3888 1302 creaturre,

2321 1328 2461 1395 quod
2491 1343 2597 1383 non
2629 1329 2730 1384 sibi
2762 1329 2876 1398 ipsa
2905 1329 2974 1384 sit
3004 1331 3202 1386 bonum
3251 1345 3360 1399 quo
3417 1331 3581 1385 beata
3631 1330 3752 1397 liat;
3789 1330 3890 1385 sed

2321 1418 2448 1474 illud
2470 1419 2923 1482 incommutabile,
2950 1422 3102 1492 cujus
3149 1421 3563 1492 participatione
3601 1423 3764 1478 etiam
3795 1436 3888 1495 sa-

2319 1509 2471 1578 piens
2491 1507 2736 1563 etlicitur.
2763 1507 2876 1564 Hoc
2901 1509 3082 1580 itaque
3118 1507 3275 1566 modo
3310 1511 3616 1579 dilaniatus
3649 1520 3722 1564 est
3746 1508 3890 1578 apud

2326 1597 2602 1651 dominum
2635 1599 2733 1652 iste
2764 1599 2991 1666 villicus,
3023 1612 3179 1668 quem
3206 1601 3404 1654 vocavit
3435 1600 3703 1664 dominus,
3749 1609 3807 1652 ut
3833 1598 3890 1654 ei

2317 1689 2578 1744 rationem
2609 1690 2874 1754 redderet,
2903 1691 3026 1759 quia
3049 1691 3163 1760 ipse
3211 1704 3317 1746 non
3341 1691 3635 1746 novissimo
3655 1705 3752 1760 per
3800 1705 3890 1744 se-

2320 1779 2603 1847 metipsum
2628 1779 2769 1834 facta
2793 1781 3196 1848 praepositorum
3217 1780 3513 1841 examinat,
3557 1780 3647 1848 qui
3708 1780 3891 1848 quoti-

2319 1865 2405 1920 die
2433 1881 2529 1935 per
2556 1868 2866 1936 praepositos
2890 1867 3129 1922 actiones
3161 1867 3497 1922 subditorum
3520 1866 3745 1936 judicat.
3781 1868 3890 1923 νο·
3926 1875 3928 1878 ’

2319 1958 2460 2012 cavit
2481 1970 2622 2020 eum,
2663 1958 2787 2026 quia
2811 1973 2907 2028 per
2927 1959 3259 2028 mgritudinis
3285 1957 3584 2014 molestiam
3618 1959 3684 2013 ad
3740 1974 3892 2014 more

2319 2055 2425 2101 tem
2451 2047 2591 2100 hunc
2619 2063 2833 2116 urgens,
2858 2049 3168 2117 priescntari
3200 2049 3301 2104 sibi
3326 2042 3424 2118 per
3469 2048 3689 2119 angelos
3731 2049 3886 2113 fecit,

2316 2135 2474 2205 eique
2501 2137 2633 2192 dixit
2666 2154 2678 2190 :
2710 2136 2846 2203 Quid
2875 2139 2970 2191 hoc
2987 2139 3146 2192 audio
3189 2139 3254 2192 de
3282 2139 3367 2192 te?
3405 2138 3635 2204 scilicet,
3666 2139 3790 2208 quia
3819 2139 3890 2194 de

2317 2226 2452 2279 meis
2477 2209 2631 2280 bonis
2671 2241 2773 2280 non
2805 2242 2921 2294 mea
2951 2229 3098 2281 lucra
3122 2228 3320 2295 qumis
3384 2228 3475 2281 sed
3509 2235 3636 2292 tua;
3682 2236 3736 2282 ct
3767 2229 3888 2295 qui-

2315 2315 2415 2370 bus
2435 2318 2688 2384 prodesse
2714 2318 2999 2381 debueras,
3038 2319 3190 2371 obes.

2386 2423 2562 2477 Redde
2591 2425 2838 2476 rationem
2871 2424 3349 2478 villicationistutr.
3404 2423 3527 2477 lam
3567 2425 3723 2488 enim,
3765 2433 3888 2494 post

2315 2520 2568 2575 mortem,
2609 2529 2711 2566 non
2757 2513 2946 2581 poteris
2993 2511 3239 2566 villicare.
3288 2512 3647 2570 Consileraus
3687 2527 3870 2572 autem

2313 2597 2523 2654 villicus
2545 2611 2686 2656 tanta
2719 2616 2777 2657 se
2798 2603 3147 2657 districtionis
3175 2605 3418 2673 angustia
3450 2609 3736 2670 coarctari,
3763 2623 3881 2662 ca:-

2313 2686 2390 2754 pit
2427 2692 2734 2760 huiusmodi
2763 2692 3116 2762 «:Ogitationes
3139 2694 3331 2768 anxius
3357 2694 3408 2748 in
3438 2698 3598 2750 cort‘e
3628 2712 3724 2752 suo
3767 2698 3886 2753 χοι-

2311 2805 2474 2844 vere:
2511 2786 2649 2852 Quid
2686 2786 2901 2854 faciam,
2926 2786 3049 2855 quia
3091 2786 3334 2839 dominus
3363 2803 3505 2840 meus
3535 2787 3704 2857 aufert
3737 2806 3770 2841 a
3801 2807 3884 2844 me

2310 2880 2676 2934 villicationem
2696 2878 2800 2931 i'id
2830 2885 2913 2931 est
2963 2893 2994 2931 a
3044 2877 3375 2948 praelatione,
3431 2895 3590 2948 quam
3635 2880 3794 2934 habui
3830 2884 3881 2936 'n

2309 2970 2570 3034 Ecclesia,
2603 2969 3042 3040 velutindignum
3089 2985 3178 3025 me
3205 2985 3300 3040 per
3355 2981 3580 3027 mortem
3635 2973 3874 3041 deponit.

2168 3130 2179 3140 .
2234 3085 2278 3147 ρ
2313 3061 2515 3116 Fodere
2538 3062 2647 3131 jam
2671 3069 2786 3129 post
2811 3061 2948 3115 hanc
2971 3060 3132 3115 vitam
3162 3052 3265 3114 non
3289 3062 3454 3127 valeo,
3487 3063 3538 3117 id
3569 3071 3650 3116 est
3675 3071 3879 3117 terram

2310 3152 2489 3206 cordis
2533 3151 2636 3204 mei
2667 3152 2839 3220 ligone
2904 3151 3331 3220 compunctionis
3371 3164 3427 3207 et
3467 3154 3726 3208 exercitio
3776 3156 3881 3209 dis-

2306 3241 2516 3309 ciplinae
2555 3242 2835 3304 innovare,
2893 3249 2951 3293 ut
3003 3255 3184 3294 semen
3239 3243 3389 3297 verbi
3436 3246 3736 3314 suscipiens
3791 3263 3877 3302 sc-

2304 3345 2479 3402 ge:em
2504 3332 2760 3384 honorum
2783 3345 3004 3400 operum
3034 3331 3293 3400 proferat.
3358 3332 3658 3390 Mendicure
3683 3339 3872 3392 erube-

2301 3438 2411 3485 sco,
2444 3421 2494 3475 id
2529 3431 2608 3474 cst
2646 3422 2824 3474 cibum
2877 3421 3017 3486 vitm,
3065 3437 3225 3492 quem
3259 3423 3346 3478 hic
3384 3440 3495 3479 non
3547 3429 3872 3495 praparati,

2303 3515 2604 3570 confundor
2625 3515 2674 3567 in
2704 3513 2792 3568 illo
2824 3515 3018 3569 srcculo
3047 3530 3289 3584 quierere
3320 3534 3332 3581 ;
3374 3519 3516 3573 sicut
3566 3519 3657 3574 ille
3701 3523 3872 3589 piger,

2301 3611 2392 3680 qui
2407 3609 2558 3676 juxta
2583 3609 2922 3662 Salomonem
2941 3617 3149 3678 propter
3171 3608 3333 3678 frigus
3349 3627 3502 3663 arare
3518 3611 3701 3675 noluit,
3727 3612 3873 3665 ideo-

2301 3717 2404 3772 que
2435 3699 2738 3754 mendicabit
2772 3710 2968 3761 testate,
3014 3709 3062 3752 et
3095 3715 3196 3752 non
3235 3699 3446 3752 dabitur
3467 3701 3514 3752 ei
3545 3698 3735 3769 (Prov.
3773 3716 3869 3766 xx,

2298 3792 2378 3864 4).
2415 3793 2616 3847 Videas
2658 3805 2788 3843 vero
2820 3791 3076 3868 temporis
3117 3791 3353 3858 spatium
3397 3791 3570 3846 adhuc
3617 3793 3717 3846 sibi
3773 3793 3871 3848 alio

2299 3881 2440 3950 quod
2462 3879 2526 3932 ad
2549 3878 2977 3931 emendationem
3001 3877 3289 3947 indulgeri,
3319 3892 3540 3946 accepto
3559 3880 3672 3950 jam
3700 3885 3867 3935 ratio-

2300 3967 2460 4022 nabili
2490 3965 2734 4029 consilio,
2765 3964 3040 4034 subjunxit
3070 3984 3082 4018 :
3125 3966 3250 4022 Scio
3295 3969 3421 4039 quid
3444 3969 3659 4038 faciam,
3702 3973 3751 4024 id
3776 3981 3863 4025 est

2297 4055 2593 4123 excogitavi
2615 4053 2741 4123 quid
2770 4053 2948 4110 facere
2974 4057 3219 4122 debeam,
3250 4067 3307 4112 ut
3338 4073 3688 4117 cumamotus
3711 4063 3864 4133 fuero

2297 4161 2328 4197 a
2354 4143 2684 4212 rillicatione,
2707 4135 2963 4217 recipiant
2987 4164 3091 4214 me,
3130 4161 3182 4205 et
3206 4151 3634 4211 cohabitatorem
3663 4155 3867 4211 habere

2295 4237 2584 4307 dignentur
2620 4240 2776 4294 electi
2807 4240 2926 4304 Dei,
2961 4242 3052 4310 qui
3075 4244 3302 4298 nuncin
3334 4260 3452 4300 mea
3482 4256 3608 4302 sunt
3659 4248 3864 4304 villica-

2297 4328 2472 4393 tione;
2495 4330 2751 4383 in'domos
2776 4347 2919 4394 suas,
2951 4333 3001 4386 id
3029 4342 3110 4388 est
3168 4335 3221 4388 in
3270 4338 3579 4395 mansiones
3608 4348 3857 4407 ater-nas,

633 4399 960 4502 ip‘c‘liﬁfl‘g
982 4397 1243 4502 Media-‘1"
1262 4397 1361 4502 Bcf
1391 4413 1434 4452 ⁸⁸
1461 4402 1746 4502 Ῐξίξητίηωης
1775 4403 1928 4455 homo
1954 4401 2191 4502 (ἐξινίδηη
2221 4411 2269 4471 D
2298 4431 2415 4484 qua:
2447 4417 2551 4471 illis
2573 4418 2828 4473 divinitus
2853 4430 2977 4475 sunt
3008 4433 3231 4490 parate.
3270 4425 3325 4480 In
3350 4427 3434 4483 bis
3478 4444 3608 4499 ergo
3652 4397 3859 4502 cogita:

629 4487 786 4547 Iesus
813 4491 865 4561 (ι
899 4490 1034 4544 Tim.
1062 4504 1120 4554 ιι,
1154 4487 1226 4557 5).
1258 4487 1356 4553 Qui
1387 4496 1440 4541 et
1465 4490 1602 4543 dives
1622 4500 1725 4557 est,
1749 4501 1932 4560 utpote
1969 4491 2194 4547 Creator

631 4587 688 4635 et
704 4579 959 4637 Dominus
980 4578 1251 4642 omnium;
1277 4575 1484 4631 villicus
1521 4587 1698 4634 autem
1737 4598 1765 4634 a
1788 4583 1924 4636 villae
1949 4584 2189 4638 custodia

631 4687 825 4728 nomen
852 4672 1075 4743 accepit,
1111 4685 1230 4723 eum
1261 4667 1568 4738 signiﬁcans
1597 4669 1749 4736 cujus
1777 4671 2002 4727 cilicium
2027 4686 2108 4728 est
2135 4675 2187 4729 in

632 4761 869 4816 custodia
896 4772 950 4816 et
971 4760 1232 4832 regimine
1286 4758 1537 4813 Ecclesia:
1587 4759 1826 4830 vigilare,
1876 4763 2014 4818 sicut
2056 4766 2189 4820 seri-

628 4859 780 4918 ptum
804 4861 886 4907 est
916 4870 929 4905 :
959 4851 1076 4906 Nisi
1095 4851 1345 4905 Dominus
1368 4852 1668 4904 custodierit
1693 4854 1965 4920 civitatem,
1989 4856 2186 4922 [rustra

629 4938 807 5008 vigilat
827 4942 914 5008 qui
937 4945 1154 4994 custodit
1176 4957 1288 4996 eam
1309 4937 1482 5011 (Psal.
1502 4957 1682 5008 cxxvr,
1707 4944 1777 5015 l).
1812 4945 2031 5001 Villicus
2057 4963 2184 5016 ergo

629 5029 1038 5099 gubernatorem
1090 5017 1349 5086 Ecclesiae,
1393 5031 1652 5100 designat.
1703 5033 1806 5087 Sed
1870 5037 2185 5104 plerumque

628 5117 890 5187 contingit
914 5126 969 5170 ut
1000 5119 1066 5182 is,
1103 5125 1192 5189 qui
1224 5120 1518 5176 Ecclesium
1545 5122 1610 5174 ad
1635 5123 2036 5192 gubernandum
2064 5141 2182 5178 sus-

626 5210 800 5286 cepit,
849 5208 1074 5262 terrenis
1103 5213 1393 5268 commodis
1439 5213 1649 5267 inhians
1705 5215 1847 5268 lucra
1886 5217 2179 5286 spiritualia

626 5283 879 5370 negligat,
927 5313 990 5352 ac
1011 5298 1148 5352 male
1193 5301 1414 5357 vivendo
1440 5304 1616 5373 pravis
1665 5308 1922 5374 exemplis
1969 5309 2180 5376 religio-

625 5407 743 5446 nem
778 5394 829 5446 in
853 5389 1108 5458 subjectis
1133 5390 1385 5450 destruat.
1414 5396 1516 5450 Sed
1543 5395 1662 5448 talis
1686 5399 1910 5466 quisque
1939 5400 2181 5454 diﬂ‘azua-

624 5493 709 5537 tur
738 5485 875 5554 apud
902 5484 1183 5540 Dominum
1212 5500 1383 5552 suum,
1413 5489 1562 5558 quasi
1587 5487 1876 5555 dissipator
1911 5491 2168 5544 bonorum

619 5574 757 5639 ejus,
779 5575 1028 5646 quoniam
1052 5575 1118 5629 ab
1143 5574 1344 5644 angelis
1369 5592 1544 5633 coram
1570 5578 1677 5631 Deo
1701 5578 1992 5631 recitantur
2014 5597 2173 5648 opera

623 5663 806 5730 ipsius,
835 5681 1069 5738 perquz
1103 5665 1437 5736 disciplinain
1467 5670 1544 5723 eis
1591 5681 1725 5738 quos
1773 5667 1836 5720 ad
1887 5672 2172 5737 regendum

2297 4507 2534 4562 tionibus
2571 4507 2824 4562 dimissus
2844 4522 2908 4562 ac
2930 4510 3170 4578 sospitati
3208 4516 3471 4580 redditus,
3510 4520 3650 4587 quod
3680 4531 3860 4576 mente

2293 4608 2638 4670 conceperat,
2685 4615 2847 4672 Opere
2868 4602 3032 4670 etrapit
3066 4603 3312 4673 implere,
3361 4623 3666 4665 convocans
3711 4612 3857 4666 debi-
3937 4626 3939 4628 ·

2295 4702 2435 4748 tores
2478 4691 2675 4746 domini
2714 4691 2818 4757 sui,
2847 4691 2948 4746 hoc
2973 4700 3053 4744 est
3082 4694 3335 4752 mortales
3352 4711 3560 4761 omnes,
3583 4677 3852 4768 quoscun-

2290 4796 2394 4850 que
2422 4781 2616 4851 potuit,
2666 4782 2732 4835 ad
2781 4781 3021 4834 auditum
3075 4796 3186 4834 sua:
3232 4784 3639 4850 praedicationis
3671 4801 3853 4856 accer-

2289 4889 2432 4928 sens.
2464 4872 2593 4927 Nam
2617 4873 2792 4926 omnis
2820 4873 2981 4926 homo
3003 4872 3215 4926 debitor
3240 4872 3332 4927 Dei
3365 4883 3464 4930 est.
3488 4877 3726 4950 Cumque
3745 4880 3852 4936 sint

2288 4964 2555 5017 debitores
2612 4961 3052 5023 innumerabiles,
3114 4963 3219 5016 duo
3269 4973 3472 5017 tantum
3521 4967 3846 5036 referuntur,

2286 5050 2410 5118 quia
2433 5049 2610 5103 omnis
2633 5049 2720 5104 hic
2759 5049 3185 5130 ChriStianorum
3218 5051 3441 5118 populus
3469 5053 3520 5107 in
3552 5057 3686 5110 duas
3716 5073 3843 5126 par-

2286 5149 2365 5193 tes
2385 5139 2657 5201 dividitur,
2684 5148 3045 5208 peccatorum.
3074 5139 3339 5201 videlicet,
3370 5153 3530 5212 atque
3557 5143 3838 5215 iustorum.

2283 5228 2493 5284 Primus
2530 5232 2671 5284 enim
2719 5233 2946 5294 debitor,
2986 5231 3068 5283 illa
3121 5247 3245 5299 pars
3285 5245 3368 5287 est
3421 5237 3674 5302 ﬁdelium,
3725 5252 3841 5306 qua

2282 5323 2516 5392 peccatis
2538 5324 2711 5377 adhuc
2739 5334 2790 5378 et
2813 5325 2858 5376 vi
2889 5326 2953 5378 iis
2982 5325 3168 5387 servit,
3195 5341 3227 5394 q
3267 5329 3443 5380 oniam
3473 5337 3690 5398 percata
3713 5341 3838 5395 pro-

2279 5415 2393 5485 prie
2429 5415 2600 5468 solent
2631 5403 2806 5482 vocari
2838 5416 3037 5478 debita,
3089 5417 3250 5483 velut,
3283 5436 3404 5474 cum
3441 5435 3660 5475 oramus
3689 5435 3709 5474 :
3745 5416 3834 5471 Di-

2281 5505 2422 5557 mitte
2436 5505 2582 5557 nobis
2604 5505 2774 5558 debita
2799 5513 2998 5569 nostra,
3023 5507 3153 5558 sicut
3171 5519 3216 5560 et
3240 5526 3329 5564 nos
3356 5511 3660 5564 dimittimus
3694 5509 3836 5563 debi-

2279 5592 2475 5645 toribus
2506 5592 2692 5645 nostris
2720 5589 2935 5660 (Mattlt.
2966 5597 3047 5660 v1,
3073 5596 3176 5664 l2).
3211 5599 3310 5663 Qui
3368 5600 3574 5653 scilicet
3623 5597 3832 5655 debitor

2278 5695 2475 5736 centum
2501 5685 2654 5736 cados
2682 5683 2781 5734 olei
2808 5699 2863 5738 se
2897 5685 3087 5739 debere
3131 5686 3330 5741 fatetur
3397 5691 3517 5758 quia
3570 5698 3630 5742 ut
3660 5686 3832 5764 indul-

3822 5935 3828 5948 ο

3823 5955 3832 5982 l

3821 5993 3870 6063 ἱ,
