4190 6190
616 186 718 240 65')

932 185 986 239 Β.
1030 184 1322 239 ANSELMI
1362 182 1708 238 CANI'UAR.
1751 180 2067 236 AIICIIIEI'.
2108 179 2258 235 Ol‘l’.
2301 180 2495 236 PARS.
2533 182 2607 247 Il.

3712 38 4083 137 Ἳτ

2636 176 2697 219 ξ-
2743 182 3104 238 ΡΑΙἏᾹΞΝΕΤ.
3140 184 3224 238 ΕΤ
3268 184 3506 239 ASCET.
3721 186 3819 242 οσυ

612 300 743 353 riter
768 310 821 351 et
846 298 1131 351 criminose
1162 298 1436 360 vixerunt,
1462 298 1552 349 sed
1584 306 1913 365 postmodum
1943 296 2164 348 rcdenn-
2196 297 2242 354 Α
2270 295 2464 348 tionem
2502 294 2678 358 docet,
2710 304 2765 347 et
2805 296 3050 349 hortatur
3078 305 3132 349 nt
3173 297 3475 365 quicunque
3516 298 3650 351 male
3678 298 3818 351 vive-

610 399 692 443 tes
720 390 784 440 atl
817 380 1107 450 torsitutit,
1140 390 1260 455 qttia
1302 404 1361 441 se
1398 388 1578 440 illicita
1611 388 1782 455 egisse
1806 386 2163 447 considerant,

608 495 674 533 ex
718 477 831 545 ipso
862 494 957 531 suo
990 477 1173 531 dolore
1214 480 1513 544 coutpuucti
1546 479 1889 529 inardescunt
1918 476 1982 527 ad
2020 490 2166 529 anto-

606 584 720 621 rem
760 568 886 629 Dei,
936 584 1161 638 seseque
1209 570 1260 622 in
1313 569 1517 636 magnis
1565 566 1847 628 virtutibus
1890 575 2163 629 exercent,

605 668 798 712 cuncta
838 660 1017 712 etiam”
1050 659 1279 713 difﬁcilia
1323 657 1491 710 sancti
1540 656 1848 734 certaminis
1887 665 2162 723 appetunt,

606 748 785 802 omnia
834 748 1013 803 mundi
1066 748 1427 800 blandimenta
1475 744 1865 811 derelinquunt.
1914 745 2191 813 Flagrant'

605 822 896 899 desiderio,
922 836 986 889 ad
1027 836 1296 888 caelestem
1346 834 1572 902 patriam
1620 834 1890 888 anhelant.
1934 835 1999 886 Et
2040 836 2162 901 quia

605 942 663 978 se
708 941 915 979 errasse
949 941 977 977 a
1015 924 1122 977 Deo
1161 924 1531 991 conspiciunt,
1575 925 1763 977 danma
1814 924 2161 993 prmcedcutia

602 1013 768 1067 lucris
793 998 1138 1083 Sequentibus
1168 1022 1590 1081 recompensant.
1612 1014 1696 1067 Isti
1727 1028 1852 1082 ergo
1875 1016 1926 1066 in
1946 1030 2159 1081 genera-

605 1103 742 1155 tione
768 1118 885 1167 sua,
913 1103 964 1156 id
991 1112 1071 1157 est
1095 1104 1147 1157 in
1180 1112 1420 1172 tempore
1446 1118 1561 1165 suo,
1593 1118 1697 1168 quo
1739 1110 2048 1169 puesentem
2077 1101 2159 1159 vi—

600 1202 711 1246 tam
744 1188 1134 1259 transcurrunt,
1173 1195 1524 1263 prudentiOres
1561 1202 1678 1245 sunt
1724 1192 1828 1245 illis
1855 1193 1979 1260 [iiiis
2007 1193 2157 1259 lucis,

601 1283 692 1349 qui
746 1298 773 1337 a
821 1284 937 1338 luce
990 1295 1159 1339 matre
1210 1297 1476 1349 nunquam
1532 1282 1804 1346 recedunt,
1838 1283 1928 1336 sed
1982 1292 2159 1338 tamen

601 1387 761 1438 opera
808 1372 939 1424 lucis
984 1370 1256 1424 remissius
1294 1380 1477 1439 agttut,
1508 1378 1561 1425 et
1588 1371 1652 1424 ad
1679 1372 1903 1439 patr'am
1944 1380 2157 1427 caterua:

600 1460 732 1513 lucis
761 1460 916 1513 anxie
944 1474 1047 1512 non
1079 1459 1349 1513 anhelant.
1946 1470 1955 1479 °

670 1546 797 1602 Post
826 1548 1142 1625 sententiam
1174 1562 1297 1602 vero
1320 1547 1531 1615 subjicit
1552 1549 1808 1603 Dominus
1830 1551 2157 1605 exhortatio-
2194 1586 2197 1593 ι

2267 386 2376 450 bat,
2412 395 2464 439 et
2504 399 2587 438 res
2629 400 2761 453 quas
2806 387 3185 454 dispensandas
3222 396 3529 453 susceperat
3575 402 3818 456 perverse

2270 475 2557 537 tractabat,
2600 484 2775 528 mutet
2810 491 2936 531 suos
2973 492 3168 537 mores,
3198 486 3249 530 et
3289 477 3424 530 mala
3464 479 3814 545 przecedentia

2266 566 2419 619 bonis
2448 565 2789 633 sequentibus
2831 567 3006 620 vincat
3044 574 3097 619 et
3136 567 3331 621 deleat.
3373 568 3600 620 Possunt
3641 577 3814 621 tamen

2265 648 2449 708 omnes
2490 655 2687 708 divitia:
2730 655 2930 719 szeculi,
2979 656 3173 710 divitia:
3218 657 3501 725 iniquitatis
3541 658 3813 726 appellari,

2265 745 2385 811 quia
2428 760 2546 798 cum
2588 760 2617 797 a
2650 744 2762 797 Deo
2800 759 2898 813 pro
2928 746 3175 801 omnibus
3209 748 3314 800 sint
3344 760 3556 813 creata‘,
3590 748 3685 804 has
3715 750 3810 805 sibi

2264 834 2522 898 nonnulli,
2554 820 2797 901 quamvis
2825 832 2968 902 justo
3009 833 3207 899 labore,
3238 836 3419 905 iniqua
3455 850 3630 893 tamen
3672 840 3815 909 enpi—
3846 842 3847 845 “

2263 923 2425 977 ditate
2453 932 2806 994 congregant;
2836 932 2889 978 et
2912 938 3054 993 quas
3081 924 3210 979 nulli
3257 928 3511 991 tribunnt,
3542 930 3639 983 has
3679 932 3816 985 indi-

2263 1012 2511 1081 gentibus
2558 1012 2949 1080 quodatnmodo
3000 1012 3221 1085 tollunt,
3267 1016 3391 1069 dum
3435 1031 3525 1069 cas
3566 1019 3617 1071 in
3662 1035 3837 1074 usum.

2261 1114 2443 1152 eorum
2474 1102 2652 1156 venire
2692 1118 2795 1155 non
2844 1102 3044 1156 sinunt.
3088 1102 3240 1157 Licet
3276 1120 3402 1176 ergo
3434 1107 3614 1176 justis,
3642 1120 3697 1163 ut
3738 1111 3813 1164 di-

2258 1197 2402 1241 etum
2439 1198 2542 1250 est,
2576 1189 2849 1243 laboribus
2882 1191 3179 1260 acquisitre,
3213 1192 3381 1249 velin
3426 1196 3744 1263 patrimonio
3778 1216 3809 1254 a

2260 1279 2521 1347 religiosis
2550 1281 2857 1348 parentibus
2892 1292 3147 1352 acceptae;
3180 1292 3357 1338 tamen
3394 1286 3589 1342 divitia:
3623 1290 3810 1358 iniqui-

2257 1370 2377 1421 tatis
2426 1380 2576 1433 sunt,
2618 1370 2744 1439 quia
2788 1372 3024 1440 iniquum
3072 1379 3181 1437 est,
3221 1372 3271 1425 id
3310 1383 3394 1427 est
3436 1375 3506 1428 ab
3542 1378 3811 1445 aequitatis

2260 1459 2435 1526 tegula
2482 1460 2826 1525 discordans,
2866 1472 2924 1516 ut
2963 1462 3099 1517 alius
3141 1462 3341 1518 divitiis
3386 1468 3807 1535 superabundet,

2257 1549 2392 1603 alius
2430 1559 2606 1606 autem
2647 1560 2820 1621 egeat.
2867 1549 2943 1604 De
2977 1550 3379 1622 quibuscunqne
3420 1554 3582 1622 igitur
3605 1541 3809 1611 divitiis

600 1655 747 1705 nem,
775 1649 833 1709 ut
859 1641 945 1708 qui
974 1640 1112 1697 male
1135 1640 1283 1708 prius
1305 1642 1815 1711 egerunt,,exemplo
1844 1644 2001 1699 villici
2028 1660 2154 1700 con-
2184 1653 2229 1711 Β
2257 1639 2432 1693 s:cculi
2469 1640 2595 1692 flant
2622 1640 2991 1711 eleemosvnte,
3023 1642 3089 1695 de
3116 1642 3316 1696 divitiis
3337 1644 3624 1712 iniquitatis
3662 1654 3806 1698 sunt.

597 1741 880 1787 vertantur
919 1732 983 1785 ad
1022 1731 1239 1798 bonum,
1271 1741 1325 1786 et
1366 1731 1657 1787 clementer
1697 1749 1853 1804 agere
1889 1736 2153 1791 studeant.

598 1823 677 1875 Ac
703 1822 747 1876 si
773 1822 915 1875 dicat
948 1821 1091 1875 :Iste
1121 1822 1333 1890 quidem
1373 1810 1604 1887 villiCus,
1638 1825 1729 1891 qui
1771 1834 1926 1879 antea
1958 1826 2158 1879 villica-

600 1920 711 1962 tum
750 1925 902 1963 suum
946 1910 1082 1963 tnale
1126 1920 1465 1974 tractaverat,
1501 1921 1617 1980 post
1647 1912 1711 1966 Ile
1740 1914 1892 1968 bonis
1920 1915 2155 1982 ejusdem

597 1999 862 2053 villieatus
897 2015 1020 2071 erga
1050 2000 1290 2055 subditos
1322 2002 1579 2068 spiritalia
1636 2002 1893 2057 beneficia
1920 2004 2154 2057 clemen—
2198 2008 2201 2015 ’

599 2097 683 2142 ter
711 2100 960 2157 operatus
1005 2101 1107 2155 est,
1141 2105 1237 2159 pro
1269 2090 1462 2159 quibus
1497 2099 1551 2145 et
1594 2106 1835 2157 superna:
1881 2092 2154 2147 fclicitatis

570 2238 573 2243 ι
602 2177 901 2243 habitacula
928 2194 1045 2233 cum
1069 2179 1255 2234 electis
1276 2154 1476 2234 intra’e
1500 2182 1692 2235 meruit
1716 2200 1728 2233 :
1748 2190 1795 2235 et
1824 2197 1914 2249 ego
1943 2196 2155 2249 quoque

603 2266 743 2321 nobis
767 2268 953 2323 dicoet
977 2270 1192 2332 suadeo,
1208 2269 1297 2338 qui
1323 2285 1699 2332 mammonam,
1730 2272 1783 2324 id
1809 2280 1890 2324 est
1918 2271 2149 2335 divitias,

602 2358 814 2413 habetis
840 2360 1143 2428 iniquitatis,
1170 2360 1220 2413 id
1243 2370 1323 2414 est
1346 2374 1478 2427 quas
1497 2374 1592 2429 per
1617 2360 1947 2427 iniquitatem
1969 2360 2152 2427 acqui-

600 2450 833 2513 sistis,et
855 2451 1034 2519 inique
1060 2451 1409 2521 dispensastis
1431 2451 1689 2505 hactenus
1715 2450 1795 2503 vel
1820 2449 2152 2519 possedistis,

595 2537 708 2606 jam
745 2539 881 2593 bene
912 2540 1265 2606 dispensando
1302 2554 1393 2593 eas
1426 2540 1649 2601 sanctis,
1681 2540 1769 2607 qui
1807 2539 2154 2606 indigentiam

599 2629 896 2698 patiuntur,
913 2630 1065 2697 [acite
1091 2642 1182 2682 eos
1208 2627 1345 2680 vobis
1369 2628 1492 2681 inde
1519 2627 1733 2688 amicos,
1764 2635 1842 2691 ut,
1871 2642 1985 2678 cum
2013 2625 2155 2693 defe-

602 2716 793 2779 ceritis,
842 2715 894 2769 id
934 2724 1015 2767 est
1046 2730 1165 2767 cum
1204 2715 1466 2778 obieritis,
1510 2714 1753 2780 recipiant
1801 2729 1885 2765 vos
1927 2713 2155 2767 libenter

556 2850 559 2851 ν
600 2819 781 2859 secum
828 2804 883 2857 in
934 2815 1125 2857 wterna
1178 2805 1535 2872 taberngula,
1569 2803 1620 2857 id
1665 2806 1834 2858 estin
1872 2813 2155 2872 perpetuas

600 2822 781 2859 secum
828 2822 883 2857 tu
934 2822 1125 2857 a-terna
1178 2822 1354 2856 tauern
1425 2822 1535 2868 uta,
1570 2822 1620 2857 te
1665 2822 1834 2858 esctn
1872 2822 2155 2872 perpetuas

598 2895 929 2957 mansiones,
964 2892 1053 2961 ubi
1088 2822 1542 2962 perenniternt
1573 2892 1651 2945 eis
1679 2892 1982 2962 gaudeatis;
2020 2908 2155 2961 quo-

2255 1728 2439 1799 Itaque
2469 1744 2573 1783 non
2604 1730 2713 1799 jam
2754 1731 2933 1799 inique
2970 1733 3063 1787 sed
3096 1732 3240 1799 jnste
3271 1734 3645 1803 conquiramus
3676 1736 3814 1787 divi-

2259 1820 2377 1883 tias,
2404 1835 2468 1873 ex
2496 1822 2687 1889 quibus
2708 1820 2884 1886 justas
2912 1821 3155 1875 faciendo
3184 1823 3571 1893 elecmosynas,
3599 1832 3811 1879 satietas

2256 1924 2517 1976 pauperes
2554 1909 2895 1977 acquiramns
2934 1910 3085 1963 nobis
3119 1911 3331 1973 amicos,
3362 1920 3421 1963 ut
3459 1911 3558 1978 ipsi
3598 1927 3693 1967 nos
3724 1926 3812 1965 se-

2255 2013 2374 2052 cum
2410 1998 2647 2066 recipere
2690 1999 2975 2066 dignentur
3004 1998 3056 2050 in
3082 2007 3275 2051 a'terna
3309 1992 3665 2053 tabernacula.
3707 1999 3815 2055 Per

2253 2086 2433 2142 Jcsum
2461 2086 2731 2142 Christum
2766 2089 3045 2142 Dominum
3086 2099 3347 2154 nostrum,
3378 2090 3466 2158 qui
3494 2106 3614 2144 cum
3642 2088 3805 2146 Patre

2254 2186 2308 2230 et
2342 2176 2545 2246 Spiritu
2581 2188 2770 2231 sancto
2809 2177 2937 2230 vivit
2979 2186 3034 2232 et
3080 2189 3266 2248 regnat
3313 2179 3470 2243 Deus,
3500 2195 3594 2249 per
3631 2180 3812 2235 omnia

2253 2266 2447 2321 saecula
2477 2267 2811 2321 saeculorum.
2841 2266 3030 2321 Amen.

2802 2356 3075 2412 HOMILIA
3115 2356 3241 2412 XIII.

2255 2445 2309 2501 IN
2349 2462 2678 2502 ενΑΝαῑιιωι
2716 2462 2986 2501 seccsaun
3028 2446 3211 2500 Lucan
3242 2466 3253 2500 :
3290 2447 3422 2502 Dum
3459 2450 3552 2502 iret
3580 2449 3731 2503 Jesus
3756 2451 3815 2503 in

2322 2540 2633 2601 Jerusalem,
2670 2539 2922 2590 transibat
2948 2552 3039 2601 per
3064 2539 3282 2590 mediam
3312 2537 3605 2591 Samariam
3636 2549 3681 2592 et
3711 2538 3815 2593 (Ia-

2322 2626 2532 2680 lilteam.
2565 2627 2629 2679 Et
2657 2627 2879 2694 reliqua.
2899 2626 3046 2695 (Luc.
3076 2642 3208 2691 xvtt,
3242 2626 3357 2695 II.)

2322 2714 2564 2779 Praesens
2590 2716 2744 2769 lectio
2780 2716 3069 2771 secundum
3104 2715 3381 2778 historiam
3410 2717 3620 2785 quidem
3646 2718 3814 2771 semel

2254 2820 2413 2874 opere
2434 2806 2699 2875 completa
2721 2814 2822 2869 est,
2846 2806 2940 2861 sed
2965 2807 3253 2861 sccundum
3281 2805 3569 2875 spiritalem
3596 2820 3812 2861 sensum

2256 2893 2492 2959 quotidie
2535 2894 2803 2961 impletur.
2852 2892 2960 2948 Nos
3012 2894 3155 2947 enim
3208 2893 3262 2947 in
3307 2893 3476 2947 Adam
3528 2908 3557 2946 a
3608 2892 3815 2947 visione

596 2982 738 3035 niam
782 2983 870 3051 qui
910 2983 1086 3051 recipit
1114 2982 1318 3050 justum
1356 2982 1411 3035 in
1442 2982 1654 3034 nomine
1682 2980 1838 3050 justi,
1880 2984 2157 3040 mercedem
2184 2964 2228 3027 C
2259 2982 2427 3052 pacis,
2454 2981 2592 3051 quod
2612 2982 2941 3051 Hierusalem
2972 2984 3809 3052 interpretatur,recesseramus,

580 3118 586 3125 .
588 3071 723 3139 justi
750 3070 985 3139 accipiet.

671 3148 894 3225 Quidam
932 3175 1057 3215 vero
1085 3162 1403 3216 sententiam
1436 3162 1590 3216 istam
1626 3163 1765 3216 male
1802 3164 2157 3232 intelligentes

599 3248 911 3317 rapiuntres
924 3248 1139 3315 alienas,
1155 3261 1207 3304 et
1230 3250 1428 3319 aliquid
1452 3252 1571 3306 inde
1591 3252 2159 3320 pauperibuslargiun-

599 3348 709 3402 tur,
734 3348 788 3393 et
812 3348 1000 3407 putant
1026 3354 1082 3395 se
1109 3340 1285 3396 facere
1309 3343 1446 3409 quod
1482 3351 1802 3412 prxceptum
1830 3351 1929 3395 est.
1964 3340 2155 3394 Dicunt

600 3430 743 3484 enim
794 3450 805 3482 :
847 3429 1052 3498 Rapere
1098 3446 1185 3484 res
1226 3430 1425 3486 alienas
1454 3474 1468 3499 ,
1528 3449 1818 3486 mammona
1870 3433 2153 3501 iniquitatis

588 3528 704 3573 est.
780 3518 1013 3588 Erogare
1099 3520 1300 3588 aliquid
1362 3520 1523 3585 inde,
1585 3522 1814 3574 maxime
1879 3522 2154 3592 egentibus

598 3610 819 3675 sanctis,
834 3612 932 3664 hoc
954 3619 1036 3663 est
1056 3610 1231 3665 facere
1251 3612 1440 3663 amicos
1461 3613 1523 3663 de
1543 3628 1832 3663 mammona
1853 3613 2151 3680 iniquitatis.

594 3700 894 3758 Intellectus
917 3702 1015 3755 iste
1035 3701 1379 3771 corrigendus
1398 3715 1498 3757 est.
1522 3702 1633 3754 Non
1656 3718 1720 3757 ex
1746 3703 1943 3770 rapinis
1961 3712 2013 3755 et
2041 3718 2156 3756 usu-

596 3792 694 3848 ris.
716 3791 796 3844 vel
818 3791 1088 3845 fraudibus
1108 3793 1384 3860 acquirere
1406 3791 1678 3856 debemus,
1704 3792 1841 3845 unde
1866 3792 2156 3862 eleemosy-

599 3897 695 3935 nas
718 3881 999 3946 faciamus;
1024 3882 1112 3935 sed
1127 3898 1171 3937 SI
1188 3883 1469 3952 contigerit
1491 3898 1585 3938 nos
1607 3894 1728 3936 ante
1754 3884 2153 3935 conversionem

602 3981 833 4025 nostram
859 3971 1049 4025 talibus
1073 3974 1238 4027 modis
1258 3989 1386 4042 opes
1420 3969 1866 4041 acquisiisse,jazn
1892 3980 2010 4039 post
2028 3987 2156 4023 cou—

598 4063 895 4117 versionem
910 4063 1121 4131 rapinas
1133 4075 1185 4117 et
1202 4064 1411 4117 fraudes
1430 4079 1533 4117 non
1558 4061 1836 4130 faciamus;
1868 4062 1957 4117 sed
1977 4070 2151 4114 tamen

600 4168 664 4207 ex
693 4154 880 4222 opibus
907 4153 1048 4221 large
1076 4154 1385 4206 tribuamus.
1410 4152 1501 4207 Sic
1525 4154 1667 4205 enim
1690 4152 1941 4205 lat-limus
1964 4150 2152 4203 fecisse

600 4243 864 4307 laudatur,
892 4243 979 4319 qui
1009 4244 1253 4325 princeps
1279 4252 1395 4297 erat
1421 4242 1841 4315 publicanorum,
1870 4250 1923 4293 et
1950 4240 2148 4292 divitiis
2180 4276 2225 4333 ο

600 4332 928 4397 abundabat;
976 4333 1068 4388 sed
1112 4318 1326 4401 recepto
1374 4333 1423 4384 in
1480 4334 1690 4385 domum
1729 4346 1878 4385 suam
1914 4331 2144 4392 Christo,

603 4420 937 4474 medIetatem
977 4434 1158 4473 earum
1208 4420 1526 4489 pauperibus
1567 4419 1728 4477 dedit,
1765 4427 1816 4469 et
1858 4420 2151 4484 cuicunque

600 4509 797 4561 fecerat
828 4509 1062 4563 fraudem
1092 4525 1156 4564 ex
1192 4511 1291 4562 alia
1330 4509 1612 4562 medietate
1643 4505 1991 4573 quarltuplum
2036 4508 2151 4558 red-

602 4598 749 4650 didit.
787 4598 934 4651 Sicut
972 4615 1097 4668 ergo
1140 4601 1347 4653 villicus
1390 4598 1583 4651 dicitur
1626 4596 1944 4663 iniquitatis,
1994 4595 2151 4647 etiam

602 4696 721 4752 post
747 4689 1129 4743 correctionem
1164 4705 1335 4747 suam,
1372 4686 1529 4756 184
1560 4687 1682 4753 quia
1721 4672 2007 4739 villieatum
2056 4684 2155 4736 itii-

603 4790 705 4841 que
736 4775 878 4841 prius
902 4784 1253 4838 tractaret-at;
1284 4777 1351 4827 itt
1381 4774 1597 4837 αἰνὶιὶιρ,
1629 4788 1761 4841 quas
1788 4783 1909 4826 ante
1933 4788 2157 4831 convcr-

606 4867 808 4917 sionetn
849 4864 966 4931 quis
1013 4866 1189 4933 inique
1244 4864 1581 4932 conquisivit,
1617 4865 1727 4917 sive
1772 4864 2025 4932 possedit,
2064 4871 2154 4914 aut

605 4955 949 5019 dispensavit,
976 4955 1133 5005 etiaut
1164 4965 1279 5021 post
1310 4956 1713 5009 conversionem
1747 4954 1863 5022 ejus
1898 4961 2154 5007 vocantur

604 5046 800 5097 divitiae
843 5044 1141 5109 iniquitatis.
1191 5045 1290 5099 Sed
1321 5047 1457 5100 sicut
1480 5046 1686 5099 villi'cus
1712 5062 1777 5100 ex
1807 5046 1991 5098 eodem
2021 5044 2155 5097 villi-

602 5145 743 5194 t'attt,
778 5144 1052 5199 postquam
1082 5144 1347 5188 correctus
1376 5146 1475 5198 est,
1502 5136 1785 5209 ilcqtl'shil.
1814 5135 2046 5197 amicos;
2084 5134 2152 5184 ita

603 5228 823 5289 quisque
852 5222 915 5274 de
943 5222 1051 5274 suis
1082 5222 1693 5291 facultatibus,quamvis
1725 5234 1877 5279 antea
1902 5242 1964 5279 ex
1998 5226 2156 5277 licitis

606 5324 655 5365 et
680 5315 874 5365 illicitis
901 5314 1213 5381 :thuisisset
1237 5332 1347 5377 eas,
1366 5317 1565 5368 anticus
1592 5317 1687 5367 sibi
1718 5317 1888 5370 facere
1912 5326 1991 5368 stu
2018 5318 2150 5375 ient;

610 5416 677 5455 tta
712 5406 961 5458 duntaxat
992 5414 1046 5456 ut
1077 5406 1204 5457 nihil
1245 5406 1380 5458 ultra
1414 5422 1505 5473 per
1538 5406 1864 5472 iniquitatem
1892 5408 2153 5473 acqttit‘a'.

680 5493 808 5543 'l'etat
854 5495 1025 5562 itaque
1064 5496 1218 5548 Ict'liu
1260 5498 1357 5549 ista
1396 5495 1775 5549 correctionem
1816 5508 1862 5547 ct
1909 5497 2157 5549 (‘IIICIIII-i-

2259 3085 2321 3125 ac
2354 3071 2404 3124 in
2439 3071 2596 3139 hujus
2638 3073 2812 3126 exsilii
2866 3073 3073 3127 rixosas
3118 3072 3512 3142 inquietudines
3544 3072 3813 3128 decidera-

2257 3174 2395 3224 mus,
2427 3168 2480 3214 et
2516 3162 2583 3235 ad
2632 3160 2821 3214 inferni
2863 3161 3117 3231 supplicia
3165 3160 3296 3214 nihil
3340 3161 3620 3228 pacificum
3667 3159 3811 3215 ultra

2258 3249 2421 3306 visuri
2463 3251 2903 3319 properabamus.
2948 3249 3176 3319 Verbum
3216 3259 3394 3303 autem
3428 3247 3517 3303 Dei
3549 3263 3642 3317 per
3668 3250 3813 3315 quod

2257 3340 2394 3392 facta
2431 3350 2555 3393 sunt
2582 3341 2784 3403 omnia,
2824 3356 2921 3395 nos
2960 3339 3375 3394 misericorditer
3406 3338 3477 3409 ad
3511 3353 3622 3393 sua:
3663 3339 3813 3406 pacis

2253 3429 2513 3481 visionem
2534 3428 2596 3503 in
2630 3443 2733 3496 qua
2775 3430 3082 3497 perenniter
3107 3428 3526 3497 quiesceremus,
3557 3430 3814 3484 reducere

2255 3518 2457 3583 volens,
2486 3512 2760 3573 descendit
2790 3520 2854 3572 ad
2890 3534 2986 3573 nos
3020 3519 3109 3587 qui
3140 3520 3205 3573 ad
3236 3519 3413 3588 ipsum
3459 3519 3813 3588 nequibamus

2256 3608 2607 3695 ascendere:5
2628 3614 2681 3660 et
2710 3617 2971 3675 suscepta
3019 3594 3071 3661 in
3120 3620 3177 3660 se
3224 3602 3406 3675 nastra
3454 3606 3808 3679 humanitate,

2256 3696 2477 3750 tetendit
2511 3696 2575 3749 ad
2598 3694 2889 3766 supernam
2937 3694 3289 3760 Hierusalem,
3317 3696 3405 3749 ubi
3432 3709 3645 3764 semper
3682 3710 3809 3750 vera

2256 3801 2355 3853 pax
2395 3786 2652 3847 cernitur,
2691 3794 2743 3838 et
2786 3785 2909 3839 illuc
2946 3785 3099 3839 nobis
3132 3786 3270 3839 viam
3319 3785 3568 3854 aperuit:
3601 3794 3654 3841 et
3681 3786 3812 3854 quia

2254 3875 2451 3929 electos
2485 3872 2724 3925 homines
2751 3887 2846 3925 sua
2876 3874 3110 3926 membra
3142 3872 3290 3938 fecit,
3318 3873 3369 3927 in
3397 3872 3527 3947 ipsis
3554 3872 3809 3927 membris

2255 3965 2365 4017 suis
2402 3963 2575 4015 adhuc
2614 3963 2850 4030 quotidie
2882 3962 3028 4015 vadit
3064 3962 3115 4015 in
3146 3962 3500 4028 Hierusalem,
3537 3964 3660 4020 dum
3700 3963 3809 4023 cier

2254 4062 2368 4105 ctos
2397 4065 2519 4105 suos
2554 4039 2755 4104 ab‘hoc
2792 4051 2977 4104 exsilio
3014 4050 3219 4105 reducit
3248 4054 3313 4106 ad
3342 4054 3588 4120 patriam,
3620 4053 3671 4106 in
3703 4068 3808 4119 qua

2254 4158 2350 4211 pax
2390 4150 2573 4209 regnat
2615 4142 2729 4196 sine
2771 4141 2872 4196 ulla
2917 4141 3281 4210 inquietudine
3324 4142 3501 4196 carnis
3536 4152 3620 4195 aut
3654 4143 3807 4211 spiri-

2256 4244 2359 4285 tus.
2403 4234 2553 4297 Quai,
2607 4233 2809 4287 scilicet
2862 4233 3033 4301 patria
3088 4233 3300 4286 nomine
3350 4232 3675 4287 Hierusalem
3722 4232 3808 4286 hic.

2252 4324 2577 4391 designatur,
2606 4338 2723 4392 quae
2753 4324 2875 4377 visio
2909 4323 3071 4392 pacis,
3100 4331 3156 4376 ιιι
3190 4323 3389 4377 dictum
3421 4331 3521 4385 est,
3550 4323 3809 4391 interpre-

2254 4422 2412 4463 tatur.
2445 4412 2521 4463 Ad
2557 4428 2714 4478 quant
2755 4425 2998 4480 pergens,
3031 4406 3279 4463 ti’ansibat
3321 4427 3411 4479 per
3449 4410 3668 4463 mediam
3708 4408 3808 4463 Sa-

2252 4504 2467 4552 muriam
2500 4512 2543 4553 et
2574 4500 2866 4555 Galilwam.
2895 4499 3134 4553 Samaria
3168 4514 3395 4567 namque
3432 4500 3809 4565 interpretatur

2256 4592 2517 4650 custodia,
2574 4600 2626 4645 et
2678 4590 2943 4658 significat
2986 4590 3250 4655 justorum
3307 4587 3659 4655 diligentiam,
3716 4586 3808 4659 qui

2256 4681 2558 4733 custodiunt
2588 4683 2831 4732 mandata
2865 4680 2978 4744 Dei,
3000 4680 3089 4747 qui
3120 4680 3259 4731 omni
3286 4678 3519 4751 custodia
3545 4692 3632 4733 cor
3653 4691 3803 4729 suuut

2256 4776 2487 4832 servant,
2521 4768 2609 4836 qui
2648 4777 2797 4821 actus
2826 4783 2950 4821 suos
2977 4768 3119 4821 omni
3150 4767 3281 4821 hora
3310 4766 3631 4820 custodiunt.
3656 4763 3804 4817 Gali-

2256 4857 2350 4911 laea
2384 4874 2529 4921 vero,
2568 4873 2684 4932 qua:
2728 4858 2923 4911 dicitur
2957 4858 3338 4927 transmigratio
3376 4856 3534 4925 facta,
3569 4855 3807 4925 designat

2255 4964 2438 5004 eorum
2478 4952 2662 5014 vitam,
2701 4950 2788 5017 qui
2827 4965 2857 5001 a
2901 4950 3054 5003 malis
3100 4948 3351 5017 operibus
3394 4947 3459 4999 ad
3507 4946 3801 5015 religiosam

2256 5041 2711 5095 conversationem
2744 5054 2839 5108 per
2879 5047 3151 5108 angustam
3188 5036 3511 5104 pmnitentite
3540 5037 3677 5089 viam
3707 5032 3805 5087 mi-

2257 5140 2556 5199 graverunt.
2650 5188 2658 5199 _
2760 5119 2767 5121 A
3304 5184 3313 5190 ,

2331 5221 2536 5273 Vadens
2565 5202 2693 5290 ergo
2724 5221 2775 5273 in
2808 5217 3155 5281 Hierusalem,
3186 5215 3433 5268 transibat
3469 5229 3557 5279 per
3585 5216 3804 5263 mediam

2259 5312 2551 5363 Samariam
2578 5321 2622 5363 et
2655 5310 2952 5371 Catilinam;
2988 5307 3107 5377 quia
3139 5306 3373 5375 quotidie
3409 5301 3664 5369 quosdam
3701 5298 3801 5352 sibi

2259 5402 2432 5453 unitos
2463 5402 2690 5453 transire
2730 5398 2852 5451 facit
2884 5398 2948 5450 ad
2990 5406 3199 5449 :eternte
3230 5394 3375 5462 pacis
3406 5393 3612 5445 beatam
3644 5387 3829 5441 visiw’

2260 5507 2399 5555 nem,
2428 5500 2477 5542 et
2516 5507 2575 5544 ex
2607 5491 2685 5543 his
2729 5491 2813 5558 qtti
2847 5506 2946 5543 non
2976 5494 3307 5550 erraverunt,
3334 5492 3386 5537 et
3411 5499 3475 5537 ex
3506 5482 3587 5536 his
3611 5481 3701 5549 qui
3734 5480 3798 5531 ab
