4190 6216
414 214 507 280 σοι

1484 228 1791 295 ΗΟΜΙΕΙΕ
1832 232 1919 287 ΕΤ
1958 232 2558 296 EXHORTATIONES.

3556 255 3660 313 66}.

412 343 597 407 errore
639 333 706 385 ad
746 333 1025 389 veritatem
1071 337 1361 394 redierunt.
1394 338 1450 394 In
1495 343 1572 398 eis
1602 344 1745 399 enim
1788 346 1982 399 transit
2012 351 2058 410 Α
2092 348 2231 403 tibus
2266 361 2603 419 convertens,
2645 363 2699 409 et
2744 370 2997 428 magnum
3041 359 3315 431 religionis
3364 361 3657 423 incremen-

411 416 462 470 in
490 416 839 487 Hierusalem,
868 438 998 490 quos
1033 440 1126 478 sua
1167 430 1403 501 menibra
1438 429 1605 486 factos
1636 434 1701 488 de
1730 435 1977 501 prmsenti

404 509 603 562 surculo
655 528 881 578 umquam
929 514 1119 588 eripit,
1180 526 1233 569 et
1278 496 1344 571 ad
1390 535 1633 589 superna:
1681 522 1976 589 maiestatis

403 611 714 665 perpetuam
765 604 1269 672 contemplationem
1317 592 1580 678 perducit.
1624 613 1844 668 Transit
1886 630 1977 683 per

400 692 625 744 mediam
674 690 971 757 Samariam
1009 706 1054 750 et
1093 696 1396 764 Galilaeam,
1440 703 1491 757 id
1526 713 1608 758 est
1651 704 1841 759 dividit
1878 720 1979 775 per

400 780 633 833 medium
661 781 750 843 tali
776 786 999 837 transitu
1015 784 1309 841 Samariam
1330 801 1376 843 et
1391 789 1797 863 Galilwam,per
1816 782 1969 864 quas,

401 878 459 920 ut
507 871 707 923 dictum
758 883 867 940 est,
921 875 1267 947 intelligimus
1316 878 1484 947 iustos
1516 892 1570 937 et
1618 884 1960 952 pmnitentes,

395 960 521 1026 quia
552 961 797 1017 videlicet
820 974 871 1017 et
906 982 971 1020 ex
1007 965 1186 1033 justis,
1217 978 1270 1022 et
1299 968 1365 1023 ex
1398 972 1675 1028 conversis
1709 974 1969 1043 quosdam

395 1050 618 1120 eligens,
648 1059 714 1127 ad
748 1065 942 1121 terram
973 1060 1264 1113 viventium
1296 1077 1479 1115 secum
1513 1063 1678 1127 ducit,
1708 1065 1968 1134 quosdam

391 1148 571 1193 autem
603 1154 669 1195 ex
707 1144 787 1197 eis
828 1145 916 1197 hie
962 1146 1134 1200 adhuc
1170 1150 1440 1217 agonizari
1479 1152 1759 1219 permittit.
1794 1152 1968 1210 Verbo

389 1236 570 1282 autem
594 1232 851 1299 prmteriti
883 1232 1179 1301 imperfecti
1209 1237 1573 1309 diritur,_quia
1604 1243 1881 1308 transibat,
1910 1253 1967 1298 ut

388 1316 550 1371 detur
572 1319 723 1373 nobis
753 1320 973 1389 intelligi
999 1323 1122 1393 quia
1152 1328 1408 1382 transitus
1435 1330 1547 1397 ipsc
1573 1332 1808 1387 noodtmi
1845 1347 1966 1401 per-

388 1418 540 1463 actus
564 1419 663 1475 est,
691 1411 783 1465 sed
814 1414 987 1469 adhuc
1025 1416 1214 1484 agitur.
1244 1416 1331 1470 llla
1362 1435 1487 1475 vero
1518 1438 1642 1491 pars
1673 1422 1964 1482 electorum

386 1512 507 1580 «tum
547 1503 810 1557 retinetur
844 1508 905 1565 in
946 1506 1104 1575 hujus
1142 1507 1265 1562 vita:
1308 1510 1612 1581 laboribus,
1655 1516 1966 1587 designatur

380 1578 493 1643 non
536 1590 825 1661 incongrue
857 1611 952 1663 per
978 1595 1265 1664 castellum,
1299 1602 1363 1655 de
1405 1618 1510 1672 quo
1539 1578 1800 1661 subditur:
1814 1608 1962 1675 quia,

2084 445 2191 515 tum
2239 441 2288 495 ei
2337 442 2586 513 largiens.
2639 445 2702 499 Et
2756 458 2881 503 tunc
2927 449 3244 517 spiritaliter
3292 452 3471 521 agitur
3520 449 3662 523 quod

2079 528 2279 585 dictum
2309 534 2561 601 estquia,
2592 535 2715 589 dum
2750 537 2863 605 ipse
2895 539 3161 592 castellum
3206 540 3309 595 hoc
3348 543 3657 612 ingreditur,

2077 631 2413 695 occurrerunt
2452 623 2500 675 ei
2540 626 2713 677 decem
2756 627 2851 679 viri
2896 626 3101 695 leprosi.
3144 628 3280 682 Num
3328 630 3532 686 invenit
3566 618 3663 688 eos)

2076 717 2263 782 contra
2307 723 2364 763 sc
2415 712 2716 776 tendentes,
2744 713 2795 766 id
2837 723 2922 767 est
2962 716 3045 771 via
3086 717 3185 771 sibi
3223 721 3491 777 contraria
3534 736 3683 791 ειη-ι

2075 793 2303 875 dientes,
2337 798 2460 852 dum
2506 799 2578 855 illi
2628 800 2773 855 foras
2819 811 2873 856 et
2918 805 3031 873 ipse
3078 808 3245 860 tendit
3286 808 3459 873 intus;
3492 819 3656 880 atque

2074 882 2218 939 sistit
2264 899 2377 951 eos,
2415 898 2469 942 et
2516 899 2661 946 stare
2703 892 2829 946 facit
2862 903 3024 963 atque
3060 910 3290 966 cessare,
3324 915 3392 953 ne
3428 912 3652 972 pergant

2072 974 2297 1029 ulterius
2327 967 2388 1030 'in
2426 978 2509 1031 via
2543 995 2812 1047 perversa.
2852 983 3115 1041 Steterunt
3153 991 3380 1055 etenim,
3410 1000 3465 1045 et
3501 1002 3652 1055 stete.

2072 1074 2192 1117 runt
2221 1082 2255 1117 α
2284 1064 2470 1136 longe;
2515 1071 2639 1137 quia
2670 1088 2777 1126 non
2814 1076 2991 1131 statim
3028 1088 3311 1146 potuerunt
3343 1084 3391 1137 ei
3429 1084 3648 1154 propin-

2070 1166 2259 1221 quare,
2298 1156 2388 1208 sed
2436 1158 2621 1224 procul
2665 1169 2870 1215 stantes
2916 1166 3052 1217 versi
3093 1178 3218 1221 sunt
3250 1170 3318 1225 ad
3354 1185 3561 1240 preces,
3592 1184 3647 1230 et

2069 1257 2265 1323 magno
2289 1246 2470 1300 cordis
2496 1247 2731 1303 clamore
2759 1243 3013 1307 dixerunt
3040 1272 3053 1308 :
3082 1254 3209 1309 Jesu
3229 1274 3529 1330 prteeeptor,
3548 1265 3648 1316 mi-

2067 1350 2234 1392 serere
2257 1338 2439 1394 nostri,
2459 1335 2573 1391 Non
2598 1336 2983 1395 intellexerunt
3002 1358 3121 1397 eum
3144 1360 3262 1401 esse
3287 1347 3643 1420 Salvatorem.

2072 1423 2228 1495 185
2254 1428 2345 1495 qui
2375 1437 2721 1496 peccatorum
2754 1433 2971 1487 morbos
2998 1448 3188 1489 omnes
3214 1451 3406 1498 sanare
3444 1445 3635 1514 possit,

2068 1525 2120 1567 et
2152 1531 2208 1569 se
2240 1518 2471 1573 miseros
2502 1520 2571 1575 ob
2619 1522 2722 1576 hoc
2746 1537 2867 1577 esse
2912 1524 3089 1580 factos
3111 1538 3469 1598 agnoverunt,
3515 1514 3645 1598 quia

2066 1605 2351 1673 praeceptis
2365 1608 2638 1662 contraria
2659 1608 2931 1676 fecerant;
2962 1612 3190 1682 ideoque
3220 1614 3426 1684 Jesum,
3463 1616 3531 1673 id
3556 1629 3643 1678 est

384 1677 510 1730 dum
536 1679 890 1749 ingrederetur
923 1686 1075 1742 Jtsui
1103 1693 1365 1757 quoddam
1398 1695 1687 1762 castellum,
1725 1713 1953 1750 occurre-

2071 1688 2407 1747 Salvatorcm
2462 1697 2729 1752 vocabant
2773 1713 2918 1765 eum,
2948 1709 3001 1753 et
3031 1712 3440 1773 praeceptorem,
3472 1721 3638 1779 quem

382 1778 503 1821 runt
531 1770 579 1822 ei
612 1771 784 1826 decem
816 1776 910 1828 uiri
933 1776 1139 1845 leprosi.
1186 1780 1316 1833 Nam
1353 1786 1521 1837 sancti
1560 1786 1703 1838 inter
1729 1787 1967 1854 pericula

382 1858 737 1913 tentationum
774 1861 932 1931 hujus
956 1866 1144 1920 saeculi
1168 1868 1338 1929 instar
1361 1871 1567 1924 castelli
1596 1874 1803 1940 scipsos
1828 1873 1966 1928 intra

382 1945 578 2001 vallum
609 1950 906 2019 disciplina:
933 1965 1089 2009 canta
1126 1957 1609 2027 circumspectione
1635 1964 1963 2018 custodiunt.

377 2033 665 2090 Castellum
694 2040 837 2094 enim
868 2045 1108 2099 munitur
1136 2048 1394 2103 adversus
1427 2051 1630 2115 hostes,
1658 2061 1711 2106 et
1739 2053 1967 2113 sollicite

376 2125 703 2191 custoditur,
748 2128 1059 2198 signiﬁcans
1108 2133 1402 2199 Ecclesium
1457 2138 1599 2195 inter
1642 2138 1799 2207 hujus
1844 2140 1965 2195 vitae

376 2210 689 2268 discrimina
722 2210 934 2272 fortiter
970 2223 1204 2292 undique
1231 2225 1469 2279 clausam
1502 2237 1665 2297 atque
1694 2229 1959 2283 munitam

374 2311 565 2369 contra
617 2303 879 2384 malignos
919 2310 1158 2376 spiritus,
1194 2323 1247 2365 et
1294 2316 1533 2384 pervigili
1603 2317 1963 2374 sollicitudine

374 2400 663 2446 servatam.
695 2380 849 2461 Quod
876 2399 1142 2471 castellum
1182 2380 1379 2459 dicitur
1411 2380 1696 2473 quoddam,
1728 2416 1787 2460 ut
1809 2406 1960 2474 juxta

384 2480 611 2535 .itteram
660 2486 967 2553 nesciatur,
1042 2499 1100 2543 ct
1161 2480 1651 2562 juxta'spiritalezn
1738 2512 1959 2550 sensum

375 2580 756 2637 cognoscatur.
828 2575 879 2627 In
942 2592 1071 2646 quo,
1130 2578 1335 2635 scilicet
1390 2582 1638 2649 spiritali,
1684 2584 1909 2639 castello
1943 2624 1957 2649 ,

372 2657 427 2719 id
460 2670 542 2713 est
588 2662 640 2714 in
680 2662 939 2728 Ecclesia.
986 2670 1200 2738 semper
1241 2679 1330 2724 est
1380 2673 1657 2737 Dominus,
1698 2675 1840 2729 sicut
1881 2670 1957 2731 ait

372 2751 486 2804 suis
539 2751 864 2820 discipulis:
915 2755 1050 2811 Ecce
1098 2775 1189 2828 ego
1244 2760 1499 2814 vobiscum
1550 2779 1667 2815 sum
1712 2766 1955 2818 omnibus

369 2840 552 2898 diebus
600 2858 758 2910 usque
817 2847 885 2897 ad
943 2849 1437 2902 consummationem
1493 2850 1675 2903 steculi
1726 2851 1951 2921 (Matth.

370 2944 563 2992 xxvm,
593 2931 703 3001 20);
729 2936 820 3010 sed
854 2938 1032 2990 tamen
1068 2940 1255 2993 deesse
1290 2938 1502 2995 videtur
1529 2940 1833 3010 aliquoties,
1859 2943 1950 2998 ubi

366 3022 634 3076 Dertnittit
676 3022 886 3092 iniquos
926 3025 1295 3094 multiplicari,
1328 3037 1383 3082 et
1418 3022 1571 3083 suum
1610 3031 1798 3087 electis
1833 3032 1946 3088 suis
1974 3013 2016 3071 ε

368 3111 548 3180 palam
584 3128 687 3171 non
724 3124 937 3182 pra‘slat
972 3118 1372 3185 auxilium,,sed
1415 3119 1852 3184 tribulationibus
1892 3126 1945 3178 et
1996 3148 2001 3155 υ

367 3204 613 3258 adversis
635 3222 727 3260 eos
757 3206 937 3275 alﬂigi,
961 3208 1105 3262 velut
1136 3224 1164 3260 a
1196 3223 1253 3262 se
1280 3210 1584 3276 derelictos,
1613 3213 1762 3266 sinit.
1790 3210 1946 3267 Unde

366 3292 544 3364 et,illa
578 3309 676 3349 vox
708 3305 788 3349 est
820 3314 831 3349 :
862 3295 925 3349 Ut
976 3298 1128 3368 quid,
1178 3296 1427 3365 Domine,
1477 3302 1731 3359 recessisti
1774 3300 1942 3370 longe,

362 3383 587 3450 despicis
628 3385 681 3437 in
732 3387 1233 3455 opportunitatibus,
1276 3389 1331 3442 in
1373 3389 1704 3459 tribulatione
1760 3389 1941 3461 (Psal.

366 3487 446 3536 ix,
476 3473 555 3543 1.)
586 3473 719 3529 Cum
776 3486 953 3532 autem
1002 3477 1188 3534 deesse
1232 3478 1489 3534 Dominus
1536 3481 1764 3545 videtur,
1815 3490 1943 3536 tunc

365 3546 511 3634 foras
536 3565 758 3618 tendunt
784 3566 857 3619 illi
883 3566 972 3635 qui
1000 3581 1099 3635 per
1127 3568 1310 3624 decem
1338 3568 1577 3635 leprosos
1616 3568 1935 3638 ﬁgurantur.

363 3653 516 3709 Multi
563 3657 705 3709 enim
754 3656 838 3709 vel
880 3657 1290 3716 adversitatibus
1334 3645 1489 3710 fracti
1528 3657 1709 3711 volunt
1755 3672 1790 3710 a‘
1836 3656 1939 3712 ﬁde

364 3744 640 3810 recedere,
669 3754 724 3800 et
765 3746 1067 3801 inﬁdelibus
1104 3761 1162 3800 se
1198 3746 1444 3816 jungere,
1468 3748 1629 3814 quasi
1666 3747 1934 3803 dicendo:

367 3829 591 3894 Eamus,
636 3846 681 3887 et
718 3834 1053 3902 disponamus
1094 3844 1456 3888 testamentum
1508 3852 1623 3888 cum
1668 3833 1935 3905 gentibus,

359 3938 479 3990 qua:
508 3923 643 3973 circa
677 3939 767 3974 nos
798 3932 914 3975 sunt
948 3921 997 3993 (1
1026 3922 1203 3976 Maeli.
1238 3939 1278 3988 t,
1308 3923 1417 3991 12);
1441 3923 1521 3977 vel
1554 3924 1938 3979 tentationibus

359 4010 612 4064 vitiorum
654 4013 888 4078 superati
922 4012 1057 4069 mala
1088 4023 1172 4066 tot
1203 4021 1254 4067 et
1287 4021 1431 4066 tanta
1469 4014 1689 4077 faciunt,
1723 4024 1781 4068 ut
1807 4028 1939 4084 gen-

362 4100 545 4155 tilibus
597 4102 647 4155 in
704 4103 947 4187 actimth
969 4103 1169 4157 similes
1217 4103 1367 4171 ﬁant,
1412 4103 1648 4187 dumab
1687 4104 1938 4160 Ecclesiae

328 4194 661 4249 evisceribus
691 4186 757 4249 ad
786 4210 870 4249 res
897 4186 1075 4247 Smeuli
1104 4210 1198 4265 per
1225 4196 1487 4249 desideria
1514 4186 1661 4249 iuras
1689 4196 1932 4253 tendunt.

359 4281 425 4341 lli
467 4296 589 4338 sunt
619 4286 758 4337 enim
789 4284 1100 4353 spiritaliter
1142 4285 1329 4354 leprosi
1357 4302 1376 4338 :
1403 4287 1492 4354 qui
1541 4295 1823 4354 prepterea
1857 4287 1935 4339 di-

354 4376 772 4442 contunderent,
801 4376 888 4443 qui
921 4385 1107 4429 contra
1136 4376 1227 4433 Dei
1258 4387 1522 4448 prmcepta
1562 4377 1786 4441 faciunt,
1814 4393 1933 4445 qua:

353 4474 576 4533 propter
622 4465 954 4535 Dccalogum
991 4467 1125 4543 legis
1169 4481 1265 4537 per
1319 4469 1597 4523 denarium
1647 4483 1931 4525 numerum

353 4556 578 4625 intelligi
628 4557 820 4649 solent.
864 4555 1014 4613 Sicut
1048 4559 1191 4611 enim
1237 4562 1613 4616 observatores
1655 4562 1933 4616 mandato-

353 4659 473 4696 mm
517 4643 819 4702 cwles't'ium
862 4652 1222 4715 assequuntur
1265 4648 1388 4703 inde
1431 4649 1833 4704 mundationem
1878 4659 1932 4704 et

349 4734 641 4789 sanitatem
707 4737 929 4801 animos;
988 4738 1067 4793 sic
1136 4741 1407 4794 contraria
1474 4742 1741 4796 mandatis
1802 4742 1932 4809 ipsis

348 4832 600 4890 agentes,
658 4826 951 4901 Sp‘iritaletn
1010 4830 1333 4887 contrahunt
1396 4831 1819 4899 inquinationem
1877 4842 1932 4905 et

350 4910 722 4969 inﬁrmitatem
757 4936 768 4969 :
802 4916 935 4972 adeo
980 4928 1037 4971 ut
1076 4921 1208 4975 tales
1239 4921 1290 4974 in
1335 4916 1511 4976 anima
1553 4924 1702 4986 ﬁant,
1743 4926 1930 4993 quales

331 5005 406 5061 ~in
449 5020 674 5073 corpore
712 5021 1024 5073 cernuntur,
1058 5014 1145 5079 qui
1186 5013 1386 5081 lepram
1420 5016 1597 5070 carnis
1632 5018 1927 5085 patiuntur.

345 5098 450 5164 Qui
498 5106 644 5152 tanto
689 5102 855 5168 magis
904 5100 1049 5159 foras
1100 5087 1341 5167 tendunt,
1382 5114 1582 5173 quanto
1624 5109 1930 5174 perversius

347 5198 547 5259 agunt;
579 5198 631 5241 et
658 5192 726 5243 ita
758 5191 889 5245 ﬁunt
918 5194 1046 5258 hwc,
1069 5195 1196 5255 dum
1226 5194 1380 5248 Jesus
1407 5188 1596 5251 abesse
1623 5197 1850 5251 videtur.

423 5279 509 5333 Fit
532 5289 708 5345 autem
735 5281 1043 5349 plerumque
1068 5298 1162 5351 per
1190 5296 1486 5353 respectum
1517 5287 1710 5339 divinze
1739 5288 1925 5358 gratia:

292 5408 297 5412 .
350 5378 411 5421 ut
457 5369 707 5423 Dominus
751 5370 860 5439 ipse
903 5369 1056 5425 Jesus
1104 5374 1167 5424 ad
1218 5372 1317 5425 hoc
1355 5368 1606 5427 Ecclesiie
1653 5371 1922 5433 castellum

350 5460 529 5529 palam
581 5460 760 5511 venire
807 5467 859 5511 et
915 5461 1113 5529 ingredi
1170 5450 1433 5526 videatur,
1492 5464 1667 5519 subito
1718 5465 1938 5540 scilicet,

352 5546 727 5616 tribulationes
772 5552 984 5614 sedans,
1020 5539 1376 5621 populumque
1421 5570 1573 5609 suum
1612 5571 1639 5610 ει
1681 5557 1914 5626 pravita-

1966 4332 2019 4386 Ι)

2071 1788 2129 1832 ιιι
2157 1782 2249 1835 sui‘
2279 1783 2624 1841 misereretur
2646 1789 2891 1844 orabant.
2920 1791 3063 1857 Quos
3092 1801 3148 1847 ut
3172 1794 3377 1851 intuitu
3403 1796 3642 1856 clemen-

2073 1869 2157 1924 tia:
2195 1872 2338 1935 vidit,
2367 1874 2495 1927 dixit
2522 1889 2539 1927 :
2571 1874 2938 1941 Ite,ostendite
2966 1897 3054 1935 vos
3082 1884 3458 1955 sacerdotibus,
3482 1882 3535 1942 id
3555 1897 3642 1945 est

2031 1973 2033 1975 ί
2069 1972 2165 2035 per
2192 1960 2445 2016 humilem
2479 1963 2590 2018 oris
2621 1966 3015 2049 confessionem
3068 1974 3442 2031 sacerdotibus
3469 1991 3628 2035 vera-

2069 2046 2203 2100 citer
2241 2047 2582 2104 nmnil‘estate
2601 2066 2787 2106 omnes
2818 2046 3092 2109 interioris
3112 2054 3273 2125 lepra:
3303 2069 3497 2125 vestrae
3518 2077 3635 2119 ma-
3712 2126 3713 2129 η

2065 2134 2239 2199 cuias,
2267 2145 2323 2190 ut
2355 2139 2609 2207 mundari
2630 2141 2869 2208 po‘ssitis.
2895 2139 2961 2197 Et
2986 2144 3130 2212 quod
3158 2131 3637 2216 rogabantfactum

2065 2232 2146 2277 cst
2172 2223 2252 2277 eis
2286 2225 2408 2277 dum
2438 2230 2570 2280 irent
2594 2228 2661 2282 ad
2689 2230 3023 2296 sacerdotes,
3055 2232 3205 2300 quia,
3231 2220 3464 2303 scilicet,
3488 2251 3642 2291 mnu.

2063 2313 2177 2366 dati
2197 2327 2335 2378 sunt,
2366 2318 2982 2388 quoniatn‘peccatores,
3014 2320 3142 2377 licet
3165 2324 3322 2393 gravi
3344 2325 3635 2385 criminum

2064 2401 2208 2470 lepra
2240 2405 2345 2459 sint
2380 2406 2592 2472 foedati,
2640 2417 2836 2465 euntes
2888 2396 3069 2469 tamen
3122 2411 3188 2467 ad
3240 2412 3635 2483 conﬁtendum.

2064 2495 2365 2561 purgantur
2392 2494 2445 2574 in
2473 2495 2587 2563 ipsa
2615 2498 2955 2553 confessione
2977 2495 3200 2569 propter
3257 2502 3635 2572 paenitentiam

2063 2599 2223 2653 quam
2252 2574 2425 2642 acturi
2451 2596 2594 2642 sunt.
2624 2588 2759 2642 Dum
2786 2591 2941 2657 irent,
2961 2594 3200 2648 mandati
3228 2606 3374 2662 sunt,
3408 2597 3535 2667 quia
3562 2608 3631 2655 ex

2062 2688 2169 2741 quo
2210 2676 2315 2729 iter
2354 2675 2457 2730 hoc
2477 2676 2701 2742 intrant,
2772 2678 3035 2748 incipiunt
3072 2684 3283 2751 Operari
3329 2685 3629 2755 justitiam;

2061 2770 2114 2815 et
2136 2761 2362 2828 justitite
2399 2764 2643 2831 operatio
2672 2778 2756 2820 est
2784 2781 2971 2829 eorum
2993 2768 3289 2825 mundatio.
3318 2770 3628 2844 Dumjrent,

2056 2852 2296 2905 mandati
2316 2862 2458 2920 sunt,
2481 2854 2694 2921 quia:ex
2712 2871 2818 2924 quo
2844 2857 3123 2914 tendentes
3145 2848 3633 2922 ad’conlessionem

2054 2948 2109 2995 et
2127 2941 2534 3010 pmnitetitiam,
2584 2952 2695 2998 tota
2727 2938 3115 3003 deliberatione
3166 2950 3367 3006 mentis
3399 2961 3628 3023 peccata

2049 3048 2145 3088 sua
2172 3033 2453 3102 damnant,
2481 3042 2536 3088 et
2557 3035 2841 3103 deserunt;
2863 3037 3165 3092 liberantur
3189 3040 3257 3094 ab
3292 3041 3370 3095 eis
3398 3041 3451 3096 in
3494 3042 3626 3099 con-

2050 3134 2234 3193 spectu
2277 3126 2475 3191 interni
2511 3126 2857 3202 inspectoris.
2904 3128 3056 3202 Unde
3096 3136 3151 3184 et
3169 3145 3266 3200 per
3301 3132 3625 3201 prophetam

2050 3213 2312 3269 Dominus
2336 3215 2451 3282 ipse
2473 3220 2703 3270 teStatur
2730 3201 2856 3285 quia
2880 3201 3119 3285 impietas
3141 3219 3285 3287 impii
3317 3235 3418 3273 non
3466 3213 3618 3275 noce-

2050 3302 2121 3357 bit
2143 3303 2189 3356 ei
2210 3303 2265 3356 in
2287 3319 2595 3373 quacunque
2634 3306 2719 3358 die
2756 3321 3029 3360 conversus
3072 3307 3230 3375 fuerit
3252 3307 3315 3360 ab
3359 3307 3623 3379 impietate

2048 3409 2144 3449 sua
2202 3394 2421 3465 (Ezech.
2484 3394 2704 3465 kxxnt,
2777 3397 2888 3467 ιε).
2948 3395 3377 3452 Perveniendum
3442 3408 3621 3456 tamen

2046 3486 2218 3541 estad
2240 3476 2568 3554 sacerdotes,
2619 3495 2675 3542 et
2724 3487 2793 3542 ab
2836 3487 2916 3542 eis
2959 3487 3246 3558 quaerenda
3301 3489 3517 3556 solutio,
3563 3499 3621 3545 ut

2045 3577 2133 3643 qui
2151 3574 2264 3641 jam
2292 3587 2475 3630 coram
2492 3575 2603 3630 Deo
2626 3576 2752 3630 sunt
2773 3578 3034 3642 mandati,
3050 3578 3619 3651 saCerdotumjudic'ro

2041 3661 2204 3717 etiam
2236 3662 2547 3717 hominibus
2570 3664 2925 3723 ostendantur
2956 3665 3163 3719 mundi.

2114 3752 2374 3822 Sequitur
2400 3769 2413 3806 :
2441 3750 2589 3807 Unus
2615 3764 2789 3809 autem
2815 3770 2881 3809 ex
2916 3754 3040 3819 illis,
3066 3764 3121 3811 ut
3144 3754 3271 3811 uidit
3297 3758 3424 3826 quia
3462 3774 3618 3817 mun-

2043 3843 2197 3895 datus
2226 3851 2321 3906 est,
2353 3859 2614 3912 regressus
2656 3853 2731 3898 est
2754 3861 2874 3898 cum
2920 3861 3109 3915 magna
3133 3862 3251 3900 uoce
3272 3847 3613 3916 magniﬁcans

2044 3932 2229 3987 Deum.
2251 3931 2410 3991 Unus
2433 3933 2682 4009 designat
2707 3930 2874 3997 unum
2914 3934 2967 3988 in
2997 3934 3137 3990 bono
3174 3941 3612 4005 perseverantem

2042 4021 2235 4076 aﬁectu
2260 4037 2445 4077 eorum
2475 4024 2589 4093 qui,
2615 4032 2896 4095 postqiiam
2912 4025 3224 4094 paenitendo
3250 4027 3462 4081 veniant
3487 4027 3613 4084 ade-

2041 4111 2114 4179 pti
2142 4120 2290 4179 sunt,
2316 4112 2704 4181 permanentia
2737 4112 3038 4168 humilitate
3053 4124 3108 4169 et
3129 4115 3424 4184 gratiarum
3440 4118 3611 4173 actio-
3660 4158 3664 4163 ρ

2041 4215 2127 4253 ne.
2163 4198 2315 4266 Quod
2345 4201 2491 4254 enim
2522 4202 2720 4256 dicitur
2743 4218 2901 4266 unus,
2933 4202 3339 4273 intelligendum
3364 4214 3468 4270 est,
3501 4223 3610 4263 non

2040 4290 2266 4346 diversis
2299 4290 2411 4361 jam
2439 4303 2497 4343 se
2524 4290 2889 4351 voluntatibus
2907 4292 3143 4359 varians,
3169 4295 3263 4356 sed
3296 4292 3347 4346 in
3382 4292 3487 4347 Deo
3502 4296 3613 4363 pla.

2036 4380 2192 4434 cendi
2217 4380 2489 4435 voluntate
2504 4381 2825 4449 perdurans.
2842 4380 2974 4435 Nam
2998 4390 3053 4437 et
3072 4396 3265 4436 omnes
3281 4380 3394 4437 elec
3406 4384 3465 4448 ti,
3484 4398 3611 4453 pro-

2035 4479 2153 4543 pter
2175 4472 2312 4525 hanc
2337 4470 2598 4528 bonitatis
2626 4472 3055 4539 unanimitatem,
3085 4489 3191 4527 non
3214 4471 3383 4527 Solum
3420 4490 3605 4542 unum,

2035 4562 2128 4616 sed
2175 4562 2519 4621 etiamo‘unus
2575 4570 2727 4619 recte
2768 4563 2887 4633 dici,
2918 4556 3343 4634 possunt,‘sicut
3404 4565 3606 4620 indicat

2034 4652 2340 4721 Apostolus,
2368 4652 2458 4707 ubi
2483 4652 2549 4707 de
2573 4651 2847 4717 omnibus,
2880 4653 2971 4721 qui
3002 4661 3126 4708 sunt
3161 4654 3213 4706 in
3245 4652 3484 4707 Ecclesia
3507 4653 3605 4707 be-

2037 4742 2121 4795 nis
2150 4751 2206 4796 et
2229 4742 2403 4805 malis.
2454 4743 2683 4814 mystice
2716 4742 2990 4813 loquitur:
3023 4742 3213 4797 Omnes
3244 4743 3444 4811 quidem
3484 4760 3608 4796 cur-

2036 4841 2178 4896 runt,
2202 4832 2293 4884 sed
2317 4846 2450 4885 unus
2496 4832 2685 4901 accipit
2710 4830 2942 4885 brauium
2970 4831 3021 4892 (1
3044 4828 3164 4883 Cor.
3192 4830 3391 4900 mit).
3409 4828 3603 4886 Omnes

2033 4919 2176 4974 enim
2207 4917 2500 4973 Christiani
2531 4927 2587 4973 et
2610 4919 2736 4973 boni
2764 4928 2819 4973 et
2838 4917 2982 4982 mali,
3014 4919 3291 4985 pro-modo
3315 4933 3418 4973 suo
3456 4922 3604 4985 quit-

2034 5024 2157 5078 que,
2194 5019 2411 5062 currunt
2446 5010 2513 5062 ad
2551 5010 2830 5073 bravtum;
2893 5008 2982 5060 sed
3018 5023 3177 5071 unus,
3224 5008 3313 5076 qui
3366 5009 3599 5079 legitime

2032 5100 2221 5164 currit,
2251 5099 2305 5154 id
2331 5110 2415 5154 est
2446 5101 2629 5155 unitas
2653 5099 2968 5160 electorum,
3021 5096 3253 5167 percipit
3280 5098 3425 5164 illud,
3458 5107 3599 5159 sicut

2031 5201 2083 5249 et
2112 5207 2300 5249 omnes
2328 5194 2379 5246 hi
2412 5189 2871 5261 leprosi'mundati
2893 5200 3038 5255 sunt,
3071 5190 3165 5244 sed
3194 5204 3332 5244 unus
3352 5188 3454 5273 egit
3475 5203 3594 5255 επιε-

2032 5287 2336 5342 tias.Unus
2392 5287 2593 5355 itaque,
2643 5300 2763 5339 cum
2813 5284 3033 5339 vidisset
3062 5287 3201 5353 quod
3253 5282 3589 5334 acrimmuni
3672 5362 3673 5365 η

2028 5377 2173 5446 lepra
2200 5377 2487 5431 mundatus
2510 5383 2675 5438 esset,
2718 5375 2876 5428 rediit
2904 5375 2968 5427 ad
2993 5376 3382 5432 mtmdatorem,
3414 5378 3591 5440 grates

2026 5467 2073 5521 ei
2102 5465 2367 5527 referens,
2418 5473 2473 5516 et
2502 5478 2559 5517 se
2590 5464 2764 5530 magis
2805 5463 2879 5517 illi
2925 5458 3230 5521 humilians,
3274 5458 3593 5512 ctdevotior

2024 5553 2284 5618 existens,
2338 5566 2400 5606 ac
2431 5565 2644 5621 semper
2686 5551 2732 5606 ei
2758 5549 2970 5621 placere
3017 5546 3255 5603 studens.
3323 5543 3454 5597 Nam
3498 5543 3589 5600 his
