4190 6204
609 130 714 189 667

920 212 935 227 _
968 136 1027 195 Β.
1068 139 1365 195 ANSELMI
1404 142 1751 201 CANTUAR.
1786 147 2102 205 ARClllEP.
2157 172 2158 179 η

2254 149 2304 203 Ρ.
2348 149 2525 205 PARS
2565 151 2626 205 ll.
2677 183 2737 193 —-—
2767 150 3133 210 ΡΛΒᾸΞΝΕΤ.
3173 158 3261 210 ΕΤ
3294 158 3511 215 ASCET

3745 163 3848 219 668

608 249 756 306 mino
784 265 879 305 suo
902 266 1126 314 servire,
1149 263 1205 307 et
1236 269 1354 322 qua:
1377 256 1611 325 jucunda
1633 260 1742 315 sint
1773 264 2040 341 nuntiare,
2097 278 2161 317 ac
2191 266 2237 322 Λ
2267 244 2397 315 illud
2420 264 2486 316 ad
2509 263 2809 334 perfectum
2834 266 3086 332 adduxit;
3109 278 3161 323 et
3186 270 3465 326 audiamus
3490 288 3670 329 vocem
3698 278 3844 337 l’sa|-

609 336 677 392 de
703 339 958 407 sospitate
992 339 1154 394 totius
1186 341 1463 398 interioris
1512 347 1747 403 hominis
1785 359 1837 403 et
1883 338 2045 404 animi
2090 367 2174 404 re-

607 430 895 497 spondere,
932 429 1072 483 sicut
1093 430 1179 486 hic
1205 424 1458 489 dicuntur
1479 440 1754 495 nuntiasse
1782 442 1944 495 ﬁlium
1970 442 2169 497 vivere.

606 517 884 573 Hominem
910 520 1053 573 enim
1084 537 1114 575 a
1143 521 1253 577 Deo
1278 524 1627 593 descendere,
1652 541 1733 584 est
1779 531 2171 589 humanitatem

602 617 895 663 nostrama
942 616 1400 687 contemplatione
1447 620 1532 673 illa
1582 636 1868 697 parumper
1917 615 2093 689 avelli,
2120 634 2172 679 ct

601 700 779 763 adea,
810 715 931 770 qua:
982 702 1122 757 intra
1156 721 1251 761 nos
1304 718 1464 773 sunt,
1511 708 1901 780 aliquantulum
1951 719 2168 784 reverti,

598 788 727 856 quid
756 805 965 857 smnus,
998 796 1144 863 quid
1190 798 1396 865 egimus
1424 799 1650 855 solerter
1700 802 1921 859 intueri.
1970 805 2169 864 Servos

598 890 779 938 autem
831 885 1048 939 domino
1100 885 1802 960 descendentioccurrere,
1849 908 1931 953 est
1977 914 2167 954 sensus

596 989 784 1031 omnes
815 979 975 1032 totius
1020 978 1373 1036 humanitatis
1420 986 1683 1073 obsequio
1708 987 1919 1043 Domini
1949 1006 2161 1059 parere,

594 1075 650 1120 et
678 1084 775 1122 suo
800 1069 1177 1137 patrifznuilias
1208 1090 1323 1141 quae
1350 1069 1487 1130 sunt
1513 1079 1772 1146 placitura
1826 1085 2018 1138 devote
2077 1100 2173 1145 re-a

594 1157 759 1212 ferre.
795 1159 967 1214 Homo
992 1176 1146 1229 vero,
1186 1166 1301 1232 jam
1331 1167 1420 1221 1)ιὶ
1469 1169 1740 1238 colloquio
1768 1173 2057 1229 roboratus
2109 1186 2164 1231 et

592 1243 997 1315 Scripturarum
1034 1254 1295 1307 exercitio
1329 1268 1622 1320 recreatus,
1644 1252 1911 1328 tanquam
1939 1262 2163 1337 indaga-

593 1334 681 1389 tor
710 1336 1133 1395 discretissimus
1180 1344 1337 1397 debet
1389 1348 1748 1415 perpendere,
1796 1361 1851 1405 et
1902 1334 2158 1423 tauquam

589 1438 777 1481 servos
829 1440 882 1484 et
937 1432 1138 1485 amicos
1186 1448 1379 1489 sensus
1428 1450 1553 1490 suos
1577 1440 1858 1496 consulere
1882 1459 1985 1511 qua
2025 1445 2158 1503 hora

588 1504 730 1573 ﬁlius
754 1534 883 1575 suus
907 1521 1097 1575 melius
1127 1522 1398 1588 habuerit,
1425 1531 1640 1595 quando
1667 1532 1879 1588 animus
1910 1548 2041 1588 suus
2089 1535 2150 1589 li-

588 1607 773 1662 berius
803 1611 1250 1693 conValueriLEt
1280 1616 1381 1669 hoc
1412 1590 1495 1671 est
1548 1621 1705 1691 187
1745 1626 1886 1692 quod
1935 1625 2151 1693 dicitur,
2188 1590 2230 1648 Β

586 1700 710 1767 quia
755 1701 1107 1771 interrogabat
1166 1710 1348 1759 harant
1379 1710 1444 1760 ab
1482 1710 1577 1775 eis,
1601 1715 1652 1764 in
1680 1730 1782 1783 qua
1819 1717 2000 1770 melius
2055 1721 2154 1771 Ita-

562 1791 768 1854 .lmerit.

651 1878 756 1934 Sed
796 1883 934 1952 quid
985 1885 1125 1937 servi
1180 1886 1573 1956 responderint,
1614 1894 1942 1951 audiamus":
1993 1899 2149 1966 Heri,

578 1964 849 2049 inquiunt,
896 1973 1026 2028 hora
1083 1980 1299 2047 septima
1347 1981 1549 2050 reliquit
1601 2000 1717 2037 eum
1774 1986 1949 2053 febris.
1998 1964 2144 2051 fleri,

582 2063 791 2128 tempus
846 2074 930 2119 est
967 2070 1316 2139 prxteritum.
1367 2072 1433 2125 Et
1456 2088 1585 2138 nos,
1618 2074 1742 2128 dum
1788 2075 1842 2130 in
1896 2078 1998 2133 hac
2039 2080 2146 2134 vita

579 2160 784 2216 sumus,
814 2152 919 2208 duo
966 2164 1205 2225 tempora
1248 2162 1543 2227 sentimus;
1605 2166 1820 2219 tertium
1870 2171 2147 2239 exspecta-

578 2255 717 2294 ntus.
753 2243 945 2300 Totum
998 2257 1209 2319 tempus
1262 2253 1331 2308 ab
1385 2255 1556 2310 Adam
1604 2272 1775 2329 usque
1822 2262 1890 2315 ad
1942 2263 2144 2319 Christi

574 2332 929 2403 passionem,
992 2343 1321 2408 pt'azteritum
1365 2353 1597 2415 tempus
1652 2358 1753 2403 est.
1804 2351 1846 2404 A
1899 2355 2147 2421 passione

574 2421 772 2477 Christi
821 2441 991 2495 usque
1025 2431 1091 2511 ad
1141 2434 1280 2487 diem
1307 2432 1517 2503 judicii,
1570 2438 1885 2495 hodiernum
1938 2452 2145 2514 tempus

575 2520 679 2564 est.
708 2512 751 2566 Α
802 2515 886 2569 die
910 2506 1117 2586 judieli,
1152 2523 1368 2591 quando
1391 2522 1504 2591 jam
1536 2542 1763 2598 corpora
1812 2542 1993 2587 nostra
2024 2506 2143 2590 fue-

575 2596 1030 2671 rint‘reformata,
1096 2611 1312 2664 tertium
1356 2623 1565 2681 tempus
1617 2596 1738 2681 erit,
1788 2621 1928 2688 quod
1983 2623 2139 2678 linem

576 2686 776 2744 habere
805 2709 911 2747 non
958 2697 1171 2764 poterit.
1229 2698 1360 2753 Heri
1388 2716 1516 2770 ergo
1568 2704 1621 2757 in
1665 2686 1911 2773 passione
1940 2709 2138 2767 Christi

576 2777 781 2850 reliquit
813 2783 1082 2839 hominem
1109 2786 1295 2854 febris,
1324 2794 1576 2861 quoniam
1609 2795 1855 2853 Christus
1884 2801 2136 2859 vitiorum

575 2880 882 2927 nostrorum
921 2878 1235 2945 peregrinos
1285 2891 1340 2935 et
1382 2884 1713 2943 inordinatos
1762 2887 2029 2964 fervores,
2075 2912 2137 2953 ac
2170 2913 2211 2970 (ς

571 2963 843 3018 variarum
868 2965 1134 3022 incentiva
1163 2969 1444 3027 libidinum
1467 2974 1616 3031 cruci
1646 2982 1756 3032 sua:
1790 2980 1979 3049 aliisit,
2004 2963 2136 3054 quia

570 3056 848 3125 languores
880 3044 1082 3114 nostros
1135 3063 1243 3130 ipse
1271 3065 1422 3129 tulit,
1452 3076 1501 3120 et
1543 3069 1748 3124 dolores
1792 3082 1994 3127 nostros
2024 3044 2145 3145 ipse

570 3145 791 3212 portauit
822 3144 958 3212 (Isa.
998 3162 1116 3213 LIII,
1137 3148 1215 3217 4).
1246 3148 1350 3204 Sed
1377 3161 1482 3205 tam
1512 3170 1761 3225 magnum
1792 3168 2006 3229 tamque
2030 3144 2146 3219 diu-

576 3240 789 3285 turnum
823 3233 955 3297 lteri,
991 3235 1153 3291 horas
1178 3253 1302 3292 suas
1328 3240 1533 3305 habuit,
1563 3231 1686 3298 dum
1725 3263 1769 3316 pi
1792 3262 1820 3301 r
1848 3257 2141 3320 temporum

573 3318 907 3376 incrementa
965 3333 1175 3393 tempus
1225 3330 1449 3397 tempori
1499 3337 1785 3390 successit.
1833 3338 1916 3391 Ah
1957 3318 2140 3397 'Adam

569 3414 714 3467 enim
743 3430 910 3483 usque
936 3418 1000 3470 ad
1037 3415 1167 3483 Noe,
1219 3421 1389 3489 prima
1422 3422 1552 3478 hora
1580 3438 1663 3481 est
1706 3444 1825 3497 quae
1858 3432 1908 3485 in
1940 3434 2141 3490 diluvio

568 3502 793 3558 alterata
817 3505 1098 3583 est.A.Noe
1120 3509 1170 3561 in
1186 3509 1457 3565 Abraham
1482 3518 1731 3583 extende,
1756 3529 1809 3572 et
1842 3521 2025 3575 horam
2056 3538 2143 3577 se-

568 3595 795 3649 cundam
854 3597 905 3649 in
956 3598 1365 3658 circumcisione
1422 3608 1714 3677 perpende.
1776 3609 2012 3665 Tertiam
2071 3614 2139 3667 ab

565 3680 837 3737 Abraham
862 3686 914 3738 in
942 3686 1175 3757 Moysen,
1214 3700 1266 3745 et
1296 3705 1423 3747 cave
1450 3709 1515 3747 ne
1534 3698 1913 3763 praetermittas
1940 3700 2132 3769 legem.

569 3769 828 3835 Quartam
863 3780 905 3829 a'
932 3778 1112 3849 Moyse
1149 3780 1201 3833 in
1231 3781 1420 3848 David,
1460 3783 1641 3852 ibique
1688 3785 1993 3841 Iudaeorum
2046 3806 2137 3845 re—

562 3851 734 3933 gnum
785 3866 975 3923 ﬂorere
1024 3871 1249 3925 videbis.
1301 3851 1563 3938 Quintam
1597 3890 1627 3928 a
1680 3876 1846 3930 David
1878 3894 2044 3948 usque
2071 3882 2155 3947 ad,

570 3963 780 4024 tempus
834 3962 1355 4027 transmigrationis,
1406 3975 1460 4019 et
1508 3965 1668 4020 lsrael
1709 3968 1933 4037 gloriam
1992 3988 2135 4026 mar-

568 4046 746 4101 cnisse
782 4063 884 4101 non
916 4052 1155 4117 negabis.
1187 4053 1309 4106 inde
1331 4063 1536 4107 sextam
1569 4073 1736 4126 usque
1775 4059 1839 4111 ad
1882 4062 2138 4115 nativita-

573 4147 678 4191 tem
705 4141 873 4194 sancti
900 4140 1123 4196 Joannis
1158 4144 1363 4213 dirige,
1388 4145 1565 4215 ibique
1613 4147 1781 4217 lcgcm
1810 4165 1871 4203 ac
1906 4154 2136 4221 prophe-

2278 351 2450 404 mista:
2503 354 2927 418 conquerentis:
2980 355 3344 424 Imperfectum
3386 377 3553 413 ineunt
3606 365 3843 424 rit/erunt

2276 439 2413 492 oculi
2473 442 2548 492 tui
2591 438 3075 510 (’Psul.‘cxxxvnl‘,
3116 448 3245 516 dli).
3308 449 3411 504 Sed
3460 457 3600 521 quod
3642 458 3710 510 illi
3740 461 3863 517 diei.

2276 529 2484 595 defuit,
2555 532 2669 587 dies
2733 543 2916 589 nostra
2962 540 3075 594 dies
3116 550 3322 606 octava,
3387 544 3500 599 dies
3541 548 3679 603 diem
3727 551 3865 617 illu-,

2275 627 2487 682 minans
2510 628 2795 698 supplevit.
2828 632 2968 687 Ecce
3003 636 3199 689 etenim
3224 635 3644 698 Pentatcuchum
3668 628 3869 703 ablato\

2273 713 2440 785 Moysi
2465 716 2729 772 velamine
2755 721 2984 774 revelata
3010 726 3147 778 faeie
3172 725 3413 795 legimus,
3438 742 3490 784 et
3515 732 3837 805 Decaiogum

2272 803 2337 856 ad
2362 803 3031 879 observantiamquinque
3071 827 3321 867 sensuum
3348 826 3659 873 nostrorum
3682 803 3843 890 spiri-

2272 897 2486 951 tualiter
2528 888 2838 969 redigimus,
2884 913 2940 956 et
2964 886 3187 973 quinque
3208 907 3494 972 prudentes
3524 926 3550 962 a
3592 912 3832 981 quinque

2269 985 2429 1042 fatuis
2457 990 2749 1060 virginibus
2775 992 2992 1063 (Matth.
3020 1010 3154 1058 xxv,
3178 996 3231 1066 5)
3269 1008 3687 1066 sequestranms.
3713 1004 3841 1060 Dies

2268 1085 2446 1130 autem
2489 1088 2673 1133 nostra
2718 1081 2866 1136 horis
2906 1083 3186 1137 duodecim
3215 1086 3539 1152 extenditur,
3583 1092 3836 1158 quoniam

2266 1163 2457 1218 civitas
2481 1177 2665 1221 nostra
2712 1170 2879 1237 portis
2916 1171 3192 1226 duodecim
3235 1175 3511 1243 gloriatur,
3555 1177 3838 1236 duodecim

2264 1255 2520 1321 apostolis
2566 1261 2992 1325 commendatur,
3061 1264 3336 1318 duodecim
3390 1269 3588 1333 sportis
3618 1256 3839 1327 divina:

2263 1341 2547 1400 afﬂuentia:
2587 1348 2863 1416 plenitudo
2903 1360 2958 1405 et
3008 1351 3262 1407 Ecclesia:
3303 1354 3556 1411 valetudo
3602 1360 3837 1416 circum-

2262 1431 2452 1489 fertur.
2548 1426 2549 1429 “
3664 1460 3667 1461 ⁷

2276 1548 2280 1552 ·
2330 1523 2577 1594 Cognovit
2607 1543 2726 1598 ergo
2748 1538 2897 1583 oater
2917 1532 3040 1600 quia
3060 1531 3152 1586 illa
3176 1534 3303 1587 hom
3328 1546 3460 1602 erat,
3486 1539 3538 1591 in
3567 1556 3667 1610 qua
3692 1541 3832 1595 dixit

2258 1615 2305 1669 ei
2326 1614 2480 1669 Iesus
2507 1634 2526 1672 :
2561 1615 2747 1672 Filius
2766 1629 2885 1675 tuus
2906 1623 3043 1677 uiuit.
3066 1624 3253 1678 Omnis
3285 1628 3374 1693 qui
3403 1637 3651 1696 tanquam
3684 1645 3835 1699 pater

2259 1720 2356 1758 suo
2383 1716 2577 1773 praeest
2601 1708 2796 1772 animo,
2825 1720 2883 1762 et
2899 1725 2962 1764 ex
2988 1712 3195 1767 ratione
3217 1713 3380 1770 debet
3399 1721 3747 1787 perpendere,
3772 1731 3833 1776 et

2256 1807 2321 1846 ox
2348 1793 2695 1860 servientium
2719 1797 2819 1851 sibi
2843 1812 3095 1854 sensuum
3121 1802 3289 1856 relatu
3331 1816 3493 1874 atque
3515 1807 3834 1876 Scriptura-

2254 1898 2371 1953 rtnu
2408 1874 2748 1940 attestatione
2795 1888 3073 1959 colligere,
3109 1894 3360 1959 quoniam
3415 1896 3663 1952 hesterno
3694 1894 3835 1953 tem-

2254 1988 2384 2041 pore
2440 1975 2490 2026 iu
2544 1975 2767 2042 Chrisﬁ,
2800 1993 2917 2048 qua:
2960 1990 3045 2035 est
3079 1981 3210 2036 hora
3262 1984 3522 2053 septima,
3576 1993 3833 2057 passione

2252 2062 2410 2129 carpit
2436 2061 2646 2118 animus
2668 2063 2897 2121 hominis
2918 2083 3013 2137 per
3040 2069 3197 2125 ﬁdem
3227 2072 3427 2140 vivere,
3457 2077 3557 2130 hoc
3575 2068 3678 2143 est,
3703 2096 3834 2136 cre-

2248 2152 2421 2206 dendo
2452 2155 2590 2210 sicut
2613 2166 2824 2227 oportet
2863 2158 2916 2211 in
2953 2158 3152 2215 Christi
3191 2152 3437 2230 mortem,
3472 2168 3832 2226 meruitillico

2228 2236 2421 2306 ‘vit'am
2454 2245 2722 2312 accipere.
3045 2309 3049 2313 ,

2322 2324 2387 2379 Et
2413 2331 2628 2384 credidit
2652 2332 2778 2401 ipse,
2826 2342 2875 2388 et
2916 2333 3100 2389 domus
3138 2337 3252 2406 ejus
3275 2349 3402 2393 tota.
3426 2341 3611 2398 Credit
3634 2357 3832 2414 pater;

2248 2415 2372 2482 quia
2403 2427 2625 2485 peccato
2649 2417 2757 2487 jam
2788 2433 3065 2491 evacuato,
3096 2428 3249 2495 quasi
3298 2426 3445 2483 febre
3486 2432 3574 2486 ﬁlii
3618 2434 3828 2490 exstin-

2247 2513 2352 2566 cta,
2404 2508 2549 2576 cupit
2593 2508 2985 2579 inexplebiliter
3028 2524 3081 2568 et
3133 2515 3498 2573 indcﬁcienter
3546 2525 3828 2581 adluerere

2244 2594 2487 2651 Domino.
2516 2597 2976 2673 Creditetdamus
3004 2601 3114 2673 ejus
3135 2613 3240 2660 tota
3258 2624 3277 2672 ;
3307 2609 3557 2677 quoniam
3610 2630 3823 2685 omnes,

2243 2685 2335 2755 qui
2369 2686 2419 2738 in
2472 2685 2587 2760 ipso
2621 2698 2766 2757 sunt,
2794 2692 2988 2749 animm
3019 2703 3192 2749 motus
3232 2695 3349 2765 ejus
3397 2698 3653 2769 voluntati
3684 2705 3821 2759 ohe-

2242 2774 2414 2842 diunt,
2462 2788 2517 2833 et
2557 2777 2622 2852 de
2650 2780 2849 2836 virtute
2899 2783 2953 2836 in
2999 2784 3251 2840 virtutem
3302 2787 3608 2856 proﬁciunt,
3658 2802 3715 2847 ut
3749 2810 3816 2850 es

2244 2866 2355 2937 ipsa
2378 2858 2764 2926 consuetudine
2785 2870 2897 2942 jam
2934 2875 3077 2928 velut
3114 2886 3375 2946 cogantur
3400 2879 3738 2936 benefacere.

2318 2955 2412 3011 llis
2438 2959 2510 3011 ita
2536 2959 2824 3025 discussis,
2846 2967 3012 3017 tot'am
3038 2966 3210 3021 adhuc
3234 2982 3298 3020 ex
3323 2968 3508 3022 ordine
3531 2972 3816 3028 lectionem

2246 3052 2481 3102 nrcv‘ter
2505 3048 2751 3105 volumus
2794 3062 3056 3119 repetere,
3104 3066 3160 3109 ut
3195 3062 3458 3125 possimus
3497 3071 3549 3114 et
3581 3078 3662 3129 ea,
3694 3081 3817 3133 qua:

2246 3137 2421 3191 adhuc
2458 3136 2615 3216 aliter
2657 3139 2723 3194 de
2764 3140 2849 3193 illa
2876 3144 3160 3209 sentimus,
3188 3149 3415 3214 aperire.
3447 3149 3575 3205 Erat
3596 3156 3812 3221 quidam

2248 3226 2474 3296 regulus,
2503 3213 2610 3283 etc.
2632 3227 2873 3297 Quatuor
2892 3232 3138 3290 homines
3161 3233 3214 3290 in
3240 3235 3523 3305 Evangelia
3552 3213 3812 3298 Dominus

2243 3317 2311 3370 ad
2340 3318 2503 3371 vitam
2532 3320 2835 3374 revocavit:
2864 3320 3035 3376 istum
3059 3324 3224 3391 reguli
3253 3324 3440 3389 lilium,
3472 3328 3571 3396 qui.
3595 3330 3814 3397 incipio-

2244 3405 2327 3458 bat
2355 3407 2503 3468 mori,
2536 3413 2590 3461 et
2616 3407 2935 3477 significavit
2956 3412 3198 3480 spiritum
3225 3413 3454 3469 hominis
3474 3418 3561 3484 qui
3585 3433 3680 3486 per
3702 3420 3810 3476 ini-

2244 3500 2373 3553 tium
2389 3513 2681 3555 consensus
2692 3502 3240 3571 pravtedclectationis
3257 3507 3575 3563 intrinsecus
3590 3511 3811 3568 inchoat

2241 3590 2372 3642 mori
2393 3605 2406 3653 ;
2428 3597 2481 3644 et
2499 3589 3144 3659 puellamjammortuam,
3164 3597 3253 3650 sed
3278 3598 3450 3653 adhuc
3471 3600 3626 3654 domo
3648 3601 3799 3655 clam-

2240 3694 2381 3747 sam,
2427 3695 2548 3749 quae
2596 3681 2919 3749 signiﬁcavit
2976 3695 3207 3739 mentem
3258 3687 3489 3742 hominis
3534 3689 3800 3747 introrsus
3872 3768 3875 3771 ν

2239 3784 2333 3839 per
2354 3785 2677 3826 consensum
2696 3771 2891 3843 iniquae
2918 3773 3291 3832 delectationis
3313 3790 3595 3839 mortuam.
3629 3794 3680 3836 et
3706 3800 3808 3851 per

2240 3846 2492 3914 latentem
2562 3861 2713 3929 pravi
2762 3862 2941 3931 operis
3009 3867 3457 3935 perpetrationem
3492 3887 3505 3934 ;
3546 3870 3803 3938 juvenem

2240 3968 2453 4023 quoque
2482 3954 2715 4011 delatum
2739 3966 2890 4009 extra
2914 3965 3146 4025 portam,
3176 3958 3266 4025 qui
3297 3958 3594 4037 designavit
3626 3960 3804 4014 homi-

2240 4060 2381 4109 nem,
2414 4044 2565 4113 cujus
2608 4046 2863 4114 spiritalis
2910 4060 3053 4100 mors
3084 4046 3297 4123 publice
3335 4057 3483 4115 patet
3512 4050 3561 4127 in
3605 4065 3800 4118 opere;

2238 4136 2331 4189 sed
2370 4145 2423 4189 et
2451 4134 2712 4189 Lazarum
2736 4135 3148 4206 q‘uatriduanum
3178 4152 3242 4191 ac
3265 4136 3507 4201 fetidum,
3527 4140 3614 4207 qui
3637 4140 3804 4209 sigri-

554 4228 655 4280 ‘tas
694 4227 889 4279 habere
919 4229 1075 4284 ﬁnem
1096 4232 1366 4299 intelligo.
1397 4231 1691 4301 Septimam
1726 4236 1792 4289 ab
1821 4245 1938 4290 ortu
1961 4240 2133 4293 sancti

2254 4228 2429 4282 licavit
2461 4240 2798 4295 peccatorem
2843 4230 2996 4299 longa
3028 4228 3407 4282 consuetudine
3442 4229 3707 4298 jacoutem
3744 4233 3798 4285 in

566 4315 795 4372 Joannis
834 4335 1007 4385 usque
1039 4321 1103 4372 ad
1154 4323 1453 4389 passionem
1504 4325 1796 4383 Salvatoris
1836 4330 2039 4393 metire,
2086 4338 2139 4384 et

570 4406 641 4461 ibi
668 4410 829 4463 totius
857 4412 1035 4463 mundi
1064 4424 1269 4466 reatum
1300 4417 1611 4471 cruciﬁxum
1640 4419 1865 4487 collige.
1905 4420 2026 4475 llarc
2053 4429 2138 4475 est

568 4501 712 4553 enim
742 4501 874 4553 hora
907 4501 1145 4569 septima,
1185 4500 1237 4555 in
1288 4521 1391 4573 qua
1438 4508 1613 4575 febris,
1666 4510 1892 4563 docente
1919 4521 1971 4564 et
2022 4527 2136 4567 mo-

568 4601 730 4645 nente
765 4590 1004 4657 Christo,
1035 4597 1272 4647 animum
1308 4606 1547 4650 nostrum
1589 4600 1736 4666 quasi
1774 4601 1935 4670 reguli
1966 4600 2134 4655 lilium

568 4680 795 4750 reliquit.
841 4683 905 4735 Et
949 4699 1075 4738 cccc
1115 4672 1226 4754 jam
1275 4686 1327 4739 in
1384 4696 1574 4740 octava
1616 4702 1814 4749 sumus,
1856 4696 2015 4757 atque
2040 4707 2134 4760 pro

569 4782 748 4825 octava
797 4774 1021 4828 Domino
1052 4779 1314 4851 psalmum
1366 4779 1733 4833 dccantamus.
1764 4780 1959 4836 Sumus
1987 4782 2132 4836 enim

572 4861 625 4914 in
655 4862 883 4928 quadam
923 4869 1331 4924 resurrectionis
1366 4869 1555 4939 gloria,
1594 4869 1645 4923 in
1684 4868 1909 4938 quadam
1955 4872 2126 4926 hone-

571 4950 724 5003 statis
761 4943 1083 5018 eminentia,‘
1103 4966 1161 5011 ut
1196 4946 1299 5012 non
1329 4959 1399 5013 sit
1423 4959 1531 5029 jam
1565 4960 1704 5029 quod
1734 4960 2007 5017 doleamus
2030 4961 2131 5015 nisi

572 5037 710 5093 forte
741 5041 1085 5098 morticinom
1131 5046 1341 5116 aliquod
1374 5060 1489 5118 post
1519 5050 1771 5119 baptismi
1807 5043 2145 5107 lavationem

566 5110 802 5181 'ultronei
834 5130 1186 5199 tetigcrlmus.
1223 5110 1412 5205 itaque
1453 5110 1663 5207 tempus
1694 5140 2041 5208 praeteritum,
2073 5149 2131 5195 ut

574 5213 1036 5285 imperfectionem
1098 5240 1250 5280 suam
1305 5229 1665 5292 demonstret,
1718 5239 1943 5298 septem.
1984 5232 2129 5286 horis

572 5321 992 5368 consummatur.
1044 5314 1174 5370 Nam
1208 5318 1250 5371 si
1304 5319 1443 5373 diem
1499 5320 1791 5389 perfectam
1831 5322 2124 5389 habuisset,

534 5390 537 5391 ⁷
573 5397 723 5452 horis
755 5399 1032 5457 duodecim
1063 5407 1426 5463 clauderetur.
1487 5413 1686 5465 Desunt
1732 5413 1995 5466 hesterna:
2022 5414 2124 5467 diei

572 5490 718 5545 bene
742 5491 973 5561 quinque
994 5508 1048 5550 ut
1074 5492 1429 5572 inteiligamus
1444 5502 1566 5571 quia
1589 5504 1723 5559 nihil
1740 5506 1818 5559 lex
1844 5514 1896 5561 et
1922 5512 2005 5558 lett
2030 5519 2127 5572 ptis

2243 4319 2446 4373 tuumlo
2485 4319 2772 4375 mortifera:
2807 4320 3250 4387 conversationis,
3281 4329 3334 4375 et
3358 4334 3697 4392 spargentem
3731 4325 3798 4379 de

2239 4427 2298 4466 se
2326 4413 2546 4467 fetorem
2586 4412 2813 4467 sordidae
2860 4414 3141 4481 opinionis.
3189 4412 3246 4466 In
3294 4412 3380 4466 bis
3407 4428 3534 4482 ergo
3566 4424 3798 4481 quatuor

2238 4502 2425 4556 mortis
2449 4503 2723 4571 gradibus,
2769 4503 2867 4566 iste
2891 4502 2982 4569 qui
3012 4516 3151 4559 nunc
3182 4494 3346 4570 reguli
3374 4501 3511 4555 ﬁlius
3550 4503 3795 4561 laborare

2238 4592 2584 4658 describitur,
2615 4602 2697 4647 est
2731 4593 2954 4661 primus.
3001 4591 3111 4646 Nec
3137 4601 3219 4645 est
3262 4590 3366 4643 ulla
3400 4592 3450 4644 in
3476 4594 3574 4647 hoc
3595 4596 3793 4649 sarculo

2239 4698 2385 4737 mors
2431 4682 2643 4747 animae,
2687 4682 2789 4736 nisi
2834 4680 3014 4748 fallor,
3048 4695 3165 4748 qua:
3214 4680 3268 4733 in
3316 4679 3491 4749 aliquo
3531 4682 3791 4751 graduum

2237 4773 2457 4827 istorum
2490 4789 2594 4827 non
2632 4772 2966 4835 inveniatur;
3001 4780 3055 4824 et
3095 4770 3295 4825 idcirco
3331 4770 3585 4826 Dominus
3604 4786 3791 4827 onmcs

2236 4864 2366 4919 istos
2403 4865 2749 4927 rcsuscitasse
2789 4862 3125 4926 describitur,
3166 4869 3223 4914 ut
3262 4876 3447 4914 omnes
3487 4862 3788 4937 animarum

2206 4952 2437 5010 'mortes
2478 4956 2543 5007 ad
2585 4955 2745 5009 vitam
2806 4952 3099 5007 reformare
3138 4960 3505 5019 monstretur.
3562 4951 3665 5005 Sed
3722 4955 3789 5006 ad

2234 5044 2516 5101 lectionem
2548 5044 2905 5113 reSpiciamus

2302 5135 2432 5187 Erat
2458 5135 2665 5203 quidam
2696 5134 2918 5204 regulus,
2951 5136 3099 5218 cujus
3130 5134 3271 5199 ﬁlius
3303 5132 3663 5200 inﬁrmabatur
3689 5128 3787 5218 ορ-

2230 5230 2541 5295 pltaruaum.
2588 5226 2808 5297 Regulus
2851 5210 2972 5290 iste,
3015 5226 3149 5279 ratio
3200 5239 3303 5277 non
3348 5222 3788 5277 iuconvenienter

2230 5321 2541 5391 intelligitur
2574 5336 2586 5373 :
2628 5322 2767 5389 ﬁlius
2797 5321 2930 5390 eius,
2963 5320 3227 5386 cogitatus
3256 5316 3346 5385 qui
3372 5330 3439 5369 ex
3478 5313 3781 5369 rationabili

2227 5429 2386 5469 sensu
2421 5414 2677 5467 nascitur.
2706 5412 2833 5477 Erat
2873 5412 3083 5480 quidam
3114 5409 3337 5477 regulus,
3366 5408 3415 5461 id
3440 5417 3518 5463 est
3544 5407 3781 5461 rationa-

2230 5502 2350 5558 bilis
2393 5518 2601 5565 sensus,
2646 5502 2798 5571 Cujus
2849 5500 3084 5570 potentia
3133 5496 3399 5567 defectupt
3449 5496 3785 5589 patiebatur,
