4190 6200
318 230 441 323 '669

1360 236 1663 309 uestitu;
1699 255 1784 309 ET
1827 253 2393 309 EXIlOltTATlONlﬁS

3434 253 3537 306 070

339 377 490 432 cujus
512 360 745 431 spiritale
765 377 981 432 regnum
1004 348 1173 415 fuerat
1198 361 1729 432 imminutttm.Cujus
1744 364 1883 431 ﬁlius
1914 376 1956 421 Α
1983 374 2063 416 est
2086 373 2141 416 ut
2172 366 2221 417 hi
2271 365 2511 421 nuntient
2558 364 2736 429 regulo
2799 366 2959 419 vitam
3006 365 3095 420 lilii
3130 364 3232 428 sui,
3278 375 3537 432 qttatcnus

340 450 725 518 ili/innabatur,
757 450 809 503 id
837 458 917 502 est
948 447 1095 514 cujus
1122 448 1386 517 cogitatus
1414 458 1465 502 et
1502 450 1722 518 spiritus
1746 451 1893 503 inlir-

341 541 501 593 mitcr
531 539 813 593 resistebat
839 536 1039 603 peccati
1068 536 1532 592 delectationibus.
1580 538 1893 602 lii/innuba-

343 639 430 682 tur
454 638 630 681 autem
675 628 725 679 in
757 624 1141 693 Cap/tarnaum.
1182 626 1542 693 Caplmruaum
1572 636 1892 681 vero.tnter-

340 700 581 784 pretatur
614 706 734 779 ager
768 711 1129 766 consolationis
1168 723 1220 766 et
1254 714 1374 766 villa
1415 716 1809 780 consolationis,
1840 723 1894 769 et

339 804 607 872 s'gnilicat
635 802 776 856 hunc
811 803 1087 867 mundum,
1114 804 1164 857 in
1194 820 1299 873 quo
1330 807 1673 873 temporalem
1698 802 1903 861 habent

341 892 758 949 consolationem
800 893 894 958 illi,
925 893 1118 961 quibus
1149 893 1342 946 dicitur
1370 911 1383 946 :
1430 894 1514 947 Va:
1546 897 1683 949 vobis
1720 896 1895 948 diviti-

344 987 460 1046 bus,
491 984 577 1051 qui
598 982 791 1035 habetis
814 982 1215 1035 consolationem
1257 992 1474 1035 vestram
1498 982 1647 1048 (Luc.
1678 1000 1749 1047 vt,
1780 984 1893 1053 24),

344 1085 401 1130 et
450 1076 513 1127 de
553 1090 657 1141 quo
696 1063 918 1141 legimus
951 1075 1072 1141 quia
1116 1091 1239 1143 ager
1282 1086 1355 1128 est
1409 1077 1629 1129 mundus
1682 1077 1892 1145 (Matth.

347 1180 463 1228 xm,
493 1164 601 1234 58).
637 1164 1010 1231 Inﬁrmabatur
1030 1179 1156 1233 ergo
1189 1165 1242 1218 itt
1281 1163 1667 1232 Capharnaum,
1698 1167 1818 1234 quia
1845 1168 1894 1221 in

346 1251 813 1322 prosperitatibus,
872 1260 925 1305 et
968 1252 1193 1316 divitiis,
1218 1262 1376 1321 atque
1426 1252 1698 1308 blanditiis
1744 1254 1898 1321 hujus

346 1339 527 1395 neuti
576 1340 714 1393 vires
751 1340 991 1393 internas
1040 1342 1344 1405 amittebat,
1393 1350 1451 1393 ut
1488 1340 1597 1407 jam
1650 1344 1899 1397 resistere

347 1429 523 1483 noxiis
550 1427 991 1482 delectationibus
1019 1445 1120 1483 non
1152 1429 1372 1482 valeret.
1401 1428 1501 1482 llic
1524 1445 1650 1499 ergo
1670 1432 1896 1499 regulus,

347 1518 400 1572 id
428 1528 509 1572 ('Sl
532 1517 862 1572 rationabilis
885 1534 1093 1586 sensus,
1123 1536 1237 1572 cum
1269 1506 1297 1573 a
1330 1520 1641 1573 doctoribus
1668 1522 1895 1574 audisset

344 1610 470 1677 quia
507 1606 658 1661 Jesus
691 1608 948 1689 adreniret
996 1628 1025 1661 a
1048 1609 1233 1662 Judtra
1274 1610 1334 1687 in
1391 1609 1685 1673 Calilwam,
1742 1611 1791 1663 id
1817 1619 1899 1664 est

346 1699 470 1767 quia
500 1696 744 1752 Salvator
772 1680 979 1754 veniret
1024 1716 1052 1753 a
1096 1684 1427 1755 coales‘sione
1474 1715 1815 1770 peccatorum
1844 1704 1895 1756 in
1922 1672 1973 1739 Β

334 1780 873 1857 transmigrationetn
902 1798 1279 1857 perpetratum,
1324 1791 1421 1844 hoc
1454 1801 1533 1844 est
1562 1791 1627 1843 ad
1658 1807 1769 1854 eos,
1808 1792 1896 1860 qui

351 1875 414 1928 ad
444 1876 775 1944 Iniquitatent
824 1879 1355 1947 transmigraverant,
1398 1879 1522 1931 abiit
1567 1880 1634 1931 ad
1678 1896 1813 1942 eum,
1848 1880 1900 1934 id

344 1974 428 2020 est
464 1979 560 2033 per
601 1979 820 2033 spernet
859 1970 1193 2022 devotionem
1231 1968 1460 2021 acceSsit
1498 1968 1810 2037 spiritaliter
1833 1970 1899 2022 ad

345 2070 485 2118 eunt,
518 2066 574 2108 ut
600 2072 718 2110 cum
767 2058 831 2109 ad
879 2072 937 2111 se
975 2059 1302 2111 deduceret:
1350 2067 1395 2110 et
1448 2058 1658 2124 rogabat
1699 2073 1812 2111 eum
1847 2068 1900 2111 ut

346 2144 690 2211 descenderet,
724 2147 822 2199 hoc
856 2156 939 2201 est
974 2147 1389 2200 misericordiam
1418 2163 1566 2223 suam
1602 2148 1897 2215 inclinaret,

344 2242 394 2286 et
416 2243 620 2287 sanaret
650 2236 939 2303 cogitatum
969 2236 1083 2304 ejus
1113 2236 1178 2289 de
1210 2238 1571 2293 imbecillitate
1610 2240 1898 2293 resistendi

346 2320 618 2383 blanditiis
647 2340 663 2375 :
691 2324 966 2391 incipiebat
1002 2324 1136 2377 enim
1184 2327 1331 2389 mori,
1372 2326 1424 2380 id
1466 2338 1550 2380 est
1599 2331 1901 2383 consentire

348 2412 598 2478 peccatis.
1036 2406 1037 2409 “

419 2499 557 2550 Dixit
585 2516 702 2568 ergo
722 2499 875 2553 Jesus
894 2502 960 2553 ad
981 2518 1117 2565 eum,
1138 2503 1417 2569 increpans
1438 2504 1487 2556 in
1509 2518 1574 2557 eo
1599 2504 1900 2558 tarditatem

345 2600 531 2638 eorum
574 2586 663 2653 qui
711 2587 956 2639 ltwsitaut
987 2588 1037 2639 itt
1081 2588 1183 2641 [ide
1214 2606 1225 2639 :
1258 2587 1376 2641 Nisi
1397 2591 1546 2657 signa
1582 2602 1628 2642 et
1663 2590 1899 2657 prodigia

347 2673 596 2735 videritis,
623 2690 722 2726 non
752 2674 975 2726 creditis.
1004 2674 1123 2727 Non
1151 2676 1353 2728 creditis
1377 2675 1634 2742 judicium
1662 2676 1898 2730 futuram

348 2764 644 2817 securitate
701 2773 989 2833 torpentes,
1046 2766 1145 2817 nisi
1193 2766 1525 2820 mirabilibus
1572 2768 1895 2821 excitemini.

352 2855 605 2910 Videntcs
655 2858 795 2910 enim
848 2859 992 2927 signa
1044 2857 1216 2923 solent
1270 2858 1565 2926 huiusmodi
1623 2861 1896 2915 hominum

350 2956 558 3000 tuentes
599 2949 811 3010 terreri,
838 2957 891 3000 et
929 2950 1148 3001 credere
1190 2955 1256 3000 ad
1294 2950 1495 3003 horam.
1540 2950 1659 3003 Non
1691 2953 1895 3006 creditis

349 3035 615 3087 mandatis
640 3037 788 3098 meis,
816 3036 937 3103 quia
964 3051 1066 3089 non
1086 3051 1147 3089 ea
1175 3036 1377 3101 facitis;
1414 3056 1516 3092 non
1540 3040 1745 3093 creditis
1770 3056 1894 3106 pro-

347 3124 688 3177 tnTssionibus
722 3125 882 3188 meis,
914 3126 1162 3193 quoniam
1203 3125 1299 3178 has
1330 3142 1568 3194 quaerere
1609 3128 1893 3197 negligitis.

349 3211 514 3279 Signa
542 3222 587 3265 et
622 3214 858 3280 prodigia
889 3223 1011 3266 sunt
1046 3212 1196 3267 vobis
1235 3216 1553 3278 necessaria,
1585 3226 1640 3267 ut
1670 3231 1765 3285 per
1791 3218 1901 3272 hinc

352 3302 510 3353 tidem
532 3319 648 3369 quia
672 3318 764 3370 per
780 3304 1079 3355 cltaritatem
1104 3312 1364 3369 operatur,
1390 3302 1747 3357 adducamini.
1765 3304 1901 3358 Dicit

345 3391 418 3444 ad
460 3407 574 3443 eum
626 3392 849 3459 regulus,
903 3393 952 3445 in
980 3392 1212 3460 potentia
1272 3391 1568 3446 minoratus
1602 3411 1615 3445 :
1647 3393 1888 3457 Domine,

346 3482 618 3545 descende,
645 3482 695 3535 id
720 3476 799 3537 est
824 3482 1138 3536 beneﬁcium
1170 3490 1273 3534 tute
1297 3482 1615 3537 visitationis
1645 3494 1735 3535 aut
1758 3498 1904 3537 com-

344 3572 615 3643 passionis
642 3573 708 3627 ad
755 3589 839 3628 me
885 3572 1174 3627 clementer
1210 3572 1447 3638 humilia,
1498 3574 1796 3643 priusquam
1836 3589 1902 3627 ex

351 3670 467 3717 toto
496 3678 590 3732 per
616 3673 1043 3720 consummatum
1074 3664 1280 3731 peccati
1302 3677 1617 3717 consensum
1648 3665 1905 3715 moriatur

348 3755 613 3822 cogitatus
630 3772 789 3809 meus.

422 3843 559 3897 Dicit
580 3846 627 3897 ei
645 3844 829 3901 Jesus’:
854 3844 1012 3912 Vade,
1043 3846 1091 3899 id
1121 3855 1224 3912 est,
1250 3847 1515 3901 collabora
1540 3848 1725 3915 gratia:
1751 3861 1901 3911 meas,

349 3934 637 4003 prollciens
666 3936 720 3987 in
749 3935 904 3988 bonis
947 3937 1197 4003 Oper-ibus
1233 3953 1352 3989 cum
1377 3937 1639 4003 adjutorio
1672 3951 1817 4000 meo;
1851 3946 1905 3989 et

349 4026 431 4079 sic
457 4024 596 4091 ﬁlius
627 4024 804 4078 cordis
830 4024 900 4078 tui
929 4024 1222 4092 profectum
1245 4026 1463 4092 jllSlllltC
1491 4026 1629 4078 vit-it.
1675 4026 1901 4077 Credidit

349 4116 523 4177 homo,
550 4112 601 4165 id
631 4121 712 4167 est
741 4113 993 4167 obediens
1022 4113 1120 4166 fuit
1148 4116 1302 4178 ratio,
1330 4116 1551 4165 sermoni
1597 4129 1743 4180 quem
1771 4113 1901 4163 dixit

348 4221 399 4257 et
423 4202 596 4267 Jesus,
629 4210 673 4254 et
703 4202 827 4265 tbat,
865 4204 1223 4271 promovendo
1249 4216 1305 4256 sc
1328 4202 1379 4254 in
1401 4201 1741 4269 viajustitiaa.

1922 2989 1969 3048 C

1996 453 2133 523 hunc
2183 455 2539 507 indubitanter
2594 454 2772 507 vivere
2809 454 2971 516 sciat;
3017 454 3140 521 quia
3199 470 3303 507 nou
3369 461 3541 521 potest

1998 544 2134 595 ratio
2164 544 2426 596 veraciter
2464 558 2757 611 agnoscere
2799 544 3083 608 cogitatum
3134 559 3287 596 suum
3337 543 3539 605 vivere,

1956 620 1959 625 λ
1995 634 2095 685 nisi
2128 634 2238 701 ejus
2264 633 2425 684 vitam
2454 648 2613 698 opera
2647 632 2780 685 bona
2805 632 2906 685 sibi
2940 641 3140 685 certant
3172 632 3539 685 indicaverint.

1996 718 2107 771 Non
2140 721 2280 771 enim
2312 720 2413 775 sibi
2449 720 2645 789 aliquis
2698 721 2855 773 debet
2878 720 3116 781 credere,
3157 722 3408 789 quidquid
3439 721 3538 773 sibi

1995 810 2204 861 animus
2225 809 2287 860 de
2311 810 2574 879 cogitatus
2605 810 2686 863 sui
2723 812 2829 863 vita
2861 810 2976 863 sine
3002 810 3179 876 operis
3205 810 3541 865 atlestationc

1998 898 2289 973 respondit.
2320 897 2373 950 Si
2400 899 2541 969 enim
2570 899 2836 951 veraciter
2861 897 3083 950 interius
3116 888 3240 947 vivit
3262 897 3538 963 cogitatus,

1995 1003 2115 1041 mox
2152 988 2203 1039 itt
2257 1001 2417 1054 opere
2460 995 2851 1053 eompommtur
2883 984 3177 1038 exteriores
3218 993 3406 1036 motus.
3448 984 3537 1035 ln-

1994 1076 2289 1142 terroqabat
2318 1090 2460 1141 ergo,
2497 1074 2547 1126 id
2574 1083 2655 1127 est
2678 1074 2945 1125 subtiliter
2986 1070 3338 1139 investigabat
3363 1072 3538 1122 horum

1996 1162 2056 1212 ab
2090 1162 2160 1213 eis
2190 1200 2204 1223 ,
2246 1162 2299 1211 in
2344 1152 2459 1227 qua
2499 1160 2679 1212 melius
2730 1159 2983 1212 habuerit.
3033 1159 3203 1225 Opera
3256 1150 3396 1210 enim
3452 1172 3544 1223 per

1995 1256 2230 1307 membra
2259 1254 2497 1320 corporis
2523 1252 2779 1312 exhibita,
2808 1252 2907 1304 hoc
2937 1252 3251 1317 respondere
3277 1260 3541 1316 poterant.

2068 1345 2133 1396 Et
2164 1346 2430 1407 dixerunt,
2463 1344 2512 1397 id
2558 1353 2637 1397 est
2667 1356 2827 1396 causa
2873 1328 3196 1408 intelligendi
3233 1340 3468 1402 luerunt,
3499 1338 3545 1389 ei

1996 1435 2116 1501 quia
2135 1435 2264 1495 lteri,
2293 1434 2346 1487 id
2372 1442 2451 1486 est
2479 1433 2527 1485 itt
2552 1432 2941 1499 prmteritorum
2970 1429 3334 1484 reCordationc
3356 1443 3543 1495 pecca-

2001 1534 2200 1587 torum,
2258 1524 2310 1575 in
2358 1523 2483 1574 liora
2527 1524 2761 1589 septima,
2817 1521 2915 1574 hoc
2965 1529 3043 1572 est
3099 1519 3150 1575 iu
3202 1517 3548 1586 inspiratione

2000 1611 2326 1683 scptiformis
2357 1610 2610 1678 Spiritus,
2650 1611 2850 1679 reliquit
2874 1626 2988 1663 eum
3014 1609 3189 1677 febris,
3227 1610 3275 1660 id
3301 1616 3381 1661 cst
3420 1623 3547 1661 con-

2000 1702 2357 1757 suetudinaria
2386 1710 2438 1753 et
2465 1698 2671 1752 fervens
2707 1714 2767 1752 ac
2808 1700 3032 1751 tremula
3063 1698 3414 1753 imbecillitas.
3452 1694 3543 1749 Vel

2000 1792 2129 1854 lteri,
2168 1791 2217 1843 id
2244 1799 2326 1843 est
2364 1790 2485 1853 dum
2528 1796 2669 1840 esset
2705 1802 2884 1840 coram
2928 1789 3033 1841 Deo
3071 1788 3121 1840 in
3161 1787 3421 1857 oratione,
3462 1801 3544 1837 re—

2001 1880 2148 1949 liqui;
2174 1879 2464 1947 cogitatum
2497 1891 2649 1929 suum
2696 1874 2871 1943 febris.
2910 1876 3032 1928 Dies
3074 1876 3265 1943 quippe
3298 1874 3368 1926 illi
3398 1881 3544 1936 erat,

2001 1970 2123 2023 dum
2155 1970 2267 2039 ipse
2295 1969 2403 2022 Deo
2427 1969 2477 2021 in
2508 1966 2951 2036 contemplatione
2977 1973 3031 2019 et
3062 1966 3305 2017 oratione
3328 1963 3547 2015 assiste--

2003 2070 2110 2127 ret;
2149 2062 2240 2115 sed
2286 2074 2388 2112 nox
2441 2058 2583 2113 laeta
2627 2067 2728 2121 est,
2766 2057 2891 2109 dum
2943 2056 3008 2108 ad
3053 2054 3284 2121 seipsum
3331 2052 3547 2105 rediret.

2002 2134 2222 2210 Deinde,
2252 2163 2371 2200 cum
2394 2161 2554 2215 opera
2584 2160 2879 2210 sensusque
2899 2158 3025 2196 suos
3050 2141 3193 2194 clara
3223 2140 3415 2203 mentis
3435 2139 3553 2191 luce

2000 2237 2278 2304 vigilanter
2324 2235 2606 2302 aspiceret,
2634 2232 2748 2299 dies
2773 2233 2845 2284 illi
2873 2231 3113 2298 quaedam
3152 2228 3403 2281 radiavit.
3438 2227 3551 2280 1Non

2002 2335 2177 2378 tamen
2208 2326 2259 2376 in
2287 2322 2514 2385 hac,sed
2541 2323 2591 2374 in
2610 2320 2883 2388 praeterita
2912 2318 3016 2382 die,
3036 2317 3084 2369 id
3112 2327 3190 2370 est
3215 2332 3317 2390 non
3341 2316 3555 2383 quando

2002 2414 2101 2469 sibi
2136 2412 2233 2480 ipsi
2286 2411 2510 2479 vigilans
2557 2410 2880 2474 attendebat,
2906 2406 2997 2460 sed
3031 2405 3244 2473 quando
3277 2405 3383 2457 Deo
3432 2420 3553 2472 prc-

2003 2511 2154 2556 cator
2198 2499 2499 2563 assistebat,
2554 2497 2756 2563 reliquit
2813 2496 3023 2548 interna
3072 2493 3228 2559 {ebrii
3259 2495 3553 2560 cogitatum

2001 2593 2152 2661 quasi
2184 2591 2346 2643 lilium
2378 2588 2553 2642 cordis
2575 2586 2674 2639 sui.
2702 2584 2767 2637 Et
2791 2584 2991 2653 reliquit
3021 2599 3136 2635 eum
3164 2584 3292 2635 liora
3317 2578 3553 2649 septima,

2003 2682 2055 2734 id
2091 2692 2171 2734 est
2199 2680 2251 2732 in
2292 2677 2679 2731 illuminatione
2702 2672 3031 2741 septiformis
3057 2672 3257 2742 gratiae.
3304 2671 3548 2740 Cognovit

2000 2787 2119 2838 ergo
2143 2779 2307 2837 pater,
2336 2768 2386 2820 id
2416 2776 2497 2819 est
2529 2766 2688 2817 etiam
2720 2764 3021 2817 admonitus
3043 2762 3413 2830 experimento
3435 2776 3557 2814 car-

2000 2858 2198 2911 nalium
2232 2871 2483 2910 sensuum
2525 2863 2579 2908 et
2607 2863 2817 2905 artuum
2866 2851 3348 2927 obtemperantiUm
3371 2849 3471 2903 sibi
3503 2850 3559 2913 lu

1999 2949 2191 3002 bonum
2214 2945 2591 3000 animadvertit
2618 2942 2891 2995 rationalis
2916 2957 3105 3003 sensus
3126 2956 3139 3004 ;
3162 2940 3281 3009 quia
3312 2940 3399 2992 illa
3428 2944 3553 2991 hora

2000 3047 2128 3101 erat,
2170 3037 2220 3090 in
2259 3053 2359 3105 qua
2407 3035 2535 3087 dixit
2564 3034 2609 3086 ei
2628 3031 2789 3102 ‘Jcsus
2820 3048 2836 3083 :
2869 3030 3036 3084 Filius
3066 3041 3183 3083 tuus
3226 3031 3361 3091 vivit,
3393 3030 3443 3081 id
3475 3038 3557 3083 est

2001 3129 2054 3182 in
2088 3146 2189 3196 qua
2240 3128 2388 3196 prius
2423 3119 2577 3193 spent
2614 3123 2728 3188 ejus
2761 3122 2931 3176 erexit
2981 3121 3046 3174 de
3095 3120 3264 3173 salute
3290 3120 3554 3187 cogitatus

2002 3220 2105 3273 sui.
2140 3216 2203 3269 Et
2238 3218 2393 3269 credit
2423 3217 2527 3281 ipse
2554 3212 2827 3266 rationalis
2863 3224 3050 3264 sensus
3077 3212 3167 3278 qui
3231 3210 3377 3275 prius
3431 3221 3552 3276 pero

2004 3309 2139 3362 lecte
2170 3324 2272 3361 non
2301 3306 2570 3368 credebat,
2601 3312 2647 3357 et
2683 3303 2866 3354 domus
2907 3301 3017 3369 ejus
3069 3309 3197 3362 tota,
3230 3299 3279 3351 id
3310 3308 3390 3350 est
3432 3296 3552 3355 uni-

2004 3414 2159 3453 versa
2187 3396 2468 3451 multitudo
2517 3388 2899 3462 cogitationum
2948 3390 3140 3443 mentis
3183 3390 3318 3457 ejus.
3350 3387 3415 3440 Et
3460 3400 3555 3440 nos

2005 3489 2183 3556 itaque
2227 3486 2541 3541 bcnetieium
2613 3486 2713 3538 hoc
2790 3482 3085 3536 Salvatoris
3140 3487 3552 3547 cognoscentes,

2003 3579 2327 3639 Studeamus,
2355 3575 2399 3629 si
2428 3572 2645 3627 neceSse
2672 3571 2855 3635 fuerit,
2880 3570 2931 3623 in
2956 3570 3108 3623 nobis
3138 3569 3263 3637 ipsis
3284 3569 3384 3622 hoc
3416 3569 3554 3621 idem

2002 3668 2264 3739 experiri;
2302 3674 2360 3739 ut
2388 3664 2632 3732 quisquis
2666 3661 2952 3730 cogitatum
2983 3674 3161 3721 suum,
3191 3658 3340 3725 quasi
3368 3657 3552 3722 ﬁlium,

2004 3757 2196 3811 viderit
2224 3757 2363 3808 inter
2390 3751 2667 3806 illecebras
2698 3741 3104 3803 delectationum
3144 3745 3415 3814 languere,
3449 3762 3550 3798 non

2005 3846 2143 3899 sinet
2181 3857 2302 3897 eum
2356 3855 2424 3894 ex
2476 3847 2607 3901 toto,
2656 3836 2796 3891 sicut
2832 3835 2992 3888 ﬁliam
3020 3833 3416 3901 arehisynagOgi
3463 3846 3557 3899 per

2005 3945 2322 3987 consensum
2348 3925 2827 3980 delectationum’et
2852 3937 2945 3991 per
2969 3921 3233 3974 actionem
3265 3920 3430 3983 mori;
3458 3920 3549 3971 sed

2004 4028 2259 4075 occurrat
2286 4015 2548 4069 Salvatori
2577 4013 2801 4067 salutem
2833 3998 3164 4080 peccantium
3192 4007 3469 4075 qumrenti,
3502 4016 3552 4061 et

2005 4111 2091 4177 pia
2138 4107 2527 4175 supplicatione
2574 4104 2813 4157 obtineat
2843 4102 2909 4153 ab
2937 4090 3001 4153 eo
3044 4101 3203 4150 vitam
3234 4114 3297 4179 ac
3334 4098 3555 4150 Salutem

2004 4196 2139 4264 ejus,
2178 4200 2461 4261 prmstante
2505 4190 2669 4258 ipsius
2717 4188 2887 4257 gratia
2916 4186 3246 4259 Salvatoris,
3297 4186 3382 4251 qui
3434 4201 3577 4257 cum

420 4291 547 4344 Jam
582 4300 754 4344 autem
802 4309 860 4345 eo
916 4292 1267 4356 descendente,
1317 4294 1367 4346 id
1397 4302 1480 4347 est
1505 4282 1563 4345 se
1590 4291 1904 4345 ltuntiliante
1934 4295 1980 4352 ι)
2008 4285 2167 4338 Patre
2200 4292 2253 4336 et
2297 4280 2497 4349 Spiritu
2544 4288 2729 4331 sancto
2773 4278 2905 4330 vivit
2949 4284 3003 4330 et
3055 4284 3239 4344 regnat
3276 4276 3431 4337 Deus,
3465 4288 3555 4342 per

348 4382 405 4433 in
438 4381 770 4447 ptenitentia,
820 4389 872 4431 et
903 4380 1185 4448 allligente,
1229 4391 1283 4434 et
1306 4381 1371 4434 ad
1424 4381 1657 4447 seipsnm
1696 4380 1761 4432 ab
1799 4382 1906 4432 alto

351 4466 813 4532 contemplationis
858 4466 1134 4531 redeunte,
1168 4470 1296 4519 servi
1328 4477 1658 4519 occurrerunt
1694 4470 1772 4529 ei,
1808 4469 1907 4520 hoc

348 4563 434 4612 est
457 4555 692 4606 membra
718 4553 959 4621 corporis
984 4555 1063 4606 sui
1089 4555 1489 4608 subservierunt
1511 4556 1557 4606 ei
1589 4557 1653 4606 ad
1685 4556 1904 4614 bonum,

346 4645 501 4715 juxta
532 4642 657 4695 illud
682 4643 915 4711 Apostoli
947 4657 961 4695 :
995 4642 1138 4696 Sicut
1165 4644 1466 4697 ex/tibuistis
1494 4643 1717 4694 membra
1742 4653 1905 4694 vestra

354 4736 546 4790 servire
586 4736 928 4787 inmunditia:
969 4745 1014 4787 et
1050 4735 1309 4803 iniquitati
1345 4742 1411 4787 ad
1456 4734 1803 4801 iniquitatem;
1834 4731 1903 4782 ita

357 4839 495 4877 nunc
515 4822 742 4874 exhibete
769 4824 995 4875 membra
1019 4833 1181 4875 vestra
1205 4822 1621 4891 servirejustitia'
1639 4820 1691 4871 in
1718 4818 1906 4871 sancti-

352 4915 647 4982 ficationem
676 4912 849 4979 (Rom.
876 4916 1075 4977 vi,15).
1093 4915 1166 4967 Ex
1197 4915 1295 4967 hac
1320 4915 1622 4969 obeditione
1649 4928 1742 4965 sua
1775 4927 1906 4964 nun-

359 5005 627 5056 tiaverunt
663 5003 710 5054 ei
732 5003 869 5070 quod
904 5002 1126 5055 interior
1168 5004 1327 5071 188
1355 5004 1494 5070 ﬁlius
1540 5002 1655 5070 ejus
1682 5004 1905 5055 viveret.

355 5091 473 5147 Non
503 5090 644 5145 enim
667 5108 795 5147 caro
817 5095 880 5145 ad
910 5094 1102 5146 bonum
1120 5095 1323 5145 servire
1350 5105 1529 5160 parata
1548 5109 1665 5146 esse
1691 5093 1904 5160 poterit,

358 5184 403 5237 si
437 5182 656 5236 interior
710 5184 955 5236 dominus
1002 5182 1115 5249 ejus
1155 5183 1205 5235 in
1238 5185 1373 5237 bona
1399 5184 1669 5237 voluntate
1725 5184 1909 5237 vivens

298 5292 301 5293 ν
361 5286 469 5326 non
502 5271 676 5325 luerit.
712 5270 805 5323 Vel
828 5274 959 5323 servi
990 5282 1112 5325 sunt
1139 5271 1379 5325 carnales
1416 5286 1622 5335 sensus,
1659 5273 1747 5339 qui
1792 5285 1909 5325 ser-

343 5362 477 5417 .virc
505 5362 697 5415 debent
722 5362 909 5414 rationi
936 5381 947 5414 ;
973 5365 1062 5430 qui
1102 5373 1429 5415 occurrerunt
1462 5365 1528 5424 ei,
1563 5362 1685 5415 dmn
1726 5378 1784 5416 se
1819 5380 1911 5431 pa-

360 5463 510 5507 ratos
535 5451 602 5503 ad
629 5450 935 5519 obsequium
968 5451 1213 5506 oll‘erunt.
1243 5452 1305 5505 Et
1334 5454 1445 5505 sive
1476 5452 1714 5520 corporis
1740 5463 1905 5516 artus,

355 5544 475 5599 sive
499 5542 740 5597 carnales
771 5557 955 5597 sensus
1006 5543 1365 5612 intelligantur
1394 5544 1444 5597 hi
1493 5544 1644 5606 serri,
1693 5557 1906 5597 necesse

2008 4377 2185 4431 omnia
2216 4373 2407 4428 sarcula
2438 4370 2774 4425 sasculorum.
2794 4370 2998 4441 Amen.

2568 4457 2841 4511 llOMllJA
2880 4455 2995 4507 XV.

2007 4556 2056 4610 lx
2085 4560 2413 4608 eratscripto)!
2439 4564 2707 4615 sacuaoun
2729 4561 2978 4600 JOANNEM.
3000 4532 3118 4612 'Ego
3140 4559 3249 4594 sum
3270 4552 3445 4607 pastor
3468 4542 3557 4591 bo-

2077 4661 2191 4697 nus.
2226 4643 2399 4694 Bonus
2426 4623 2600 4707 pastor
2629 4638 2855 4688 animum
2889 4650 3036 4686 suam
3075 4633 3215 4698 ponit
3256 4647 3346 4697 pro
3387 4629 3556 4681 oribus

2097 4709 2196 4784 uis.
2217 4728 2565 4783 Mercenarius
2590 4732 2841 4783 autem,et
2854 4723 2940 4791 qui
2969 4731 3159 4772 nonest
3188 4729 3383 4787 pastor,
3411 4720 3559 4785 cujus

2078 4838 2176 4874 non
2208 4829 2325 4872 sunt
2366 4832 2478 4869 ores
2507 4814 2723 4883 prOpria:
2746 4854 2759 4878 ,
2804 4812 2933 4863 ridet
2966 4810 3139 4877 lupum
3197 4809 3493 4869 venientem,
3516 4818 3561 4861 et

2083 4909 2275 4961 limittit
2300 4915 2489 4969 oves,et
2512 4903 2638 4971 fugit
2655 4911 2733 4969 ;'et
2758 4902 2904 4966 lupus
2931 4898 3081 4965 rapit,
3099 4907 3141 4950 et
3166 4897 3403 4965 dispergit
3429 4912 3557 4948 ores.

2076 4999 2422 5054 Mercenarius
2437 5004 2602 5047 autem
2630 4991 2782 5059 fugit,
2796 4991 2913 5058 quia
2929 4986 3274 5040 mercenarius
3292 4996 3386 5047 est,
3399 4996 3440 5036 et
3463 5001 3560 5037 non

2082 5090 2297 5157 pertinet
2321 5085 2386 5136 ad
2418 5098 2531 5135 eum
2560 5082 2621 5133 de
2648 5081 2836 5133 oribus.
2865 5079 2931 5131 Et
2958 5077 3176 5143 reliqua.
3196 5076 3349 5143 (Joan
3378 5091 3422 5130 χ,
3456 5074 3559 5139 ll.)

2084 5177 2217 5242 Quia
2247 5174 2478 5242 plerique
2528 5170 2628 5223 sibi
2664 5169 2793 5237 ipsis
2825 5182 2926 5221 non
2957 5166 3309 5223 attendentes,
3341 5178 3435 5215 nec
3465 5177 3558 5213 sua

2010 5268 2139 5320 vitia
2171 5263 2591 5326 considerantes,
2622 5259 2853 5328 gaudent
2885 5258 2935 5310 in
2965 5257 3116 5321 hujus
3156 5252 3397 5306 lectionis
3454 5258 3553 5302 tra-

2010 5354 2207 5409 ctatulo
2232 5353 2415 5406 audire
2439 5352 2818 5405 lacerationem
2843 5350 2959 5400 vitae
2985 5355 3251 5413 pastorum
3278 5340 3555 5393 Ecclesiae:

2011 5463 2105 5499 nos
2128 5445 2283 5498 aliam
2310 5444 2357 5497 ei
2396 5442 2619 5497 fecimus
2669 5434 3162 5507 expositiuncnlam,
3200 5447 3318 5499 qua:
3368 5447 3461 5482 nos
3494 5430 3557 5480 ad

2011 5537 2190 5589 intima
2242 5543 2419 5589 nostra
2483 5539 2720 5595 revocet,
2776 5538 2833 5581 ut
2892 5525 3065 5579 nullus
3104 5521 3345 5577 mordere
3398 5521 3557 5572 vitam
