  <div class='ocr_page' id='page_1' title='image "/cluster/home/n/w/nwhite01/storage/ocr_20150623/158/uva.x000829800/339.png"; bbox 0 0 4190 6196; ppageno 0'>
   <div class='ocr_carea' id='block_1_1' title="bbox 653 221 2308 297">
    <p class='ocr_par' dir='ltr' id='par_1_1' title="bbox 653 232 2303 297">
     <span class='ocr_line' id='line_1_1' title="bbox 653 232 2303 297; baseline -0.005 -1"><span class='ocrx_word' id='word_1_1' title='bbox 653 239 753 297; x_wconf 71' lang='grc' dir='ltr'><strong>ϐτί</strong></span> <span class='ocrx_word' id='word_1_2' title='bbox 1005 237 1067 295; x_wconf 77' lang='grc' dir='ltr'><strong>ε.</strong></span> <span class='ocrx_word' id='word_1_3' title='bbox 1103 235 1402 294; x_wconf 76' lang='lat' dir='ltr'><strong>ANSELMI</strong></span> <span class='ocrx_word' id='word_1_4' title='bbox 1436 236 1778 294; x_wconf 72' lang='lat' dir='ltr'><strong>CANTUAll.</strong></span> <span class='ocrx_word' id='word_1_5' title='bbox 1819 236 2134 292; x_wconf 75' lang='lat' dir='ltr'><strong>AllCHlEP.</strong></span> <span class='ocrx_word' id='word_1_6' title='bbox 2175 232 2303 290; x_wconf 84' lang='lat' dir='ltr'><strong>OPP</strong></span> 
     </span>
    </p>
   </div>
   <div class='ocr_carea' id='block_1_2' title="bbox 2216 221 3871 297">
    <p class='ocr_par' dir='ltr' id='par_1_2' title="bbox 2216 221 3871 288">
     <span class='ocr_line' id='line_1_2' title="bbox 2216 221 3871 288; baseline -0.005 0"><span class='ocrx_word' id='word_1_7' title='bbox 2216 233 2324 288; x_wconf 74' lang='lat' dir='ltr'><strong>&#39;PP.</strong></span> <span class='ocrx_word' id='word_1_8' title='bbox 2366 227 2542 284; x_wconf 75' lang='lat' dir='ltr'><strong>PARS</strong></span> <span class='ocrx_word' id='word_1_9' title='bbox 2582 226 2646 281; x_wconf 91' lang='lat' dir='ltr'><strong>ll.</strong></span> <span class='ocrx_word' id='word_1_10' title='bbox 2685 256 2748 265; x_wconf 94' lang='lat'><strong><em>—</em></strong></span> <span class='ocrx_word' id='word_1_11' title='bbox 2794 224 3154 280; x_wconf 63' lang='lat' dir='ltr'><strong>PARENIST.</strong></span> <span class='ocrx_word' id='word_1_12' title='bbox 3194 225 3280 280; x_wconf 82' lang='lat' dir='ltr'><strong>ET</strong></span> <span class='ocrx_word' id='word_1_13' title='bbox 3319 226 3559 282; x_wconf 72' lang='lat' dir='ltr'><strong>ASCET.</strong></span> <span class='ocrx_word' id='word_1_14' title='bbox 3772 221 3871 280; x_wconf 63' lang='lat'><strong>67!</strong></span> 
     </span>
    </p>
   </div>
   <div class='ocr_carea' id='block_1_3' title="bbox 654 335 3871 420">
    <p class='ocr_par' dir='ltr' id='par_1_3' title="bbox 654 335 3871 420">
     <span class='ocr_line' id='line_1_3' title="bbox 654 335 3871 420; baseline -0.002 -19"><span class='ocrx_word' id='word_1_15' title='bbox 654 347 1088 420; x_wconf 77' lang='lat' dir='ltr'><strong>praepositorum,</strong></span> <span class='ocrx_word' id='word_1_16' title='bbox 1114 361 1272 417; x_wconf 84' lang='lat' dir='ltr'><strong>quam</strong></span> <span class='ocrx_word' id='word_1_17' title='bbox 1295 345 1545 402; x_wconf 73' lang='lat' dir='ltr'><strong>Christus</strong></span> <span class='ocrx_word' id='word_1_18' title='bbox 1572 359 1670 417; x_wconf 88' lang='lat' dir='ltr'><strong>per</strong></span> <span class='ocrx_word' id='word_1_19' title='bbox 1690 346 1926 416; x_wconf 87' lang='lat' dir='ltr'><strong>seipsum</strong></span> <span class='ocrx_word' id='word_1_20' title='bbox 1950 345 2216 400; x_wconf 68' lang='lat' dir='ltr'><strong>discussa.</strong></span> <span class='ocrx_word' id='word_1_21' title='bbox 2244 351 2290 407; x_wconf 67' lang='grc' dir='ltr'>Α</span> <span class='ocrx_word' id='word_1_22' title='bbox 2393 335 2541 389; x_wconf 82' lang='lat' dir='ltr'><strong>Videt</strong></span> <span class='ocrx_word' id='word_1_23' title='bbox 2566 336 2743 404; x_wconf 80' lang='lat' dir='ltr'><strong>lupum</strong></span> <span class='ocrx_word' id='word_1_24' title='bbox 2773 336 3074 400; x_wconf 78' lang='lat' dir='ltr'><strong>uenientem,</strong></span> <span class='ocrx_word' id='word_1_25' title='bbox 3104 346 3152 388; x_wconf 80' lang='lat' dir='ltr'><strong>et</strong></span> <span class='ocrx_word' id='word_1_26' title='bbox 3193 337 3402 389; x_wconf 83' lang='lat' dir='ltr'><strong>dimittit</strong></span> <span class='ocrx_word' id='word_1_27' title='bbox 3460 354 3604 402; x_wconf 74' lang='lat' dir='ltr'><strong>oves;</strong></span> <span class='ocrx_word' id='word_1_28' title='bbox 3634 339 3762 406; x_wconf 90' lang='lat' dir='ltr'><strong>quia</strong></span> <span class='ocrx_word' id='word_1_29' title='bbox 3790 339 3871 394; x_wconf 77' lang='lat' dir='ltr'><strong>vel</strong></span> 
     </span>
    </p>
   </div>
   <div class='ocr_carea' id='block_1_4' title="bbox 653 422 3872 507">
    <p class='ocr_par' dir='ltr' id='par_1_4' title="bbox 653 422 3872 507">
     <span class='ocr_line' id='line_1_4' title="bbox 653 422 3872 507; baseline -0.003 -14"><span class='ocrx_word' id='word_1_30' title='bbox 653 451 750 493; x_wconf 77' lang='lat' dir='ltr'><strong>rus</strong></span> <span class='ocrx_word' id='word_1_31' title='bbox 777 444 882 501; x_wconf 87' lang='lat' dir='ltr'><strong>est,</strong></span> <span class='ocrx_word' id='word_1_32' title='bbox 910 436 1134 502; x_wconf 82' lang='lat' dir='ltr'><strong>audeat;</strong></span> <span class='ocrx_word' id='word_1_33' title='bbox 1173 436 1270 502; x_wconf 79' lang='lat' dir='ltr'><strong>sed</strong></span> <span class='ocrx_word' id='word_1_34' title='bbox 1318 434 1492 506; x_wconf 85' lang='lat' dir='ltr'><strong>magis</strong></span> <span class='ocrx_word' id='word_1_35' title='bbox 1525 436 1895 507; x_wconf 75' lang='lat' dir='ltr'><strong>unusquisque</strong></span> <span class='ocrx_word' id='word_1_36' title='bbox 1946 436 2066 490; x_wconf 79' lang='lat' dir='ltr'><strong>talis</strong></span> <span class='ocrx_word' id='word_1_37' title='bbox 2095 448 2215 491; x_wconf 77' lang='lat' dir='ltr'><strong>esse</strong></span> <span class='ocrx_word' id='word_1_38' title='bbox 2318 426 2372 480; x_wconf 93' lang='lat' dir='ltr'><strong>in</strong></span> <span class='ocrx_word' id='word_1_39' title='bbox 2403 422 2617 479; x_wconf 78' lang='lat' dir='ltr'><strong>homine</strong></span> <span class='ocrx_word' id='word_1_40' title='bbox 2659 437 2934 491; x_wconf 75' lang='lat' dir='ltr'><strong>perverso,</strong></span> <span class='ocrx_word' id='word_1_41' title='bbox 2970 423 3051 478; x_wconf 88' lang='lat' dir='ltr'><strong>vel</strong></span> <span class='ocrx_word' id='word_1_42' title='bbox 3102 424 3155 478; x_wconf 95' lang='lat' dir='ltr'><strong>in</strong></span> <span class='ocrx_word' id='word_1_43' title='bbox 3191 423 3596 481; x_wconf 71' lang='lat' dir='ltr'><strong>tribulationum</strong></span> <span class='ocrx_word' id='word_1_44' title='bbox 3645 427 3872 496; x_wconf 62' lang='lat' dir='ltr'><strong>procella</strong></span> 
     </span>
    </p>
   </div>
   <div class='ocr_carea' id='block_1_5' title="bbox 657 513 3874 593">
    <p class='ocr_par' dir='ltr' id='par_1_5' title="bbox 657 513 3874 593">
     <span class='ocr_line' id='line_1_5' title="bbox 657 513 3874 593; baseline -0.001 -15"><span class='ocrx_word' id='word_1_45' title='bbox 657 525 893 589; x_wconf 85' lang='lat' dir='ltr'><strong>studeat,</strong></span> <span class='ocrx_word' id='word_1_46' title='bbox 925 523 1135 593; x_wconf 86' lang='lat' dir='ltr'><strong>qualem</strong></span> <span class='ocrx_word' id='word_1_47' title='bbox 1180 524 1526 593; x_wconf 88' lang='lat' dir='ltr'><strong>approbando</strong></span> <span class='ocrx_word' id='word_1_48' title='bbox 1578 523 1736 579; x_wconf 89' lang='lat' dir='ltr'><strong>lectio</strong></span> <span class='ocrx_word' id='word_1_49' title='bbox 1780 527 2115 578; x_wconf 80' lang='lat' dir='ltr'><strong>detnonstrat</strong></span> <span class='ocrx_word' id='word_1_50' title='bbox 2161 533 2216 577; x_wconf 90' lang='lat' dir='ltr'><strong>et</strong></span> <span class='ocrx_word' id='word_1_51' title='bbox 2317 525 2572 585; x_wconf 86' lang='lat' dir='ltr'><strong>surgente</strong></span> <span class='ocrx_word' id='word_1_52' title='bbox 2593 513 2758 567; x_wconf 89' lang='lat' dir='ltr'><strong>sentit</strong></span> <span class='ocrx_word' id='word_1_53' title='bbox 2784 514 2972 569; x_wconf 78' lang='lat' dir='ltr'><strong>adesse</strong></span> <span class='ocrx_word' id='word_1_54' title='bbox 3012 516 3265 580; x_wconf 76' lang='lat' dir='ltr'><strong>bestiam,</strong></span> <span class='ocrx_word' id='word_1_55' title='bbox 3305 532 3423 587; x_wconf 71' lang='lat' dir='ltr'><strong>quae</strong></span> <span class='ocrx_word' id='word_1_56' title='bbox 3453 519 3712 574; x_wconf 90' lang='lat' dir='ltr'><strong>bonorum</strong></span> <span class='ocrx_word' id='word_1_57' title='bbox 3749 535 3874 590; x_wconf 80' lang='lat' dir='ltr'><strong>ope-</strong></span> 
     </span>
    </p>
   </div>
   <div class='ocr_carea' id='block_1_6' title="bbox 657 605 3874 686">
    <p class='ocr_par' dir='ltr' id='par_1_6' title="bbox 657 605 3874 686">
     <span class='ocr_line' id='line_1_6' title="bbox 657 605 3874 686; baseline -0.001 -17"><span class='ocrx_word' id='word_1_58' title='bbox 657 613 793 669; x_wconf 82' lang='lat' dir='ltr'><strong>mala</strong></span> <span class='ocrx_word' id='word_1_59' title='bbox 814 628 929 682; x_wconf 73' lang='lat' dir='ltr'><strong>qua:</strong></span> <span class='ocrx_word' id='word_1_60' title='bbox 951 614 1320 682; x_wconf 83' lang='lat' dir='ltr'><strong>reprehendit,</strong></span> <span class='ocrx_word' id='word_1_61' title='bbox 1352 622 1559 668; x_wconf 78' lang='lat' dir='ltr'><strong>caveat.</strong></span> <span class='ocrx_word' id='word_1_62' title='bbox 1605 614 1866 683; x_wconf 86' lang='lat' dir='ltr'><strong>Loquitur</strong></span> <span class='ocrx_word' id='word_1_63' title='bbox 1896 622 2076 668; x_wconf 89' lang='lat' dir='ltr'><strong>autem</strong></span> <span class='ocrx_word' id='word_1_64' title='bbox 2111 613 2216 667; x_wconf 56' lang='lat' dir='ltr'><strong>Do-</strong></span> <span class='ocrx_word' id='word_1_65' title='bbox 2319 623 2436 662; x_wconf 91' lang='lat' dir='ltr'><strong>rum</strong></span> <span class='ocrx_word' id='word_1_66' title='bbox 2459 621 2586 660; x_wconf 87' lang='lat' dir='ltr'><strong>oves</strong></span> <span class='ocrx_word' id='word_1_67' title='bbox 2612 605 2806 674; x_wconf 80' lang='lat' dir='ltr'><strong>quaerit</strong></span> <span class='ocrx_word' id='word_1_68' title='bbox 2830 607 3109 673; x_wconf 86' lang='lat' dir='ltr'><strong>devorare,</strong></span> <span class='ocrx_word' id='word_1_69' title='bbox 3136 608 3186 661; x_wconf 93' lang='lat' dir='ltr'><strong>id</strong></span> <span class='ocrx_word' id='word_1_70' title='bbox 3208 617 3291 661; x_wconf 91' lang='lat' dir='ltr'><strong>est</strong></span> <span class='ocrx_word' id='word_1_71' title='bbox 3318 609 3610 686; x_wconf 79' lang='lat' dir='ltr'><strong>diabolum,</strong></span> <span class='ocrx_word' id='word_1_72' title='bbox 3640 610 3730 681; x_wconf 86' lang='lat' dir='ltr'><strong>qui</strong></span> <span class='ocrx_word' id='word_1_73' title='bbox 3756 622 3874 667; x_wconf 88' lang='lat' dir='ltr'><strong>teu-</strong></span> 
     </span>
    </p>
   </div>
   <div class='ocr_carea' id='block_1_7' title="bbox 655 695 3874 773">
    <p class='ocr_par' dir='ltr' id='par_1_7' title="bbox 655 695 3874 773">
     <span class='ocr_line' id='line_1_7' title="bbox 655 695 3874 773; baseline -0.001 -15"><span class='ocrx_word' id='word_1_74' title='bbox 655 703 831 758; x_wconf 87' lang='lat' dir='ltr'><strong>minus</strong></span> <span class='ocrx_word' id='word_1_75' title='bbox 858 702 1165 769; x_wconf 64' lang='lat' dir='ltr'><strong>Phariseis,</strong></span> <span class='ocrx_word' id='word_1_76' title='bbox 1207 703 1298 773; x_wconf 85' lang='lat' dir='ltr'><strong>qui</strong></span> <span class='ocrx_word' id='word_1_77' title='bbox 1346 720 1405 758; x_wconf 89' lang='lat' dir='ltr'><strong>se</strong></span> <span class='ocrx_word' id='word_1_78' title='bbox 1449 718 1620 759; x_wconf 75' lang='lat' dir='ltr'><strong>ctccos</strong></span> <span class='ocrx_word' id='word_1_79' title='bbox 1645 719 1752 758; x_wconf 88' lang='lat' dir='ltr'><strong>non</strong></span> <span class='ocrx_word' id='word_1_80' title='bbox 1781 719 1902 760; x_wconf 89' lang='lat' dir='ltr'><strong>esse</strong></span> <span class='ocrx_word' id='word_1_81' title='bbox 1919 704 2215 773; x_wconf 76' lang='lat' dir='ltr'><strong>jactaliant,</strong></span> <span class='ocrx_word' id='word_1_82' title='bbox 2319 696 2610 752; x_wconf 84' lang='lat' dir='ltr'><strong>tatiouibus</strong></span> <span class='ocrx_word' id='word_1_83' title='bbox 2677 695 3066 750; x_wconf 77' lang='lat' dir='ltr'><strong>adversitatum</strong></span> <span class='ocrx_word' id='word_1_84' title='bbox 3137 697 3325 751; x_wconf 84' lang='lat' dir='ltr'><strong>nititur</strong></span> <span class='ocrx_word' id='word_1_85' title='bbox 3406 699 3546 753; x_wconf 78' lang='lat' dir='ltr'><strong>ovile</strong></span> <span class='ocrx_word' id='word_1_86' title='bbox 3619 701 3874 756; x_wconf 87' lang='lat' dir='ltr'><strong>virtutum</strong></span> 
     </span>
    </p>
   </div>
   <div class='ocr_carea' id='block_1_8' title="bbox 651 786 3876 866">
    <p class='ocr_par' dir='ltr' id='par_1_8' title="bbox 651 786 3876 866">
     <span class='ocr_line' id='line_1_8' title="bbox 651 786 3876 866; baseline -0.002 -15"><span class='ocrx_word' id='word_1_87' title='bbox 651 805 708 851; x_wconf 88' lang='lat' dir='ltr'><strong>et</strong></span> <span class='ocrx_word' id='word_1_88' title='bbox 765 797 818 850; x_wconf 91' lang='lat' dir='ltr'><strong>in</strong></span> <span class='ocrx_word' id='word_1_89' title='bbox 874 810 1061 852; x_wconf 82' lang='lat' dir='ltr'><strong>eorum</strong></span> <span class='ocrx_word' id='word_1_90' title='bbox 1099 807 1224 866; x_wconf 86' lang='lat' dir='ltr'><strong>typo</strong></span> <span class='ocrx_word' id='word_1_91' title='bbox 1267 799 1564 852; x_wconf 67' lang='lat' dir='ltr'><strong>caecitatem</strong></span> <span class='ocrx_word' id='word_1_92' title='bbox 1608 797 1848 852; x_wconf 87' lang='lat' dir='ltr'><strong>omnium</strong></span> <span class='ocrx_word' id='word_1_93' title='bbox 1893 794 2222 866; x_wconf 79' lang='lat' dir='ltr'><strong>pseudoreli.</strong></span> <span class='ocrx_word' id='word_1_94' title='bbox 2279 789 2678 855; x_wconf 78' lang='lat' dir='ltr'><strong>.exstipgnere.</strong></span> <span class='ocrx_word' id='word_1_95' title='bbox 2719 786 2782 839; x_wconf 83' lang='lat' dir='ltr'><strong>Et</strong></span> <span class='ocrx_word' id='word_1_96' title='bbox 2815 786 2907 858; x_wconf 90' lang='lat' dir='ltr'><strong>qui</strong></span> <span class='ocrx_word' id='word_1_97' title='bbox 2959 789 3110 857; x_wconf 88' lang='lat' dir='ltr'><strong>prius</strong></span> <span class='ocrx_word' id='word_1_98' title='bbox 3157 787 3278 840; x_wconf 89' lang='lat' dir='ltr'><strong>ideo</strong></span> <span class='ocrx_word' id='word_1_99' title='bbox 3335 788 3474 842; x_wconf 88' lang='lat' dir='ltr'><strong>bona</strong></span> <span class='ocrx_word' id='word_1_100' title='bbox 3507 787 3766 852; x_wconf 82' lang='lat' dir='ltr'><strong>faciebat,</strong></span> <span class='ocrx_word' id='word_1_101' title='bbox 3819 800 3876 846; x_wconf 82' lang='lat' dir='ltr'><strong>ut</strong></span> 
     </span>
    </p>
   </div>
   <div class='ocr_carea' id='block_1_9' title="bbox 606 877 3877 955">
    <p class='ocr_par' dir='ltr' id='par_1_9' title="bbox 606 877 3877 955">
     <span class='ocr_line' id='line_1_9' title="bbox 606 877 3877 955; baseline -0.001 -17"><span class='ocrx_word' id='word_1_102' title='bbox 606 903 608 906; x_wconf 49' lang='grc' dir='ltr'>ν</span> <span class='ocrx_word' id='word_1_103' title='bbox 652 883 926 955; x_wconf 85' lang='lat' dir='ltr'><strong>giosorum</strong></span> <span class='ocrx_word' id='word_1_104' title='bbox 960 886 1207 952; x_wconf 23' lang='lat' dir='ltr'><strong>denomt.‘</strong></span> <span class='ocrx_word' id='word_1_105' title='bbox 1228 884 1303 938; x_wconf 84' lang='lat' dir='ltr'><strong>Ea</strong></span> <span class='ocrx_word' id='word_1_106' title='bbox 1345 899 1472 938; x_wconf 91' lang='lat' dir='ltr'><strong>vero</strong></span> <span class='ocrx_word' id='word_1_107' title='bbox 1516 900 1635 951; x_wconf 67' lang='lat' dir='ltr'><strong>quae</strong></span> <span class='ocrx_word' id='word_1_108' title='bbox 1670 884 1930 953; x_wconf 89' lang='lat' dir='ltr'><strong>loquitur,</strong></span> <span class='ocrx_word' id='word_1_109' title='bbox 1964 883 2042 937; x_wconf 89' lang='lat' dir='ltr'><strong>sic</strong></span> <span class='ocrx_word' id='word_1_110' title='bbox 2081 896 2220 935; x_wconf 91' lang='lat' dir='ltr'><strong>nunc</strong></span> <span class='ocrx_word' id='word_1_111' title='bbox 2320 877 2622 932; x_wconf 79' lang='lat' dir='ltr'><strong>mercedem</strong></span> <span class='ocrx_word' id='word_1_112' title='bbox 2654 892 2750 946; x_wconf 88' lang='lat' dir='ltr'><strong>pro</strong></span> <span class='ocrx_word' id='word_1_113' title='bbox 2777 877 2858 930; x_wconf 86' lang='lat' dir='ltr'><strong>his</strong></span> <span class='ocrx_word' id='word_1_114' title='bbox 2888 877 2942 929; x_wconf 93' lang='lat' dir='ltr'><strong>in</strong></span> <span class='ocrx_word' id='word_1_115' title='bbox 2978 880 3226 946; x_wconf 68' lang='lat' dir='ltr'><strong>prtescnti</strong></span> <span class='ocrx_word' id='word_1_116' title='bbox 3269 877 3558 944; x_wconf 87' lang='lat' dir='ltr'><strong>reciperet;</strong></span> <span class='ocrx_word' id='word_1_117' title='bbox 3601 896 3741 934; x_wconf 89' lang='lat' dir='ltr'><strong>nunc</strong></span> <span class='ocrx_word' id='word_1_118' title='bbox 3777 897 3877 935; x_wconf 84' lang='lat' dir='ltr'><strong>au-</strong></span> 
     </span>
    </p>
   </div>
   <div class='ocr_carea' id='block_1_10' title="bbox 652 961 3878 1043">
    <p class='ocr_par' dir='ltr' id='par_1_10' title="bbox 652 961 3878 1043">
     <span class='ocr_line' id='line_1_10' title="bbox 652 961 3878 1043; baseline -0.001 -14"><span class='ocrx_word' id='word_1_119' title='bbox 652 961 1034 1042; x_wconf 80' lang='lat' dir='ltr'><strong>lntelligamus,</strong></span> <span class='ocrx_word' id='word_1_120' title='bbox 1065 984 1252 1030; x_wconf 87' lang='lat' dir='ltr'><strong>utnon</strong></span> <span class='ocrx_word' id='word_1_121' title='bbox 1280 977 1346 1027; x_wconf 88' lang='lat' dir='ltr'><strong>ad</strong></span> <span class='ocrx_word' id='word_1_122' title='bbox 1373 975 1546 1043; x_wconf 90' lang='lat' dir='ltr'><strong>ipsum</strong></span> <span class='ocrx_word' id='word_1_123' title='bbox 1578 984 1757 1042; x_wconf 88' lang='lat' dir='ltr'><strong>caput,</strong></span> <span class='ocrx_word' id='word_1_124' title='bbox 1788 973 1880 1029; x_wconf 87' lang='lat' dir='ltr'><strong>sed</strong></span> <span class='ocrx_word' id='word_1_125' title='bbox 1909 974 1975 1028; x_wconf 89' lang='lat' dir='ltr'><strong>ad</strong></span> <span class='ocrx_word' id='word_1_126' title='bbox 2007 973 2219 1043; x_wconf 76' lang='lat' dir='ltr'><strong>aliquod</strong></span> <span class='ocrx_word' id='word_1_127' title='bbox 2321 979 2426 1025; x_wconf 85' lang='lat' dir='ltr'><strong>tem</strong></span> <span class='ocrx_word' id='word_1_128' title='bbox 2464 984 2562 1038; x_wconf 91' lang='lat' dir='ltr'><strong>pro</strong></span> <span class='ocrx_word' id='word_1_129' title='bbox 2601 970 2654 1039; x_wconf 87' lang='lat' dir='ltr'><strong>ip</strong></span> <span class='ocrx_word' id='word_1_130' title='bbox 2687 969 2732 1022; x_wconf 93' lang='lat' dir='ltr'><strong>is</strong></span> <span class='ocrx_word' id='word_1_131' title='bbox 2785 969 3070 1023; x_wconf 81' lang='lat' dir='ltr'><strong>imminere</strong></span> <span class='ocrx_word' id='word_1_132' title='bbox 3113 970 3214 1023; x_wconf 89' lang='lat' dir='ltr'><strong>sihi</strong></span> <span class='ocrx_word' id='word_1_133' title='bbox 3270 971 3494 1025; x_wconf 77' lang='lat' dir='ltr'><strong>adversa</strong></span> <span class='ocrx_word' id='word_1_134' title='bbox 3540 973 3878 1041; x_wconf 79' lang='lat' dir='ltr'><strong>considerat;</strong></span> 
     </span>
    </p>
   </div>
   <div class='ocr_carea' id='block_1_11' title="bbox 651 1051 3880 1134">
    <p class='ocr_par' dir='ltr' id='par_1_11' title="bbox 651 1051 3880 1134">
     <span class='ocr_line' id='line_1_11' title="bbox 651 1051 3880 1134; baseline -0 -16"><span class='ocrx_word' id='word_1_135' title='bbox 651 1061 766 1131; x_wconf 86' lang='lat' dir='ltr'><strong>ejus</strong></span> <span class='ocrx_word' id='word_1_136' title='bbox 839 1064 1138 1118; x_wconf 86' lang='lat' dir='ltr'><strong>membrum</strong></span> <span class='ocrx_word' id='word_1_137' title='bbox 1218 1051 1544 1119; x_wconf 70' lang='lat' dir='ltr'><strong>referantur.</strong></span> <span class='ocrx_word' id='word_1_138' title='bbox 1612 1062 1746 1117; x_wconf 83' lang='lat' dir='ltr'><strong>Nam</strong></span> <span class='ocrx_word' id='word_1_139' title='bbox 1801 1064 2092 1132; x_wconf 65' lang='lat' dir='ltr'><strong>saepissime</strong></span> <span class='ocrx_word' id='word_1_140' title='bbox 2162 1063 2217 1118; x_wconf 81' lang='lat' dir='ltr'><strong>in</strong></span> <span class='ocrx_word' id='word_1_141' title='bbox 2318 1059 2532 1113; x_wconf 80' lang='lat' dir='ltr'><strong>dimittit</strong></span> <span class='ocrx_word' id='word_1_142' title='bbox 2568 1075 2706 1124; x_wconf 80' lang='lat' dir='ltr'><strong>oves,</strong></span> <span class='ocrx_word' id='word_1_143' title='bbox 2742 1058 2998 1128; x_wconf 87' lang='lat' dir='ltr'><strong>relinquit</strong></span> <span class='ocrx_word' id='word_1_144' title='bbox 3046 1059 3274 1134; x_wconf 82' lang='lat' dir='ltr'><strong>virtutes</strong></span> <span class='ocrx_word' id='word_1_145' title='bbox 3315 1075 3451 1128; x_wconf 77' lang='lat' dir='ltr'><strong>quas</strong></span> <span class='ocrx_word' id='word_1_146' title='bbox 3493 1061 3760 1124; x_wconf 77' lang='lat' dir='ltr'><strong>servabat,</strong></span> <span class='ocrx_word' id='word_1_147' title='bbox 3791 1064 3880 1119; x_wconf 80' lang='lat' dir='ltr'><strong>do-</strong></span> 
     </span>
    </p>
   </div>
   <div class='ocr_carea' id='block_1_12' title="bbox 653 1150 3878 1224">
    <p class='ocr_par' dir='ltr' id='par_1_12' title="bbox 653 1150 3878 1224">
     <span class='ocr_line' id='line_1_12' title="bbox 653 1150 3878 1224; baseline -0.001 -15"><span class='ocrx_word' id='word_1_148' title='bbox 653 1154 949 1224; x_wconf 85' lang='lat' dir='ltr'><strong>Scripturis</strong></span> <span class='ocrx_word' id='word_1_149' title='bbox 977 1157 1136 1209; x_wconf 73' lang='lat' dir='ltr'><strong>verba</strong></span> <span class='ocrx_word' id='word_1_150' title='bbox 1181 1154 1391 1208; x_wconf 88' lang='lat' dir='ltr'><strong>Domini</strong></span> <span class='ocrx_word' id='word_1_151' title='bbox 1435 1155 1609 1222; x_wconf 91' lang='lat' dir='ltr'><strong>primo</strong></span> <span class='ocrx_word' id='word_1_152' title='bbox 1637 1155 1704 1208; x_wconf 89' lang='lat' dir='ltr'><strong>ad</strong></span> <span class='ocrx_word' id='word_1_153' title='bbox 1735 1156 1905 1223; x_wconf 90' lang='lat' dir='ltr'><strong>ipsum</strong></span> <span class='ocrx_word' id='word_1_154' title='bbox 1937 1155 2216 1208; x_wconf 89' lang='lat' dir='ltr'><strong>Dominum</strong></span> <span class='ocrx_word' id='word_1_155' title='bbox 2319 1154 2455 1207; x_wconf 80' lang='lat' dir='ltr'><strong>serit</strong></span> <span class='ocrx_word' id='word_1_156' title='bbox 2486 1151 2623 1206; x_wconf 84' lang='lat' dir='ltr'><strong>bona</strong></span> <span class='ocrx_word' id='word_1_157' title='bbox 2652 1166 2771 1220; x_wconf 68' lang='lat' dir='ltr'><strong>quae</strong></span> <span class='ocrx_word' id='word_1_158' title='bbox 2797 1150 3049 1217; x_wconf 81' lang='lat' dir='ltr'><strong>faciebat,</strong></span> <span class='ocrx_word' id='word_1_159' title='bbox 3069 1167 3141 1208; x_wconf 88' lang='lat' dir='ltr'><strong>ne</strong></span> <span class='ocrx_word' id='word_1_160' title='bbox 3168 1166 3265 1220; x_wconf 91' lang='lat' dir='ltr'><strong>pro</strong></span> <span class='ocrx_word' id='word_1_161' title='bbox 3289 1152 3416 1222; x_wconf 80' lang='lat' dir='ltr'><strong>ipsis</strong></span> <span class='ocrx_word' id='word_1_162' title='bbox 3439 1152 3574 1206; x_wconf 86' lang='lat' dir='ltr'><strong>mala</strong></span> <span class='ocrx_word' id='word_1_163' title='bbox 3589 1153 3878 1216; x_wconf 81' lang='lat' dir='ltr'><strong>sustineat;</strong></span> 
     </span>
    </p>
   </div>
   <div class='ocr_carea' id='block_1_13' title="bbox 652 1239 3880 1312">
    <p class='ocr_par' dir='ltr' id='par_1_13' title="bbox 652 1239 3880 1312">
     <span class='ocr_line' id='line_1_13' title="bbox 652 1239 3880 1312; baseline -0 -14"><span class='ocrx_word' id='word_1_164' title='bbox 652 1242 982 1307; x_wconf 79' lang='lat' dir='ltr'><strong>referuntur,</strong></span> <span class='ocrx_word' id='word_1_165' title='bbox 1015 1253 1073 1298; x_wconf 85' lang='lat' dir='ltr'><strong>et</strong></span> <span class='ocrx_word' id='word_1_166' title='bbox 1097 1244 1292 1301; x_wconf 89' lang='lat' dir='ltr'><strong>deinde</strong></span> <span class='ocrx_word' id='word_1_167' title='bbox 1330 1243 1394 1295; x_wconf 87' lang='lat' dir='ltr'><strong>ad</strong></span> <span class='ocrx_word' id='word_1_168' title='bbox 1433 1242 1722 1298; x_wconf 84' lang='lat' dir='ltr'><strong>Ecclesiam</strong></span> <span class='ocrx_word' id='word_1_169' title='bbox 1747 1260 1864 1312; x_wconf 76' lang='lat' dir='ltr'><strong>qua:</strong></span> <span class='ocrx_word' id='word_1_170' title='bbox 1900 1255 1982 1298; x_wconf 92' lang='lat' dir='ltr'><strong>est</strong></span> <span class='ocrx_word' id='word_1_171' title='bbox 2022 1256 2217 1312; x_wconf 84' lang='lat' dir='ltr'><strong>corpus</strong></span> <span class='ocrx_word' id='word_1_172' title='bbox 2317 1251 2366 1297; x_wconf 89' lang='lat' dir='ltr'><strong>et</strong></span> <span class='ocrx_word' id='word_1_173' title='bbox 2403 1241 2557 1311; x_wconf 77' lang='lat' dir='ltr'><strong>fugit,</strong></span> <span class='ocrx_word' id='word_1_174' title='bbox 2604 1241 2704 1295; x_wconf 88' lang='lat' dir='ltr'><strong>hoc</strong></span> <span class='ocrx_word' id='word_1_175' title='bbox 2733 1251 2812 1294; x_wconf 89' lang='lat' dir='ltr'><strong>est</strong></span> <span class='ocrx_word' id='word_1_176' title='bbox 2847 1240 3161 1295; x_wconf 85' lang='lat' dir='ltr'><strong>advers‘itati</strong></span> <span class='ocrx_word' id='word_1_177' title='bbox 3193 1258 3250 1297; x_wconf 86' lang='lat' dir='ltr'><strong>se</strong></span> <span class='ocrx_word' id='word_1_178' title='bbox 3289 1243 3559 1297; x_wconf 89' lang='lat' dir='ltr'><strong>subducit.</strong></span> <span class='ocrx_word' id='word_1_179' title='bbox 3597 1239 3710 1296; x_wconf 86' lang='lat' dir='ltr'><strong>Non</strong></span> <span class='ocrx_word' id='word_1_180' title='bbox 3737 1245 3880 1298; x_wconf 90' lang='lat' dir='ltr'><strong>enim</strong></span> 
     </span>
    </p>
   </div>
   <div class='ocr_carea' id='block_1_14' title="bbox 653 1329 3883 1403">
    <p class='ocr_par' dir='ltr' id='par_1_14' title="bbox 653 1329 3883 1403">
     <span class='ocr_line' id='line_1_14' title="bbox 653 1329 3883 1403; baseline 0 -18"><span class='ocrx_word' id='word_1_181' title='bbox 653 1329 792 1397; x_wconf 83' lang='lat' dir='ltr'><strong>ejus,</strong></span> <span class='ocrx_word' id='word_1_182' title='bbox 829 1331 912 1384; x_wconf 85' lang='lat' dir='ltr'><strong>vel</strong></span> <span class='ocrx_word' id='word_1_183' title='bbox 943 1332 1010 1384; x_wconf 89' lang='lat' dir='ltr'><strong>ad</strong></span> <span class='ocrx_word' id='word_1_184' title='bbox 1063 1331 1292 1398; x_wconf 87' lang='lat' dir='ltr'><strong>aliquem</strong></span> <span class='ocrx_word' id='word_1_185' title='bbox 1321 1332 1612 1386; x_wconf 90' lang='lat' dir='ltr'><strong>electorum</strong></span> <span class='ocrx_word' id='word_1_186' title='bbox 1661 1334 1751 1402; x_wconf 90' lang='lat' dir='ltr'><strong>qui</strong></span> <span class='ocrx_word' id='word_1_187' title='bbox 1783 1334 1886 1388; x_wconf 75' lang='lat' dir='ltr'><strong>est&#39;</strong></span> <span class='ocrx_word' id='word_1_188' title='bbox 1920 1335 2218 1387; x_wconf 86' lang='lat' dir='ltr'><strong>membrum</strong></span> <span class='ocrx_word' id='word_1_189' title='bbox 2321 1338 2429 1384; x_wconf 85' lang='lat' dir='ltr'><strong>tam</strong></span> <span class='ocrx_word' id='word_1_190' title='bbox 2463 1330 2581 1385; x_wconf 76' lang='lat' dir='ltr'><strong>loco</strong></span> <span class='ocrx_word' id='word_1_191' title='bbox 2607 1345 2767 1398; x_wconf 88' lang='lat' dir='ltr'><strong>quam</strong></span> <span class='ocrx_word' id='word_1_192' title='bbox 2801 1345 3023 1398; x_wconf 84' lang='lat' dir='ltr'><strong>operum</strong></span> <span class='ocrx_word' id='word_1_193' title='bbox 3050 1331 3425 1387; x_wconf 85' lang='lat' dir='ltr'><strong>immutatione</strong></span> <span class='ocrx_word' id='word_1_194' title='bbox 3455 1332 3605 1403; x_wconf 77' lang='lat' dir='ltr'><strong>fugit.</strong></span> <span class='ocrx_word' id='word_1_195' title='bbox 3636 1331 3703 1386; x_wconf 83' lang='lat' dir='ltr'><strong>Et</strong></span> <span class='ocrx_word' id='word_1_196' title='bbox 3730 1333 3883 1401; x_wconf 78' lang='lat' dir='ltr'><strong>lupus</strong></span> 
     </span>
    </p>
   </div>
   <div class='ocr_carea' id='block_1_15' title="bbox 630 1421 3884 1493">
    <p class='ocr_par' dir='ltr' id='par_1_15' title="bbox 630 1421 3884 1493">
     <span class='ocr_line' id='line_1_15' title="bbox 630 1421 3884 1493; baseline 0.001 -19"><span class='ocrx_word' id='word_1_197' title='bbox 630 1421 787 1488; x_wconf 79' lang='lat' dir='ltr'><strong>ejus,</strong></span> <span class='ocrx_word' id='word_1_198' title='bbox 816 1421 960 1474; x_wconf 84' lang='lat' dir='ltr'><strong>vehit</strong></span> <span class='ocrx_word' id='word_1_199' title='bbox 991 1436 1111 1474; x_wconf 90' lang='lat' dir='ltr'><strong>cum</strong></span> <span class='ocrx_word' id='word_1_200' title='bbox 1149 1422 1280 1474; x_wconf 86' lang='lat' dir='ltr'><strong>dicit</strong></span> <span class='ocrx_word' id='word_1_201' title='bbox 1307 1437 1322 1474; x_wconf 91' lang='lat'>:</span> <span class='ocrx_word' id='word_1_202' title='bbox 1352 1422 1827 1487; x_wconf 62' lang='lat' dir='ltr'><strong>Iudice/Domine,</strong></span> <span class='ocrx_word' id='word_1_203' title='bbox 1851 1435 2084 1477; x_wconf 86' lang='lat' dir='ltr'><strong>nocentes</strong></span> <span class='ocrx_word' id='word_1_204' title='bbox 2115 1440 2215 1485; x_wconf 86' lang='lat' dir='ltr'><strong>me,</strong></span> <span class='ocrx_word' id='word_1_205' title='bbox 2321 1425 2480 1492; x_wconf 85' lang='lat' dir='ltr'><strong>rapit,</strong></span> <span class='ocrx_word' id='word_1_206' title='bbox 2512 1424 2768 1492; x_wconf 84' lang='lat' dir='ltr'><strong>quoniam</strong></span> <span class='ocrx_word' id='word_1_207' title='bbox 2825 1422 3073 1490; x_wconf 76' lang='lat' dir='ltr'><strong>diabolus</strong></span> <span class='ocrx_word' id='word_1_208' title='bbox 3120 1440 3182 1478; x_wconf 87' lang='lat' dir='ltr'><strong>ea</strong></span> <span class='ocrx_word' id='word_1_209' title='bbox 3243 1425 3560 1492; x_wconf 87' lang='lat' dir='ltr'><strong>meritorum</strong></span> <span class='ocrx_word' id='word_1_210' title='bbox 3601 1424 3738 1478; x_wconf 89' lang='lat' dir='ltr'><strong>bona</strong></span> <span class='ocrx_word' id='word_1_211' title='bbox 3764 1438 3884 1493; x_wconf 66' lang='lat' dir='ltr'><strong>qua</strong></span> 
     </span>
    </p>
   </div>
   <div class='ocr_carea' id='block_1_16' title="bbox 653 1510 3883 1584">
    <p class='ocr_par' dir='ltr' id='par_1_16' title="bbox 653 1510 3883 1584">
     <span class='ocr_line' id='line_1_16' title="bbox 653 1510 3883 1584; baseline 0.001 -20"><span class='ocrx_word' id='word_1_212' title='bbox 653 1527 892 1579; x_wconf 63' lang='lat' dir='ltr'><strong>expugna</strong></span> <span class='ocrx_word' id='word_1_213' title='bbox 924 1510 1276 1581; x_wconf 81' lang='lat' dir='ltr'><strong>intpuguuntes</strong></span> <span class='ocrx_word' id='word_1_214' title='bbox 1300 1529 1377 1566; x_wconf 90' lang='lat' dir='ltr'><strong>me</strong></span> <span class='ocrx_word' id='word_1_215' title='bbox 1412 1512 1582 1583; x_wconf 83' lang='lat' dir='ltr'><strong>(Psal.</strong></span> <span class='ocrx_word' id='word_1_216' title='bbox 1633 1531 1816 1580; x_wconf 75' lang='lat' dir='ltr'><strong>xxxiv,</strong></span> <span class='ocrx_word' id='word_1_217' title='bbox 1849 1515 1925 1584; x_wconf 86' lang='lat' dir='ltr'><strong>l),</strong></span> <span class='ocrx_word' id='word_1_218' title='bbox 1950 1526 2002 1568; x_wconf 89' lang='lat' dir='ltr'><strong>et</strong></span> <span class='ocrx_word' id='word_1_219' title='bbox 2037 1515 2122 1569; x_wconf 88' lang='lat' dir='ltr'><strong>his</strong></span> <span class='ocrx_word' id='word_1_220' title='bbox 2145 1515 2218 1568; x_wconf 85' lang='lat' dir='ltr'><strong>si-</strong></span> <span class='ocrx_word' id='word_1_221' title='bbox 2319 1512 2847 1577; x_wconf 88' lang='lat' dir='ltr'><strong>videbaturhabere,</strong></span> <span class='ocrx_word' id='word_1_222' title='bbox 2872 1512 3029 1566; x_wconf 92' lang='lat' dir='ltr'><strong>tollit.</strong></span> <span class='ocrx_word' id='word_1_223' title='bbox 3057 1512 3121 1566; x_wconf 81' lang='lat' dir='ltr'><strong>Et</strong></span> <span class='ocrx_word' id='word_1_224' title='bbox 3149 1515 3394 1584; x_wconf 74' lang='lat' dir='ltr'><strong>dispergit</strong></span> <span class='ocrx_word' id='word_1_225' title='bbox 3426 1515 3699 1582; x_wconf 82' lang='lat' dir='ltr'><strong>oves,quia</strong></span> <span class='ocrx_word' id='word_1_226' title='bbox 3729 1515 3883 1568; x_wconf 85' lang='lat' dir='ltr'><strong>dissi-</strong></span> 
     </span>
    </p>
   </div>
   <div class='ocr_carea' id='block_1_17' title="bbox 657 1600 3890 1672">
    <p class='ocr_par' dir='ltr' id='par_1_17' title="bbox 657 1600 3890 1672">
     <span class='ocr_line' id='line_1_17' title="bbox 657 1600 3890 1672; baseline 0.001 -18"><span class='ocrx_word' id='word_1_227' title='bbox 657 1600 822 1654; x_wconf 83' lang='lat' dir='ltr'><strong>milia.</strong></span> <span class='ocrx_word' id='word_1_228' title='bbox 2322 1612 2412 1672; x_wconf 90' lang='lat' dir='ltr'><strong>pat</strong></span> <span class='ocrx_word' id='word_1_229' title='bbox 2435 1602 2550 1670; x_wconf 83' lang='lat' dir='ltr'><strong>ejus</strong></span> <span class='ocrx_word' id='word_1_230' title='bbox 2591 1604 2856 1664; x_wconf 83' lang='lat' dir='ltr'><strong>actiones,</strong></span> <span class='ocrx_word' id='word_1_231' title='bbox 2889 1612 2947 1656; x_wconf 88' lang='lat' dir='ltr'><strong>ut</strong></span> <span class='ocrx_word' id='word_1_232' title='bbox 2980 1604 3160 1656; x_wconf 88' lang='lat' dir='ltr'><strong>omnia</strong></span> <span class='ocrx_word' id='word_1_233' title='bbox 3206 1618 3326 1672; x_wconf 76' lang='lat' dir='ltr'><strong>qua:</strong></span> <span class='ocrx_word' id='word_1_234' title='bbox 3365 1602 3479 1671; x_wconf 86' lang='lat' dir='ltr'><strong>jam</strong></span> <span class='ocrx_word' id='word_1_235' title='bbox 3512 1604 3722 1669; x_wconf 81' lang='lat' dir='ltr'><strong>fecerit,</strong></span> <span class='ocrx_word' id='word_1_236' title='bbox 3769 1603 3890 1658; x_wconf 76' lang='lat' dir='ltr'><strong>sint</strong></span> 
     </span>
    </p>
   </div>
   <div class='ocr_carea' id='block_1_18' title="bbox 731 1681 3554 1762">
    <p class='ocr_par' dir='ltr' id='par_1_18' title="bbox 731 1681 3554 1762">
     <span class='ocr_line' id='line_1_18' title="bbox 731 1681 3554 1762; baseline 0.002 -22"><span class='ocrx_word' id='word_1_237' title='bbox 731 1687 881 1741; x_wconf 84' lang='lat' dir='ltr'><strong>Nunc</strong></span> <span class='ocrx_word' id='word_1_238' title='bbox 904 1688 1062 1758; x_wconf 81' lang='lat' dir='ltr'><strong>igitur</strong></span> <span class='ocrx_word' id='word_1_239' title='bbox 1087 1689 1200 1742; x_wconf 82' lang='lat' dir='ltr'><strong>ista</strong></span> <span class='ocrx_word' id='word_1_240' title='bbox 1249 1706 1368 1759; x_wconf 77' lang='lat' dir='ltr'><strong>quae</strong></span> <span class='ocrx_word' id='word_1_241' title='bbox 1410 1690 1668 1759; x_wconf 83' lang='lat' dir='ltr'><strong>loquitur,</strong></span> <span class='ocrx_word' id='word_1_242' title='bbox 1717 1691 1794 1745; x_wconf 87' lang='lat' dir='ltr'><strong>sic</strong></span> <span class='ocrx_word' id='word_1_243' title='bbox 1824 1691 2042 1760; x_wconf 78' lang='lat' dir='ltr'><strong>intelligi</strong></span> <span class='ocrx_word' id='word_1_244' title='bbox 2069 1691 2219 1744; x_wconf 84' lang='lat' dir='ltr'><strong>volu-</strong></span> <span class='ocrx_word' id='word_1_245' title='bbox 2246 1681 2292 1740; x_wconf 82' lang='grc' dir='ltr'><strong>Β</strong></span> <span class='ocrx_word' id='word_1_246' title='bbox 2321 1693 2692 1761; x_wconf 89' lang='lat' dir='ltr'><strong>incomposita,</strong></span> <span class='ocrx_word' id='word_1_247' title='bbox 2719 1701 2774 1746; x_wconf 90' lang='lat' dir='ltr'><strong>et</strong></span> <span class='ocrx_word' id='word_1_248' title='bbox 2799 1693 3112 1762; x_wconf 77' lang='lat' dir='ltr'><strong>incongrua,</strong></span> <span class='ocrx_word' id='word_1_249' title='bbox 3145 1702 3198 1746; x_wconf 88' lang='lat' dir='ltr'><strong>et</strong></span> <span class='ocrx_word' id='word_1_250' title='bbox 3221 1692 3554 1746; x_wconf 85' lang='lat' dir='ltr'><strong>dissidentia.</strong></span> 
     </span>
    </p>
   </div>
   <div class='ocr_carea' id='block_1_19' title="bbox 658 1765 3883 1854">
    <p class='ocr_par' dir='ltr' id='par_1_19' title="bbox 658 1765 3883 1854">
     <span class='ocr_line' id='line_1_19' title="bbox 658 1765 3883 1854; baseline 0.002 -24"><span class='ocrx_word' id='word_1_251' title='bbox 658 1793 794 1844; x_wconf 88' lang='lat' dir='ltr'><strong>mus,</strong></span> <span class='ocrx_word' id='word_1_252' title='bbox 813 1788 1057 1846; x_wconf 77' lang='lat' dir='ltr'><strong>tanquam</strong></span> <span class='ocrx_word' id='word_1_253' title='bbox 1078 1786 1119 1836; x_wconf 94' lang='lat' dir='ltr'><strong>si</strong></span> <span class='ocrx_word' id='word_1_254' title='bbox 1134 1799 1194 1837; x_wconf 89' lang='lat' dir='ltr'><strong>ea</strong></span> <span class='ocrx_word' id='word_1_255' title='bbox 1209 1785 1327 1852; x_wconf 90' lang='lat' dir='ltr'><strong>quis</strong></span> <span class='ocrx_word' id='word_1_256' title='bbox 1344 1795 1648 1837; x_wconf 80' lang='lat' dir='ltr'><strong>smietornm</strong></span> <span class='ocrx_word' id='word_1_257' title='bbox 1663 1781 1778 1848; x_wconf 64' lang='lat' dir='ltr'><strong>ejus</strong></span> <span class='ocrx_word' id='word_1_258' title='bbox 1793 1779 2119 1846; x_wconf 89' lang='lat' dir='ltr'><strong>loqueretur;</strong></span> <span class='ocrx_word' id='word_1_259' title='bbox 2141 1780 2216 1832; x_wconf 88' lang='lat' dir='ltr'><strong>ait</strong></span> <span class='ocrx_word' id='word_1_260' title='bbox 2396 1785 2555 1854; x_wconf 73' lang='lat'><strong>189</strong></span> <span class='ocrx_word' id='word_1_261' title='bbox 2585 1785 2937 1842; x_wconf 72' lang='lat' dir='ltr'><strong>Merceunrius</strong></span> <span class='ocrx_word' id='word_1_262' title='bbox 2975 1793 3146 1836; x_wconf 85' lang='lat' dir='ltr'><strong>autem</strong></span> <span class='ocrx_word' id='word_1_263' title='bbox 3170 1799 3272 1836; x_wconf 80' lang='lat' dir='ltr'><strong>non</strong></span> <span class='ocrx_word' id='word_1_264' title='bbox 3302 1765 3502 1836; x_wconf 62' lang='lat' dir='ltr'><strong>resisiit</strong></span> <span class='ocrx_word' id='word_1_265' title='bbox 3526 1781 3648 1850; x_wconf 86' lang='lat' dir='ltr'><strong>lupo</strong></span> <span class='ocrx_word' id='word_1_266' title='bbox 3672 1796 3883 1851; x_wconf 80' lang='lat' dir='ltr'><strong>gregem</strong></span> 
     </span>
    </p>
   </div>
   <div class='ocr_carea' id='block_1_20' title="bbox 654 1867 3888 1943">
    <p class='ocr_par' dir='ltr' id='par_1_20' title="bbox 654 1867 3888 1943">
     <span class='ocr_line' id='line_1_20' title="bbox 654 1867 3888 1943; baseline 0.002 -24"><span class='ocrx_word' id='word_1_267' title='bbox 654 1867 795 1920; x_wconf 91' lang='lat' dir='ltr'><strong>enim</strong></span> <span class='ocrx_word' id='word_1_268' title='bbox 823 1868 962 1938; x_wconf 73' lang='lat' dir='ltr'><strong>:Ego</strong></span> <span class='ocrx_word' id='word_1_269' title='bbox 982 1888 1094 1924; x_wconf 84' lang='lat' dir='ltr'><strong>sum</strong></span> <span class='ocrx_word' id='word_1_270' title='bbox 1115 1884 1296 1941; x_wconf 84' lang='lat' dir='ltr'><strong>pastor</strong></span> <span class='ocrx_word' id='word_1_271' title='bbox 1315 1874 1498 1927; x_wconf 81' lang='lat' dir='ltr'><strong>bonus.</strong></span> <span class='ocrx_word' id='word_1_272' title='bbox 1517 1871 1961 1940; x_wconf 85' lang='lat' dir='ltr'><strong>Etunusquisque</strong></span> <span class='ocrx_word' id='word_1_273' title='bbox 1977 1878 2216 1924; x_wconf 73' lang='lat' dir='ltr'><strong>nostrqu</strong></span> <span class='ocrx_word' id='word_1_274' title='bbox 2319 1887 2474 1925; x_wconf 80' lang='lat' dir='ltr'><strong>suum</strong></span> <span class='ocrx_word' id='word_1_275' title='bbox 2500 1875 2571 1926; x_wconf 86' lang='lat' dir='ltr'><strong>ita</strong></span> <span class='ocrx_word' id='word_1_276' title='bbox 2601 1875 2904 1938; x_wconf 86' lang='lat' dir='ltr'><strong>devoranti,</strong></span> <span class='ocrx_word' id='word_1_277' title='bbox 2951 1873 3043 1928; x_wconf 88' lang='lat' dir='ltr'><strong>sed</strong></span> <span class='ocrx_word' id='word_1_278' title='bbox 3078 1875 3210 1943; x_wconf 74' lang='lat' dir='ltr'><strong>fugit</strong></span> <span class='ocrx_word' id='word_1_279' title='bbox 3245 1888 3261 1938; x_wconf 91' lang='lat'><strong>;</strong></span> <span class='ocrx_word' id='word_1_280' title='bbox 3295 1868 3420 1940; x_wconf 85' lang='lat' dir='ltr'><strong>quia</strong></span> <span class='ocrx_word' id='word_1_281' title='bbox 3451 1871 3537 1925; x_wconf 88' lang='lat' dir='ltr'><strong>ille</strong></span> <span class='ocrx_word' id='word_1_282' title='bbox 3575 1871 3665 1940; x_wconf 91' lang='lat' dir='ltr'><strong>qui</strong></span> <span class='ocrx_word' id='word_1_283' title='bbox 3715 1871 3888 1924; x_wconf 88' lang='lat' dir='ltr'><strong>virtu-</strong></span> 
     </span>
    </p>
   </div>
   <div class='ocr_carea' id='block_1_21' title="bbox 654 1960 3884 2032">
    <p class='ocr_par' dir='ltr' id='par_1_21' title="bbox 654 1960 3884 2032">
     <span class='ocr_line' id='line_1_21' title="bbox 654 1960 3884 2032; baseline 0.001 -22"><span class='ocrx_word' id='word_1_284' title='bbox 654 1961 810 2014; x_wconf 78' lang='lat' dir='ltr'><strong>dehet</strong></span> <span class='ocrx_word' id='word_1_285' title='bbox 835 1977 951 2016; x_wconf 88' lang='lat' dir='ltr'><strong>esse</strong></span> <span class='ocrx_word' id='word_1_286' title='bbox 973 1973 1168 2029; x_wconf 81' lang='lat' dir='ltr'><strong>pastor,</strong></span> <span class='ocrx_word' id='word_1_287' title='bbox 1193 1979 1298 2015; x_wconf 90' lang='lat' dir='ltr'><strong>non</strong></span> <span class='ocrx_word' id='word_1_288' title='bbox 1329 1962 1735 2029; x_wconf 85' lang='lat' dir='ltr'><strong>qualiscunque,</strong></span> <span class='ocrx_word' id='word_1_289' title='bbox 1757 1962 1848 2014; x_wconf 90' lang='lat' dir='ltr'><strong>sed</strong></span> <span class='ocrx_word' id='word_1_290' title='bbox 1869 1960 2064 2022; x_wconf 82' lang='lat' dir='ltr'><strong>bonus;</strong></span> <span class='ocrx_word' id='word_1_291' title='bbox 2094 1960 2217 2026; x_wconf 85' lang='lat' dir='ltr'><strong>quia</strong></span> <span class='ocrx_word' id='word_1_292' title='bbox 2323 1971 2432 2015; x_wconf 83' lang='lat' dir='ltr'><strong>tum</strong></span> <span class='ocrx_word' id='word_1_293' title='bbox 2465 1972 2558 2016; x_wconf 85' lang='lat' dir='ltr'><strong>aut</strong></span> <span class='ocrx_word' id='word_1_294' title='bbox 2607 1964 2978 2032; x_wconf 81' lang='lat' dir='ltr'><strong>religiosarum</strong></span> <span class='ocrx_word' id='word_1_295' title='bbox 3017 1964 3290 2018; x_wconf 87' lang='lat' dir='ltr'><strong>actionum</strong></span> <span class='ocrx_word' id='word_1_296' title='bbox 3340 1961 3481 2017; x_wconf 89' lang='lat' dir='ltr'><strong>ovile</strong></span> <span class='ocrx_word' id='word_1_297' title='bbox 3527 1976 3630 2016; x_wconf 90' lang='lat' dir='ltr'><strong>non</strong></span> <span class='ocrx_word' id='word_1_298' title='bbox 3669 1968 3884 2029; x_wconf 75' lang='lat' dir='ltr'><strong>propter</strong></span> 
     </span>
    </p>
   </div>
   <div class='ocr_carea' id='block_1_22' title="bbox 654 2049 3868 2123">
    <p class='ocr_par' dir='ltr' id='par_1_22' title="bbox 654 2049 3868 2123">
     <span class='ocr_line' id='line_1_22' title="bbox 654 2049 3868 2123; baseline 0.001 -23"><span class='ocrx_word' id='word_1_299' title='bbox 654 2064 870 2116; x_wconf 81' lang='lat' dir='ltr'><strong>gregem</strong></span> <span class='ocrx_word' id='word_1_300' title='bbox 899 2052 1104 2123; x_wconf 74' lang='lat' dir='ltr'><strong>ovium,</strong></span> <span class='ocrx_word' id='word_1_301' title='bbox 1132 2051 1183 2103; x_wconf 90' lang='lat' dir='ltr'><strong>id</strong></span> <span class='ocrx_word' id='word_1_302' title='bbox 1207 2061 1290 2110; x_wconf 85' lang='lat' dir='ltr'><strong>est</strong></span> <span class='ocrx_word' id='word_1_303' title='bbox 1316 2053 1636 2103; x_wconf 81' lang='lat' dir='ltr'><strong>tumidarum</strong></span> <span class='ocrx_word' id='word_1_304' title='bbox 1671 2059 1728 2104; x_wconf 85' lang='lat' dir='ltr'><strong>et</strong></span> <span class='ocrx_word' id='word_1_305' title='bbox 1765 2049 2102 2104; x_wconf 79' lang='lat' dir='ltr'><strong>in&#39;noxiarunt</strong></span> <span class='ocrx_word' id='word_1_306' title='bbox 2131 2063 2224 2102; x_wconf 53' lang='lat' dir='ltr'><strong>co-</strong></span> <span class='ocrx_word' id='word_1_307' title='bbox 2324 2052 2469 2120; x_wconf 83' lang='lat' dir='ltr'><strong>ipsas</strong></span> <span class='ocrx_word' id='word_1_308' title='bbox 2503 2053 2746 2114; x_wconf 76' lang='lat' dir='ltr'><strong>virtutes,</strong></span> <span class='ocrx_word' id='word_1_309' title='bbox 2789 2052 2882 2104; x_wconf 84' lang='lat' dir='ltr'><strong>sed</strong></span> <span class='ocrx_word' id='word_1_310' title='bbox 2905 2062 3132 2120; x_wconf 83' lang='lat' dir='ltr'><strong>prOpter</strong></span> <span class='ocrx_word' id='word_1_311' title='bbox 3168 2053 3315 2106; x_wconf 91' lang='lat' dir='ltr'><strong>lncra</strong></span> <span class='ocrx_word' id='word_1_312' title='bbox 3350 2049 3665 2121; x_wconf 82' lang='lat' dir='ltr'><strong>temporalia</strong></span> <span class='ocrx_word' id='word_1_313' title='bbox 3706 2062 3868 2105; x_wconf 80' lang='lat' dir='ltr'><strong>serva</strong></span> 
     </span>
    </p>
   </div>
   <div class='ocr_carea' id='block_1_23' title="bbox 657 2136 3884 2208">
    <p class='ocr_par' dir='ltr' id='par_1_23' title="bbox 657 2136 3884 2208">
     <span class='ocr_line' id='line_1_23' title="bbox 657 2136 3884 2208; baseline 0.002 -22"><span class='ocrx_word' id='word_1_314' title='bbox 657 2136 975 2204; x_wconf 75' lang='lat' dir='ltr'><strong>gitatiuttttttt</strong></span> <span class='ocrx_word' id='word_1_315' title='bbox 1033 2147 1196 2205; x_wconf 84' lang='lat' dir='ltr'><strong>atque</strong></span> <span class='ocrx_word' id='word_1_316' title='bbox 1253 2139 1510 2193; x_wconf 75' lang='lat' dir='ltr'><strong>virtutum</strong></span> <span class='ocrx_word' id='word_1_317' title='bbox 1557 2138 1740 2203; x_wconf 83' lang='lat' dir='ltr'><strong>habet,</strong></span> <span class='ocrx_word' id='word_1_318' title='bbox 1791 2142 1952 2206; x_wconf 83' lang='lat' dir='ltr'><strong>quem</strong></span> <span class='ocrx_word' id='word_1_319' title='bbox 2006 2139 2220 2208; x_wconf 88' lang='lat' dir='ltr'><strong>pascuis</strong></span> <span class='ocrx_word' id='word_1_320' title='bbox 2321 2144 2430 2200; x_wconf 82' lang='lat' dir='ltr'><strong>b..t,</strong></span> <span class='ocrx_word' id='word_1_321' title='bbox 2463 2143 2662 2196; x_wconf 85' lang='lat' dir='ltr'><strong>recedit</strong></span> <span class='ocrx_word' id='word_1_322' title='bbox 2687 2144 2754 2196; x_wconf 91' lang='lat' dir='ltr'><strong>ab</strong></span> <span class='ocrx_word' id='word_1_323' title='bbox 2784 2157 2967 2196; x_wconf 76' lang='lat' dir='ltr'><strong>earum</strong></span> <span class='ocrx_word' id='word_1_324' title='bbox 2999 2142 3183 2205; x_wconf 90' lang='lat' dir='ltr'><strong>tutela,</strong></span> <span class='ocrx_word' id='word_1_325' title='bbox 3221 2151 3276 2196; x_wconf 86' lang='lat' dir='ltr'><strong>et</strong></span> <span class='ocrx_word' id='word_1_326' title='bbox 3311 2141 3567 2208; x_wconf 90' lang='lat' dir='ltr'><strong>relinquit</strong></span> <span class='ocrx_word' id='word_1_327' title='bbox 3593 2155 3684 2192; x_wconf 87' lang='lat' dir='ltr'><strong>eas</strong></span> <span class='ocrx_word' id='word_1_328' title='bbox 3709 2141 3763 2192; x_wconf 89' lang='lat' dir='ltr'><strong>in</strong></span> <span class='ocrx_word' id='word_1_329' title='bbox 3793 2153 3884 2192; x_wconf 66' lang='lat' dir='ltr'><strong>ore</strong></span> 
     </span>
    </p>
   </div>
   <div class='ocr_carea' id='block_1_24' title="bbox 659 2222 3871 2302">
    <p class='ocr_par' dir='ltr' id='par_1_24' title="bbox 659 2222 3871 2302">
     <span class='ocr_line' id='line_1_24' title="bbox 659 2222 3871 2302; baseline 0.001 -29"><span class='ocrx_word' id='word_1_330' title='bbox 659 2225 1059 2291; x_wconf 58' lang='lat' dir='ltr'><strong>Scriptura&#39;rum</strong></span> <span class='ocrx_word' id='word_1_331' title='bbox 1109 2241 1334 2294; x_wconf 84' lang='lat' dir='ltr'><strong>pascens</strong></span> <span class='ocrx_word' id='word_1_332' title='bbox 1379 2229 1599 2292; x_wconf 86' lang='lat' dir='ltr'><strong>nutriat,</strong></span> <span class='ocrx_word' id='word_1_333' title='bbox 1639 2244 1795 2297; x_wconf 87' lang='lat' dir='ltr'><strong>quem</strong></span> <span class='ocrx_word' id='word_1_334' title='bbox 1845 2228 1994 2282; x_wconf 88' lang='lat' dir='ltr'><strong>velut</strong></span> <span class='ocrx_word' id='word_1_335' title='bbox 2042 2229 2109 2282; x_wconf 90' lang='lat' dir='ltr'><strong>de</strong></span> <span class='ocrx_word' id='word_1_336' title='bbox 2153 2244 2220 2282; x_wconf 89' lang='lat' dir='ltr'><strong>eo</strong></span> <span class='ocrx_word' id='word_1_337' title='bbox 2320 2222 2674 2288; x_wconf 72' lang='lat' dir='ltr'><strong>devoratoris,</strong></span> <span class='ocrx_word' id='word_1_338' title='bbox 2707 2246 2774 2282; x_wconf 89' lang='lat' dir='ltr'><strong>ne</strong></span> <span class='ocrx_word' id='word_1_339' title='bbox 2811 2228 3107 2297; x_wconf 88' lang='lat' dir='ltr'><strong>periculunt</strong></span> <span class='ocrx_word' id='word_1_340' title='bbox 3153 2228 3353 2281; x_wconf 83' lang='lat' dir='ltr'><strong>sentiat</strong></span> <span class='ocrx_word' id='word_1_341' title='bbox 3396 2227 3754 2302; x_wconf 69' lang='lat' dir='ltr'><strong>advel-sitatis.</strong></span> <span class='ocrx_word' id='word_1_342' title='bbox 3785 2224 3871 2292; x_wconf 83' lang='lat' dir='ltr'><strong>Qu</strong></span> 
     </span>
    </p>
   </div>
   <div class='ocr_carea' id='block_1_25' title="bbox 658 2307 3886 2389">
    <p class='ocr_par' dir='ltr' id='par_1_25' title="bbox 658 2307 3886 2389">
     <span class='ocr_line' id='line_1_25' title="bbox 658 2307 3886 2389; baseline 0.001 -25"><span class='ocrx_word' id='word_1_343' title='bbox 658 2313 916 2366; x_wconf 81' lang='lat' dir='ltr'><strong>rationein</strong></span> <span class='ocrx_word' id='word_1_344' title='bbox 935 2316 1239 2376; x_wconf 69' lang='lat' dir='ltr'><strong>redditurus</strong></span> <span class='ocrx_word' id='word_1_345' title='bbox 1262 2319 1483 2373; x_wconf 89' lang='lat' dir='ltr'><strong>Domino</strong></span> <span class='ocrx_word' id='word_1_346' title='bbox 1497 2319 1782 2374; x_wconf 86' lang='lat' dir='ltr'><strong>custodiat.</strong></span> <span class='ocrx_word' id='word_1_347' title='bbox 1809 2318 2016 2373; x_wconf 82' lang='lat' dir='ltr'><strong>Talium</strong></span> <span class='ocrx_word' id='word_1_348' title='bbox 2035 2321 2216 2373; x_wconf 87' lang='lat' dir='ltr'><strong>ovium</strong></span> <span class='ocrx_word' id='word_1_349' title='bbox 2321 2331 2602 2389; x_wconf 74' lang='lat' dir='ltr'><strong>p:opterea</strong></span> <span class='ocrx_word' id='word_1_350' title='bbox 2631 2320 2707 2373; x_wconf 87' lang='lat' dir='ltr'><strong>sie</strong></span> <span class='ocrx_word' id='word_1_351' title='bbox 2730 2319 2882 2387; x_wconf 76' lang='lat' dir='ltr'><strong>fugit,</strong></span> <span class='ocrx_word' id='word_1_352' title='bbox 2903 2319 3026 2384; x_wconf 86' lang='lat' dir='ltr'><strong>quia</strong></span> <span class='ocrx_word' id='word_1_353' title='bbox 3055 2317 3404 2370; x_wconf 76' lang='lat' dir='ltr'><strong>mercenarius</strong></span> <span class='ocrx_word' id='word_1_354' title='bbox 3432 2326 3534 2379; x_wconf 90' lang='lat' dir='ltr'><strong>est,</strong></span> <span class='ocrx_word' id='word_1_355' title='bbox 3568 2315 3617 2368; x_wconf 92' lang='lat' dir='ltr'><strong>id</strong></span> <span class='ocrx_word' id='word_1_356' title='bbox 3649 2307 3730 2369; x_wconf 81' lang='lat' dir='ltr'><strong>est</strong></span> <span class='ocrx_word' id='word_1_357' title='bbox 3761 2313 3886 2382; x_wconf 87' lang='lat' dir='ltr'><strong>quia</strong></span> 
     </span>
    </p>
   </div>
   <div class='ocr_carea' id='block_1_26' title="bbox 658 2402 3886 2478">
    <p class='ocr_par' dir='ltr' id='par_1_26' title="bbox 658 2402 3886 2478">
     <span class='ocr_line' id='line_1_26' title="bbox 658 2402 3886 2478; baseline 0.001 -24"><span class='ocrx_word' id='word_1_358' title='bbox 658 2402 880 2457; x_wconf 85' lang='lat' dir='ltr'><strong>idoneus</strong></span> <span class='ocrx_word' id='word_1_359' title='bbox 911 2416 1091 2473; x_wconf 89' lang='lat' dir='ltr'><strong>pastor</strong></span> <span class='ocrx_word' id='word_1_360' title='bbox 1117 2416 1232 2461; x_wconf 84' lang='lat' dir='ltr'><strong>erat</strong></span> <span class='ocrx_word' id='word_1_361' title='bbox 1254 2419 1471 2464; x_wconf 86' lang='lat' dir='ltr'><strong>sanctus</strong></span> <span class='ocrx_word' id='word_1_362' title='bbox 1502 2411 1685 2473; x_wconf 82' lang='lat' dir='ltr'><strong>David,</strong></span> <span class='ocrx_word' id='word_1_363' title='bbox 1711 2411 1925 2478; x_wconf 88' lang='lat' dir='ltr'><strong>quando</strong></span> <span class='ocrx_word' id='word_1_364' title='bbox 1959 2413 2012 2464; x_wconf 90' lang='lat' dir='ltr'><strong>in</strong></span> <span class='ocrx_word' id='word_1_365' title='bbox 2040 2426 2218 2478; x_wconf 81' lang='lat' dir='ltr'><strong>regens</strong></span> <span class='ocrx_word' id='word_1_366' title='bbox 2322 2413 2579 2461; x_wconf 82' lang='lat' dir='ltr'><strong>vii-tutum</strong></span> <span class='ocrx_word' id='word_1_367' title='bbox 2609 2425 2771 2476; x_wconf 85' lang='lat' dir='ltr'><strong>opera</strong></span> <span class='ocrx_word' id='word_1_368' title='bbox 2799 2417 3014 2477; x_wconf 87' lang='lat' dir='ltr'><strong>propter</strong></span> <span class='ocrx_word' id='word_1_369' title='bbox 3055 2407 3540 2460; x_wconf 83' lang='lat' dir='ltr'><strong>emolumentorum</strong></span> <span class='ocrx_word' id='word_1_370' title='bbox 3591 2405 3886 2459; x_wconf 84' lang='lat' dir='ltr'><strong>carnalium</strong></span> 
     </span>
    </p>
   </div>
   <div class='ocr_carea' id='block_1_27' title="bbox 658 2494 3886 2570">
    <p class='ocr_par' dir='ltr' id='par_1_27' title="bbox 658 2494 3886 2570">
     <span class='ocr_line' id='line_1_27' title="bbox 658 2494 3886 2570; baseline 0 -25"><span class='ocrx_word' id='word_1_371' title='bbox 658 2504 848 2547; x_wconf 88' lang='lat' dir='ltr'><strong>unctus</strong></span> <span class='ocrx_word' id='word_1_372' title='bbox 867 2507 971 2559; x_wconf 86' lang='lat' dir='ltr'><strong>est,</strong></span> <span class='ocrx_word' id='word_1_373' title='bbox 995 2508 1051 2550; x_wconf 90' lang='lat' dir='ltr'><strong>ut</strong></span> <span class='ocrx_word' id='word_1_374' title='bbox 1073 2501 1163 2566; x_wconf 90' lang='lat' dir='ltr'><strong>qui</strong></span> <span class='ocrx_word' id='word_1_375' title='bbox 1194 2502 1328 2552; x_wconf 87' lang='lat' dir='ltr'><strong>bene</strong></span> <span class='ocrx_word' id='word_1_376' title='bbox 1355 2516 1481 2554; x_wconf 87' lang='lat' dir='ltr'><strong>suos</strong></span> <span class='ocrx_word' id='word_1_377' title='bbox 1505 2515 1681 2553; x_wconf 90' lang='lat' dir='ltr'><strong>mores</strong></span> <span class='ocrx_word' id='word_1_378' title='bbox 1700 2513 1752 2554; x_wconf 86' lang='lat' dir='ltr'><strong>et</strong></span> <span class='ocrx_word' id='word_1_379' title='bbox 1778 2502 2010 2566; x_wconf 86' lang='lat' dir='ltr'><strong>seipsum</strong></span> <span class='ocrx_word' id='word_1_380' title='bbox 2038 2516 2223 2570; x_wconf 86' lang='lat' dir='ltr'><strong>regere</strong></span> <span class='ocrx_word' id='word_1_381' title='bbox 2323 2497 2619 2549; x_wconf 77' lang='lat' dir='ltr'><strong>mercedem</strong></span> <span class='ocrx_word' id='word_1_382' title='bbox 2653 2511 2872 2548; x_wconf 80' lang='lat' dir='ltr'><strong>servare</strong></span> <span class='ocrx_word' id='word_1_383' title='bbox 2915 2504 3308 2559; x_wconf 83' lang='lat' dir='ltr'><strong>consueverat;</strong></span> <span class='ocrx_word' id='word_1_384' title='bbox 3344 2505 3389 2548; x_wconf 90' lang='lat' dir='ltr'><strong>et</strong></span> <span class='ocrx_word' id='word_1_385' title='bbox 3433 2511 3536 2547; x_wconf 86' lang='lat' dir='ltr'><strong>non</strong></span> <span class='ocrx_word' id='word_1_386' title='bbox 3575 2494 3789 2563; x_wconf 83' lang='lat' dir='ltr'><strong>pertinet</strong></span> <span class='ocrx_word' id='word_1_387' title='bbox 3821 2511 3886 2547; x_wconf 87' lang='lat' dir='ltr'><strong>au</strong></span> 
     </span>
    </p>
   </div>
   <div class='ocr_carea' id='block_1_28' title="bbox 655 2584 3884 2652">
    <p class='ocr_par' dir='ltr' id='par_1_28' title="bbox 655 2584 3884 2652">
     <span class='ocr_line' id='line_1_28' title="bbox 655 2584 3884 2652; baseline 0.001 -18"><span class='ocrx_word' id='word_1_388' title='bbox 655 2592 898 2647; x_wconf 81' lang='lat' dir='ltr'><strong>noverat,</strong></span> <span class='ocrx_word' id='word_1_389' title='bbox 925 2596 1100 2640; x_wconf 89' lang='lat' dir='ltr'><strong>rector</strong></span> <span class='ocrx_word' id='word_1_390' title='bbox 1125 2587 1346 2639; x_wconf 75' lang='lat' dir='ltr'><strong>aliorum</strong></span> <span class='ocrx_word' id='word_1_391' title='bbox 1374 2587 1543 2640; x_wconf 78' lang='lat' dir='ltr'><strong>ﬂeret.</strong></span> <span class='ocrx_word' id='word_1_392' title='bbox 1569 2589 1774 2641; x_wconf 88' lang='lat' dir='ltr'><strong>Talium</strong></span> <span class='ocrx_word' id='word_1_393' title='bbox 1799 2589 1976 2643; x_wconf 91' lang='lat' dir='ltr'><strong>ovium</strong></span> <span class='ocrx_word' id='word_1_394' title='bbox 2004 2600 2221 2644; x_wconf 85' lang='lat' dir='ltr'><strong>sanctus</strong></span> <span class='ocrx_word' id='word_1_395' title='bbox 2322 2603 2437 2639; x_wconf 86' lang='lat' dir='ltr'><strong>eum</strong></span> <span class='ocrx_word' id='word_1_396' title='bbox 2466 2587 2528 2637; x_wconf 83' lang='lat' dir='ltr'><strong>de</strong></span> <span class='ocrx_word' id='word_1_397' title='bbox 2559 2585 2750 2643; x_wconf 82' lang='lat' dir='ltr'><strong>avibus,</strong></span> <span class='ocrx_word' id='word_1_398' title='bbox 2784 2586 2905 2652; x_wconf 89' lang='lat' dir='ltr'><strong>quia</strong></span> <span class='ocrx_word' id='word_1_399' title='bbox 2939 2599 3043 2637; x_wconf 88' lang='lat' dir='ltr'><strong>non</strong></span> <span class='ocrx_word' id='word_1_400' title='bbox 3075 2595 3201 2636; x_wconf 90' lang='lat' dir='ltr'><strong>sunt</strong></span> <span class='ocrx_word' id='word_1_401' title='bbox 3229 2585 3340 2650; x_wconf 90' lang='lat' dir='ltr'><strong>ejus</strong></span> <span class='ocrx_word' id='word_1_402' title='bbox 3365 2585 3586 2637; x_wconf 88' lang='lat' dir='ltr'><strong>virtutes</strong></span> <span class='ocrx_word' id='word_1_403' title='bbox 3608 2584 3688 2636; x_wconf 84' lang='lat' dir='ltr'><strong>vel</strong></span> <span class='ocrx_word' id='word_1_404' title='bbox 3723 2592 3884 2637; x_wconf 80' lang='lat' dir='ltr'><strong>actio-</strong></span> 
     </span>
    </p>
   </div>
   <div class='ocr_carea' id='block_1_29' title="bbox 610 2668 3885 2746">
    <p class='ocr_par' dir='ltr' id='par_1_29' title="bbox 610 2668 3885 2746">
     <span class='ocr_line' id='line_1_29' title="bbox 610 2668 3885 2746; baseline 0.003 -23"><span class='ocrx_word' id='word_1_405' title='bbox 610 2672 618 2678; x_wconf 87' lang='grc'><strong>’</strong></span> <span class='ocrx_word' id='word_1_406' title='bbox 655 2668 755 2724; x_wconf 87' lang='lat' dir='ltr'><strong>Job</strong></span> <span class='ocrx_word' id='word_1_407' title='bbox 775 2683 974 2740; x_wconf 82' lang='lat' dir='ltr'><strong>septem</strong></span> <span class='ocrx_word' id='word_1_408' title='bbox 1001 2674 1168 2726; x_wconf 89' lang='lat' dir='ltr'><strong>millia</strong></span> <span class='ocrx_word' id='word_1_409' title='bbox 1196 2675 1662 2745; x_wconf 87' lang='lat' dir='ltr'><strong>possidebat;quia</strong></span> <span class='ocrx_word' id='word_1_410' title='bbox 1691 2677 1924 2746; x_wconf 78' lang='lat' dir='ltr'><strong>perfecte</strong></span> <span class='ocrx_word' id='word_1_411' title='bbox 1943 2680 2222 2734; x_wconf 74' lang='lat' dir='ltr'><strong>virtutibus</strong></span> <span class='ocrx_word' id='word_1_412' title='bbox 2324 2689 2416 2728; x_wconf 69' lang='grc' dir='ltr'><strong>ιιθὲ</strong></span> <span class='ocrx_word' id='word_1_413' title='bbox 2447 2688 2581 2741; x_wconf 75' lang='lat' dir='ltr'><strong>quas</strong></span> <span class='ocrx_word' id='word_1_414' title='bbox 2609 2672 2864 2733; x_wconf 68' lang='grc' dir='ltr'><strong>ευδιοάίι»</strong></span> <span class='ocrx_word' id='word_1_415' title='bbox 2901 2673 2996 2725; x_wconf 70' lang='lat' dir='ltr'><strong>Sed</strong></span> <span class='ocrx_word' id='word_1_416' title='bbox 3030 2671 3180 2723; x_wconf 63' lang='lat' dir='ltr'><strong>lucra</strong></span> <span class='ocrx_word' id='word_1_417' title='bbox 3231 2685 3347 2737; x_wconf 70' lang='grc' dir='ltr'><strong>(ιυω</strong></span> <span class='ocrx_word' id='word_1_418' title='bbox 3391 2686 3488 2738; x_wconf 63' lang='lat' dir='ltr'><strong>l3ro</strong></span> <span class='ocrx_word' id='word_1_419' title='bbox 3531 2672 3612 2722; x_wconf 60' lang='lat' dir='ltr'><strong>his</strong></span> <span class='ocrx_word' id='word_1_420' title='bbox 3643 2671 3885 2738; x_wconf 69' lang='grc' dir='ltr'><strong>θρινειῖις</strong></span> 
     </span>
    </p>
   </div>
   <div class='ocr_carea' id='block_1_30' title="bbox 658 2757 3886 2835">
    <p class='ocr_par' dir='ltr' id='par_1_30' title="bbox 658 2757 3886 2835">
     <span class='ocr_line' id='line_1_30' title="bbox 658 2757 3886 2835; baseline 0 -23"><span class='ocrx_word' id='word_1_421' title='bbox 658 2760 988 2826; x_wconf 80' lang='lat' dir='ltr'><strong>septiformis</strong></span> <span class='ocrx_word' id='word_1_422' title='bbox 1016 2763 1203 2828; x_wconf 70' lang='lat' dir='ltr'><strong>gratia:</strong></span> <span class='ocrx_word' id='word_1_423' title='bbox 1241 2764 1440 2818; x_wconf 86' lang='lat' dir='ltr'><strong>ditatus</strong></span> <span class='ocrx_word' id='word_1_424' title='bbox 1468 2776 1604 2819; x_wconf 90' lang='lat' dir='ltr'><strong>erat.</strong></span> <span class='ocrx_word' id='word_1_425' title='bbox 1636 2767 1772 2820; x_wconf 83' lang='lat' dir='ltr'><strong>Sunt</strong></span> <span class='ocrx_word' id='word_1_426' title='bbox 1798 2783 1925 2822; x_wconf 88' lang='lat' dir='ltr'><strong>vero</strong></span> <span class='ocrx_word' id='word_1_427' title='bbox 1960 2769 2218 2835; x_wconf 89' lang='lat' dir='ltr'><strong>nonnulli,</strong></span> <span class='ocrx_word' id='word_1_428' title='bbox 2323 2777 2420 2817; x_wconf 90' lang='lat' dir='ltr'><strong>nec</strong></span> <span class='ocrx_word' id='word_1_429' title='bbox 2441 2776 2622 2816; x_wconf 89' lang='lat' dir='ltr'><strong>earum</strong></span> <span class='ocrx_word' id='word_1_430' title='bbox 2653 2761 2879 2829; x_wconf 83' lang='lat' dir='ltr'><strong>perditio</strong></span> <span class='ocrx_word' id='word_1_431' title='bbox 2913 2770 3144 2815; x_wconf 91' lang='lat' dir='ltr'><strong>mentem</strong></span> <span class='ocrx_word' id='word_1_432' title='bbox 3172 2759 3286 2826; x_wconf 90' lang='lat' dir='ltr'><strong>ejus</strong></span> <span class='ocrx_word' id='word_1_433' title='bbox 3322 2757 3502 2812; x_wconf 88' lang='lat' dir='ltr'><strong>dolore</strong></span> <span class='ocrx_word' id='word_1_434' title='bbox 3547 2761 3732 2829; x_wconf 76' lang='lat' dir='ltr'><strong>tangit,</strong></span> <span class='ocrx_word' id='word_1_435' title='bbox 3759 2762 3886 2829; x_wconf 87' lang='lat' dir='ltr'><strong>quia</strong></span> 
     </span>
    </p>
   </div>
   <div class='ocr_carea' id='block_1_31' title="bbox 660 2848 3304 2930">
    <p class='ocr_par' dir='ltr' id='par_1_31' title="bbox 660 2848 3304 2930">
     <span class='ocr_line' id='line_1_31' title="bbox 660 2848 3304 2930; baseline 0 -31"><span class='ocrx_word' id='word_1_436' title='bbox 660 2849 751 2916; x_wconf 88' lang='lat' dir='ltr'><strong>qui</strong></span> <span class='ocrx_word' id='word_1_437' title='bbox 780 2848 915 2904; x_wconf 87' lang='lat' dir='ltr'><strong>bona</strong></span> <span class='ocrx_word' id='word_1_438' title='bbox 952 2866 1070 2920; x_wconf 80' lang='lat' dir='ltr'><strong>qua:</strong></span> <span class='ocrx_word' id='word_1_439' title='bbox 1113 2852 1333 2918; x_wconf 79' lang='lat' dir='ltr'><strong>faciunt,</strong></span> <span class='ocrx_word' id='word_1_440' title='bbox 1386 2870 1720 2930; x_wconf 86' lang='lat' dir='ltr'><strong>nequaquam</strong></span> <span class='ocrx_word' id='word_1_441' title='bbox 1763 2860 2014 2914; x_wconf 85' lang='lat' dir='ltr'><strong>sensibus</strong></span> <span class='ocrx_word' id='word_1_442' title='bbox 2043 2869 2096 2913; x_wconf 83' lang='lat' dir='ltr'><strong>et</strong></span> <span class='ocrx_word' id='word_1_443' title='bbox 2130 2876 2218 2914; x_wconf 71' lang='lat' dir='ltr'><strong>re-</strong></span> <span class='ocrx_word' id='word_1_444' title='bbox 2322 2870 2424 2907; x_wconf 92' lang='lat' dir='ltr'><strong>non</strong></span> <span class='ocrx_word' id='word_1_445' title='bbox 2457 2868 2568 2918; x_wconf 84' lang='lat' dir='ltr'><strong>eas,</strong></span> <span class='ocrx_word' id='word_1_446' title='bbox 2594 2853 2685 2906; x_wconf 89' lang='lat' dir='ltr'><strong>sed</strong></span> <span class='ocrx_word' id='word_1_447' title='bbox 2712 2854 3010 2906; x_wconf 83' lang='lat' dir='ltr'><strong>mercedem</strong></span> <span class='ocrx_word' id='word_1_448' title='bbox 3049 2851 3245 2918; x_wconf 76' lang='lat' dir='ltr'><strong>diligit.</strong></span> <span class='ocrx_word' id='word_1_449' title='bbox 3295 2881 3304 2899; x_wconf 63' lang='grc' dir='ltr'><strong>ι</strong></span> 
     </span>
    </p>
   </div>
   <div class='ocr_carea' id='block_1_32' title="bbox 659 2937 3886 3018">
    <p class='ocr_par' dir='ltr' id='par_1_32' title="bbox 659 2937 3886 3018">
     <span class='ocr_line' id='line_1_32' title="bbox 659 2937 3886 3018; baseline 0 -27"><span class='ocrx_word' id='word_1_450' title='bbox 659 2937 797 3012; x_wconf 80' lang='lat' dir='ltr'><strong>gulis</strong></span> <span class='ocrx_word' id='word_1_451' title='bbox 845 2938 1176 3008; x_wconf 90' lang='lat' dir='ltr'><strong>eloquiorum</strong></span> <span class='ocrx_word' id='word_1_452' title='bbox 1229 2945 1317 2999; x_wconf 87' lang='lat' dir='ltr'><strong>Dei</strong></span> <span class='ocrx_word' id='word_1_453' title='bbox 1354 2956 1597 3013; x_wconf 85' lang='lat' dir='ltr'><strong>pascunt,</strong></span> <span class='ocrx_word' id='word_1_454' title='bbox 1646 2949 1738 3002; x_wconf 88' lang='lat' dir='ltr'><strong>sed</strong></span> <span class='ocrx_word' id='word_1_455' title='bbox 1783 2948 1935 3016; x_wconf 79' lang='lat' dir='ltr'><strong>juxta</strong></span> <span class='ocrx_word' id='word_1_456' title='bbox 1975 2953 2115 3018; x_wconf 89' lang='lat' dir='ltr'><strong>quod</strong></span> <span class='ocrx_word' id='word_1_457' title='bbox 2140 2952 2219 3006; x_wconf 78' lang='lat' dir='ltr'><strong>eis</strong></span> <span class='ocrx_word' id='word_1_458' title='bbox 2252 3002 2288 3018; x_wconf 60' lang='grc' dir='ltr'><strong><em>η</em></strong></span> <span class='ocrx_word' id='word_1_459' title='bbox 2390 2943 2674 3010; x_wconf 74' lang='lat' dir='ltr'><strong>Hacusque</strong></span> <span class='ocrx_word' id='word_1_460' title='bbox 2701 2959 2878 2996; x_wconf 85' lang='lat' dir='ltr'><strong>sermo</strong></span> <span class='ocrx_word' id='word_1_461' title='bbox 2905 2943 3115 2996; x_wconf 89' lang='lat' dir='ltr'><strong>divinus</strong></span> <span class='ocrx_word' id='word_1_462' title='bbox 3143 2943 3547 3010; x_wconf 72' lang='lat' dir='ltr'><strong>pervcrsitatun</strong></span> <span class='ocrx_word' id='word_1_463' title='bbox 3574 2955 3758 2994; x_wconf 81' lang='lat' dir='ltr'><strong>eorum</strong></span> <span class='ocrx_word' id='word_1_464' title='bbox 3792 2954 3886 3007; x_wconf 69' lang='lat' dir='ltr'><strong>qui</strong></span> 
     </span>
    </p>
   </div>
   <div class='ocr_carea' id='block_1_33' title="bbox 661 3028 3884 3106">
    <p class='ocr_par' dir='ltr' id='par_1_33' title="bbox 661 3028 3884 3106">
     <span class='ocr_line' id='line_1_33' title="bbox 661 3028 3884 3106; baseline 0.002 -29"><span class='ocrx_word' id='word_1_465' title='bbox 661 3035 863 3079; x_wconf 85' lang='lat' dir='ltr'><strong>rectum</strong></span> <span class='ocrx_word' id='word_1_466' title='bbox 887 3028 1374 3101; x_wconf 73' lang='lat' dir='ltr'><strong>videturnutriunt,</strong></span> <span class='ocrx_word' id='word_1_467' title='bbox 1412 3034 1474 3087; x_wconf 83' lang='lat' dir='ltr'><strong>Et</strong></span> <span class='ocrx_word' id='word_1_468' title='bbox 1498 3035 1550 3088; x_wconf 86' lang='lat' dir='ltr'><strong>bi</strong></span> <span class='ocrx_word' id='word_1_469' title='bbox 1594 3035 1827 3104; x_wconf 79' lang='lat' dir='ltr'><strong>perfecto</strong></span> <span class='ocrx_word' id='word_1_470' title='bbox 1867 3038 1989 3090; x_wconf 86' lang='lat' dir='ltr'><strong>boni</strong></span> <span class='ocrx_word' id='word_1_471' title='bbox 2041 3048 2221 3106; x_wconf 87' lang='lat' dir='ltr'><strong>pasto—</strong></span> <span class='ocrx_word' id='word_1_472' title='bbox 2252 3041 2290 3061; x_wconf 68' lang='grc' dir='ltr'><strong>ν</strong></span> <span class='ocrx_word' id='word_1_473' title='bbox 2325 3035 2445 3088; x_wconf 67' lang='lat' dir='ltr'><strong>ﬁcto</strong></span> <span class='ocrx_word' id='word_1_474' title='bbox 2465 3036 2644 3095; x_wconf 89' lang='lat' dir='ltr'><strong>corde,</strong></span> <span class='ocrx_word' id='word_1_475' title='bbox 2675 3035 2816 3088; x_wconf 87' lang='lat' dir='ltr'><strong>sicut</strong></span> <span class='ocrx_word' id='word_1_476' title='bbox 2856 3032 3140 3096; x_wconf 82' lang='lat' dir='ltr'><strong>Pharisaei,</strong></span> <span class='ocrx_word' id='word_1_477' title='bbox 3173 3033 3308 3086; x_wconf 88' lang='lat' dir='ltr'><strong>bona</strong></span> <span class='ocrx_word' id='word_1_478' title='bbox 3352 3041 3563 3100; x_wconf 86' lang='lat' dir='ltr'><strong>gerunt,</strong></span> <span class='ocrx_word' id='word_1_479' title='bbox 3596 3032 3694 3085; x_wconf 86' lang='lat' dir='ltr'><strong>sub</strong></span> <span class='ocrx_word' id='word_1_480' title='bbox 3729 3032 3884 3085; x_wconf 62' lang='lat' dir='ltr'><strong>unius</strong></span> 
     </span>
    </p>
   </div>
   <div class='ocr_carea' id='block_1_34' title="bbox 662 3120 3883 3193">
    <p class='ocr_par' dir='ltr' id='par_1_34' title="bbox 662 3120 3883 3193">
     <span class='ocr_line' id='line_1_34' title="bbox 662 3120 3883 3193; baseline 0.003 -25"><span class='ocrx_word' id='word_1_481' title='bbox 662 3130 749 3168; x_wconf 89' lang='lat' dir='ltr'><strong>res</strong></span> <span class='ocrx_word' id='word_1_482' title='bbox 779 3132 884 3171; x_wconf 88' lang='lat' dir='ltr'><strong>non</strong></span> <span class='ocrx_word' id='word_1_483' title='bbox 937 3132 1089 3184; x_wconf 90' lang='lat' dir='ltr'><strong>sunt;</strong></span> <span class='ocrx_word' id='word_1_484' title='bbox 1123 3126 1248 3190; x_wconf 87' lang='lat' dir='ltr'><strong>quia</strong></span> <span class='ocrx_word' id='word_1_485' title='bbox 1296 3137 1482 3190; x_wconf 81' lang='lat' dir='ltr'><strong>greges</strong></span> <span class='ocrx_word' id='word_1_486' title='bbox 1522 3124 1795 3176; x_wconf 87' lang='lat' dir='ltr'><strong>actionum</strong></span> <span class='ocrx_word' id='word_1_487' title='bbox 1849 3140 2065 3178; x_wconf 86' lang='lat' dir='ltr'><strong>suarum</strong></span> <span class='ocrx_word' id='word_1_488' title='bbox 2119 3142 2220 3179; x_wconf 92' lang='lat' dir='ltr'><strong>non</strong></span> <span class='ocrx_word' id='word_1_489' title='bbox 2325 3133 2451 3193; x_wconf 78' lang='lat' dir='ltr'><strong>typo</strong></span> <span class='ocrx_word' id='word_1_490' title='bbox 2495 3125 2767 3178; x_wconf 87' lang='lat' dir='ltr'><strong>denotavit</strong></span> <span class='ocrx_word' id='word_1_491' title='bbox 2795 3141 2810 3187; x_wconf 88' lang='lat'><strong>;</strong></span> <span class='ocrx_word' id='word_1_492' title='bbox 2840 3135 2894 3176; x_wconf 86' lang='lat' dir='ltr'><strong>et</strong></span> <span class='ocrx_word' id='word_1_493' title='bbox 2939 3133 3056 3191; x_wconf 89' lang='lat' dir='ltr'><strong>post</strong></span> <span class='ocrx_word' id='word_1_494' title='bbox 3100 3120 3212 3175; x_wconf 61' lang='lat' dir='ltr'><strong>lucc</strong></span> <span class='ocrx_word' id='word_1_495' title='bbox 3249 3124 3424 3175; x_wconf 85' lang='lat' dir='ltr'><strong>denuo</strong></span> <span class='ocrx_word' id='word_1_496' title='bbox 3460 3124 3744 3189; x_wconf 60' lang='lat' dir='ltr'><strong>puritatem</strong></span> <span class='ocrx_word' id='word_1_497' title='bbox 3793 3139 3883 3178; x_wconf 84' lang='lat' dir='ltr'><strong>co-</strong></span> 
     </span>
    </p>
   </div>
   <div class='ocr_carea' id='block_1_35' title="bbox 659 3209 3882 3287">
    <p class='ocr_par' dir='ltr' id='par_1_35' title="bbox 659 3209 3882 3287">
     <span class='ocr_line' id='line_1_35' title="bbox 659 3209 3882 3287; baseline 0.002 -24"><span class='ocrx_word' id='word_1_498' title='bbox 659 3209 796 3263; x_wconf 84' lang='lat' dir='ltr'><strong>bene</strong></span> <span class='ocrx_word' id='word_1_499' title='bbox 833 3222 1076 3278; x_wconf 90' lang='lat' dir='ltr'><strong>pascunt,</strong></span> <span class='ocrx_word' id='word_1_500' title='bbox 1108 3228 1230 3266; x_wconf 89' lang='lat' dir='ltr'><strong>cum</strong></span> <span class='ocrx_word' id='word_1_501' title='bbox 1266 3217 1524 3283; x_wconf 84' lang='lat' dir='ltr'><strong>scriptum</strong></span> <span class='ocrx_word' id='word_1_502' title='bbox 1553 3216 1658 3268; x_wconf 90' lang='lat' dir='ltr'><strong>sit:</strong></span> <span class='ocrx_word' id='word_1_503' title='bbox 1688 3215 1882 3270; x_wconf 78' lang='lat' dir='ltr'><strong>Discite</strong></span> <span class='ocrx_word' id='word_1_504' title='bbox 1905 3218 2026 3272; x_wconf 87' lang='lat' dir='ltr'><strong>bene</strong></span> <span class='ocrx_word' id='word_1_505' title='bbox 2053 3219 2223 3287; x_wconf 75' lang='lat' dir='ltr'><strong>facere</strong></span> <span class='ocrx_word' id='word_1_506' title='bbox 2325 3235 2466 3282; x_wconf 89' lang='lat' dir='ltr'><strong>rum,</strong></span> <span class='ocrx_word' id='word_1_507' title='bbox 2494 3219 2584 3286; x_wconf 92' lang='lat' dir='ltr'><strong>qui</strong></span> <span class='ocrx_word' id='word_1_508' title='bbox 2633 3217 2872 3287; x_wconf 80' lang='lat' dir='ltr'><strong>perfecto</strong></span> <span class='ocrx_word' id='word_1_509' title='bbox 2906 3219 3065 3271; x_wconf 89' lang='lat' dir='ltr'><strong>corde</strong></span> <span class='ocrx_word' id='word_1_510' title='bbox 3119 3216 3253 3268; x_wconf 85' lang='lat' dir='ltr'><strong>bona</strong></span> <span class='ocrx_word' id='word_1_511' title='bbox 3308 3215 3536 3275; x_wconf 79' lang='lat' dir='ltr'><strong>iaciunt,</strong></span> <span class='ocrx_word' id='word_1_512' title='bbox 3581 3215 3882 3268; x_wconf 67' lang='lat' dir='ltr'><strong>describere</strong></span> 
     </span>
    </p>
   </div>
   <div class='ocr_carea' id='block_1_36' title="bbox 661 3296 3882 3378">
    <p class='ocr_par' dir='ltr' id='par_1_36' title="bbox 661 3296 3882 3378">
     <span class='ocr_line' id='line_1_36' title="bbox 661 3296 3882 3378; baseline -0.003 -13"><span class='ocrx_word' id='word_1_513' title='bbox 661 3296 862 3378; x_wconf 62' lang='lat' dir='ltr'><strong>(1‘0er</strong></span> <span class='ocrx_word' id='word_1_514' title='bbox 893 3299 1003 3365; x_wconf 68' lang='lat' dir='ltr'><strong>&quot;io</strong></span> <span class='ocrx_word' id='word_1_515' title='bbox 1205 3341 1219 3350; x_wconf 59' lang='grc' dir='ltr'><strong>ς</strong></span> <span class='ocrx_word' id='word_1_516' title='bbox 2325 3310 2528 3376; x_wconf 82' lang='lat' dir='ltr'><strong>incipit,</strong></span> <span class='ocrx_word' id='word_1_517' title='bbox 2565 3309 2687 3361; x_wconf 86' lang='lat' dir='ltr'><strong>dum</strong></span> <span class='ocrx_word' id='word_1_518' title='bbox 2719 3323 2849 3361; x_wconf 86' lang='lat' dir='ltr'><strong>voce</strong></span> <span class='ocrx_word' id='word_1_519' title='bbox 2879 3306 3158 3373; x_wconf 87' lang='lat' dir='ltr'><strong>cujuslibet</strong></span> <span class='ocrx_word' id='word_1_520' title='bbox 3199 3304 3381 3357; x_wconf 84' lang='lat' dir='ltr'><strong>talium</strong></span> <span class='ocrx_word' id='word_1_521' title='bbox 3424 3304 3588 3356; x_wconf 82' lang='lat' dir='ltr'><strong>dicit:</strong></span> <span class='ocrx_word' id='word_1_522' title='bbox 3619 3302 3729 3372; x_wconf 81' lang='lat' dir='ltr'><strong>Ege</strong></span> <span class='ocrx_word' id='word_1_523' title='bbox 3769 3320 3882 3356; x_wconf 75' lang='lat' dir='ltr'><strong>sun.</strong></span> 
     </span>
    </p>
   </div>
   <div class='ocr_carea' id='block_1_37' title="bbox 732 3388 3883 3468">
    <p class='ocr_par' dir='ltr' id='par_1_37' title="bbox 732 3388 3883 3468">
     <span class='ocr_line' id='line_1_37' title="bbox 732 3388 3883 3468; baseline 0.002 -28"><span class='ocrx_word' id='word_1_524' title='bbox 732 3388 910 3442; x_wconf 83' lang='lat' dir='ltr'><strong>Bonus</strong></span> <span class='ocrx_word' id='word_1_525' title='bbox 943 3407 1067 3445; x_wconf 71' lang='lat' dir='ltr'><strong>vero</strong></span> <span class='ocrx_word' id='word_1_526' title='bbox 1114 3407 1291 3461; x_wconf 81' lang='lat' dir='ltr'><strong>pastor</strong></span> <span class='ocrx_word' id='word_1_527' title='bbox 1333 3397 1560 3449; x_wconf 79' lang='lat' dir='ltr'><strong>animum</strong></span> <span class='ocrx_word' id='word_1_528' title='bbox 1587 3415 1734 3450; x_wconf 82' lang='lat' dir='ltr'><strong>suam</strong></span> <span class='ocrx_word' id='word_1_529' title='bbox 1763 3399 1904 3454; x_wconf 80' lang='lat' dir='ltr'><strong>venit</strong></span> <span class='ocrx_word' id='word_1_530' title='bbox 1923 3415 2016 3468; x_wconf 87' lang='lat' dir='ltr'><strong>pro</strong></span> <span class='ocrx_word' id='word_1_531' title='bbox 2046 3389 2220 3452; x_wconf 61' lang='lat' dir='ltr'><strong>ovib’us</strong></span> <span class='ocrx_word' id='word_1_532' title='bbox 2320 3409 2496 3467; x_wconf 82' lang='lat' dir='ltr'><strong>pastor</strong></span> <span class='ocrx_word' id='word_1_533' title='bbox 2528 3398 2710 3452; x_wconf 82' lang='lat' dir='ltr'><strong>bonus.</strong></span> <span class='ocrx_word' id='word_1_534' title='bbox 2739 3399 2815 3452; x_wconf 83' lang='lat' dir='ltr'><strong>Ac</strong></span> <span class='ocrx_word' id='word_1_535' title='bbox 2855 3398 2897 3450; x_wconf 76' lang='lat' dir='ltr'><strong>si</strong></span> <span class='ocrx_word' id='word_1_536' title='bbox 2929 3398 3073 3450; x_wconf 81' lang='lat' dir='ltr'><strong>dicat</strong></span> <span class='ocrx_word' id='word_1_537' title='bbox 3102 3416 3112 3446; x_wconf 90' lang='lat'><strong><em>:</em></strong></span> <span class='ocrx_word' id='word_1_538' title='bbox 3155 3395 3263 3464; x_wconf 81' lang='lat' dir='ltr'><strong>Ego</strong></span> <span class='ocrx_word' id='word_1_539' title='bbox 3308 3396 3442 3449; x_wconf 88' lang='lat' dir='ltr'><strong>bene</strong></span> <span class='ocrx_word' id='word_1_540' title='bbox 3483 3409 3642 3464; x_wconf 68' lang='lat' dir='ltr'><strong>[&#39;asco</strong></span> <span class='ocrx_word' id='word_1_541' title='bbox 3681 3406 3734 3448; x_wconf 90' lang='lat' dir='ltr'><strong>et</strong></span> <span class='ocrx_word' id='word_1_542' title='bbox 3759 3410 3883 3464; x_wconf 78' lang='lat' dir='ltr'><strong>ger-</strong></span> 
     </span>
    </p>
   </div>
   <div class='ocr_carea' id='block_1_38' title="bbox 604 3479 3884 3557">
    <p class='ocr_par' dir='ltr' id='par_1_38' title="bbox 604 3479 3884 3557">
     <span class='ocr_line' id='line_1_38' title="bbox 604 3479 3884 3557; baseline 0.001 -25"><span class='ocrx_word' id='word_1_543' title='bbox 604 3479 611 3485; x_wconf 84' lang='grc'><em>’</em></span> <span class='ocrx_word' id='word_1_544' title='bbox 660 3482 807 3544; x_wconf 87' lang='lat' dir='ltr'><strong>suis;</strong></span> <span class='ocrx_word' id='word_1_545' title='bbox 847 3483 968 3549; x_wconf 88' lang='lat' dir='ltr'><strong>quia</strong></span> <span class='ocrx_word' id='word_1_546' title='bbox 998 3496 1310 3551; x_wconf 57' lang='lat' dir='ltr'><strong>praesentem</strong></span> <span class='ocrx_word' id='word_1_547' title='bbox 1340 3489 1499 3545; x_wconf 86' lang='lat' dir='ltr'><strong>vitam</strong></span> <span class='ocrx_word' id='word_1_548' title='bbox 1524 3504 1696 3554; x_wconf 87' lang='lat' dir='ltr'><strong>suam,</strong></span> <span class='ocrx_word' id='word_1_549' title='bbox 1722 3504 1840 3556; x_wconf 77' lang='lat' dir='ltr'><strong>qua:</strong></span> <span class='ocrx_word' id='word_1_550' title='bbox 1867 3490 2222 3557; x_wconf 85' lang='lat' dir='ltr'><strong>appellatione</strong></span> <span class='ocrx_word' id='word_1_551' title='bbox 2325 3505 2481 3540; x_wconf 68' lang='lat' dir='ltr'><strong>maria</strong></span> <span class='ocrx_word' id='word_1_552' title='bbox 2513 3487 2876 3540; x_wconf 87' lang='lat' dir='ltr'><strong>sollicitudine</strong></span> <span class='ocrx_word' id='word_1_553' title='bbox 2913 3487 3224 3541; x_wconf 65' lang='lat' dir='ltr'><strong>custodYens</strong></span> <span class='ocrx_word' id='word_1_554' title='bbox 3263 3486 3442 3539; x_wconf 92' lang='lat' dir='ltr'><strong>nutrio</strong></span> <span class='ocrx_word' id='word_1_555' title='bbox 3468 3499 3595 3538; x_wconf 68' lang='lat' dir='ltr'><strong>oves</strong></span> <span class='ocrx_word' id='word_1_556' title='bbox 3624 3484 3884 3536; x_wconf 80' lang='lat' dir='ltr'><strong>bonarum</strong></span> 
     </span>
    </p>
   </div>
   <div class='ocr_carea' id='block_1_39' title="bbox 663 3563 3882 3645">
    <p class='ocr_par' dir='ltr' id='par_1_39' title="bbox 663 3563 3882 3645">
     <span class='ocr_line' id='line_1_39' title="bbox 663 3563 3882 3645; baseline -0.001 -21"><span class='ocrx_word' id='word_1_557' title='bbox 663 3572 854 3625; x_wconf 83' lang='lat' dir='ltr'><strong>animae</strong></span> <span class='ocrx_word' id='word_1_558' title='bbox 900 3575 1226 3644; x_wconf 79' lang='lat' dir='ltr'><strong>designatur,</strong></span> <span class='ocrx_word' id='word_1_559' title='bbox 1263 3579 1314 3642; x_wconf 86' lang='lat' dir='ltr'><strong>in</strong></span> <span class='ocrx_word' id='word_1_560' title='bbox 1345 3578 1723 3631; x_wconf 69' lang='lat' dir='ltr'><strong>afﬂictionibus</strong></span> <span class='ocrx_word' id='word_1_561' title='bbox 1780 3579 1944 3645; x_wconf 81' lang='lat' dir='ltr'><strong>punit,</strong></span> <span class='ocrx_word' id='word_1_562' title='bbox 1998 3579 2097 3630; x_wconf 89' lang='lat' dir='ltr'><strong>hoc</strong></span> <span class='ocrx_word' id='word_1_563' title='bbox 2141 3587 2224 3632; x_wconf 87' lang='lat' dir='ltr'><strong>est</strong></span> <span class='ocrx_word' id='word_1_564' title='bbox 2323 3577 2728 3644; x_wconf 78' lang='lat' dir='ltr'><strong>c0gitationum,</strong></span> <span class='ocrx_word' id='word_1_565' title='bbox 2769 3585 2928 3643; x_wconf 89' lang='lat' dir='ltr'><strong>atque</strong></span> <span class='ocrx_word' id='word_1_566' title='bbox 2968 3577 3225 3627; x_wconf 87' lang='lat' dir='ltr'><strong>virtutunt</strong></span> <span class='ocrx_word' id='word_1_567' title='bbox 3272 3563 3397 3625; x_wconf 86' lang='lat' dir='ltr'><strong>mihi</strong></span> <span class='ocrx_word' id='word_1_568' title='bbox 3428 3573 3686 3625; x_wconf 82' lang='lat' dir='ltr'><strong>divinitus</strong></span> <span class='ocrx_word' id='word_1_569' title='bbox 3715 3572 3882 3632; x_wconf 70' lang='lat' dir='ltr'><strong>tradi~</strong></span> 
     </span>
    </p>
   </div>
   <div class='ocr_carea' id='block_1_40' title="bbox 661 3659 3882 3734">
    <p class='ocr_par' dir='ltr' id='par_1_40' title="bbox 661 3659 3882 3734">
     <span class='ocr_line' id='line_1_40' title="bbox 661 3659 3882 3734; baseline -0.001 -20"><span class='ocrx_word' id='word_1_570' title='bbox 661 3670 952 3730; x_wconf 82' lang='lat' dir='ltr'><strong>spontanea</strong></span> <span class='ocrx_word' id='word_1_571' title='bbox 975 3664 1242 3718; x_wconf 83' lang='lat' dir='ltr'><strong>voluntate</strong></span> <span class='ocrx_word' id='word_1_572' title='bbox 1264 3666 1486 3726; x_wconf 88' lang='lat' dir='ltr'><strong>cruciat,</strong></span> <span class='ocrx_word' id='word_1_573' title='bbox 1513 3679 1606 3731; x_wconf 77' lang='lat' dir='ltr'><strong>pro</strong></span> <span class='ocrx_word' id='word_1_574' title='bbox 1629 3663 1854 3717; x_wconf 70' lang='lat' dir='ltr'><strong>utilitate</strong></span> <span class='ocrx_word' id='word_1_575' title='bbox 1870 3665 2222 3733; x_wconf 80' lang='lat' dir='ltr'><strong>spiritualium</strong></span> <span class='ocrx_word' id='word_1_576' title='bbox 2324 3675 2521 3722; x_wconf 82' lang='lat' dir='ltr'><strong>tantm.</strong></span> <span class='ocrx_word' id='word_1_577' title='bbox 2549 3664 2614 3720; x_wconf 85' lang='lat' dir='ltr'><strong>Et</strong></span> <span class='ocrx_word' id='word_1_578' title='bbox 2649 3681 2898 3734; x_wconf 81' lang='lat' dir='ltr'><strong>cognosco</strong></span> <span class='ocrx_word' id='word_1_579' title='bbox 2945 3680 3085 3716; x_wconf 88' lang='lat' dir='ltr'><strong>meas</strong></span> <span class='ocrx_word' id='word_1_580' title='bbox 3133 3679 3277 3726; x_wconf 81' lang='lat' dir='ltr'><strong>oves,</strong></span> <span class='ocrx_word' id='word_1_581' title='bbox 3312 3661 3362 3715; x_wconf 88' lang='lat' dir='ltr'><strong>id</strong></span> <span class='ocrx_word' id='word_1_582' title='bbox 3406 3669 3487 3715; x_wconf 90' lang='lat' dir='ltr'><strong>est</strong></span> <span class='ocrx_word' id='word_1_583' title='bbox 3521 3674 3624 3712; x_wconf 92' lang='lat' dir='ltr'><strong>non</strong></span> <span class='ocrx_word' id='word_1_584' title='bbox 3675 3659 3882 3730; x_wconf 75' lang='lat' dir='ltr'><strong>neglige</strong></span> 
     </span>
    </p>
   </div>
   <div class='ocr_carea' id='block_1_41' title="bbox 661 3754 3870 3830">
    <p class='ocr_par' dir='ltr' id='par_1_41' title="bbox 661 3754 3870 3830">
     <span class='ocr_line' id='line_1_41' title="bbox 661 3754 3870 3830; baseline 0.001 -24"><span class='ocrx_word' id='word_1_585' title='bbox 661 3768 877 3806; x_wconf 83' lang='lat' dir='ltr'><strong>suarum</strong></span> <span class='ocrx_word' id='word_1_586' title='bbox 903 3755 1160 3808; x_wconf 80' lang='lat' dir='ltr'><strong>virtutum</strong></span> <span class='ocrx_word' id='word_1_587' title='bbox 1188 3763 1241 3807; x_wconf 89' lang='lat' dir='ltr'><strong>et</strong></span> <span class='ocrx_word' id='word_1_588' title='bbox 1271 3754 1528 3807; x_wconf 89' lang='lat' dir='ltr'><strong>bonarum</strong></span> <span class='ocrx_word' id='word_1_589' title='bbox 1553 3756 1838 3808; x_wconf 84' lang='lat' dir='ltr'><strong>actionum.</strong></span> <span class='ocrx_word' id='word_1_590' title='bbox 1869 3756 2221 3811; x_wconf 71' lang='lat' dir='ltr'><strong>Mercenarius</strong></span> <span class='ocrx_word' id='word_1_591' title='bbox 2321 3771 2374 3816; x_wconf 90' lang='lat' dir='ltr'><strong>et</strong></span> <span class='ocrx_word' id='word_1_592' title='bbox 2417 3762 2577 3830; x_wconf 87' lang='lat' dir='ltr'><strong>diligo</strong></span> <span class='ocrx_word' id='word_1_593' title='bbox 2627 3775 2772 3814; x_wconf 89' lang='lat' dir='ltr'><strong>meas</strong></span> <span class='ocrx_word' id='word_1_594' title='bbox 2816 3759 3040 3813; x_wconf 89' lang='lat' dir='ltr'><strong>virtutes</strong></span> <span class='ocrx_word' id='word_1_595' title='bbox 3068 3776 3080 3810; x_wconf 93' lang='lat'><strong>:</strong></span> <span class='ocrx_word' id='word_1_596' title='bbox 3107 3767 3154 3811; x_wconf 86' lang='lat' dir='ltr'><strong>et</strong></span> <span class='ocrx_word' id='word_1_597' title='bbox 3187 3764 3496 3825; x_wconf 77' lang='lat' dir='ltr'><strong>cognoscunt</strong></span> <span class='ocrx_word' id='word_1_598' title='bbox 3539 3771 3619 3809; x_wconf 84' lang='lat' dir='ltr'><strong>me</strong></span> <span class='ocrx_word' id='word_1_599' title='bbox 3658 3771 3800 3817; x_wconf 68' lang='lat' dir='ltr'><strong>metu,</strong></span> <span class='ocrx_word' id='word_1_600' title='bbox 3836 3756 3870 3811; x_wconf 85' lang='lat' dir='ltr'><strong>l.</strong></span> 
     </span>
    </p>
   </div>
   <div class='ocr_carea' id='block_1_42' title="bbox 659 3845 3882 3923">
    <p class='ocr_par' dir='ltr' id='par_1_42' title="bbox 659 3845 3882 3923">
     <span class='ocr_line' id='line_1_42' title="bbox 659 3845 3882 3923; baseline 0.001 -29"><span class='ocrx_word' id='word_1_601' title='bbox 659 3854 851 3904; x_wconf 86' lang='lat' dir='ltr'><strong>autem,</strong></span> <span class='ocrx_word' id='word_1_602' title='bbox 876 3854 921 3894; x_wconf 92' lang='lat' dir='ltr'><strong>et</strong></span> <span class='ocrx_word' id='word_1_603' title='bbox 945 3845 1032 3910; x_wconf 84' lang='lat' dir='ltr'><strong>qui</strong></span> <span class='ocrx_word' id='word_1_604' title='bbox 1060 3860 1161 3896; x_wconf 86' lang='lat' dir='ltr'><strong>non</strong></span> <span class='ocrx_word' id='word_1_605' title='bbox 1189 3854 1264 3896; x_wconf 83' lang='lat' dir='ltr'><strong>est</strong></span> <span class='ocrx_word' id='word_1_606' title='bbox 1285 3856 1477 3912; x_wconf 81' lang='lat' dir='ltr'><strong>pastor,</strong></span> <span class='ocrx_word' id='word_1_607' title='bbox 1501 3847 1648 3915; x_wconf 84' lang='lat' dir='ltr'><strong>cujus</strong></span> <span class='ocrx_word' id='word_1_608' title='bbox 1680 3864 1780 3900; x_wconf 72' lang='lat' dir='ltr'><strong>nos:</strong></span> <span class='ocrx_word' id='word_1_609' title='bbox 1811 3859 1928 3900; x_wconf 84' lang='lat' dir='ltr'><strong>sunt</strong></span> <span class='ocrx_word' id='word_1_610' title='bbox 1961 3865 2074 3901; x_wconf 82' lang='lat' dir='ltr'><strong>oves</strong></span> <span class='ocrx_word' id='word_1_611' title='bbox 2100 3865 2222 3917; x_wconf 86' lang='lat' dir='ltr'><strong>pro-</strong></span> <span class='ocrx_word' id='word_1_612' title='bbox 2320 3859 2432 3914; x_wconf 89' lang='lat' dir='ltr'><strong>est,</strong></span> <span class='ocrx_word' id='word_1_613' title='bbox 2479 3850 2620 3923; x_wconf 82' lang='lat' dir='ltr'><strong>velut</strong></span> <span class='ocrx_word' id='word_1_614' title='bbox 2651 3849 2843 3902; x_wconf 90' lang='lat' dir='ltr'><strong>dilecto</strong></span> <span class='ocrx_word' id='word_1_615' title='bbox 2876 3847 3004 3902; x_wconf 89' lang='lat' dir='ltr'><strong>mihi</strong></span> <span class='ocrx_word' id='word_1_616' title='bbox 3041 3847 3339 3910; x_wconf 62' lang='lat' dir='ltr'><strong>adhaerent,</strong></span> <span class='ocrx_word' id='word_1_617' title='bbox 3377 3860 3474 3900; x_wconf 90' lang='lat' dir='ltr'><strong>nec</strong></span> <span class='ocrx_word' id='word_1_618' title='bbox 3500 3861 3529 3898; x_wconf 88' lang='lat' dir='ltr'><strong>a</strong></span> <span class='ocrx_word' id='word_1_619' title='bbox 3575 3861 3661 3899; x_wconf 90' lang='lat' dir='ltr'><strong>me</strong></span> <span class='ocrx_word' id='word_1_620' title='bbox 3703 3845 3784 3898; x_wconf 86' lang='lat' dir='ltr'><strong>vel</strong></span> <span class='ocrx_word' id='word_1_621' title='bbox 3833 3845 3882 3898; x_wconf 83' lang='lat' dir='ltr'><strong>iu</strong></span> 
     </span>
    </p>
   </div>
   <div class='ocr_carea' id='block_1_43' title="bbox 661 3929 3880 4008">
    <p class='ocr_par' dir='ltr' id='par_1_43' title="bbox 661 3929 3880 4008">
     <span class='ocr_line' id='line_1_43' title="bbox 661 3929 3880 4008; baseline 0.001 -19"><span class='ocrx_word' id='word_1_622' title='bbox 661 3930 808 3994; x_wconf 69' lang='grc' dir='ltr'><strong>γτὶιε.</strong></span> <span class='ocrx_word' id='word_1_623' title='bbox 842 3931 976 3983; x_wconf 63' lang='lat' dir='ltr'><strong>vidui</strong></span> <span class='ocrx_word' id='word_1_624' title='bbox 1005 3934 1182 3998; x_wconf 74' lang='lat' dir='ltr'><strong>lupum</strong></span> <span class='ocrx_word' id='word_1_625' title='bbox 1207 3935 1506 3997; x_wconf 73' lang='lat' dir='ltr'><strong>venienrem,</strong></span> <span class='ocrx_word' id='word_1_626' title='bbox 1532 3945 1578 3988; x_wconf 84' lang='lat' dir='ltr'><strong>et</strong></span> <span class='ocrx_word' id='word_1_627' title='bbox 1601 3937 1809 3988; x_wconf 81' lang='lat' dir='ltr'><strong>dimittit</strong></span> <span class='ocrx_word' id='word_1_628' title='bbox 1835 3951 1967 3996; x_wconf 84' lang='lat' dir='ltr'><strong>oves,</strong></span> <span class='ocrx_word' id='word_1_629' title='bbox 1999 3947 2044 3986; x_wconf 89' lang='lat' dir='ltr'><strong>et</strong></span> <span class='ocrx_word' id='word_1_630' title='bbox 2068 3929 2218 4001; x_wconf 77' lang='lat' dir='ltr'><strong>fugit.</strong></span> <span class='ocrx_word' id='word_1_631' title='bbox 2321 3941 2559 3993; x_wconf 85' lang='lat' dir='ltr'><strong>adversis</strong></span> <span class='ocrx_word' id='word_1_632' title='bbox 2583 3948 2923 4006; x_wconf 85' lang='lat' dir='ltr'><strong>separantur.</strong></span> <span class='ocrx_word' id='word_1_633' title='bbox 2953 3938 3090 3991; x_wconf 85' lang='lat' dir='ltr'><strong>Eum</strong></span> <span class='ocrx_word' id='word_1_634' title='bbox 3124 3954 3354 4008; x_wconf 84' lang='lat' dir='ltr'><strong>namque</strong></span> <span class='ocrx_word' id='word_1_635' title='bbox 3385 3948 3692 4007; x_wconf 82' lang='lat' dir='ltr'><strong>cognoscunt</strong></span> <span class='ocrx_word' id='word_1_636' title='bbox 3718 3938 3880 3992; x_wconf 75' lang='lat' dir='ltr'><strong>virtu-</strong></span> 
     </span>
    </p>
   </div>
   <div class='ocr_carea' id='block_1_44' title="bbox 663 4015 3880 4096">
    <p class='ocr_par' dir='ltr' id='par_1_44' title="bbox 663 4015 3880 4096">
     <span class='ocr_line' id='line_1_44' title="bbox 663 4015 3880 4096; baseline 0.004 -29"><span class='ocrx_word' id='word_1_637' title='bbox 663 4015 732 4068; x_wconf 79' lang='lat' dir='ltr'><strong>Et</strong></span> <span class='ocrx_word' id='word_1_638' title='bbox 755 4017 905 4086; x_wconf 84' lang='lat' dir='ltr'><strong>lupus</strong></span> <span class='ocrx_word' id='word_1_639' title='bbox 929 4021 1086 4088; x_wconf 80' lang='lat' dir='ltr'><strong>rapit,</strong></span> <span class='ocrx_word' id='word_1_640' title='bbox 1111 4031 1157 4073; x_wconf 89' lang='lat' dir='ltr'><strong>et</strong></span> <span class='ocrx_word' id='word_1_641' title='bbox 1188 4022 1434 4090; x_wconf 77' lang='lat' dir='ltr'><strong>d.‘spergit</strong></span> <span class='ocrx_word' id='word_1_642' title='bbox 1475 4040 1608 4076; x_wconf 83' lang='lat' dir='ltr'><strong>ores.</strong></span> <span class='ocrx_word' id='word_1_643' title='bbox 1656 4022 2011 4075; x_wconf 80' lang='lat' dir='ltr'><strong>Mercenarius</strong></span> <span class='ocrx_word' id='word_1_644' title='bbox 2047 4035 2219 4077; x_wconf 82' lang='lat' dir='ltr'><strong>autent</strong></span> <span class='ocrx_word' id='word_1_645' title='bbox 2323 4036 2420 4092; x_wconf 89' lang='lat' dir='ltr'><strong>tes,</strong></span> <span class='ocrx_word' id='word_1_646' title='bbox 2457 4026 2546 4096; x_wconf 91' lang='lat' dir='ltr'><strong>qui</strong></span> <span class='ocrx_word' id='word_1_647' title='bbox 2573 4041 2677 4079; x_wconf 90' lang='lat' dir='ltr'><strong>non</strong></span> <span class='ocrx_word' id='word_1_648' title='bbox 2706 4025 2765 4079; x_wconf 78' lang='lat' dir='ltr'><strong>ﬁt</strong></span> <span class='ocrx_word' id='word_1_649' title='bbox 2798 4026 2877 4080; x_wconf 90' lang='lat' dir='ltr'><strong>eis</strong></span> <span class='ocrx_word' id='word_1_650' title='bbox 2906 4025 3209 4094; x_wconf 88' lang='lat' dir='ltr'><strong>incognitus</strong></span> <span class='ocrx_word' id='word_1_651' title='bbox 3244 4039 3340 4094; x_wconf 87' lang='lat' dir='ltr'><strong>per</strong></span> <span class='ocrx_word' id='word_1_652' title='bbox 3368 4024 3578 4094; x_wconf 87' lang='lat' dir='ltr'><strong>aliquas</strong></span> <span class='ocrx_word' id='word_1_653' title='bbox 3631 4025 3880 4081; x_wconf 76' lang='lat' dir='ltr'><strong>vitiorum</strong></span> 
     </span>
    </p>
   </div>
   <div class='ocr_carea' id='block_1_45' title="bbox 661 4106 3068 4191">
    <p class='ocr_par' dir='ltr' id='par_1_45' title="bbox 661 4106 3068 4191">
     <span class='ocr_line' id='line_1_45' title="bbox 661 4106 3068 4191; baseline 0.003 -32"><span class='ocrx_word' id='word_1_654' title='bbox 661 4106 814 4177; x_wconf 76' lang='lat' dir='ltr'><strong>fugit,</strong></span> <span class='ocrx_word' id='word_1_655' title='bbox 838 4111 959 4179; x_wconf 83' lang='lat' dir='ltr'><strong>quia</strong></span> <span class='ocrx_word' id='word_1_656' title='bbox 989 4114 1355 4166; x_wconf 85' lang='lat' dir='ltr'><strong>.mercenarius</strong></span> <span class='ocrx_word' id='word_1_657' title='bbox 1377 4122 1534 4174; x_wconf 84' lang='lat' dir='ltr'><strong>est,et</strong></span> <span class='ocrx_word' id='word_1_658' title='bbox 1564 4129 1663 4164; x_wconf 86' lang='lat' dir='ltr'><strong>non</strong></span> <span class='ocrx_word' id='word_1_659' title='bbox 1684 4115 1896 4180; x_wconf 80' lang='lat' dir='ltr'><strong>pertinet</strong></span> <span class='ocrx_word' id='word_1_660' title='bbox 1923 4113 1989 4164; x_wconf 82' lang='lat' dir='ltr'><strong>ad</strong></span> <span class='ocrx_word' id='word_1_661' title='bbox 2013 4130 2126 4165; x_wconf 66' lang='lat' dir='ltr'><strong>tum</strong></span> <span class='ocrx_word' id='word_1_662' title='bbox 2159 4114 2221 4166; x_wconf 76' lang='lat' dir='ltr'><strong>de</strong></span> <span class='ocrx_word' id='word_1_663' title='bbox 2322 4119 2764 4188; x_wconf 80' lang='lat' dir='ltr'><strong>perpetrationes.</strong></span> <span class='ocrx_word' id='word_1_664' title='bbox 3065 4187 3068 4191; x_wconf 21' lang='lat'><strong><em>.</em></strong></span> 
     </span>
    </p>
   </div>
   <div class='ocr_carea' id='block_1_46' title="bbox 663 4200 3878 4276">
    <p class='ocr_par' dir='ltr' id='par_1_46' title="bbox 663 4200 3878 4276">
     <span class='ocr_line' id='line_1_46' title="bbox 663 4200 3878 4276; baseline 0.003 -27"><span class='ocrx_word' id='word_1_665' title='bbox 663 4200 859 4254; x_wconf 87' lang='lat' dir='ltr'><strong>ovibus.</strong></span> <span class='ocrx_word' id='word_1_666' title='bbox 914 4202 1120 4254; x_wconf 90' lang='lat' dir='ltr'><strong>Dictum</strong></span> <span class='ocrx_word' id='word_1_667' title='bbox 1161 4211 1279 4253; x_wconf 89' lang='lat' dir='ltr'><strong>erat</strong></span> <span class='ocrx_word' id='word_1_668' title='bbox 1307 4203 1372 4254; x_wconf 90' lang='lat' dir='ltr'><strong>de</strong></span> <span class='ocrx_word' id='word_1_669' title='bbox 1405 4217 1490 4266; x_wconf 91' lang='lat' dir='ltr'><strong>eo,</strong></span> <span class='ocrx_word' id='word_1_670' title='bbox 1541 4203 1631 4270; x_wconf 92' lang='lat' dir='ltr'><strong>qui</strong></span> <span class='ocrx_word' id='word_1_671' title='bbox 1681 4203 2021 4257; x_wconf 88' lang='lat' dir='ltr'><strong>laudabiliter</strong></span> <span class='ocrx_word' id='word_1_672' title='bbox 2075 4205 2216 4273; x_wconf 88' lang='lat' dir='ltr'><strong>agit;</strong></span> <span class='ocrx_word' id='word_1_673' title='bbox 2390 4208 2532 4262; x_wconf 84' lang='lat' dir='ltr'><strong>Sicut</strong></span> <span class='ocrx_word' id='word_1_674' title='bbox 2561 4210 2698 4262; x_wconf 80' lang='lat' dir='ltr'><strong>norit</strong></span> <span class='ocrx_word' id='word_1_675' title='bbox 2721 4225 2798 4261; x_wconf 93' lang='lat' dir='ltr'><strong>me</strong></span> <span class='ocrx_word' id='word_1_676' title='bbox 2827 4207 3009 4273; x_wconf 83' lang='lat' dir='ltr'><strong>Pater,</strong></span> <span class='ocrx_word' id='word_1_677' title='bbox 3037 4217 3085 4262; x_wconf 91' lang='lat' dir='ltr'><strong>et</strong></span> <span class='ocrx_word' id='word_1_678' title='bbox 3112 4223 3202 4276; x_wconf 86' lang='lat' dir='ltr'><strong>ego</strong></span> <span class='ocrx_word' id='word_1_679' title='bbox 3234 4220 3456 4274; x_wconf 71' lang='lat' dir='ltr'><strong>agnosco</strong></span> <span class='ocrx_word' id='word_1_680' title='bbox 3478 4204 3688 4258; x_wconf 83' lang='lat' dir='ltr'><strong>Patrem</strong></span> <span class='ocrx_word' id='word_1_681' title='bbox 3712 4221 3730 4268; x_wconf 88' lang='lat'><strong>;</strong></span> <span class='ocrx_word' id='word_1_682' title='bbox 3754 4207 3878 4274; x_wconf 85' lang='lat' dir='ltr'><strong>quia</strong></span> 
     </span>
    </p>
   </div>
   <div class='ocr_carea' id='block_1_47' title="bbox 663 4287 2318 4372">
    <p class='ocr_par' dir='ltr' id='par_1_47' title="bbox 663 4287 2294 4372">
     <span class='ocr_line' id='line_1_47' title="bbox 663 4287 2294 4372; baseline 0.003 -32"><span class='ocrx_word' id='word_1_683' title='bbox 663 4287 860 4341; x_wconf 82' lang='lat' dir='ltr'><strong>dicitur</strong></span> <span class='ocrx_word' id='word_1_684' title='bbox 889 4295 943 4342; x_wconf 90' lang='lat' dir='ltr'><strong>et</strong></span> <span class='ocrx_word' id='word_1_685' title='bbox 976 4288 1038 4341; x_wconf 89' lang='lat' dir='ltr'><strong>de</strong></span> <span class='ocrx_word' id='word_1_686' title='bbox 1077 4287 1188 4352; x_wconf 91' lang='lat' dir='ltr'><strong>illo,</strong></span> <span class='ocrx_word' id='word_1_687' title='bbox 1229 4289 1320 4356; x_wconf 92' lang='lat' dir='ltr'><strong>qui</strong></span> <span class='ocrx_word' id='word_1_688' title='bbox 1373 4291 1609 4360; x_wconf 77' lang='lat' dir='ltr'><strong>segniter</strong></span> <span class='ocrx_word' id='word_1_689' title='bbox 1650 4291 1780 4344; x_wconf 79' lang='lat' dir='ltr'><strong>vivit</strong></span> <span class='ocrx_word' id='word_1_690' title='bbox 1816 4308 1830 4344; x_wconf 78' lang='lat'><strong>2</strong></span> <span class='ocrx_word' id='word_1_691' title='bbox 1864 4293 2085 4356; x_wconf 89' lang='lat' dir='ltr'><strong>dictum,</strong></span> <span class='ocrx_word' id='word_1_692' title='bbox 2127 4294 2212 4344; x_wconf 90' lang='lat' dir='ltr'><strong>in-</strong></span> <span class='ocrx_word' id='word_1_693' title='bbox 2246 4316 2294 4372; x_wconf 68' lang='grc' dir='ltr'><strong>ι)</strong></span> 
     </span>
    </p>
   </div>
   <div class='ocr_carea' id='block_1_48' title="bbox 2221 4287 3876 4372">
    <p class='ocr_par' dir='ltr' id='par_1_48' title="bbox 2246 4296 3876 4372">
     <span class='ocr_line' id='line_1_48' title="bbox 2246 4296 3876 4372; baseline -0.002 -19"><span class='ocrx_word' id='word_1_694' title='bbox 2246 4316 2294 4372; x_wconf 74' lang='grc' dir='ltr'><strong>ι)</strong></span> <span class='ocrx_word' id='word_1_695' title='bbox 2320 4300 2460 4353; x_wconf 90' lang='lat' dir='ltr'><strong>sicut</strong></span> <span class='ocrx_word' id='word_1_696' title='bbox 2485 4300 2716 4352; x_wconf 77' lang='lat' dir='ltr'><strong>ctelestis</strong></span> <span class='ocrx_word' id='word_1_697' title='bbox 2753 4298 2840 4351; x_wconf 88' lang='lat' dir='ltr'><strong>ille</strong></span> <span class='ocrx_word' id='word_1_698' title='bbox 2886 4296 3047 4350; x_wconf 85' lang='lat' dir='ltr'><strong>Pater</strong></span> <span class='ocrx_word' id='word_1_699' title='bbox 3080 4298 3266 4353; x_wconf 76' lang='lat' dir='ltr'><strong>dilexit</strong></span> <span class='ocrx_word' id='word_1_700' title='bbox 3315 4313 3400 4352; x_wconf 91' lang='lat' dir='ltr'><strong>me</strong></span> <span class='ocrx_word' id='word_1_701' title='bbox 3439 4304 3652 4367; x_wconf 88' lang='lat' dir='ltr'><strong>pr0pter</strong></span> <span class='ocrx_word' id='word_1_702' title='bbox 3682 4309 3790 4358; x_wconf 89' lang='lat' dir='ltr'><strong>me,</strong></span> <span class='ocrx_word' id='word_1_703' title='bbox 3830 4296 3876 4350; x_wconf 79' lang='lat' dir='ltr'><strong>it;</strong></span> 
     </span>
    </p>
   </div>
   <div class='ocr_carea' id='block_1_49' title="bbox 663 4375 3878 4459">
    <p class='ocr_par' dir='ltr' id='par_1_49' title="bbox 663 4375 3878 4459">
     <span class='ocr_line' id='line_1_49' title="bbox 663 4375 3878 4459; baseline 0.002 -32"><span class='ocrx_word' id='word_1_704' title='bbox 663 4390 844 4441; x_wconf 89' lang='lat' dir='ltr'><strong>quam,</strong></span> <span class='ocrx_word' id='word_1_705' title='bbox 876 4375 1050 4428; x_wconf 78' lang='lat' dir='ltr'><strong>fuerat</strong></span> <span class='ocrx_word' id='word_1_706' title='bbox 1073 4378 1141 4430; x_wconf 87' lang='lat' dir='ltr'><strong>de</strong></span> <span class='ocrx_word' id='word_1_707' title='bbox 1161 4387 1395 4444; x_wconf 85' lang='lat' dir='ltr'><strong>pastore,</strong></span> <span class='ocrx_word' id='word_1_708' title='bbox 1435 4380 1528 4451; x_wconf 85' lang='lat' dir='ltr'><strong>qui</strong></span> <span class='ocrx_word' id='word_1_709' title='bbox 1558 4395 1663 4433; x_wconf 91' lang='lat' dir='ltr'><strong>non</strong></span> <span class='ocrx_word' id='word_1_710' title='bbox 1692 4392 1904 4434; x_wconf 85' lang='lat' dir='ltr'><strong>recusat</strong></span> <span class='ocrx_word' id='word_1_711' title='bbox 1928 4399 2020 4448; x_wconf 85' lang='lat' dir='ltr'><strong>pro</strong></span> <span class='ocrx_word' id='word_1_712' title='bbox 2041 4382 2218 4434; x_wconf 81' lang='lat' dir='ltr'><strong>oribus</strong></span> <span class='ocrx_word' id='word_1_713' title='bbox 2319 4401 2398 4443; x_wconf 69' lang='lat' dir='ltr'><strong>est</strong></span> <span class='ocrx_word' id='word_1_714' title='bbox 2434 4398 2650 4455; x_wconf 77' lang='lat' dir='ltr'><strong>propter</strong></span> <span class='ocrx_word' id='word_1_715' title='bbox 2681 4403 2853 4441; x_wconf 80' lang='lat' dir='ltr'><strong>meam</strong></span> <span class='ocrx_word' id='word_1_716' title='bbox 2882 4389 3130 4456; x_wconf 66' lang='lat' dir='ltr'><strong>salutem,</strong></span> <span class='ocrx_word' id='word_1_717' title='bbox 3154 4401 3206 4444; x_wconf 65' lang='lat' dir='ltr'><strong>et</strong></span> <span class='ocrx_word' id='word_1_718' title='bbox 3234 4405 3338 4443; x_wconf 79' lang='grc' dir='ltr'>ιιοιι</span> <span class='ocrx_word' id='word_1_719' title='bbox 3363 4398 3580 4459; x_wconf 70' lang='lat' dir='ltr'><strong>propter</strong></span> <span class='ocrx_word' id='word_1_720' title='bbox 3610 4387 3786 4454; x_wconf 77' lang='lat' dir='ltr'><strong>aliud;</strong></span> <span class='ocrx_word' id='word_1_721' title='bbox 3811 4386 3878 4442; x_wconf 76' lang='lat' dir='ltr'><strong>its</strong></span> 
     </span>
    </p>
   </div>
   <div class='ocr_carea' id='block_1_50' title="bbox 665 4468 3875 4553">
    <p class='ocr_par' dir='ltr' id='par_1_50' title="bbox 665 4468 3875 4553">
     <span class='ocr_line' id='line_1_50' title="bbox 665 4468 3875 4553; baseline 0.005 -34"><span class='ocrx_word' id='word_1_722' title='bbox 665 4468 889 4519; x_wconf 74' lang='lat' dir='ltr'><strong>animum</strong></span> <span class='ocrx_word' id='word_1_723' title='bbox 920 4481 1148 4553; x_wconf 85' lang='lat' dir='ltr'><strong>ponere;</strong></span> <span class='ocrx_word' id='word_1_724' title='bbox 1190 4470 1385 4523; x_wconf 85' lang='lat' dir='ltr'><strong>dicitur</strong></span> <span class='ocrx_word' id='word_1_725' title='bbox 1413 4481 1466 4525; x_wconf 93' lang='lat' dir='ltr'><strong>et</strong></span> <span class='ocrx_word' id='word_1_726' title='bbox 1503 4473 1570 4526; x_wconf 90' lang='lat' dir='ltr'><strong>de</strong></span> <span class='ocrx_word' id='word_1_727' title='bbox 1591 4475 1943 4536; x_wconf 82' lang='lat' dir='ltr'><strong>mercenaria,</strong></span> <span class='ocrx_word' id='word_1_728' title='bbox 1991 4476 2081 4542; x_wconf 87' lang='lat' dir='ltr'><strong>qui</strong></span> <span class='ocrx_word' id='word_1_729' title='bbox 2114 4489 2218 4528; x_wconf 90' lang='lat' dir='ltr'><strong>non</strong></span> <span class='ocrx_word' id='word_1_730' title='bbox 2320 4492 2371 4535; x_wconf 73' lang='lat' dir='ltr'><strong>et</strong></span> <span class='ocrx_word' id='word_1_731' title='bbox 2401 4497 2499 4551; x_wconf 75' lang='lat' dir='ltr'><strong>ego</strong></span> <span class='ocrx_word' id='word_1_732' title='bbox 2522 4481 2682 4550; x_wconf 84' lang='lat' dir='ltr'><strong>diligo</strong></span> <span class='ocrx_word' id='word_1_733' title='bbox 2711 4496 2833 4533; x_wconf 87' lang='lat' dir='ltr'><strong>eum</strong></span> <span class='ocrx_word' id='word_1_734' title='bbox 2860 4489 3079 4548; x_wconf 87' lang='lat' dir='ltr'><strong>propter</strong></span> <span class='ocrx_word' id='word_1_735' title='bbox 3109 4490 3321 4544; x_wconf 87' lang='lat' dir='ltr'><strong>eum,et</strong></span> <span class='ocrx_word' id='word_1_736' title='bbox 3341 4497 3446 4535; x_wconf 89' lang='lat' dir='ltr'><strong>non</strong></span> <span class='ocrx_word' id='word_1_737' title='bbox 3473 4489 3688 4550; x_wconf 79' lang='lat' dir='ltr'><strong>propter</strong></span> <span class='ocrx_word' id='word_1_738' title='bbox 3714 4478 3875 4534; x_wconf 82' lang='lat' dir='ltr'><strong>aliud.</strong></span> 
     </span>
    </p>
   </div>
   <div class='ocr_carea' id='block_1_51' title="bbox 664 4557 3876 4638">
    <p class='ocr_par' dir='ltr' id='par_1_51' title="bbox 664 4557 3876 4638">
     <span class='ocr_line' id='line_1_51' title="bbox 664 4557 3876 4638; baseline 0.002 -27"><span class='ocrx_word' id='word_1_739' title='bbox 664 4557 822 4611; x_wconf 86' lang='lat' dir='ltr'><strong>audet</strong></span> <span class='ocrx_word' id='word_1_740' title='bbox 852 4557 976 4626; x_wconf 91' lang='lat' dir='ltr'><strong>lupo</strong></span> <span class='ocrx_word' id='word_1_741' title='bbox 1000 4557 1274 4612; x_wconf 87' lang='lat' dir='ltr'><strong>resistere.</strong></span> <span class='ocrx_word' id='word_1_742' title='bbox 1318 4559 1451 4613; x_wconf 80' lang='lat' dir='ltr'><strong>Nam</strong></span> <span class='ocrx_word' id='word_1_743' title='bbox 1482 4566 1829 4617; x_wconf 84' lang='lat' dir='ltr'><strong>mercenarius</strong></span> <span class='ocrx_word' id='word_1_744' title='bbox 1857 4573 1957 4626; x_wconf 81' lang='lat' dir='ltr'><strong>est,</strong></span> <span class='ocrx_word' id='word_1_745' title='bbox 2000 4565 2091 4632; x_wconf 85' lang='lat' dir='ltr'><strong>qui</strong></span> <span class='ocrx_word' id='word_1_746' title='bbox 2124 4579 2221 4632; x_wconf 90' lang='lat' dir='ltr'><strong>pro</strong></span> <span class='ocrx_word' id='word_1_747' title='bbox 2319 4569 2450 4624; x_wconf 82' lang='lat' dir='ltr'><strong>Nam</strong></span> <span class='ocrx_word' id='word_1_748' title='bbox 2494 4585 2593 4624; x_wconf 87' lang='lat' dir='ltr'><strong>nec</strong></span> <span class='ocrx_word' id='word_1_749' title='bbox 2621 4569 2705 4623; x_wconf 87' lang='lat' dir='ltr'><strong>ille</strong></span> <span class='ocrx_word' id='word_1_750' title='bbox 2730 4567 2871 4623; x_wconf 84' lang='lat' dir='ltr'><strong>aliud</strong></span> <span class='ocrx_word' id='word_1_751' title='bbox 2901 4568 3148 4638; x_wconf 81' lang='lat' dir='ltr'><strong>quaesivit</strong></span> <span class='ocrx_word' id='word_1_752' title='bbox 3177 4583 3272 4636; x_wconf 91' lang='lat' dir='ltr'><strong>pro</strong></span> <span class='ocrx_word' id='word_1_753' title='bbox 3310 4569 3410 4621; x_wconf 88' lang='lat' dir='ltr'><strong>hac</strong></span> <span class='ocrx_word' id='word_1_754' title='bbox 3437 4567 3742 4628; x_wconf 85' lang='lat' dir='ltr'><strong>dilectione,</strong></span> <span class='ocrx_word' id='word_1_755' title='bbox 3777 4566 3876 4620; x_wconf 88' lang='lat' dir='ltr'><strong>nisi</strong></span> 
     </span>
    </p>
   </div>
   <div class='ocr_carea' id='block_1_52' title="bbox 665 4651 3876 4728">
    <p class='ocr_par' dir='ltr' id='par_1_52' title="bbox 665 4651 3876 4728">
     <span class='ocr_line' id='line_1_52' title="bbox 665 4651 3876 4728; baseline 0.001 -27"><span class='ocrx_word' id='word_1_756' title='bbox 665 4651 911 4702; x_wconf 89' lang='lat' dir='ltr'><strong>mercede</strong></span> <span class='ocrx_word' id='word_1_757' title='bbox 938 4651 1312 4719; x_wconf 86' lang='lat' dir='ltr'><strong>temporalium</strong></span> <span class='ocrx_word' id='word_1_758' title='bbox 1336 4667 1516 4706; x_wconf 89' lang='lat' dir='ltr'><strong>rerum</strong></span> <span class='ocrx_word' id='word_1_759' title='bbox 1542 4656 1649 4722; x_wconf 89' lang='lat' dir='ltr'><strong>agit</strong></span> <span class='ocrx_word' id='word_1_760' title='bbox 1675 4656 1940 4723; x_wconf 90' lang='lat' dir='ltr'><strong>bona,qui</strong></span> <span class='ocrx_word' id='word_1_761' title='bbox 1972 4672 2074 4710; x_wconf 90' lang='lat' dir='ltr'><strong>non</strong></span> <span class='ocrx_word' id='word_1_762' title='bbox 2102 4672 2222 4725; x_wconf 83' lang='lat' dir='ltr'><strong>gra-</strong></span> <span class='ocrx_word' id='word_1_763' title='bbox 2321 4673 2435 4722; x_wconf 90' lang='lat' dir='ltr'><strong>me,</strong></span> <span class='ocrx_word' id='word_1_764' title='bbox 2468 4673 2567 4712; x_wconf 90' lang='lat' dir='ltr'><strong>nec</strong></span> <span class='ocrx_word' id='word_1_765' title='bbox 2597 4672 2694 4728; x_wconf 87' lang='lat' dir='ltr'><strong>ego</strong></span> <span class='ocrx_word' id='word_1_766' title='bbox 2744 4659 2887 4712; x_wconf 76' lang='lat' dir='ltr'><strong>aliud</strong></span> <span class='ocrx_word' id='word_1_767' title='bbox 2926 4671 3110 4725; x_wconf 61' lang='lat' dir='ltr'><strong>quaero</strong></span> <span class='ocrx_word' id='word_1_768' title='bbox 3157 4669 3253 4724; x_wconf 87' lang='lat' dir='ltr'><strong>pro</strong></span> <span class='ocrx_word' id='word_1_769' title='bbox 3296 4656 3398 4708; x_wconf 90' lang='lat' dir='ltr'><strong>hac</strong></span> <span class='ocrx_word' id='word_1_770' title='bbox 3445 4652 3748 4716; x_wconf 89' lang='lat' dir='ltr'><strong>dilectione,</strong></span> <span class='ocrx_word' id='word_1_771' title='bbox 3775 4651 3876 4706; x_wconf 82' lang='lat' dir='ltr'><strong>nisi</strong></span> 
     </span>
    </p>
   </div>
   <div class='ocr_carea' id='block_1_53' title="bbox 599 4727 3876 4816">
    <p class='ocr_par' dir='ltr' id='par_1_53' title="bbox 599 4727 3876 4816">
     <span class='ocr_line' id='line_1_53' title="bbox 599 4727 3876 4816; baseline 0.004 -28"><span class='ocrx_word' id='word_1_772' title='bbox 599 4727 606 4734; x_wconf 81' lang='grc'>’</span> <span class='ocrx_word' id='word_1_773' title='bbox 668 4738 736 4789; x_wconf 90' lang='lat' dir='ltr'><strong>tis</strong></span> <span class='ocrx_word' id='word_1_774' title='bbox 769 4739 933 4791; x_wconf 91' lang='lat' dir='ltr'><strong>Deum</strong></span> <span class='ocrx_word' id='word_1_775' title='bbox 978 4743 1126 4806; x_wconf 82' lang='lat' dir='ltr'><strong>colit,</strong></span> <span class='ocrx_word' id='word_1_776' title='bbox 1181 4743 1270 4810; x_wconf 89' lang='lat' dir='ltr'><strong>qui</strong></span> <span class='ocrx_word' id='word_1_777' title='bbox 1301 4757 1399 4812; x_wconf 89' lang='lat' dir='ltr'><strong>pro</strong></span> <span class='ocrx_word' id='word_1_778' title='bbox 1439 4743 1524 4796; x_wconf 85' lang='lat' dir='ltr'><strong>his</strong></span> <span class='ocrx_word' id='word_1_779' title='bbox 1573 4759 1690 4811; x_wconf 67' lang='lat' dir='ltr'><strong>quae</strong></span> <span class='ocrx_word' id='word_1_780' title='bbox 1739 4748 1985 4816; x_wconf 85' lang='lat' dir='ltr'><strong>religiose</strong></span> <span class='ocrx_word' id='word_1_781' title='bbox 2010 4747 2223 4801; x_wconf 90' lang='lat' dir='ltr'><strong>videtur</strong></span> <span class='ocrx_word' id='word_1_782' title='bbox 2323 4749 2489 4801; x_wconf 84' lang='lat' dir='ltr'><strong>illum.</strong></span> <span class='ocrx_word' id='word_1_783' title='bbox 2523 4727 2657 4801; x_wconf 82' lang='lat' dir='ltr'><strong>[line</strong></span> <span class='ocrx_word' id='word_1_784' title='bbox 2687 4757 2770 4802; x_wconf 82' lang='lat' dir='ltr'><strong>est</strong></span> <span class='ocrx_word' id='word_1_785' title='bbox 2793 4749 2934 4816; x_wconf 86' lang='lat' dir='ltr'><strong>quod</strong></span> <span class='ocrx_word' id='word_1_786' title='bbox 2957 4755 3010 4801; x_wconf 93' lang='lat' dir='ltr'><strong>et</strong></span> <span class='ocrx_word' id='word_1_787' title='bbox 3037 4747 3089 4800; x_wconf 90' lang='lat' dir='ltr'><strong>in</strong></span> <span class='ocrx_word' id='word_1_788' title='bbox 3113 4743 3338 4814; x_wconf 88' lang='lat' dir='ltr'><strong>epistola</strong></span> <span class='ocrx_word' id='word_1_789' title='bbox 3376 4757 3471 4797; x_wconf 89' lang='lat' dir='ltr'><strong>sua</strong></span> <span class='ocrx_word' id='word_1_790' title='bbox 3492 4741 3724 4796; x_wconf 84' lang='lat' dir='ltr'><strong>Joannes</strong></span> <span class='ocrx_word' id='word_1_791' title='bbox 3753 4741 3829 4795; x_wconf 88' lang='lat' dir='ltr'><strong>ait</strong></span> <span class='ocrx_word' id='word_1_792' title='bbox 3859 4758 3876 4800; x_wconf 91' lang='lat'><strong>:</strong></span> 
     </span>
    </p>
   </div>
   <div class='ocr_carea' id='block_1_54' title="bbox 667 4829 3876 4903">
    <p class='ocr_par' dir='ltr' id='par_1_54' title="bbox 667 4829 3876 4903">
     <span class='ocr_line' id='line_1_54' title="bbox 667 4829 3876 4903; baseline 0.001 -23"><span class='ocrx_word' id='word_1_793' title='bbox 667 4829 900 4892; x_wconf 86' lang='lat' dir='ltr'><strong>operari,</strong></span> <span class='ocrx_word' id='word_1_794' title='bbox 923 4831 1113 4896; x_wconf 60' lang='lat' dir='ltr'><strong>quierit</strong></span> <span class='ocrx_word' id='word_1_795' title='bbox 1151 4833 1204 4886; x_wconf 91' lang='lat' dir='ltr'><strong>in</strong></span> <span class='ocrx_word' id='word_1_796' title='bbox 1251 4834 1353 4888; x_wconf 91' lang='lat' dir='ltr'><strong>hoc</strong></span> <span class='ocrx_word' id='word_1_797' title='bbox 1387 4832 1585 4887; x_wconf 57' lang='lat' dir='ltr'><strong>sarculo</strong></span> <span class='ocrx_word' id='word_1_798' title='bbox 1627 4839 1902 4903; x_wconf 59' lang='lat' dir='ltr'><strong>praemium</strong></span> <span class='ocrx_word' id='word_1_799' title='bbox 1935 4837 2021 4890; x_wconf 89' lang='lat' dir='ltr'><strong>vel</strong></span> <span class='ocrx_word' id='word_1_800' title='bbox 2049 4837 2221 4890; x_wconf 89' lang='lat' dir='ltr'><strong>laudis</strong></span> <span class='ocrx_word' id='word_1_801' title='bbox 2324 4837 2456 4900; x_wconf 84' lang='lat' dir='ltr'><strong>Quia</strong></span> <span class='ocrx_word' id='word_1_802' title='bbox 2484 4837 2612 4890; x_wconf 77' lang='lat' dir='ltr'><strong>sicut</strong></span> <span class='ocrx_word' id='word_1_803' title='bbox 2660 4837 2747 4889; x_wconf 78' lang='lat' dir='ltr'><strong>ille</strong></span> <span class='ocrx_word' id='word_1_804' title='bbox 2774 4848 2867 4900; x_wconf 91' lang='lat' dir='ltr'><strong>est,</strong></span> <span class='ocrx_word' id='word_1_805' title='bbox 2900 4838 2975 4889; x_wconf 84' lang='lat' dir='ltr'><strong>ita</strong></span> <span class='ocrx_word' id='word_1_806' title='bbox 3013 4845 3060 4890; x_wconf 87' lang='lat' dir='ltr'><strong>et</strong></span> <span class='ocrx_word' id='word_1_807' title='bbox 3095 4853 3185 4890; x_wconf 90' lang='lat' dir='ltr'><strong>nos</strong></span> <span class='ocrx_word' id='word_1_808' title='bbox 3232 4849 3411 4887; x_wconf 81' lang='lat' dir='ltr'><strong>sumus</strong></span> <span class='ocrx_word' id='word_1_809' title='bbox 3449 4834 3503 4885; x_wconf 85' lang='lat' dir='ltr'><strong>in</strong></span> <span class='ocrx_word' id='word_1_810' title='bbox 3544 4833 3639 4885; x_wconf 81' lang='lat' dir='ltr'><strong>hoc</strong></span> <span class='ocrx_word' id='word_1_811' title='bbox 3682 4829 3876 4885; x_wconf 68' lang='lat' dir='ltr'><strong>mando</strong></span> 
     </span>
    </p>
   </div>
   <div class='ocr_carea' id='block_1_55' title="bbox 669 4915 3875 4997">
    <p class='ocr_par' dir='ltr' id='par_1_55' title="bbox 669 4915 3875 4997">
     <span class='ocr_line' id='line_1_55' title="bbox 669 4915 3875 4997; baseline 0.003 -31"><span class='ocrx_word' id='word_1_812' title='bbox 669 4915 752 4974; x_wconf 75' lang='lat' dir='ltr'><strong>vel</strong></span> <span class='ocrx_word' id='word_1_813' title='bbox 798 4919 1052 4973; x_wconf 88' lang='lat' dir='ltr'><strong>muneris.</strong></span> <span class='ocrx_word' id='word_1_814' title='bbox 1101 4922 1171 4975; x_wconf 87' lang='lat' dir='ltr'><strong>Et</strong></span> <span class='ocrx_word' id='word_1_815' title='bbox 1223 4924 1327 4978; x_wconf 90' lang='lat' dir='ltr'><strong>iste</strong></span> <span class='ocrx_word' id='word_1_816' title='bbox 1378 4940 1485 4978; x_wconf 88' lang='lat' dir='ltr'><strong>non</strong></span> <span class='ocrx_word' id='word_1_817' title='bbox 1531 4933 1616 4978; x_wconf 89' lang='lat' dir='ltr'><strong>est</strong></span> <span class='ocrx_word' id='word_1_818' title='bbox 1658 4935 1874 4993; x_wconf 81' lang='lat' dir='ltr'><strong>pastor;</strong></span> <span class='ocrx_word' id='word_1_819' title='bbox 1918 4927 2044 4996; x_wconf 89' lang='lat' dir='ltr'><strong>quia</strong></span> <span class='ocrx_word' id='word_1_820' title='bbox 2090 4942 2221 4982; x_wconf 91' lang='lat' dir='ltr'><strong>oves</strong></span> <span class='ocrx_word' id='word_1_821' title='bbox 2323 4927 2371 4997; x_wconf 86' lang='grc' dir='ltr'><strong>(Ι</strong></span> <span class='ocrx_word' id='word_1_822' title='bbox 2402 4925 2560 4981; x_wconf 83' lang='lat' dir='ltr'><strong>Joan.</strong></span> <span class='ocrx_word' id='word_1_823' title='bbox 2592 4943 2667 4992; x_wconf 78' lang='lat' dir='ltr'><strong>tv,</strong></span> <span class='ocrx_word' id='word_1_824' title='bbox 2708 4927 2816 4997; x_wconf 80' lang='lat' dir='ltr'><strong>l7).</strong></span> <span class='ocrx_word' id='word_1_825' title='bbox 2865 4927 3010 4981; x_wconf 79' lang='lat' dir='ltr'><strong>Sicut</strong></span> <span class='ocrx_word' id='word_1_826' title='bbox 3048 4929 3189 4981; x_wconf 91' lang='lat' dir='ltr'><strong>enim</strong></span> <span class='ocrx_word' id='word_1_827' title='bbox 3219 4941 3323 4980; x_wconf 91' lang='lat' dir='ltr'><strong>non</strong></span> <span class='ocrx_word' id='word_1_828' title='bbox 3348 4926 3708 4994; x_wconf 73' lang='lat' dir='ltr'><strong>zequalitatem</strong></span> <span class='ocrx_word' id='word_1_829' title='bbox 3732 4938 3875 4980; x_wconf 88' lang='lat' dir='ltr'><strong>nunc</strong></span> 
     </span>
    </p>
   </div>
   <div class='ocr_carea' id='block_1_56' title="bbox 668 5006 3877 5087">
    <p class='ocr_par' dir='ltr' id='par_1_56' title="bbox 668 5006 3877 5087">
     <span class='ocr_line' id='line_1_56' title="bbox 668 5006 3877 5087; baseline 0.002 -26"><span class='ocrx_word' id='word_1_830' title='bbox 668 5009 933 5063; x_wconf 88' lang='lat' dir='ltr'><strong>actionum</strong></span> <span class='ocrx_word' id='word_1_831' title='bbox 960 5025 1175 5067; x_wconf 90' lang='lat' dir='ltr'><strong>suarum</strong></span> <span class='ocrx_word' id='word_1_832' title='bbox 1206 5031 1308 5069; x_wconf 91' lang='lat' dir='ltr'><strong>non</strong></span> <span class='ocrx_word' id='word_1_833' title='bbox 1339 5016 1513 5086; x_wconf 89' lang='lat' dir='ltr'><strong>pascit</strong></span> <span class='ocrx_word' id='word_1_834' title='bbox 1537 5015 1946 5082; x_wconf 83' lang='lat' dir='ltr'><strong>Scripturarum</strong></span> <span class='ocrx_word' id='word_1_835' title='bbox 1981 5021 2218 5087; x_wconf 84' lang='lat' dir='ltr'><strong>pascuis,</strong></span> <span class='ocrx_word' id='word_1_836' title='bbox 2321 5006 2604 5084; x_wconf 80' lang='lat' dir='ltr'><strong>signiﬁcat,</strong></span> <span class='ocrx_word' id='word_1_837' title='bbox 2633 5017 2727 5071; x_wconf 89' lang='lat' dir='ltr'><strong>sed</strong></span> <span class='ocrx_word' id='word_1_838' title='bbox 2749 5017 3179 5081; x_wconf 88' lang='lat' dir='ltr'><strong>similitudinem;</strong></span> <span class='ocrx_word' id='word_1_839' title='bbox 3218 5015 3340 5083; x_wconf 86' lang='lat' dir='ltr'><strong>quia</strong></span> <span class='ocrx_word' id='word_1_840' title='bbox 3375 5030 3482 5069; x_wconf 80' lang='lat' dir='ltr'><strong>non</strong></span> <span class='ocrx_word' id='word_1_841' title='bbox 3510 5013 3781 5080; x_wconf 71' lang='lat' dir='ltr'><strong>loquimur</strong></span> <span class='ocrx_word' id='word_1_842' title='bbox 3807 5013 3877 5068; x_wconf 90' lang='lat' dir='ltr'><strong>de</strong></span> 
     </span>
    </p>
   </div>
   <div class='ocr_carea' id='block_1_57' title="bbox 670 5093 3876 5178">
    <p class='ocr_par' dir='ltr' id='par_1_57' title="bbox 670 5093 3876 5178">
     <span class='ocr_line' id='line_1_57' title="bbox 670 5093 3876 5178; baseline -0.001 -20"><span class='ocrx_word' id='word_1_843' title='bbox 670 5114 727 5159; x_wconf 94' lang='lat' dir='ltr'><strong>ut</strong></span> <span class='ocrx_word' id='word_1_844' title='bbox 751 5120 815 5160; x_wconf 87' lang='lat' dir='ltr'><strong>eo</strong></span> <span class='ocrx_word' id='word_1_845' title='bbox 838 5107 994 5159; x_wconf 92' lang='lat' dir='ltr'><strong>modo</strong></span> <span class='ocrx_word' id='word_1_846' title='bbox 1007 5107 1086 5160; x_wconf 89' lang='lat' dir='ltr'><strong>vel</strong></span> <span class='ocrx_word' id='word_1_847' title='bbox 1099 5093 1293 5169; x_wconf 82' lang='lat' dir='ltr'><strong>studio,</strong></span> <span class='ocrx_word' id='word_1_848' title='bbox 1320 5125 1425 5178; x_wconf 91' lang='lat' dir='ltr'><strong>quo</strong></span> <span class='ocrx_word' id='word_1_849' title='bbox 1447 5123 1602 5161; x_wconf 87' lang='lat' dir='ltr'><strong>sacra</strong></span> <span class='ocrx_word' id='word_1_850' title='bbox 1629 5106 1837 5174; x_wconf 86' lang='lat' dir='ltr'><strong>eloquia</strong></span> <span class='ocrx_word' id='word_1_851' title='bbox 1865 5109 2074 5174; x_wconf 90' lang='lat' dir='ltr'><strong>docent,</strong></span> <span class='ocrx_word' id='word_1_852' title='bbox 2099 5118 2224 5178; x_wconf 86' lang='lat' dir='ltr'><strong>agat</strong></span> <span class='ocrx_word' id='word_1_853' title='bbox 2321 5107 2700 5176; x_wconf 83' lang='lat' dir='ltr'><strong>Redemptore,</strong></span> <span class='ocrx_word' id='word_1_854' title='bbox 2729 5110 2817 5177; x_wconf 91' lang='lat' dir='ltr'><strong>qui</strong></span> <span class='ocrx_word' id='word_1_855' title='bbox 2859 5108 3148 5162; x_wconf 80' lang='lat' dir='ltr'><strong>secundum</strong></span> <span class='ocrx_word' id='word_1_856' title='bbox 3184 5106 3514 5160; x_wconf 85' lang='lat' dir='ltr'><strong>divinitatem</strong></span> <span class='ocrx_word' id='word_1_857' title='bbox 3547 5103 3768 5171; x_wconf 63' lang='lat' dir='ltr'><strong>aequalis</strong></span> <span class='ocrx_word' id='word_1_858' title='bbox 3793 5111 3876 5159; x_wconf 80' lang='lat' dir='ltr'><strong>est</strong></span> 
     </span>
    </p>
   </div>
   <div class='ocr_carea' id='block_1_58' title="bbox 667 5183 3874 5272">
    <p class='ocr_par' dir='ltr' id='par_1_58' title="bbox 667 5183 3874 5272">
     <span class='ocr_line' id='line_1_58' title="bbox 667 5183 3874 5272; baseline -0.002 -21"><span class='ocrx_word' id='word_1_859' title='bbox 667 5196 804 5255; x_wconf 77' lang='lat' dir='ltr'><strong>Illas.</strong></span> <span class='ocrx_word' id='word_1_860' title='bbox 832 5196 997 5272; x_wconf 79' lang='lat' dir='ltr'><strong>Cujus</strong></span> <span class='ocrx_word' id='word_1_861' title='bbox 1055 5214 1157 5250; x_wconf 86' lang='lat' dir='ltr'><strong>non</strong></span> <span class='ocrx_word' id='word_1_862' title='bbox 1203 5210 1320 5250; x_wconf 84' lang='lat' dir='ltr'><strong>sunt</strong></span> <span class='ocrx_word' id='word_1_863' title='bbox 1365 5216 1476 5252; x_wconf 79' lang='lat' dir='ltr'><strong>oves</strong></span> <span class='ocrx_word' id='word_1_864' title='bbox 1517 5198 1772 5266; x_wconf 76' lang='lat' dir='ltr'><strong>propriw;</strong></span> <span class='ocrx_word' id='word_1_865' title='bbox 1803 5199 1925 5260; x_wconf 85' lang='lat' dir='ltr'><strong>quia</strong></span> <span class='ocrx_word' id='word_1_866' title='bbox 1975 5200 2219 5266; x_wconf 87' lang='lat' dir='ltr'><strong>virtutes,</strong></span> <span class='ocrx_word' id='word_1_867' title='bbox 2321 5199 2496 5262; x_wconf 87' lang='lat' dir='ltr'><strong>Patri;</strong></span> <span class='ocrx_word' id='word_1_868' title='bbox 2522 5200 2612 5252; x_wconf 89' lang='lat' dir='ltr'><strong>sed</strong></span> <span class='ocrx_word' id='word_1_869' title='bbox 2639 5200 2706 5252; x_wconf 89' lang='lat' dir='ltr'><strong>de</strong></span> <span class='ocrx_word' id='word_1_870' title='bbox 2748 5198 3041 5265; x_wconf 81' lang='lat' dir='ltr'><strong>redempta,</strong></span> <span class='ocrx_word' id='word_1_871' title='bbox 3071 5197 3159 5264; x_wconf 91' lang='lat' dir='ltr'><strong>qui</strong></span> <span class='ocrx_word' id='word_1_872' title='bbox 3190 5183 3484 5249; x_wconf 84' lang='lat' dir='ltr'><strong>membrum</strong></span> <span class='ocrx_word' id='word_1_873' title='bbox 3513 5184 3601 5248; x_wconf 12' lang='lat' dir='ltr'><strong>Vest</strong></span> <span class='ocrx_word' id='word_1_874' title='bbox 3641 5190 3874 5246; x_wconf 76' lang='lat' dir='ltr'><strong>Redem-</strong></span> 
     </span>
    </p>
   </div>
   <div class='ocr_carea' id='block_1_59' title="bbox 652 5276 3874 5359">
    <p class='ocr_par' dir='ltr' id='par_1_59' title="bbox 652 5276 3874 5359">
     <span class='ocr_line' id='line_1_59' title="bbox 652 5276 3874 5359; baseline -0.001 -20"><span class='ocrx_word' id='word_1_875' title='bbox 652 5276 802 5355; x_wconf 6' lang='lat' dir='ltr'><strong>iquas</strong></span> <span class='ocrx_word' id='word_1_876' title='bbox 826 5290 876 5343; x_wconf 92' lang='lat' dir='ltr'><strong>in</strong></span> <span class='ocrx_word' id='word_1_877' title='bbox 901 5290 1079 5358; x_wconf 91' lang='lat' dir='ltr'><strong>seipso</strong></span> <span class='ocrx_word' id='word_1_878' title='bbox 1107 5289 1376 5342; x_wconf 87' lang='lat' dir='ltr'><strong>custodire</strong></span> <span class='ocrx_word' id='word_1_879' title='bbox 1400 5289 1627 5351; x_wconf 75' lang='lat' dir='ltr'><strong>videtur,</strong></span> <span class='ocrx_word' id='word_1_880' title='bbox 1661 5301 1728 5342; x_wconf 82' lang='lat' dir='ltr'><strong>at)</strong></span> <span class='ocrx_word' id='word_1_881' title='bbox 1756 5302 1820 5342; x_wconf 88' lang='lat' dir='ltr'><strong>eo</strong></span> <span class='ocrx_word' id='word_1_882' title='bbox 1854 5289 1975 5342; x_wconf 83' lang='lat' dir='ltr'><strong>s&#39;uut</strong></span> <span class='ocrx_word' id='word_1_883' title='bbox 1998 5291 2220 5357; x_wconf 63' lang='lat' dir='ltr'><strong>alienae,</strong></span> <span class='ocrx_word' id='word_1_884' title='bbox 2321 5287 2510 5359; x_wconf 88' lang='lat' dir='ltr'><strong>ptoris.</strong></span> <span class='ocrx_word' id='word_1_885' title='bbox 2533 5289 2634 5353; x_wconf 85' lang='lat' dir='ltr'><strong>Qui</strong></span> <span class='ocrx_word' id='word_1_886' title='bbox 2661 5288 2864 5342; x_wconf 90' lang='lat' dir='ltr'><strong>scilicet</strong></span> <span class='ocrx_word' id='word_1_887' title='bbox 2891 5287 3196 5355; x_wconf 86' lang='lat' dir='ltr'><strong>redemptus</strong></span> <span class='ocrx_word' id='word_1_888' title='bbox 3218 5285 3486 5353; x_wconf 86' lang='lat' dir='ltr'><strong>subjungit</strong></span> <span class='ocrx_word' id='word_1_889' title='bbox 3509 5299 3526 5334; x_wconf 90' lang='lat'><strong>:</strong></span> <span class='ocrx_word' id='word_1_890' title='bbox 3555 5281 3619 5334; x_wconf 84' lang='lat' dir='ltr'><strong>Et</strong></span> <span class='ocrx_word' id='word_1_891' title='bbox 3645 5279 3874 5335; x_wconf 80' lang='lat' dir='ltr'><strong>animum</strong></span> 
     </span>
    </p>
   </div>
   <div class='ocr_carea' id='block_1_60' title="bbox 670 5363 3906 5446">
    <p class='ocr_par' dir='ltr' id='par_1_60' title="bbox 670 5363 3906 5446">
     <span class='ocr_line' id='line_1_60' title="bbox 670 5363 3906 5446; baseline -0.002 -16"><span class='ocrx_word' id='word_1_892' title='bbox 670 5377 794 5430; x_wconf 89' lang='lat' dir='ltr'><strong>dum</strong></span> <span class='ocrx_word' id='word_1_893' title='bbox 840 5394 930 5433; x_wconf 90' lang='lat' dir='ltr'><strong>eas</strong></span> <span class='ocrx_word' id='word_1_894' title='bbox 959 5382 1026 5436; x_wconf 92' lang='lat' dir='ltr'><strong>ob</strong></span> <span class='ocrx_word' id='word_1_895' title='bbox 1067 5374 1434 5434; x_wconf 76' lang='lat' dir='ltr'><strong>transitoriam</strong></span> <span class='ocrx_word' id='word_1_896' title='bbox 1473 5380 1882 5435; x_wconf 86' lang='lat' dir='ltr'><strong>retributionem</strong></span> <span class='ocrx_word' id='word_1_897' title='bbox 1924 5391 2124 5446; x_wconf 88' lang='lat' dir='ltr'><strong>servat,</strong></span> <span class='ocrx_word' id='word_1_898' title='bbox 2167 5395 2222 5438; x_wconf 83' lang='lat' dir='ltr'><strong>et</strong></span> <span class='ocrx_word' id='word_1_899' title='bbox 2322 5394 2486 5431; x_wconf 86' lang='lat' dir='ltr'><strong>meam</strong></span> <span class='ocrx_word' id='word_1_900' title='bbox 2514 5393 2646 5445; x_wconf 85' lang='lat' dir='ltr'><strong>pono</strong></span> <span class='ocrx_word' id='word_1_901' title='bbox 2666 5393 2758 5445; x_wconf 83' lang='lat' dir='ltr'><strong>pro</strong></span> <span class='ocrx_word' id='word_1_902' title='bbox 2779 5377 2952 5431; x_wconf 71' lang='lat' dir='ltr'><strong>ovibus</strong></span> <span class='ocrx_word' id='word_1_903' title='bbox 2978 5377 3120 5430; x_wconf 83' lang='lat' dir='ltr'><strong>meis.</strong></span> <span class='ocrx_word' id='word_1_904' title='bbox 3153 5374 3209 5428; x_wconf 87' lang='lat' dir='ltr'><strong>Id</strong></span> <span class='ocrx_word' id='word_1_905' title='bbox 3234 5385 3315 5430; x_wconf 88' lang='lat' dir='ltr'><strong>est</strong></span> <span class='ocrx_word' id='word_1_906' title='bbox 3346 5372 3684 5442; x_wconf 82' lang='lat' dir='ltr'><strong>temporalem</strong></span> <span class='ocrx_word' id='word_1_907' title='bbox 3708 5363 3906 5425; x_wconf 44' lang='lat' dir='ltr'><strong>vitam.</strong></span> 
     </span>
    </p>
   </div>
   <div class='ocr_carea' id='block_1_61' title="bbox 673 5448 3871 5540">
    <p class='ocr_par' dir='ltr' id='par_1_61' title="bbox 673 5448 3871 5540">
     <span class='ocr_line' id='line_1_61' title="bbox 673 5448 3871 5540; baseline -0.002 -21"><span class='ocrx_word' id='word_1_908' title='bbox 673 5484 776 5522; x_wconf 91' lang='lat' dir='ltr'><strong>non</strong></span> <span class='ocrx_word' id='word_1_909' title='bbox 806 5473 956 5536; x_wconf 89' lang='lat' dir='ltr'><strong>quasi</strong></span> <span class='ocrx_word' id='word_1_910' title='bbox 995 5471 1234 5540; x_wconf 84' lang='lat' dir='ltr'><strong>pmprias</strong></span> <span class='ocrx_word' id='word_1_911' title='bbox 1265 5477 1428 5520; x_wconf 86' lang='lat' dir='ltr'><strong>amat.</strong></span> <span class='ocrx_word' id='word_1_912' title='bbox 1465 5469 1558 5519; x_wconf 89' lang='lat' dir='ltr'><strong>llic</strong></span> <span class='ocrx_word' id='word_1_913' title='bbox 1587 5484 1713 5538; x_wconf 89' lang='lat' dir='ltr'><strong>ergo</strong></span> <span class='ocrx_word' id='word_1_914' title='bbox 1744 5471 1831 5537; x_wconf 88' lang='lat' dir='ltr'><strong>qui</strong></span> <span class='ocrx_word' id='word_1_915' title='bbox 1872 5471 1921 5522; x_wconf 93' lang='lat' dir='ltr'><strong>in</strong></span> <span class='ocrx_word' id='word_1_916' title='bbox 1953 5473 2221 5539; x_wconf 84' lang='lat' dir='ltr'><strong>prosperis</strong></span> <span class='ocrx_word' id='word_1_917' title='bbox 2324 5467 2543 5522; x_wconf 88' lang='lat' dir='ltr'><strong>humilio</strong></span> <span class='ocrx_word' id='word_1_918' title='bbox 2577 5467 2628 5518; x_wconf 91' lang='lat' dir='ltr'><strong>in</strong></span> <span class='ocrx_word' id='word_1_919' title='bbox 2658 5465 2944 5528; x_wconf 87' lang='lat' dir='ltr'><strong>laboribus,</strong></span> <span class='ocrx_word' id='word_1_920' title='bbox 2976 5475 3028 5518; x_wconf 88' lang='lat' dir='ltr'><strong>et</strong></span> <span class='ocrx_word' id='word_1_921' title='bbox 3067 5464 3306 5532; x_wconf 82' lang='lat' dir='ltr'><strong>expendo</strong></span> <span class='ocrx_word' id='word_1_922' title='bbox 3357 5470 3412 5514; x_wconf 82' lang='lat' dir='ltr'><strong>ut</strong></span> <span class='ocrx_word' id='word_1_923' title='bbox 3448 5477 3573 5516; x_wconf 86' lang='lat' dir='ltr'><strong>oves</strong></span> <span class='ocrx_word' id='word_1_924' title='bbox 3611 5448 3871 5514; x_wconf 76' lang='lat' dir='ltr'><strong>virtutu&#39;m</strong></span> 
     </span>
    </p>
   </div>
   <div class='ocr_carea' id='block_1_62' title="bbox 672 5547 3872 5628">
    <p class='ocr_par' dir='ltr' id='par_1_62' title="bbox 672 5547 3872 5628">
     <span class='ocr_line' id='line_1_62' title="bbox 672 5547 3872 5628; baseline -0.003 -16"><span class='ocrx_word' id='word_1_925' title='bbox 672 5559 748 5612; x_wconf 78' lang='lat' dir='ltr'><strong>sic</strong></span> <span class='ocrx_word' id='word_1_926' title='bbox 784 5559 996 5628; x_wconf 76' lang='lat' dir='ltr'><strong>agebat,</strong></span> <span class='ocrx_word' id='word_1_927' title='bbox 1039 5561 1312 5614; x_wconf 82' lang='lat' dir='ltr'><strong>audiamus</strong></span> <span class='ocrx_word' id='word_1_928' title='bbox 1341 5561 1392 5612; x_wconf 90' lang='lat' dir='ltr'><strong>in</strong></span> <span class='ocrx_word' id='word_1_929' title='bbox 1428 5559 1663 5613; x_wconf 82' lang='lat' dir='ltr'><strong>adversis</strong></span> <span class='ocrx_word' id='word_1_930' title='bbox 1685 5561 1808 5626; x_wconf 86' lang='lat' dir='ltr'><strong>quid</strong></span> <span class='ocrx_word' id='word_1_931' title='bbox 1847 5561 2026 5615; x_wconf 82' lang='lat' dir='ltr'><strong>faciat.</strong></span> <span class='ocrx_word' id='word_1_932' title='bbox 2323 5572 2376 5612; x_wconf 83' lang='lat' dir='ltr'><strong>et</strong></span> <span class='ocrx_word' id='word_1_933' title='bbox 2407 5557 2674 5614; x_wconf 80' lang='lat' dir='ltr'><strong>actionum</strong></span> <span class='ocrx_word' id='word_1_934' title='bbox 2705 5571 2946 5611; x_wconf 80' lang='lat' dir='ltr'><strong>mearum</strong></span> <span class='ocrx_word' id='word_1_935' title='bbox 2981 5572 3080 5611; x_wconf 86' lang='lat' dir='ltr'><strong>non</strong></span> <span class='ocrx_word' id='word_1_936' title='bbox 3113 5557 3373 5620; x_wconf 87' lang='lat' dir='ltr'><strong>amittam,</strong></span> <span class='ocrx_word' id='word_1_937' title='bbox 3409 5554 3497 5608; x_wconf 84' lang='lat' dir='ltr'><strong>sed</strong></span> <span class='ocrx_word' id='word_1_938' title='bbox 3528 5547 3872 5620; x_wconf 74' lang='lat' dir='ltr'><strong>multiplicem</strong></span> 
     </span>
    </p>
   </div>
   <div class='ocr_carea' id='block_1_63' title="bbox 2251 3002 2290 3061">
    <p class='ocr_par' dir='ltr' id='par_1_63' title="bbox 2251 3002 2290 3061">
     <span class='ocr_line' id='line_1_63' title="bbox 2251 3002 2288 3027; baseline 0 0"><span class='ocrx_word' id='word_1_939' title='bbox 2251 3002 2288 3027; x_wconf 59' lang='grc' dir='ltr'><strong><em>(Ἴ</em></strong></span> 
     </span>
     <span class='ocr_line' id='line_1_64' title="bbox 2252 3041 2290 3061; baseline 0 0"><span class='ocrx_word' id='word_1_940' title='bbox 2252 3041 2290 3061; x_wconf 70' lang='grc' dir='ltr'>υ</span> 
     </span>
    </p>
   </div>
  </div>
