4190 6228
347 300 447 357 ωδ

1260 291 1563 347 nonnum
1603 293 1690 346 sv
1735 288 1970 344 151111011
1987 236 2337 343 rit'rtoties.

3470 298 3579 354 6'”

346 423 399 477 et
436 421 659 474 foveam.
693 414 827 482 Quia
858 426 980 465 vero
1005 419 1119 477 post
1142 409 1326 462 activa:
1351 408 1472 461 vita:
1503 403 1912 472 laboresjustus
1941 408 1990 466 Α
2017 412 2217 468 autem,
2242 403 2307 456 de
2343 401 2552 456 mortali
2595 403 2644 456 in
2691 413 2919 456 mortem
2961 406 3412 475 prmcipitaretur.
3462 408 3592 466 Per-

346 509 412 564 ad
446 502 869 572 cautemplativre
927 499 1248 551 suavitatem
1292 495 1554 564 proficere
1603 493 1757 560 solet,
1791 503 1911 562 apte

346 595 558 664 sobjicit
585 610 598 646 :
627 590 693 643 Et
724 589 857 643 alias
888 605 1010 652 oves
1058 586 1244 649 habeo,
1269 601 1385 650 qua:
1425 601 1526 638 non
1567 593 1686 638 aunt
1715 599 1780 637 ea:
1817 584 1912 635 hoc

344 687 481 745 ovili,
513 685 561 737 id
595 691 677 736 est
729 682 957 734 virtutes
988 677 1247 731 theorira:
1297 675 1615 738 dulcedinis,
1642 690 1761 744 qua!
1810 689 1913 726 non

343 784 549 828 sunt‘ex
578 783 737 841 grege
765 772 1021 823 virtutum
1052 768 1302 838 practica:
1327 765 1745 820 exercitationis.
1769 763 1915 818 Alias

341 863 484 916 enim
515 861 740 914 virtutes
775 858 936 911 habet
979 855 1156 924 justus
1193 856 1246 909 in
1300 854 1472 908 activa
1501 845 1633 918 vita,
1680 863 1734 907 et
1783 851 1917 906 alias

342 951 395 1003 in
423 948 859 1018 contemplativa.
885 944 952 999 Et
977 945 1115 1010 illas,
1151 945 1344 1013 inquit,
1368 958 1486 1013 qua:
1523 953 1648 998 sunt
1678 951 1916 997 eontem-

341 1040 616 1110 platiouis,
647 1048 844 1106 oportet
881 1053 960 1091 me
984 1037 1244 1090 adducere
1268 1036 1336 1089 ad
1361 1036 1464 1088 ima
1489 1051 1620 1089 mea:
1649 1034 1914 1104 possibili-

345 1133 490 1197 tatis,
517 1118 576 1184 ut
602 1130 656 1185 in
692 1129 1106 1184 conversatione
1132 1142 1249 1180 mea
1292 1127 1492 1180 sociem
1519 1125 1646 1180 illas
1676 1127 1762 1179 bis
1798 1139 1916 1194 quae

341 1228 468 1273 sunt
496 1218 748 1273 actionis.

416 1309 480 1361 fit
503 1325 673 1362 vocem
696 1321 866 1361 meam
895 1307 1150 1360 audient:
1180 1305 1306 1375 quia
1337 1319 1640 1360 sermonem
1672 1303 1914 1358 volunta-

340 1400 411 1452 tis
439 1415 571 1452 mea:
599 1397 819 1462 facient,
851 1397 951 1452 hoc
986 1406 1070 1451 cst
1111 1391 1298 1450 nutum
1327 1396 1504 1450 cordis
1531 1395 1634 1448 mei
1677 1400 1914 1462 seqbeu-

336 1488 448 1544 tur.
483 1488 614 1542 Nam
640 1497 694 1542 et
720 1503 814 1543 cor
841 1487 1003 1543 habet
1042 1503 1195 1542 suam
1238 1500 1445 1548 vocem,
1469 1498 1732 1553 suamque
1769 1482 1913 1536 locu-

338 1583 566 1636 tionem.
608 1579 670 1633 Et
693 1580 780 1647 ﬁet
817 1594 977 1632 unum
1016 1577 1145 1631 ovile
1197 1576 1265 1629 de
1296 1567 1604 1628 virtutibus~
1631 1572 1912 1640 utriusque

337 1674 492 1734 vitae;
522 1683 571 1725 et
595 1687 731 1724 unus
766 1678 944 1738 pauor
969 1668 1059 1721 flet
1103 1675 1474 1730 utrarumque,
1519 1677 1669 1715 meus
1707 1661 1911 1716 scilicet

2016 506 2209 546 suasus
2241 506 2371 562 ergo
2398 506 2427 544 a
2464 491 2695 554 diabolo,
2721 491 2873 558 juxta
2909 494 3206 549 terribilem
3240 497 3332 550 Dei
3370 502 3592 555 commi-

2015 584 2313 647 nationem,
2345 584 2410 637 de
2441 582 2652 636 mortali
2687 593 2930 637 mortuus
2975 583 3148 638 factus
3173 595 3274 650 est,
3307 597 3360 641 ct
3383 590 3528 657 justc
3559 606 3590 646 a

2017 671 2228 726 diabolo
2251 687 2552 742 possessus,
2602 673 2688 726 cui
2734 682 2925 741 Sponte
2963 685 3310 728 consenserat
3339 674 3491 746 (Cen.
3526 694 3586 745 11,

2017 763 2127 832 i7).
2152 762 2331 816 Voluit
2386 773 2566 817 tamen
2599 779 2722 818 eum
2777 764 2918 817 Deus
2957 765 3268 833 requirere;
3295 767 3419 835 quia
3462 768 3589 824 licet

2017 862 2226 923 sponte,
2254 854 2427 908 aliena
2475 863 2654 908 tamen
2699 855 2894 908 cecidit
2930 856 3297 922 persuasione.
3332 856 3587 914 Diabolus

2015 957 2147 998 vero
2171 944 2369 1012 requiri
2403 929 2507 998 nOn
2539 944 2762 1007 debuit;
2792 946 2917 1012 quia
2964 946 3013 997 in
3052 955 3251 998 natura:
3287 961 3395 999 sum
3421 946 3590 1001 firmi-

2017 1033 2204 1100 mitate
2233 1049 2328 1103 per
2370 1034 2604 1103 seipsum
2663 1033 2808 1086 nulla
2859 1035 3195 1087 extrinsecus
3239 1034 3587 1103 persuasione

2015 1124 2230 1178 cecidit.
2284 1123 2532 1193 Oportuit
2563 1139 2689 1193 ergo
2723 1132 2782 1177 ut
2819 1135 3093 1178 auctorem
3123 1124 3311 1178 salutis
3342 1123 3584 1191 haberet,

2014 1227 2111 1282 per
2143 1227 2303 1281 quem
2314 1215 2460 1279 jusla
2491 1217 2696 1267 ratione
2720 1217 2787 1267 ad
2826 1215 2994 1267 Deum
3040 1214 3263 1268 rediret.
3297 1214 3586 1272 Videamus

2015 1319 2146 1373 ergo
2177 1307 2298 1374 quis
2354 1305 2446 1359 ille
2484 1315 2673 1357 auctor
2700 1318 2821 1358 esse
2849 1305 3106 1377 potuerit.
3138 1305 3194 1358 Si
3223 1303 3363 1360 Deus
3383 1306 3587 1375 simpli-

1970 1440 1973 1442 _
2013 1394 2147 1448 citer
2176 1403 2345 1453 esset.
2369 1403 2582 1464 poterat
2608 1394 2826 1461 quidem
2854 1393 3122 1470 diabolum
3143 1393 3395 1464 zviucere,
3418 1395 3588 1451 homi-

2014 1495 2135 1533 nem
2172 1481 2418 1548 eripere;
2463 1481 2554 1533 sed
2590 1481 2701 1533 haec
2723 1480 2833 1534 sola
2855 1479 2968 1546 jam
3007 1471 3152 1534 esset
3188 1482 3453 1550 potentia,
3483 1496 3586 1538 non

2014 1569 2418 1638 ratiojustitize;
2452 1572 2494 1624 si
2520 1569 2755 1635 diabolo,
2785 1570 2875 1639 qui
2908 1570 3100 1624 mortis
3141 1572 3374 1642 trahebat
3423 1573 3592 1644 impc-

2014 1663 2152 1716 rium
2201 1660 2390 1732 (Hebr.
2439 1677 2501 1725 11,
2556 1661 2663 1732 Η),
2701 1662 2839 1714 sicut
2881 1661 2958 1714 ait
2995 1662 3309 1730 Apostolus,
3342 1664 3589 1734 quamvis

334 1762 572 1822 animus,
596 1760 687 1828 qui
729 1760 780 1811 in
832 1766 1181 1822 utrarumque
1218 1751 1460 1806 custodia
1511 1751 1580 1802 sit
1627 1751 1908 1803 sollicitus.
1943 1759 1987 1817 Β
2017 1768 2129 1808 rem
2162 1752 2390 1806 alienam
2425 1752 2731 1815 invasisset,
2760 1760 2938 1806 tamen
2965 1763 3158 1822 sponte
3196 1756 3585 1811 assentientem

255 1845 258 1852 ’
320 1850 462 1910 Haec
483 1851 670 1916 itaque
693 1848 736 1900 si
765 1846 886 1915 quis
909 1844 1195 1913 diligenter
1228 1843 1485 1904 attendat,
1515 1849 1566 1895 et
1593 1851 1769 1894 utrum
1800 1843 1911 1909 ipse

334 1941 414 1993 sic
440 1939 613 2008 egerit
641 1937 724 1991 vel
757 1951 861 1989 non
883 1935 1056 2004 egerit
1089 1931 1359 2002 inspiciat,
1396 1931 1622 1986 desistet
1669 1932 1910 1985 lacerare

333 2028 498 2084 vitam
534 2036 804 2098 pastorum
835 2025 1104 2080 Ecclesiae.
1320 2038 1322 2040 ·

838 2115 1119 2171 ι-ιοδιιιιιΑ
1155 2112 1272 2168 xv1
1304 2115 1380 2185 (1)

330 2207 887 2268 LN.tLLuo..:.Decebat
929 2208 1065 2262 enim
1114 2221 1230 2261 cum
1279 2213 1503 2275 propter
1520 2221 1669 2275 quem
1701 2206 1904 2271 omnia,

550 2313 596 2354 et
623 2318 713 2368 per
738 2317 889 2370 quem
917 2299 1112 2364 omnia,
1139 2307 1245 2353 etc.
1280 2296 1464 2374 (Hebr.
1495 2313 1555 2363 11,
1590 2298 1698 2368 lO.)
1749 2294 1760 2311 '

407 2395 549 2447 Deus
582 2393 925 2461 omnipotens
947 2391 992 2444 si
1025 2389 1225 2442 nullam
1255 2389 1469 2459 penitus
1504 2399 1806 2443 creaturam
1836 2387 1911 2443 fe-

331 2483 519 2546 cisset,
546 2484 598 2536 in
640 2484 818 2551 seipso
868 2480 1024 2550 plene
1076 2481 1265 2534 beatos
1311 2493 1431 2534 esse
1473 2480 1684 2548 potuit;
1714 2480 1911 2549 quippe

333 2572 480 2627 nullo
512 2573 779 2641 indigens,
803 2571 896 2623 sed
934 2569 1148 2622 sibimet
1190 2573 1574 2638 usquequaque
1615 2568 1908 2624 sufficiens.

333 2661 534 2716 Valens
566 2670 745 2714 autem
769 2673 832 2712 ex
863 2671 1070 2711 summa
1110 2656 1351 2711 bonitate
1399 2668 1701 2712 creaturam
1742 2657 1911 2711 beati-

333 2751 506 2813 ficari,
538 2749 680 2816 quod
716 2761 782 2800 ex
811 2745 978 2813 ipsius
1023 2753 1230 2798 tantum
1286 2746 1593 2812 cognitione
1638 2754 1692 2798 ct
1727 2760 1910 2798 amore

332 2839 572 2893 futurum
611 2846 751 2899 erat,
794 2834 1063 2903 angelicas
1113 2843 1394 2887 creaturas
1448 2832 1599 2897 fecit,
1633 2849 1663 2885 a
1715 2830 1910 2901 quibus

331 2927 670 2988 laudaretur;
701 2938 802 2976 non
835 2930 894 2975 ut
916 2922 966 2974 ei
995 2921 1060 2975 de
1093 2921 1250 2975 laude
1277 2936 1463 2976 eorum
1490 2920 1689 2989 aliquid
1719 2937 1906 2978 accre-

331 3022 528 3074 sceret,
563 3016 655 3066 sed
695 3011 844 3081 ipsis.
875 3009 1044 3064 Porro
1067 3009 1256 3064 eadem
1281 3011 1542 3075 bonitate,
1566 3020 1624 3063 ut
1662 3012 1776 3064 laus
1807 3012 1905 3064 im-

331 3104 570 3174 perfecta
603 3119 728 3157 non.
755 3109 918 3166 esset,
955 3099 1271 3169 corpoream
1313 3111 1614 3155 creaturam
1647 3102 1902 3166 condidit,
1933 3087 1978 3150 C

330 3205 385 3250 et
407 3197 718 3251 beatificare
745 3194 932 3249 voluit.
969 3193 1084 3247 Hac
1109 3195 1172 3248 de
1214 3209 1377 3248 causa
1403 3195 1647 3264 spiritum
1677 3197 1908 3249 rationa-

310 3283 436 3343 °le1n
486 3291 698 3359 corpori
733 3289 954 3351 indidit;
985 3288 1221 3358 qualiter
1251 3279 1388 3343 bene
1433 3290 1663 3359 regendo
1712 3290 1902 3359 ipsum,
1947 3311 1970 3334 ι·

333 3381 493 3436 simul
519 3397 640 3435 cum
679 3395 902 3451 corpore
934 3380 986 3433 in
1020 3381 1129 3434 Dco
1156 3380 1558 3434 beatiﬁcaretur
1586 3397 1600 3446 ;
1625 3390 1678 3434 et
1700 3381 1768 3434 ita
1795 3380 1907 3434 laus

333 3469 426 3524 Dei
465 3471 532 3523 ab
571 3472 715 3524 omni
759 3479 1004 3524 creatura
1050 3470 1203 3539 plena
1255 3481 1416 3526 esset.
1474 3471 1598 3526 Inde
1635 3480 1717 3526 est
1764 3472 1907 3541 quod

331 3559 513 3617 omnia
574 3563 793 3618 laudare
851 3564 1018 3618 Deum
1082 3564 1384 3630 dicuntur;
1438 3564 1562 3617 dum
1616 3563 1906 3616 rationales

332 3663 617 3723 creaturte,
645 3653 816 3724 angeli
850 3653 1076 3717 scilicet,
1101 3662 1153 3705 et
1189 3654 1434 3707 homines
1468 3652 1657 3703 miram
1688 3650 1777 3702 Dei
1810 3666 1904 3717 po—

332 3746 555 3826 tentiam
603 3755 659 3801 et
709 3748 998 3801 bonitatem
1035 3758 1138 3800 tam
1186 3745 1237 3798 in
1269 3759 1327 3796 se
1376 3756 1535 3810 quam
1589 3741 1641 3792 in
1693 3740 1902 3793 exteris

333 3840 598 3895 creaturis
640 3841 906 3895 mirantur
928 3849 983 3892 et
1031 3838 1271 3891 laudant.
1315 3832 1406 3886 Sic
1443 3845 1571 3898 ergo
1617 3829 1901 3908 Apostplus

331 3925 407 3979 ait
439 3944 454 3980 :
485 3924 707 3995 Propter
734 3942 849 3978 eum
889 3926 1086 3987 omnia,
1130 3921 1337 3975 scilicet
1365 3916 1684 3986 laudandum
1712 3927 1764 3969 et
1791 3915 1899 3984 glo-

335 4014 703 4074 riﬁcandum;
762 4022 808 4063 et
869 4026 961 4079 per
1023 4025 1138 4062 eum
1192 4008 1413 4070 omnia,
1487 4003 1619 4057 nihil
1695 4003 1898 4062 scilicet

331 4102 600 4171 superflue
666 4110 768 4154 est.
842 4099 992 4165 Quod
1058 4098 1100 4150 si
1146 4111 1330 4149 verum
1379 4103 1511 4157 est,
1591 4093 1700 4146 imo
1772 4093 1897 4162 quia

330 4207 512 4247 verum
544 4201 654 4254 est;
702 4191 970 4245 hominem
1004 4189 1071 4242 ad
1111 4187 1335 4256 gloriam
1377 4171 1499 4240 (Ιὴὶ
1545 4200 1763 4240 necesse
1794 4195 1895 4239 est.

329 4284 458 4352 Qua:
487 4294 659 4338 tamen
692 4282 986 4337 necessitas
1013 4296 1117 4334 non
1149 4279 1363 4333 aliunde
1386 4295 1545 4348 quam
1577 4293 1644 4333 ex
1700 4294 1893 4350 magna

328 4375 445 4437 Dei.
476 4389 633 4444 quam
664 4373 1029 4444 praediximus,
1060 4372 1299 4428 bonitate
1343 4372 1635 4427 descendit.
1673 4370 1841 4424 Homo
1865 4387 1893 4424 a

328 4474 551 4536 peccato
578 4479 675 4519 suo
706 4463 947 4532 perditus
978 4473 1102 4528 est;
1135 4477 1264 4533 ergo
1293 4462 1358 4516 ad
1400 4461 1621 4532 gloriam
1659 4477 1764 4515 non
1797 4463 1892 4516 du-

328 4556 496 4624 citur;
522 4572 650 4626 ergo
673 4558 784 4626 ipse
807 4571 910 4610 non
938 4555 1136 4611 laudat.
1159 4555 1564 4625 Consequenter
1585 4554 1747 4624 igitur
1774 4570 1893 4609 cor-

326 4662 487 4716 porca
523 4659 767 4706 creatura
795 4665 903 4728 non
938 4649 1121 4705 laudat
1154 4666 1165 4701 :
1195 4647 1368 4703 otiose
1403 4647 1564 4717 igitur
1616 4649 1755 4700 facta
1789 4655 1888 4702 est.

329 4740 479 4807 Quod
506 4743 549 4797 si
581 4743 655 4797 ita
687 4754 768 4799 est
797 4760 813 4810 ;
845 4758 974 4815 ergo
1003 4758 1102 4797 nec
1138 4741 1235 4811 ipsi
1264 4739 1437 4810 angeli
1463 4739 1617 4808 plene
1650 4738 1892 4804 laudant,

331 4845 449 4886 cum
477 4850 732 4891 numerus
762 4853 948 4893 eorum
981 4837 1052 4892 sit
1097 4834 1412 4911 diminutus.
1462 4831 1530 4887 Ut
1555 4841 1732 4885 autem
1779 4831 1894 4886 haec

330 4924 507 4977 omnia
557 4926 987 4983 inconvenientia
1026 4929 1094 4982 ab
1142 4928 1255 4996 ipso
1278 4941 1384 4995 quo
1405 4924 1700 4994 procedunt
1751 4922 1895 4978 fonte

328 5012 752 5081 supprimamux,
803 5017 1069 5072 hominem
1110 5015 1377 5085 perditqu
1408 5015 1470 5066 ad
1503 5013 1725 5080 gloriam
1773 5011 1891 5066 duci

330 5101 733 5157 constituamus.
763 5105 928 5174 Cujus
975 5106 1220 5175 gloriosa
1258 5104 1572 5157 salvationis
1623 5101 1889 5170 ordinem,

331 5192 445 5262 ipso
474 5205 693 5251 auctore
720 5200 1028 5269 adjuvaute,
1054 5202 1352 5254 videamus.

399 5282 536 5361 Deus
563 5285 830 5341 hominem
860 5291 1030 5358 ipsum
1063 5293 1140 5346 sic
1175 5292 1226 5343 in
1270 5287 1445 5342 medio
1470 5286 1726 5344 condidit.
1762 5295 1815 5338 ut
1843 5286 1886 5340 si

330 5371 578 5432 obediens
622 5376 669 5429 ei
702 5379 981 5446 existeret,
1028 5391 1244 5451 peracta
1276 5377 1599 5441 obedientia,
1641 5377 1759 5440 sine
1811 5377 1888 5431 in-

334 5467 582 5536 terposita
623 5476 793 5522 morte
838 5470 903 5522 de
953 5473 1166 5526 mortali
1218 5469 1533 5526 immortalis
1584 5468 1764 5535 fieret;
1805 5471 1886 5524 sin

421 5555 473 5625 1)
510 5554 583 5611 Ex
617 5573 714 5611 ms.
742 5556 951 5611 Corbei.
979 5573 1020 5612 s.
1055 5560 1175 5615 596.

2008 1844 2150 1912 juste
2177 1844 2454 1899 obtinendi
2482 1844 2755 1898 hominem
2790 1843 2870 1897 sic
2920 1844 3191 1898 subditum
3223 1845 3480 1900 auferret.
3530 1848 3586 1902 Si

2012 1927 2173 1989 homo
2226 1934 2454 2004 simplex
2481 1942 2652 1997 esset;
2696 1933 2965 2001 quomodo
2993 1934 3046 1986 in
3083 1947 3276 1988 natura
3331 1947 3585 2005 corrupta

2013 2027 2306 2085 resisteret,
2346 2027 2437 2094 qui
2488 2025 2540 2078 in
2587 2025 2795 2078 meliori
2838 2033 2983 2080 statu
3030 2017 3234 2096 positus
3269 2035 3377 2082 tam
3429 2028 3587 2084 facile

2012 2117 2314 2170 succubuit.
2350 2116 2448 2169 Hic
2487 2117 2780 2170 notandum
2822 2123 2905 2171 est
2947 2117 3088 2185 quod
3134 2118 3303 2188 gratia
3346 2120 3435 2174 Dei
3476 2121 3585 2175 vim

2012 2219 2116 2258 uou
2158 2187 2318 2272 infert
2346 2205 2515 2259 libero
2561 2204 2805 2258 arbitrio.
2841 2205 3073 2271 Rursus,
3114 2187 3158 2261 si
3187 2208 3325 2262 hanc
3352 2223 3584 2279 pugnam

2013 2297 2229 2366 angelus
2256 2305 2575 2361 assumeret,
2612 2311 2780 2364 quare
2811 2307 3096 2365 propterea
3122 2290 3368 2353 diabolus
3391 2302 3583 2355 victus

2011 2387 2173 2441 etiam
2205 2387 2474 2440 hominem
2504 2385 2797 2449 amitteret,
2825 2386 2966 2437 ratio
3015 2399 3119 2437 non
3151 2396 3314 2440 esset.
3348 2387 3452 2442 Sed
3483 2405 3585 2444 nec

2013 2477 2232 2548 angelus
2270 2478 2322 2531 iu
2355 2478 2568 2531 homine
2592 2477 2706 2529 luec
2736 2483 2976 2544 poterat;
3007 2474 3137 2554 quia
3176 2475 3218 2540 si
3252 2475 3305 2529 in
3336 2491 3432 2530 sua
3456 2479 3585 2534 sim-

2012 2570 2134 2640 plici
2165 2580 2216 2625 et
2240 2569 2363 2622 forti
2389 2579 2574 2622 natura
2601 2566 2849 2622 inﬁrmus
2872 2567 3121 2620 inventus
3142 2576 3244 2634 est,
3272 2569 3441 2623 multo
3473 2585 3586 2622 ma—

2011 2659 2093 2728 gis
2125 2640 2318 2712 iutinize
2344 2660 2467 2713 huic
2495 2667 2721 2722 naturae,
2750 2658 2999 2710 humanae
3027 2655 3298 2722 videlicet,
3319 2656 3586 2713 admistus

2012 2750 2202 2805 debilis
2229 2752 2580 2805 inveniretur.
2616 2750 2840 2818 Oportet
2866 2765 2995 2819 ergo
3029 2761 3089 2803 ut
3119 2759 3308 2804 auctor
3331 2751 3420 2806 ille
3444 2751 3586 2807 salu-

2012 2842 2079 2893 tis
2122 2839 2261 2896 Dcus
2286 2843 2339 2894 in
2381 2843 2595 2895 homine
2619 2844 2720 2906 sit,
2748 2842 2835 2910 qui
2867 2858 2933 2896 ex
2977 2843 3077 2897 hoc
3120 2843 3259 2910 quod
3299 2843 3440 2899 Deus
3482 2853 3581 2907 est,

2010 2929 2211 2996 possit;
2239 2944 2304 2980 ex
2337 2930 2436 2981 hoc
2473 2932 2613 2997 quod
2645 2933 2822 2995 homo,
2843 2932 3054 3016 debeat.
3084 2932 3334 3000 Congruo
3360 2933 3584 2988 multum

2010 3019 2214 3082 ordine,
2256 3028 2314 3071 ut
2345 3018 2481 3072 sicut
2509 3020 2750 3072 diabolus
2785 3019 2926 3078 mala
2959 3021 3144 3075 fraude
3168 3022 3400 3090 primum
3439 3025 3586 3076 inva-

2010 3112 2146 3164 vasit
2181 3124 2289 3163 rem
2332 3109 2588 3174 alienam;
2616 3110 2706 3184 ita,
2728 3111 2868 3164 Deus
2902 3111 3062 3167 bona.
3094 3121 3153 3165 ut
3195 3114 3267 3165 ita
3318 3115 3577 3176 dicamus,

2010 3203 2194 3257 fraude
2227 3215 2334 3254 rem
2365 3216 2511 3255 suam
2541 3200 2739 3255 faceret
2769 3216 2863 3269 per
2888 3202 3114 3270 gratiam
3141 3218 3155 3255 :
3179 3214 3232 3255 et
3261 3204 3398 3256 sicut
3420 3205 3584 3257 homo

2011 3293 2098 3347 ille
2119 3293 2331 3362 propria
2362 3293 2604 3346 libertate
2629 3293 2946 3357 succubuit;
2975 3292 3046 3346 ita
3082 3294 3240 3347 homo
3269 3294 3367 3349 iste
3393 3309 3460 3348 ex
3490 3310 3581 3347 ar-

2008 3384 2150 3438 bitrii
2178 3384 2420 3438 libertate
2445 3383 2651 3437 diabolo
2680 3384 2971 3437 resisteret.
3005 3382 3174 3448 Quem
3204 3393 3256 3436 et
3278 3383 3387 3453 pati
3421 3397 3581 3451 opor-

2011 3477 2132 3541 tuit,
2171 3487 2227 3530 ut
2254 3476 2496 3531 diabolus
2528 3476 2579 3528 in
2610 3489 2674 3528 eo
2698 3479 2970 3544 peccaret,
3009 3473 3060 3528 in
3097 3488 3201 3541 quo
3225 3472 3439 3542 culpam
3477 3488 3582 3528 non

2011 3570 2207 3638 reperit
2251 3568 2394 3621 illum
2427 3567 2695 3637 puniendo
2724 3583 2737 3618 :
2769 3565 2910 3620 hunc
2954 3565 3148 3636 quippe
3171 3566 3312 3618 sicut
3336 3574 3390 3619 et
3420 3575 3581 3619 caete-

2008 3661 2269 3716 ros.01uni
2317 3673 2509 3727 genere
2553 3659 2862 3712 tentatiouis
2907 3673 3191 3726 aggressus
3220 3666 3320 3720 est,
3373 3657 3584 3712 bl.:ﬂtli5

2004 3749 2254 3816 primum,
2284 3755 2340 3798 ot
2371 3747 2567 3807 draco;
2597 3745 2791 3797 deinde
2820 3745 3043 3812 asperis,
3080 3753 3137 3796 ut
3165 3745 3247 3796 leo
3272 3761 3287 3808 ;
3323 3745 3389 3797 ad
3424 3745 3583 3814 190

2005 3837 2271 3898 ultimum,
2320 3833 2534 3886 occidit.
2572 3832 2638 3885 Et
2679 3834 2757 3886 sic
2799 3832 3097 3903 iustissime
3134 3847 3295 3886 omne
3337 3847 3491 3885 suum
3526 3835 3577 3887 in

2003 3925 2248 3979 homines
2280 3921 2572 3975 dominium
2625 3920 2877 3991 perdidit,
2919 3919 3043 3973 dum
3093 3934 3152 3972 se
3184 3918 3320 3972 ultra
3371 3919 3577 3974 licitum

2001 4015 2263 4071 extendit.
2299 4012 2451 4068 Unde
2476 4012 2650 4066 adhuc
2687 4014 2772 4066 lex
2818 4010 3118 4066 communis
3142 4010 3302 4066 habet
3330 4020 3390 4065 ut
3429 4012 3579 4066 debi-

2002 4119 2113 4162 tum
2157 4107 2377 4177 perdat,
2429 4104 2518 4175 qui
2566 4104 2846 4178 plusquam
2896 4104 3133 4160 debitum
3187 4105 3374 4177 exigit.
3426 4104 3580 4161 Sicut

1998 4213 2125 4269 ergo
2153 4198 2204 4251 in
2239 4198 2432 4267 ipsum,
2458 4197 2549 4266 qui
2589 4196 2635 4251 ei
2669 4211 2776 4250 non
2812 4196 3105 4262 consensit,
3136 4194 3226 4264 jus
3251 4197 3470 4262 amisit;
3503 4198 3584 4254 ita

2000 4292 2052 4346 in
2076 4304 2264 4346 omnes
2295 4290 2430 4344 filios
2452 4290 2586 4360 ejus,
2612 4290 2702 4360 qui
2729 4290 2845 4360 ejus
2871 4291 3234 4346 innocentiam
3275 4291 3576 4346 imitantur.

1999 4383 2152 4438 Nunc
2175 4395 2299 4436 vero
2331 4381 2432 4436 iste
2459 4382 2511 4435 iu
2553 4392 2726 4437 morte
2769 4397 3048 4439 remanere
3078 4399 3184 4438 non
3208 4383 3420 4446 debuit;
3448 4381 3576 4451 quia

2007 4474 2110 4530 hoc
2140 4472 2296 4526 modo
2314 4487 2412 4526 nec
2441 4471 2539 4526 sibi
2569 4487 2670 4526 nec
2698 4472 2851 4527 alteri
2876 4472 3212 4544 profecisset.
3243 4473 3347 4529 Per
3369 4472 3575 4542 passio-

1998 4578 2122 4620 nem
2161 4577 2288 4632 ergo
2325 4563 2724 4618 consumendus
2768 4569 2907 4628 erat,
2941 4572 3000 4618 ut
3043 4565 3114 4619 ita
3148 4578 3274 4619 suos
3317 4575 3573 4630 sequaces

1999 4665 2434 4712 consummaret:
2468 4664 2522 4711 et
2548 4655 2650 4710 hoc
2674 4667 2758 4711 est
2793 4655 2936 4725 quod
2967 4655 3248 4725 Apostolus
3267 4654 3342 4706 ait
3368 4669 3382 4704 :
3407 4651 3570 4704 Dere-

2001 4752 2086 4804 bat
2141 4752 2275 4803 enim
2311 4765 2428 4803 eum
2476 4760 2685 4820 propfer
2735 4765 2884 4817 quem
2940 4748 3134 4807 omnia,
3183 4754 3230 4798 et
3274 4759 3365 4813 per
3416 4758 3568 4811 quem

2001 4841 2200 4911 omnia.
2246 4840 2495 4910 Singulos
2573 4855 2761 4910 passus
2833 4846 2982 4890 nota.
3063 4834 3286 4887 Decebat
3369 4833 3566 4887 multos

1997 4933 2134 4987 ﬁlios
2162 4932 2213 4985 in
2245 4931 2467 5002 gloriam
2490 4927 2756 4985 adducere
2778 4942 2914 4992 eum,
2946 4924 3152 4980 scilicet
3173 4925 3421 4991 Patrem;
3448 4943 3568 4982 oro-

1994 5037 2107 5097 pter
2132 5041 2303 5097 quem,
2341 5023 2547 5081 scilicet
2591 5019 2909 5076 laudandum
2949 5026 3005 5072 et
3031 5017 3457 5089 gloriﬁcaudum,
3483 5021 3568 5088 [ιι-

1995 5127 2076 5171 cta
2104 5127 2222 5170 sunt
2239 5115 2436 5178 omnia,
2458 5125 2505 5168 et
2528 5128 2619 5182 per
2638 5127 2784 5180 quem
2817 5108 2956 5176 facta
2979 5119 3098 5164 sunt
3124 5111 3318 5164 omnia.
3354 5110 3418 5163 Et
3442 5111 3562 5173 hoc,

1995 5208 2173 5262 dando
2207 5217 2481 5261 auctorem
2521 5202 2740 5267 salutis,
2767 5200 2976 5257 scilicet
2998 5201 3303 5266 Christum;
3339 5210 3391 5254 et
3424 5200 3566 5253 hunc

1994 5297 2171 5350 dando
2209 5295 2475 5364 passioni;
2502 5302 2554 5346 et
2593 5275 2671 5346 iiic
2717 5295 3163 5348 consummando.
3201 5292 3368 5358 Quem
3419 5289 3565 5343 ordi-

1988 5403 2110 5444 nem
2135 5385 2180 5441 si
2203 5385 2486 5454 diligenter
2511 5381 2767 5448 attcndis,
2790 5382 3000 5438 videbis
3023 5384 3288 5438 hominem
3316 5378 3563 5435 debuisse

1991 5479 2189 5536 salvari
2219 5476 2433 5534 etiamsi
2463 5476 2640 5532 nullus
2667 5477 2890 5548 angelus
2913 5477 3216 5534 cecidisset.
