4190 6188
648 436 754 499 675

1007 440 1065 496 S.
1106 434 1396 495 ANSELMI
1435 432 1781 490 CANTUAR.
1820 428 2132 486 ARClliEP.
2174 427 2322 486 OPP.
2363 423 2537 480 PARS
2575 422 2636 476 Il.
2665 452 2734 461 —
2761 418 3120 476 PMUENET.
3163 418 3247 472 ET
3275 414 3515 471 ASCET.

3748 405 3858 477 οτι

657 574 3851 626 “Nm—MM

1479 669 2175 851 sanior!
2262 732 3086 846 ANSELMI

2089 964 2215 1052 SE
2234 959 2479 1054 RMO

1371 1186 1615 1308 DE-
1695 1176 2435 1307 PASSIONE
2590 1175 3150 1301 DOMINI
3235 1192 3239 1194 ⁷

1727 1417 1832 1484 (Ea:
1860 1432 1953 1466 ms.
1985 1429 2038 1464 ιι.
2064 1410 2197 1463 1697
2227 1409 2559 1463 Bibliotheca:
2593 1405 2813 1478 Regim.)

2025 1570 2378 1589 —_~

724 1664 946 1721 Domine
972 1661 1097 1717 Iesu
1127 1660 1355 1720 Christe,
1386 1666 1569 1725 pastor
1600 1658 1757 1719 bone,
1793 1657 1881 1723 qui
1919 1630 2015 1724 pro
2046 1671 2203 1731 grege
2231 1660 2277 1715 Α
2307 1651 2448 1705 ferre
2486 1650 2576 1717 jus
2603 1659 2771 1722 tuum,
2802 1663 2906 1703 non
2935 1650 3099 1705 debeo
3138 1626 3268 1705 dare
3295 1650 3469 1707 alieno
3504 1651 3720 1708 domino
3752 1660 3875 1712 δεικ-

656 1761 747 1807 tuo
774 1746 913 1806 mori
934 1751 1182 1820 dignatus
1220 1763 1296 1808 es,
1328 1760 1555 1813 agnosce
1584 1758 1670 1798 me
1699 1744 1837 1798 inter
1864 1760 1989 1798 oves
2012 1752 2127 1798 tuas
2155 1755 2207 1800 et

656 1838 809 1899 trabe
838 1842 902 1896 ad
946 1855 1140 1909 pascua
1174 1847 1281 1901 tua,
1314 1845 1367 1892 et
1408 1850 1632 1905 agnosce
1661 1834 1920 1889 oviculam
1958 1845 2099 1889 tuam
2154 1846 2209 1891 ut

654 1945 864 1985 merear
896 1944 1016 1983 esse
1042 1930 1106 1981 ad
1135 1927 1408 1982 dexteram
1445 1936 1606 1980 tuam.
1642 1924 1748 1980 Fac
1784 1942 1866 1979 me
1900 1928 2210 1997 participem

650 2018 831 2089 gloria:
878 2027 982 2071 ture
1028 2017 1116 2085 qui
1159 2030 1403 2069 amarum
1449 2015 1668 2069 calicem
1719 2015 1894 2069 bibisti
1948 2032 2042 2081 pro
2092 2032 2207 2082 me;

651 2123 807 2178 paena
859 2116 946 2161 tua
994 2114 1207 2174 torquet
1254 2105 1637 2159 conscientiam
1702 2120 1896 2178 meam,
1954 2114 2215 2159 tormenta

649 2201 890 2252 cruciant
920 2196 1229 2249 memoriam
1259 2209 1430 2248 meam
1459 2212 1472 2247 :
1516 2209 1614 2263 ego
1636 2196 1775 2247 enim
1804 2195 1950 2247 timui
1975 2196 2018 2225 ⁸9
2048 2198 2218 2264 potio-

649 2298 772 2338 nem
804 2266 963 2352 quam
996 2282 1214 2345 bibi'sti;
1253 2274 1350 2350 ego
1388 2282 1601 2349 peccavi
1633 2284 1770 2349 quod
1799 2292 1850 2333 tu
1886 2282 2006 2332 tulis
2038 2285 2084 2343 3;
2117 2298 2215 2350 ego

654 2384 846 2424 servus
914 2379 1196 2423 contumax
1251 2369 1491 2422 commisi
1548 2369 1685 2435 quod
1748 2378 1797 2419 tu
1851 2364 2211 2434 devapulaﬁsti;

652 2472 754 2527 ego
785 2452 829 2488 “
879 2457 1023 2525 quod
1058 2466 1110 2509 tu
1160 2455 1469 2519 exsolvisti;
1521 2456 1678 2508 cauSa
1731 2466 1831 2508 tuae
1881 2456 2065 2511 mortis
2112 2455 2214 2511 fuit

652 2545 905 2615 iniquitas
945 2550 1081 2608 mea,
1129 2544 1347 2597 vulnera
1399 2554 1483 2597 tua
1526 2544 1766 2598 fecerunt
1810 2547 2034 2600 crimina
2076 2563 2211 2601 mea.

649 2634 743 2692 Vae
790 2635 1021 2704 peccatis
1048 2634 1200 2697 meis,
1249 2649 1367 2700 qua:
1416 2644 1542 2697 tam,
1576 2648 1755 2687 amara
1809 2636 1979 2688 morte
2012 2636 2217 2704 expiari

646 2722 903 2795 Oportuit.
943 2720 1224 2791 Opeccata
1267 2737 1409 2785 nica,
1456 2729 1615 2790 quam
1645 2735 1821 2775 amara
1865 2722 2057 2787 fuistis,
2100 2741 2217 2795 qua:

649 2812 781 2868 milii
813 2812 1146 2866 dulcedinem
1178 2800 1498 2881 promisistis
1526 2816 1693 2868 et'me
1720 2815 2015 2870 tefellistis!
2045 2815 2087 2871 Ο
2111 2818 2221 2871 Eva“

650 2900 835 2958 Infelix
856 2888 1226 2971 quchomum
1256 2901 1584 2977 momordisti
1627 2912 1680 2957 et
1709 2915 1933 2959 mortem
1968 2907 2219 2962 omnibus

2311 1757 2432 1793 vum
2468 1750 2611 1794 tuum
2643 1757 2657 1793 :
2695 1739 2784 1807 jus
2830 1749 2977 1794 tuum
3019 1741 3194 1794 anima
3242 1756 3360 1795 mea
3400 1751 3502 1805 est,
3534 1759 3720 1799 servus
3750 1755 3875 1801 tuus

2310 1843 2504 1896 corpus
2552 1841 2727 1883 meum
2764 1836 2879 1893 est;
2921 1826 3011 1894 jus‘
3036 1836 3191 1903 tuum
3215 1814 3384 1884 fecisti
3416 1832 3644 1887 animam
3672 1848 3877 1898 meam,
3952 1832 3957 1839 ’

2312 1919 2524 1985 quando
2552 1932 2649 1987 pro
2670 1932 2731 1973 ea
2754 1918 2979 1988 posuisti
3011 1918 3249 1974 animam
3275 1927 3415 1975 tuam
3440 1937 3453 1984 ;
3486 1936 3697 1976 servum
3724 1932 3874 1977 tuum

2315 2008 2486 2063 fecisti
2536 2024 2730 2079 corpus
2784 2025 2960 2064 meum
2996 2049 3011 2075 ,
3074 2010 3288 2080 quando
3348 2026 3445 2081 pro
3498 2028 3562 2067 eo
3611 2014 3878 2069 tratlitbsti

2313 2105 2707 2164 corpuS'tuum
2746 2092 2807 2151 in
2864 2106 3109 2152 mortem.
3169 2098 3359 2153 Totum
3411 2110 3462 2155 te
3527 2102 3718 2156 dedisti
3779 2118 3879 2172 pro

2317 2203 2399 2242 me
2437 2196 2490 2242 et
2517 2189 2750 2259 operasti
2784 2197 2949 2243 totum
3004 2191 3057 2243 in
3108 2204 3229 2257 me;
3281 2191 3457 2245 emisti
3491 2193 3580 2246 tibi
3628 2194 3880 2262 SpititUnl

2317 2293 2521 2345 meum,
2563 2278 2739 2333 emisti
2767 2276 2859 2333 tibi
2887 2292 3082 2347 corpus
3118 2293 3320 2343 mcum,
3352 2286 3636 2348 utrumque
3660 2295 3883 2335 servum

2317 2376 2485 2419 tuum.
2518 2369 2661 2421 Tuus
2685 2384 2812 2439 ergo
2860 2385 2976 2422 sum
3002 2369 3191 2436 spiritu
3228 2378 3281 2422 et
3308 2384 3563 2439 corpore;
3592 2380 3885 2441 utrumque

2314 2456 2479 2513 debeo
2497 2456 2600 2509 tibi
2634 2457 2961 2526 impendere.
2993 2458 3215 2528 Diligam
3246 2468 3297 2514 te
3323 2475 3450 2529 ergo
3483 2474 3550 2513 ex
3579 2471 3689 2515 toto
3715 2456 3883 2516 corde

2314 2559 2456 2609 meo,
2499 2546 2727 2599 serviam
2753 2538 2846 2599 tibi
2877 2554 2943 2600 ex
2972 2556 3081 2601 toto
3110 2562 3351 2616 corpore.
3380 2549 3749 2618 Caligaverunt
3780 2562 3885 2620 pro

2281 2648 2284 2650 ‘
2318 2646 2400 2686 me
2425 2634 2476 2686 in
2498 2644 2667 2688 morte
2681 2633 2819 2688 oculi
2839 2634 2936 2688 tui.
2965 2636 3323 2691 advertantne
3346 2637 3557 2691 videant
3587 2638 3885 2693 vanitatem

2319 2721 2434 2791 vagi
2481 2722 2618 2776 oculi
2646 2721 2790 2789 mei;
2833 2724 3090 2778 conviciis
3128 2734 3182 2778 et
3222 2725 3564 2793 blasplieniiis
3590 2733 3888 2795 patuerunt

2319 2827 2476 2867 aures
2523 2822 2644 2878 tute,
2696 2815 2952 2884 patebunt
2981 2817 3046 2869 ad
3095 2816 3377 2872 clamorem
3428 2821 3694 2888 pauperis
3722 2834 3886 2876 aures

2320 2902 2494 2955 surdze
2544 2918 2702 2957 aures
2751 2918 2917 2969 meat;
2977 2904 3096 2958 felle
3124 2914 3179 2958 et
3233 2917 3384 2959 aceto
3423 2916 3658 2974 putatum
3708 2916 3792 2960 cst
3819 2922 3886 2963 os

653 2989 901 3054 intulisti,
943 2990 1051 3043 imo
1084 2999 1139 3043 et
1169 2986 1333 3043 Deum
1361 2999 1415 3044 et
1455 2991 1722 3045 hominem
1758 2995 2031 3048 nobiscum
2074 2982 2216 3051 occi—
2249 2983 2289 3041 Β
2321 3001 2345 3045 ιι

2321 3001 2487 3058 tuum,
2537 2986 2833 3050 veritatem
2871 3005 2927 3051 et
2970 2998 3227 3067 judicium
3279 2999 3525 3067 loquatur
3557 3000 3781 3055 mendax
3820 3015 3884 3057 os

656 3081 773 3135 tlisti
802 3082 815 3133 ι
858 3080 900 3135 Ο
933 3069 1112 3135 infelix
1135 3081 1292 3134 homo
1321 3080 1408 3148 qui
1450 3080 1597 3134 brevi
1628 3084 1895 3150 voluptate
1922 3069 1970 3139 te
2007 3087 2215 3141 diabolo

659 3171 943 3233 tradidisti,
988 3180 1038 3224 et
1068 3180 1118 3225 te
1162 3180 1214 3225 et
1239 3179 1357 3225 tuos
1398 3170 1703 3239 perdidisti!
1740 3172 1848 3226 Deo
1878 3175 2089 3242 quidem
2123 3193 2217 3229 no-

653 3262 793 3316 lente
810 3270 859 3315 et
878 3261 1210 3331 prohibente,
1231 3271 1452 3314 mortem
1469 3262 1848 3325 comminante,
1862 3263 2070 3316 diabolo
2094 3278 2251 3317 con--

654 3341 901 3415 sensisti;
949 3352 1053 3405 Deo
1082 3340 1414 3418 disponente,
1447 3352 1642 3404 bonum
1682 3338 1947 3415 invenisti,
1992 3357 2215 3420 gratiam

660 3440 931 3507 accepisti.
972 3438 1015 3494 Ο
1044 3438 1326 3492 ineli'abilis
1367 3441 1768 3495 misericordia!
1808 3442 1891 3493 ubi
1938 3443 2215 3496 abundavit

669 3515 935 3592 delicium,
974 3527 1404 3596 superabundavit
1445 3540 1490 3581 et
1516 3532 1684 3598 gratia
1716 3530 1764 3600 (I
1792 3530 1927 3589 Tim,
1960 3549 1998 3595 ι,
2024 3532 2133 3603 Η),
2163 3545 2221 3586 ιιι

608 3672 611 3673 ν
660 3635 781 3676 cum
806 3619 1115 3675 satisfacere
1155 3636 1252 3691 pro
1276 3616 1427 3689 Culpa
1460 3622 1635 3674 nullus
1669 3621 1886 3676 deberet
1915 3622 2012 3674 nisi
2040 3624 2216 3686 homo,

664 3708 839 3765 nullus
868 3708 1150 3767 absolvere
1170 3720 1379 3779 poterat
1400 3698 1496 3764 nisi
1530 3711 1938 3765 Deungiserat
1969 3720 2023 3763 ut
2062 3713 2218 3765 homo

664 3801 837 3867 ﬂeret,
866 3802 951 3871 qui
981 3815 1098 3856 eum
1130 3798 1224 3869 pro
1252 3815 1309 3854 se
1335 3801 1406 3852 nil
1438 3802 1671 3865 deberet,
1702 3802 1979 3854 moriendo
2002 3814 2096 3867 pro
2121 3809 2219 3855 no-

661 3872 1021 3943 bisilelictum
1050 3898 1287 3942 nostrum
1310 3888 1556 3941 solveret.
1588 3890 1867 3956 Propterea
1896 3888 2031 3942 Deus
2055 3904 2219 3944 carne

663 3975 931 4041 induitur;
963 3978 1053 4047 qui
1106 3985 1189 4031 est
1215 3975 1532 4045 coacipitnr,
1558 3975 1794 4029 Verbum
1826 3978 2217 4046 incorporatur,

661 4052 922 4119 Eterntts
960 4065 1219 4127 nascitur,
1249 4066 1403 4133 panis
1429 4065 1732 4141 involvitur,
1766 4067 1815 4117 iu
1844 4069 2099 4138 priesepio
2128 4083 2223 4134 po-

606 4192 613 4203 .
665 4155 833 4219 uitur,
878 4155 1301 4231 circumciditur,
1361 4156 1679 4221 baptizatur,
1724 4158 1912 4217 esut‘it,
1946 4166 2214 4223 tentatur;

666 4236 825 4310 Deus,
874 4252 931 4297 ut
957 4244 1133 4309 homo,
1164 4245 1429 4306 venditur,
1462 4246 1690 4312 capitur,
1738 4255 1962 4311 tenetur,
2004 4249 2219 4316 ligatur,

2318 3099 2522 3150 meum;
2563 3095 2799 3140 ρκιριιεεῐξ
2844 3092 3047 3142 suntin
3094 3104 3254 3143 cruce
3302 3105 3490 3144 manus
3526 3099 3647 3153 ιιιξῐξ,
3692 3100 3887 3145 exten-

2316 3172 2509 3225 dentur
2539 3171 2679 3242 inopi
2710 3189 2900 3233 manus
2936 3185 3226 3230 contractae
3255 3190 3446 3230 manus
3486 3191 3636 3231 inme.
3668 3175 3883 3233 Conﬂxi

2316 3270 2439 3316 sunt
2466 3261 2633 3317 clavis
2662 3264 2821 3332 pedes
2871 3248 2966 3329 tui,
2998 3266 3292 3336 dirigentur
3340 3268 3392 3321 in
3439 3269 3655 3323 semitas
3686 3278 3871 3325 rectas

2318 3351 2479 3419 pedes
2505 3349 2712 3403 distorti
2750 3353 2909 3419 pedes
2949 3354 3074 3406 mei.
3117 3355 3368 3420 Apertum
3399 3362 3481 3408 est
3520 3354 3702 3410 lancea
3732 3355 3885 3419 Litus

2321 3449 2491 3505 tuum,
2527 3441 2763 3507 aperiam
2812 3456 2908 3511 per
2936 3440 3321 3495 confessionem
3360 3455 3455 3495 cor
3498 3456 3671 3495 meum
3701 3452 3762 3497 ut
3800 3442 3885 3499 fa-

2322 3537 2434 3583 tear
2474 3531 2666 3584 vulnus
2696 3526 2891 3584 meum.
2924 3529 3208 3600 Angustias
3232 3530 3434 3584 mortis
3461 3531 3679 3598 pertulit
3707 3541 3883 3587 totum

2320 3632 2513 3685 corpus
2544 3602 2709 3671 tuum.
2757 3629 2814 3671 ut
2844 3621 3139 3673 membrum
3184 3619 3337 3674 fieret
3380 3630 3524 3672 tuum
3559 3633 3755 3689 corpus
3784 3636 3884 3690 pti-

2324 3710 2516 3761 tridum
2555 3724 2748 3777 corpus
2773 3712 2975 3775 meum,
3017 3709 3072 3764 0‘
3107 3711 3243 3765 bone
3288 3710 3532 3776 Domine,
3561 3713 3686 3780 quid
3719 3713 3885 3767 retri-

2320 3796 2598 3877 buamtibi
2628 3802 2723 3864 pro
2758 3799 2917 3851 tantis
2948 3800 3235 3862 beneficiis,
3261 3814 3359 3869 ego
3395 3801 3496 3854 vile
3519 3801 3870 3869 mancipium,

2317 3898 2506 3937 servus
2544 3885 2783 3938 inutilis?
2819 3886 3071 3941 Gaudebo
3113 3903 3179 3941 an
3211 3888 3400 3945 dolebo
3434 3888 3499 3944 de
3538 3900 3707 3950 morte
3754 3890 3883 3943 tua?

2317 3988 2448 4037 sane
2496 3984 2776 4042 utrumque
2808 3974 3018 4039 faciam,
3045 3978 3286 4044 gaudebo
3314 3979 3573 4049 siquidem
3602 3980 3666 4032 de
3706 3981 3882 4047 gratia

2320 4064 2579 4117 tradentis
2608 4072 2661 4116 et
2690 4065 2755 4118 de
2779 4064 3039 4119 cliaritate
3069 4066 3345 4119 morientis
3377 4066 3521 4133 (ΙΙωο
3551 4080 3614 4119 ex
3637 4067 3778 4119 med.
3815 4068 3879 4130 ll,

2325 4151 2397 4204 De
2442 4154 2667 4206 humana
2721 4155 2987 4222 κάρηνα,
3026 4171 3079 4222 p.
3124 4154 3247 4217 9.9.9,
3280 4154 3341 4207 2°
3376 4156 3549 4224 edit.).
3585 4155 3687 4209 Sed
3730 4156 3883 4222 prius

2323 4242 2507 4301 dolebo
2525 4246 2589 4297 de
2609 4259 2767 4315 causa
2795 4246 3003 4307 mortis,
3036 4246 3086 4297 id
3112 4247 3282 4299 estale
3302 4247 3624 4300 conscientia
3649 4247 3880 4315 peccati,

666 4336 1016 4401 conviciator,
1048 4335 1344 4404 cpprobriis
1382 4344 1673 4399 saturatur,
1722 4348 1873 4391 aceto
1903 4348 1953 4397 et
1982 4338 2101 4394 fcllc
2130 4343 2233 4409 pii-7
2253 4345 2293 4400 (ζ
2326 4341 2379 4385 et
2398 4333 2690 4388 condolcbo
2718 4333 2983 4387 morienti.
3016 4334 3069 4387 Si
3088 4328 3187 4387 iion
3211 4336 3435 4403 gaudeo,
3458 4335 3696 4415 ingratus
3714 4350 3835 4390 sum
3860 4353 3877 4399 ;

667 4424 829 4488 tatur,
876 4426 1041 4494 spinis
1070 4434 1374 4489 coronatur,
1408 4427 1549 4479 inter
1595 4419 1825 4481 latrones
1861 4441 2218 4500 computatur,

670 4525 840 4569 morte
871 4516 1171 4581 turpissima
1203 4514 1603 4579 condemnatur,
1628 4518 1770 4570 cruci
1795 4516 2041 4586 anigitur.
2082 4520 2219 4575 Ecce

620 4622 621 4625 η
666 4604 932 4674 quomodo
958 4602 1167 4681 proprio
1190 4602 1438 4669 Filiognon
1462 4607 1697 4673 perpercit
1722 4606 1878 4673 Deus,
1898 4608 1987 4661 sed
2017 4625 2109 4675 pro
2126 4608 2220 4662 n'o-

620 4714 623 4717 ·
668 4693 750 4746 uis
782 4692 926 4745 illum
952 4690 1355 4757 tradidit(Rom.
1379 4708 1496 4753 vin,
1523 4693 1631 4761 52).
1658 4693 1701 4748 Ο
1723 4696 1891 4763 gratia
1917 4697 2213 4749 tradentis”!

666 4792 701 4835 o
723 4780 894 4849 pietas
912 4779 1123 4833 mortis!
1144 4794 1175 4831 o
1193 4782 1331 4833 bone"
1348 4780 1501 4834 Jesu!
1528 4798 1559 4834 o
1574 4785 1654 4851 pie
1674 4782 1823 4837 Jesu!
1846 4786 1967 4852 quid
1994 4788 2215 4840 tribuam

671 4866 926 4936 libi,quid
952 4868 1226 4921 sustinebo
1254 4883 1350 4936 pro
1380 4877 1429 4922 te
1457 4872 1545 4939 qui
1579 4880 1653 4923 tot
1679 4880 1730 4925 et
1757 4882 1896 4925 tanta
1923 4874 2241 4951 sustinuiSti.

666 4974 764 5027 pro
780 4960 1162 5015 mc:exliibitio
1188 4962 1363 5030 operis
1386 4962 1627 5029 probatio
1650 4964 2065 5019 e5tdilectionis.‘
2083 4968 2217 5032 Quid

671 5062 801 5114 ergo
845 5044 1032 5101 faciam
1063 5051 1150 5118 qui
1184 5062 1383 5104 tantum
1418 5042 1665 5117 indignus
1698 5055 1914 5122 accepi?
1950 5052 2073 5123 quid
2102 5056 2218 5109 red-

672 5134 838 5187 dam?
881 5136 1006 5201 quid
1039 5140 1360 5205 rependam?
1410 5139 1606 5207 Accipe
1637 5142 1774 5207 quod
1814 5154 1954 5194 tuum
1984 5154 2087 5207 est,
2137 5143 2220 5198 fac

671 5221 739 5275 de
781 5236 937 5277 servo
962 5232 1071 5277 ‘Iuo
1112 5228 1249 5294 quod
1282 5228 1371 5279 tibi
1404 5228 1605 5295 placet;
1666 5242 1767 5279 non
1794 5228 1957 5282 debeo
1996 5231 2086 5284 tibi
2126 5246 2219 5283 au-

2327 4424 2507 4477 sinon
2552 4424 2722 4487 doleo,
2756 4423 2984 4477 crudelis
3030 4438 3149 4477 sum
3198 4440 3213 4476 :
3266 4424 3357 4477 sed
3386 4424 3509 4491 quia
3554 4433 3760 4490 tempus
3796 4434 3883 4479 est

2324 4509 2480 4565 ﬂendi
2530 4522 2816 4580 antequam
2878 4512 3103 4573 ridendi,
3154 4512 3365 4565 ambulo
3425 4512 3591 4564 tristis
3645 4512 3881 4569 demisso

2326 4601 2517 4669 capite,
2552 4609 2603 4655 et
2648 4601 2987 4655 assimilabor
3017 4602 3247 4670 passioni
3302 4609 3419 4654 tute.
3459 4600 3680 4654 Ferrum
3719 4600 3882 4670 igitur

2324 4692 2585 4759 passionis
2636 4700 2736 4744 tuae
2764 4700 3101 4759 pertranseat
3141 4691 3370 4745 animam
3419 4704 3611 4751 meam,
3657 4698 3707 4743 et
3745 4705 3881 4746 crux

2328 4791 2412 4834 tua
2462 4776 2748 4851 suspendat
2778 4784 3262 4851 concupiscentiam
3313 4798 3503 4837 meam.
3534 4782 3763 4849 AConﬁge
3813 4785 3881 4834 ti-

2312 4887 2462 4923 more
2491 4883 2579 4923 tuo
2606 4882 2785 4923 carnes
2804 4889 2961 4935 meas,
2995 4882 3050 4925 ut
3081 4888 3180 4925 non
3210 4887 3325 4925 eam
3350 4880 3466 4940 post
3495 4872 3879 4939 concupiscen-
3950 4860 3951 4863 η

2326 4960 2427 5013 tias
2459 4974 2621 5013 meas.
2678 4960 2935 5013 Mortifica
2976 4961 3026 5013 in
3059 4977 3219 5014 carne
3254 4976 3367 5015 mea
3415 4959 3654 5013 stimulos
3699 4957 3880 5013 carnis

2323 5058 2613 5116 omnesque
2646 5034 2955 5109 libidinosas
2984 5050 3386 5109 commotiones,
3419 5056 3473 5100 et
3515 5048 3577 5100 da
3618 5048 3747 5100 milii
3782 5062 3875 5099 ve-

2322 5154 2434 5192 ram
2484 5150 2537 5193 et
2586 5149 2893 5209 perpetuam
2941 5140 3239 5193 castitatem
3290 5149 3343 5192 et
3390 5138 3548 5191 vitam
3594 5145 3875 5190 retentam.

2320 5232 2507 5285 Amen.

1919 5382 2143 5437 VARUE
2182 5383 2574 5439 LECTIONES.

739 5486 788 5527 "
811 5486 936 5560 [τις.
966 5491 1200 5559 'confeCI,
1227 5504 1312 5546 aut
1342 5494 1486 5548 aliud
1508 5496 1675 5549 simile
1700 5498 1921 5550 verbum.

1998 5498 2042 5528 °°
2072 5498 2220 5553 Deest
2260 5501 2460 5555 verbum
2484 5500 2745 5568 contraxi,
2776 5508 2864 5553 aut
2888 5503 3029 5555 an‘ua
3057 5499 3240 5551 simile.
