4190 6264
262 413 352 468 677

269 536 2168 564 .___________________________.__._.__.._._......_

1251 401 1686 458 EXHORTATIO
1718 403 1804 452 Ml
1842 395 2224 452 (ZONTEMI’T.
2267 397 2465 449 Tifhll’.

2177 536 2458 545 -_._._o_.._._--

1090 664 1756 776 samem
1876 661 2684 831 ᾼΝειειιιιι

1513 881 2303 976 EXHORTATIO

554 1108 758 1232 AD
846 1103 1918 1296 CONTEMPTUM
2034 1098 3174 1300 TEMPORALIUM

1848 1352 1924 1392 ET

1173 1508 1822 1592 DESIDERIUM‘
1855 1507 2504 1585 IETERNORUM

330 1752 474 1823 Quid
496 1749 630 1823 agis,
657 1765 692 1806 ο
731 1743 938 1830 homo?
973 1746 1100 1817 quid
1131 1745 1280 1816 quasi
1311 1745 1609 1814 jumentum
1649 1758 1826 1798 vcrsa-
1853 1749 1901 1803 Α
1930 1752 1980 1796 et
2006 1742 2203 1810 ingenti
2226 1742 2536 1830 confusione
2568 1741 2841 1811 depressa,
2888 1752 3121 1802 tremens
3147 1744 3199 1798 in
3229 1743 3311 1797 illa
3362 1729 3496 1799 hora;

260 1843 338 1900 ris
366 1845 423 1896 in
462 1839 700 1894 mundo?
729 1837 1036 1907 Sapientem
1063 1844 1117 1890 et
1145 1836 1496 1891 discretorem
1544 1834 1750 1886 creavit
1775 1841 1826 1886 te

260 1931 542 1986 Dominus.
579 1927 658 1986 Ne
696 1925 979 1982 assimilari
1011 1924 1144 1980 velis
1185 1924 1250 1978 iis
1279 1923 1474 1994 quibus
1519 1923 1663 1977 deest
1703 1937 1830 1992 prn-

255 2017 488 2084 ueutia;
516 2014 801 2084 invigila,o
822 2012 1150 2068 miserande!
1179 2011 1434 2065 miserere
1457 2010 1550 2062 tui.
1582 2009 1707 2062 Esto
1735 2009 1831 2060 Sa.

256 2106 440 2172 pletis.
464 2103 690 2172 Propter
720 2114 772 2156 te
801 2102 940 2155 Deus
978 2097 1224 2154 excelsus
1249 2099 1314 2153 de
1348 2097 1498 2152 etelis
1525 2097 1742 2150 advenit
1774 2103 1832 2148 ut

257 2206 308 2250 te
330 2209 364 2248 ιι
399 2193 638 2248 terrenis
651 2190 888 2260 elevaret
909 2189 978 2242 ad
1006 2186 1223 2242 coelum.

324 2283 385 2340 lu
421 2282 624 2348 nuptiis
653 2279 889 2335 ccelestis
931 2275 1124 2347 Sponsi
1153 2283 1373 2330 vocatus
1394 2289 1476 2336 es,
1507 2275 1692 2326 homo.
1723 2271 1833 2326 Cur

252 2371 567 2452 comemnis
587 2411 602 2430 ,
625 2381 679 2422 et
706 2369 976 2438 indignum
1007 2375 1059 2420 te
1085 2365 1349 2420 exhibes?
1372 2361 1647 2428 Quomodo
1667 2361 1833 2452 intra-

249 2461 338 2515 his
371 2449 449 2513 ad
493 2457 728 2522 nuptias,
762 2453 926 2508 dicito
968 2453 1119 2516 mihi,
1160 2467 1264 2507 non
1307 2452 1510 2505 habens
1543 2449 1832 2518 pretiosam

247 2554 494 2609 Vestem,
528 2558 625 2596 nec
645 2537 940 2609 lampadem
968 2529 1316 2629 refplgentem
1341 2541 1364 2593 ’Β
1391 2539 1538 2593 llabe
1579 2538 1833 2590 mundum

248 2640 407 2696 odio,
443 2633 525 2688 fac
557 2629 957 2684 meditationem
987 2623 1129 2682 tuam
1153 2629 1205 2682 in
1237 2629 1365 2682 Deo.
1392 2623 1686 2680 Exsecrare
1726 2639 1837 2677 ma-

249 2727 441 2782 litiam
466 2735 522 2780 et
545 2737 843 2782 peceatum.
861 2731 914 2776 et
932 2719 1090 2788 dilige
1111 2718 1395 2789 benignum
1423 2716 1832 2784 Redemptorem

252 2819 416 2867 tuum
995 2857 1000 2868 .

325 2907 611 2960 Conserva
659 2911 709 2956 te
758 2903 809 2955 in
843 2899 1029 2964 terris;
1068 2899 1207 2952 sicut
1250 2897 1490 2965 angelus,
1524 2906 1703 2950 castos
1748 2894 1835 2976 ju-

241 2994 404 3068 giter
456 3008 522 3047 ac
559 3000 777 3045 sanctos
812 2979 954 3044 habe
994 2989 1276 3058 cogitatus.
1312 2985 1608 3042 Emendare
1641 3002 1670 3039 a
1709 3001 1834 3053 pcr-

1930 1831 2274 1885 contabcscat
2311 1845 2374 1884 ex
2416 1829 2700 1886 formidine
2731 1833 2913 1887 nimia.

2000 1921 2148 1983 Esto,
2184 1922 2474 1983 inscnsatc,
2515 1936 2727 1990 semper
2780 1932 3035 1993 paratus;
3068 1923 3224 1992 vigila
3265 1923 3402 1977 lihcr
3429 1923 3494 1978 ab

1931 2009 2075 2063 omni
2102 2008 2229 2062 faece
2262 2018 2499 2073 terrena;
2536 2011 2760 2063 observa
2787 2009 2923 2064 ntab
2955 2014 3201 2065 omnibus
3230 2012 3499 2066 scandulis

1916 2112 1994 2150 ac
2015 2097 2430 2166 cogitationibus
2463 2097 2785 2165 turpissimis
2804 2101 3029 2153 eruaris.
3061 2100 3187 2168 Esto
3213 2100 3490 2168 providus,

1935 2185 2226 2247 insensate,
2251 2184 2488 2238 excitare
2540 2200 2569 2237 a
2604 2200 2791 2240 somno
2836 2187 3106 2257 nequitiac.
3157 2187 3213 2239 Si
3257 2188 3333 2240 vis
3376 2202 3498 2241 esse

1933 2275 2186 2338 cmlestis,
2243 2289 2455 2342 semper
2509 2289 2628 2342 qua:
2675 2285 2886 2332 terrena
2937 2287 3063 2332 sunt
3112 2292 3398 2334 exsecrare
3446 2285 3501 2330 et

1933 2364 2165 2432 despice.
2219 2362 2584 2419 Perfectorum
2617 2367 2863 2435 exempla
2893 2375 3124 2430 sectare,
3157 2377 3217 2423 ut
3243 2369 3310 2422 ad
3339 2383 3499 2436 para-

1933 2454 2106 2506 disum
2153 2453 2466 2507 deliciarum
2517 2465 2570 2508 et
2620 2456 3026 2532 desiderabilem
3074 2458 3356 2532 pervenias
3406 2474 3501 2527 pa-

1937 2545 2096 2598 triam
2128 2545 2488 2598 sacerdotum.
2869 2529 2878 2541 ’

2005 2633 2182 2700 Quare
2206 2635 2363 2688 odisti
2396 2636 2559 2688 vitam
2587 2645 2729 2689 luam
2747 2678 2760 2698 ,
2789 2637 3126 2691 miserande"?
3141 2637 3274 2703 Quid
3297 2640 3498 2709 pretio-

1935 2723 2047 2776 sius
2075 2724 2253 2776 anima
2283 2732 2372 2776 tua
2414 2725 2640 2791 qureris,
2676 2725 3075 2779 inlidelissimc?
3104 2728 3336 2790 Accede,
3381 2743 3502 2796 pro-

1936 2828 2082 2882 pera,
2115 2822 2401 2881 antequam
2447 2813 2724 2867 claudatur
2766 2817 2959 2869 ostium
2993 2815 3338 2884 pmnitentia‘.
3384 2817 3504 2872 La:-

1938 2903 2080 2956 tilica
2134 2903 2404 2956 caelestem
2460 2905 2748 2957 exercitum
2808 2907 2858 2958 in
2925 2915 3012 2960 tua
3077 2908 3501 2963 conversatione.

2002 2992 2300 3062 Exspectat!
2323 2983 2562 3047 medicus
2592 2994 2770 3048 videre
2802 2996 3062 3065 lacrymas
3109 3006 3244 3054 tuas.
3273 2999 3502 3062 Accede,

235 3081 456 3140 \‘érsis
487 3081 917 3150 cogitationibus,
946 3095 1012 3132 ne
1049 3077 1229 3132 mundi
1271 3076 1558 3151 impliceris
1600 3077 1829 3131 actibus.
1861 3074 1908 3132 Β
1935 3081 2044 3134 noli
2081 3082 2286 3134 timere.
2318 3079 2551 3134 Ostende
2591 3082 2780 3135 vulnus
2812 3093 2979 3146 tuum,
3006 3100 3059 3139 et
3087 3087 3220 3140 otfer
3270 3087 3504 3142 medica-

246 3176 466 3230 Libcra
513 3171 752 3223 animum
783 3177 928 3222 tuum
966 3183 1031 3223 ex
1071 3165 1226 3237 hujus
1269 3168 1450 3221 mundi
1484 3167 1710 3236 negotiis
1747 3181 1837 3219 va-

236 3251 514 3320 ‘Itissimis
536 3274 598 3313 cx
634 3259 858 3326 integro,
875 3267 932 3311 ut
952 3273 1112 3326 super
1141 3257 1305 3312 caelos
1321 3259 1596 3311 coroneris
1621 3273 1648 3309 a
1679 3256 1836 3310 Chri-

240 3361 363 3422 jsto.
423 3331 568 3405 Ἐειο
626 3349 768 3402 velut
823 3349 991 3402 nubes
1054 3349 1119 3402 ad
1171 3348 1548 3416 proferendam
1608 3347 1840 3416 pluviam

243 3443 664 3512 lacrymarum.
691 3447 748 3490 ut
782 3437 962 3518 possis
986 3436 1325 3506 exstinguere
1365 3435 1608 3492 ﬂammas
1657 3451 1845 3505 pecca-

242 3535 474 3590 torum.

320 3605 653 3686 Recordare
678 3618 818 3672 illius
858 3617 962 3671 diei
994 3616 1308 3680 tremendae;
1350 3630 1557 3686 appone
1603 3617 1841 3671 remedia

238 3679 592 3766 vulneribus
619 3709 806 3761 animae
840 3715 962 3760 tute.
988 3705 1213 3759 Ambula
1253 3703 1481 3759 viriliter
1510 3705 1562 3758 in
1593 3704 1707 3776 lege
1741 3707 1845 3759 Do-

241 3802 392 3855 mini
419 3816 437 3864 ;
478 3799 563 3851 fac
587 3798 786 3868 jngiter
816 3797 1141 3850 mansionem
1176 3795 1508 3864 profectuum
1540 3809 1634 3864 per
1661 3795 1842 3864 sincer-

241 3906 378 3945 ram
437 3887 607 3941 .‘ldem
649 3897 808 3954 atque
852 3886 1188 3940 charitatem.
1224 3884 1418 3937 Cresce
1467 3882 1704 3950 quotidie
1749 3897 1846 3951 per

238 3971 616 4047 disciplinam
648 3978 699 4030 in
733 3978 1076 4038 continentia,
1120 3973 1319 4026 habens
1361 3987 1507 4041 spem
1537 3983 1740 4027 certam
1771 3975 1816 4027 vi

236 4069 427 4124 dendi
461 4065 748 4120 Dominum
781 4065 832 4118 in
863 4064 1105 4118 claritate
1135 4077 1248 4124 sua,
1279 4070 1331 4114 ct
1358 4076 1540 4130 regno,
1569 4069 1620 4112 et
1646 4054 1840 4128 'gluria.

237 4159 407 4212 Cave
439 4155 521 4208 ab
546 4155 715 4215 otioso
741 4153 921 4216 verbo,
956 4167 1020 4205 ne
1049 4153 1264 4205 recedas
1283 4165 1311 4202 a
1340 4150 1536 4203 Christi
1571 4152 1839 4204 mandato.

231 4249 465 4306 Planta
504 4252 696 4300 bonam
729 4244 1106 4313 plantationem
1133 4246 1182 4295 in
1212 4245 1368 4296 corde
1393 4251 1484 4295 tuo
1507 4252 1558 4292 et
1587 4241 1637 4293 in
1666 4242 1842 4294 anima

237 4357 372 4410 tua,
407 4345 654 4399 virtutes
687 4343 911 4403 sciliCet,
943 4349 997 4392 et
1025 4340 1137 4392 vias
1183 4345 1493 4390 sanctorum
1524 4335 1763 4397 Patrum,
1789 4343 1844 4387 et

233 4443 363 4495 Deo
405 4436 753 4506 placentium
787 4431 1146 4487 sacerdotmn.

319 4528 563 4583 Memor
585 4533 722 4586 esto,
771 4520 1110 4579 miserabilis,
1158 4518 1280 4586 quia
1313 4518 1362 4570 in
1406 4516 1580 4570 medio
1623 4515 1842 4583 laqueo-

233 4637 372 4674 rum
437 4615 651 4669 diaboli
691 4612 948 4665 ambulas.
994 4610 1214 4678 Evigilo,
1251 4625 1314 4662 ne
1356 4611 1405 4662 in
1459 4611 1642 4661 mortis
1692 4609 1848 4661 bara-

234 4713 452 4772 thrum
527 4705 750 4757 incidas.
786 4702 860 4754 Ne
911 4711 960 4754 te
1001 4696 1280 4752 arbitreris
1331 4701 1418 4752 diu
1471 4700 1734 4752 victurum
1795 4701 1845 4751 in

171 4791 173 4794 1
230 4801 427 4856 terris
460 4813 475 4856 ;
521 4809 590 4848 ne
612 4810 706 4862 pro
747 4795 846 4846 hoc
869 4792 1068 4845 diutius
1094 4792 1144 4843 in
1174 4789 1325 4842 malis
1355 4791 1560 4842 actibus
1591 4790 1842 4842 immore-

230 4891 343 4943 ris.
405 4883 703 4940 Christum
736 4895 944 4949 semper
995 4895 1176 4942 exora,
1211 4878 1270 4931 ut
1313 4877 1697 4931 totus-allectus
1729 4889 1849 4933 tuus

230 4975 616 5033 fI-m-Iilicet;
652 4980 706 5021 ιιι
736 4970 868 5022 bona
899 4977 1035 5022 terra
1063 4978 1116 5022 et
1144 4968 1340 5036 optima
1377 4969 1444 5020 sit
1467 4967 1762 5032 fructifera,
1798 4977 1850 5022 et

232 5067 362 5120 Deo
401 5059 800 5125 acceptissima
836 5059 940 5111 vita
972 5068 1080 5110 tua.

317 5153 571 5206 llahcto
610 5158 731 5202 ante
767 5149 950 5201 oculos
984 5158 1100 5200 tuos
1141 5147 1276 5200 diem
1303 5149 1476 5200 exitus
1510 5149 1611 5211 tni;
1661 5147 1848 5201 festina

229 5248 291 5299 in
323 5244 431 5297 illa
465 5240 613 5290 hora
647 5237 761 5290 sine
782 5251 997 5305 peccato
1022 5237 1266 5296 inveniri,
1289 5245 1341 5286 ut
1371 5238 1418 5288 in
1453 5238 1535 5289 die
1562 5239 1850 5291 vocationis

231 5345 353 5387 ιιιςιυ
388 5328 602 5382 auima
644 5334 725 5376 tua
769 5327 1088 5380 conscendat
1129 5325 1192 5378 ad
1221 5324 1416 5402 .Deum,
1444 5336 1625 5378 evecta
1669 5326 1852 5380 olliciis

228 5418 626 5490 angelorum.
661 5411 862 5466 Habeto
885 5415 1006 5467 odio
1036 5415 1172 5466 hunc
1208 5414 1490 5474 mundum;
1526 5414 1846 5482 lic-dempto-

232 5524 368 5565 retu
431 5515 612 5558 tuum
650 5509 755 5552 toto
785 5503 975 5554 mentis
1004 5501 1266 5555 desiderio
1297 5499 1471 5565 dilige.
1522 5500 1632 5553 Non
1686 5503 1850 5571 ncgli-

230 5611 338 5672 gat
373 5594 596 5650 anima
640 5600 753 5652 tua;
788 5605 882 5643 nec
908 5592 1202 5644 oblectetur
1242 5591 1518 5644 dulcedine
1563 5608 1625 5645 ac
1672 5595 1848 5646 suavi-

232 5703 360 5746 ιςιιρ
406 5687 756 5751 laqueorum
787 5681 980 5734 diaboli
1037 5683 1326 5742 mortifera,
1354 5698 1417 5733 ne
1441 5683 1590 5748 plcna
1617 5689 1852 5752 peccatis

1939 3179 2176 3222 mentum
2214 3170 2571 3244 lacrymat‘um
2606 3179 2658 3224 et
2694 3170 2931 3225 ﬂetuum.
2970 3174 3105 3228 Ecce
3134 3183 3376 3240 apertum
3421 3183 3504 3230 est

1939 3261 2136 3314 ostium
2176 3261 2521 3328 poenitenlizc.
2559 3261 2809 3314 Accelera
2843 3257 3168 3332 priusquam
3205 3265 3498 3318 claudatur.

1963 3377 1970 3382 -
2019 3346 2262 3412 Ellunde,
2284 3347 2409 3400 dum
2439 3345 2646 3416 tempus
2666 3359 2771 3414 est,
2805 3349 3089 3420 lacrymas,
3115 3369 3178 3405 nc
3210 3355 3259 3406 in
3282 3354 3383 3407 alio
3407 3370 3503 3407 sm-

1943 3437 2061 3491 Cttlo
2091 3439 2205 3490 sine
2247 3438 2478 3490 utilitate
2515 3441 2754 3506 plangas.
2793 3439 2888 3494 llic
2928 3441 3068 3494 enim
3116 3443 3502 3508 misericordia,

1944 3526 2016 3581 ibi
2037 3525 2297 3593 judicium
2325 3542 2339 3590 ;
2367 3527 2451 3581 hic
2484 3527 2756 3596 voluptas,
2777 3528 2847 3582 ibi
2878 3537 3142 3600 tormenta
3171 3547 3185 3595 ;
3228 3532 3312 3584 hic
3345 3533 3505 3597 risus,

1946 3617 2016 3670 ibi
2041 3632 2170 3671 vero
2214 3616 2394 3680 ﬂetus;
2428 3618 2512 3670 hic
2560 3628 2779 3679 cantus,
2813 3618 2882 3672 ibi
2936 3620 3073 3689 ignis
3101 3631 3372 3683 :ctcrnus;
3420 3623 3507 3678 hic

1943 3716 2163 3762 ornatus
2192 3709 2438 3768 vestium,
2484 3709 2550 3760 ibi
2599 3711 2866 3763 cruciatus
2896 3693 3181 3776 vermium‘;
3215 3713 3298 3766 hic
3323 3712 3503 3775 elatio,

1945 3797 2014 3852 ibi
2047 3779 2362 3850 humiliatii).
2391 3797 2681 3850 llnmiliare
2707 3814 2834 3866 ergo
2863 3800 2913 3852 in
2947 3801 3073 3863 vita,
3099 3818 3163 3855 ne
3194 3803 3244 3854 in
3273 3804 3507 3860 tenebris

1943 3888 2298 3942 exterioribus
2333 3888 2728 3941 condemneris.
2762 3889 2874 3943 Non
2916 3905 3043 3960 ergo
3076 3891 3304 3947 oblectet
3341 3902 3389 3948 tc
3417 3895 3504 3950 hic

1945 3986 2152 4030 terrena
2184 3977 2484 4040 delectatio,
2527 3993 2591 4030 nc
2621 3977 2689 4030 ibi
2725 3978 2797 4031 sit
2824 3994 3005 4032 amara
3047 3980 3364 4047 deploratio.

2013 4067 2144 4134 Quis
2165 4084 2268 4122 non
2310 4068 2526 4138 plangat
2553 4085 2669 4134 nos,
2698 4079 2750 4124 et
2779 4071 2898 4140 quis
2921 4087 3020 4124 non
3045 4071 3234 4138 delicat
3262 4072 3284 4126 ’ἔ
3313 4073 3506 4127 ()dicn-

1948 4170 2024 4215 tes
2053 4162 2234 4234 vitam,
2280 4161 2548 4230 diligimus
2578 4170 2822 4216 mortem.
2860 4161 2995 4228 Quid
3043 4164 3308 4218 excelsius
3347 4175 3508 4235 atque

1942 4249 2399 4318 magnificentius,
2428 4265 2590 4317 quam
2629 4266 2881 4308 exercere
2924 4266 3186 4316 mentem,
3237 4255 3302 4307 ad
3341 4255 3508 4308 servi-

1948 4348 2113 4392 tutem
2157 4339 2396 4406 redigere
2434 4353 2669 4400 carnem,
2695 4350 2748 4393 ut
2795 4341 3010 4396 obediat
3058 4342 3220 4395 animi
3259 4343 3502 4410 imperio,

1872 4399 1920 4460 Ο
1949 4428 2186 4482 consiliis
2232 4427 2581 4496 obtemperet,
2634 4429 2857 4500 impigre
2902 4419 3224 4499 exsequatur
3263 4399 3504 4501 proposi-

1950 4530 2058 4574 tum
2105 4520 2265 4573 animi
2315 4534 2376 4574 ac
2414 4519 2760 4575 voluntatem.
2807 4521 2937 4585 Quis
2989 4531 3168 4577 autem
3224 4523 3508 4591 jucundior

1947 4611 2099 4666 cibus
2129 4627 2287 4680 quam
2335 4611 2661 4666 voluntatem
2698 4612 2790 4666 Dei
2835 4611 3043 4676 facere,
3073 4614 3272 4670 virtute
3315 4615 3511 4672 mentis

1948 4702 2178 4770 impetus
2199 4717 2450 4771 superare
2475 4702 2706 4757 diaboli?

2017 4789 2251 4855 Quisque
2277 4790 2507 4856 seipsum
2531 4791 2731 4853 vincat,
2770 4791 2902 4844 iram
2938 4793 3233 4854 contineat,
3263 4791 3420 4845 nullis
3446 4793 3506 4861 il-

1950 4877 2172 4929 lecebris
2199 4878 2513 4929 emolliatur.
2557 4876 2669 4928 Non
2709 4879 3053 4945 perturbetur
3077 4881 3317 4933 adversis
3347 4921 3360 4944 ,
3399 4898 3504 4936 non

1953 4966 2104 5034 191
2138 4966 2422 5021 extollatur
2469 4967 2753 5034 prosperis,
2811 4982 2910 5020 nec
2955 4970 3104 5036 quasi
3143 4978 3301 5023 vento
3334 4972 3510 5023 varia-

1953 5071 2067 5106 rum
2111 5069 2286 5108 rerum
2317 5053 2726 5108 circumferalur
2757 5057 3069 5111 mutatione.
3117 5059 3342 5126 Reputa,
3385 5061 3509 5115 cha-
3585 5071 3588 5074 '

1955 5148 2182 5211 rissime,
2221 5148 2271 5200 in
2304 5147 2580 5214 temetipso
2612 5148 2737 5214 quid
2780 5147 2967 5201 melius
3009 5157 3110 5212 est,
3160 5151 3210 5202 in
3262 5153 3506 5218 presenti

1954 5238 2146 5291 smcnlo
2184 5253 2286 5307 pro.
2321 5238 2548 5306 peccatis
2597 5236 2844 5306 plangere
2876 5255 2936 5294 ac
2989 5243 3227 5295 crebrius
3256 5257 3504 5306 C-XOt‘al't‘,

1956 5339 2045 5380 aut
2077 5330 2127 5381 in
2174 5331 2292 5397 igne
2330 5339 2526 5382 aeterno
2559 5329 2672 5382 sine
2711 5327 2887 5398 aliqua
2929 5331 3158 5385 utilitate
3187 5332 3398 5384 deﬂere.

2024 5418 2129 5471 Cur
2158 5419 2377 5471 tabescit
2405 5417 2572 5471 virtus
2600 5418 2761 5471 animi
2793 5418 2866 5472 tui
2897 5419 3088 5474 alicctu
3131 5436 3191 5472 ac
3242 5420 3508 5472 desiderio

1958 5509 2236 5579 pereuntis
2267 5509 2486 5562 mundi?
2515 5509 2671 5563 Eleva
2704 5520 2935 5564 mentem
2972 5513 3035 5563 ad
3082 5509 3503 5562 imcstimabilem

1956 5610 2166 5671 retenta:
2195 5598 2462 5653 felicitatis
2495 5599 2809 5664 claritatem,
2841 5616 2994 5667 quam
3039 5601 3223 5652 oculus
3268 5614 3370 5651 non
3429 5600 3509 5649 vi-

1963 5690 2060 5748 dit,
2091 5704 2185 5742 nec
2215 5689 2359 5742 auris
2384 5690 2605 5754 audivit,
2649 5709 2806 5761 quam
2849 5691 3163 5759 prrrparavit
3217 5691 3350 5742 Deus
3393 5687 3508 5738 dili-
