4190 6226
645 287 754 355 '679

976 295 1035 351 S.
1071 292 1367 377 ANSELill
1405 289 1749 346 CANTUAR.
1790 288 2106 343 ARClllEP.
2148 286 2299 341 OPP.
2340 283 2516 339 PARS
2551 281 2613 338 ll.
2654 314 2724 325 —-
2752 262 3116 340 ΡΔΒᾹΞΝΕΤ.
3156 283 3243 338 ΕΤ
3281 283 3528 340 ASCET.

3781 281 3879 341 080

654 407 900 476 gentibus
953 421 1010 459 se
1055 403 1105 470 (1
1151 402 1268 457 Cor.
1294 417 1353 465 ιι,
1385 401 1460 468 9).
1495 398 1892 453 Continentiam
1949 395 2220 450 habetoin
2250 398 2295 457 Α
2325 392 2727 448 culari.-.ltlelius
2747 405 2830 450 est
2851 394 3082 449 animam
3105 393 3376 461 edundere
3425 409 3586 466 quam
3637 408 3757 450 eam
3796 411 3882 466 per

654 496 857 565 lingua.
889 490 1270 546 continentiam
1297 489 1359 558 in
1405 495 1644 554 aspectu,
1671 486 1722 538 in
1747 487 1886 543 cibo.
1934 484 1984 537 in
2012 482 2220 548 habitu,

657 573 722 630 iu'
741 579 995 647 cogitatu,
1024 579 1075 630 in
1115 577 1251 638 risu,
1282 573 1561 629 utatbleta
1593 574 1685 628 Dei
1721 572 2150 642 perfectissimus
2171 572 2224 625 in

657 669 899 722 omnibus
925 667 1330 722 demonstreris.
1370 664 1539 717 Stude
1560 677 1670 731 pra:
1711 661 1962 716 omnibus
2007 675 2074 714 ne
2128 658 2225 712 ha-

659 757 782 810 beas
815 755 1085 809 inimieum
1117 762 1316 823 praeter
1345 751 1634 803 diabolum.

725 845 863 912 Quid
895 845 989 898 tibi
1026 858 1219 896 munus
1245 842 1724 911 prodesse’potest,
1749 837 1791 889 si
1822 834 1937 902 ejus
1967 833 2226 887 sollicitu-

657 931 872 986 dinibus
923 931 1227 1000 colligaris?
1257 930 1391 996 Quid
1416 928 1664 994 aeqnires
1688 927 1754 980 de
1807 924 2026 993 pretiosi
2068 922 2227 976 vesd-

657 1024 823 1077 menti
852 1037 978 1076 cura
1008 1064 1021 1084 ,
1081 1023 1179 1076 nisi
1229 1030 1429 1074 :eterna
1478 1016 1771 1086 supplicia?
1834 1013 1969 1080 Quid
2022 1022 2229 1067 tumore
2290 1019 2302 1032 ‘

657 1112 972 1166 elevatiouis
998 1109 1229 1164 inflaris?
1255 1109 1385 1174 Quis
1407 1122 1510 1160 non
1535 1104 1912 1159 contrentiscat
1930 1143 1944 1169 ,
1974 1103 2229 1157 lamente-

660 1212 744 1256 tur
775 1213 829 1256 et
850 1203 1050 1272 lugeat,
1086 1217 1206 1254 cum
1241 1201 1293 1251 in
1325 1205 1616 1265 conspectu
1651 1196 1968 1265 angelorum
2015 1205 2070 1248 et
2127 1197 2227 1248 ho-

659 1292 860 1362 minum
885 1291 1095 1345 occulta
1144 1296 1324 1341 nostra
1375 1285 1899 1340 manifestabuntur?
1942 1285 2049 1338 Cur
2076 1283 2228 1337 malis

660 1381 874 1432 actibus
904 1380 1008 1430 tuis
1036 1377 1329 1433 conti-istas
1352 1386 1558 1446 patrem
1582 1375 1901 1444 piissimum,
1935 1373 2227 1437 insensate,

662 1470 751 1539 qui
779 1469 832 1522 te
859 1469 912 1523 in
953 1467 1181 1521 liliornm
1213 1483 1434 1521 numero
1482 1467 1731 1535 dignatus
1773 1473 1854 1518 est
1895 1461 2228 1530 computare?

736 1559 967 1616 Prohibe
991 1577 1020 1612 a
1054 1559 1191 1612 malo
1223 1546 1457 1628 linguam
1489 1568 1658 1622 tuam,
1687 1557 1897 1624 inquire
1936 1570 2143 1624 pacem,
2177 1563 2232 1608 et

667 1665 894 1720 sequere
915 1665 1031 1702 eam
1071 1647 1242 1718 (Prol.
1269 1663 1461 1710 χχχιιι,
1486 1644 1596 1714 Η).
1620 1659 1688 1697 ne
1711 1645 1954 1697 irritatus
1977 1643 2230 1696 Dominus

2329 483 2774 537 incontinentiam
2805 485 3051 551 perdere.

2395 571 2923 627 Castitas-hominem
2951 572 3062 626 Deo
3083 573 3384 641 proximum
3402 573 3610 638 reddit,
3670 573 3884 632 castitas

2326 659 2527 715 homini
2554 661 2719 715 Deum
2749 661 3052 731 proximum
3079 661 3231 726 facit,
3262 661 3423 716 casus
3461 678 3682 732 regnum
3729 664 3884 719 ccelo-

2327 766 2444 804 rum
2474 751 2824 819 promittitur.
2849 751 3007 817 Qtiod
3036 753 3079 805 si
3110 751 3285 805 adhuc
3309 751 3488 805 carnis
3519 752 3749 807 stimulis
3778 763 3888 806 tan-

2328 840 2492 910 geris,
2517 839 2561 892 si
2584 840 2760 894 adhuc
2817 839 3054 894 libidinis
3083 822 3423 911 suggestione
3469 840 3731 908 pulsaris;
3784 857 3890 897 nte-

2329 930 2555 983 moriam
2581 929 2772 984 mortis
2795 930 2893 984 tibi
2914 928 3111 997 obiice,
3165 931 3304 984 diem
3336 928 3514 983 exitus
3541 930 3613 983 tui
3643 945 3871 1000 pr0pone

2331 1019 2488 1073 finem
2519 1021 2642 1076 vita:
2670 1032 2795 1075 ante
2818 1019 3036 1076 occulos
3067 1026 3186 1075 tuos
3247 1020 3463 1075 adhibe.
3513 1019 3759 1089 Propone
3805 1021 3892 1075 tibi

2328 1107 2562 1162 futurum
2584 1107 2846 1175 judicium
2875 1118 2931 1162 et
2962 1108 3137 1162 futura
3185 1119 3475 1173 tormenta,
3529 1122 3771 1179 propone
3797 1109 3893 1164 tibi

2330 1199 2660 1254 infernorum
2685 1209 2973 1269 perpetuos
2996 1201 3166 1270 ignes,
3194 1216 3435 1274 propone
3484 1202 3581 1257 tibi
3632 1203 3885 1272 gebenna:

2328 1303 2516 1357 poenas
2547 1289 2854 1343 horribiles.
3224 1355 3229 1361 .
3489 1303 3492 1306 '
3540 1308 3545 1312 -

2401 1377 2506 1434 Ora
2531 1394 2653 1434 cum
2684 1380 2939 1450 lacrymis
2965 1381 3351 1446 indesinenter,
3377 1396 3472 1436 ora
3479 1373 3904 1456 jttgiter,‘irisiste

2330 1471 2562 1523 orationi
2589 1470 2920 1538 frequenter.
2952 1471 3182 1526 Precare
3220 1471 3387 1526 Deum
3436 1473 3623 1526 diebus
3642 1488 3707 1526 ac
3732 1473 3904 1529 nocti-

2331 1561 2450 1622 bus,
2481 1562 2728 1616 incumbe
2750 1563 2978 1616 orationi
3010 1562 3419 1633 assidue,,geme
3443 1577 3659 1632 semper
3674 1572 3737 1618 et
3755 1565 3904 1634 plan-

2334 1666 2418 1719 ge.
2441 1651 2615 1720 Surge
2635 1651 2702 1704 ad
2727 1666 2944 1720 precem
2973 1652 3027 1705 in
3049 1661 3226 1718 nocte,
3258 1640 3517 1721 peruecta
3569 1653 3625 1708 in
3655 1653 3898 1708 orationis

672 1739 829 1792 malis
861 1738 964 1801 tuis
987 1744 1045 1787 tit
1068 1734 1454 1803 nequissimum
1509 1744 1721 1784 servum
1766 1738 2075 1796 perpetuam
2128 1738 2232 1780 tra~

2341 1751 2388 1795 et
2409 1757 2583 1810 prece,
2616 1742 2862 1797 incumbe
2885 1744 3164 1797 nocturnis
3186 1741 3406 1812 vigiliis,
3463 1757 3676 1797 rursum
3705 1757 3821 1806 ora,
3843 1741 3904 1796 ad

676 1829 765 1879 dat
796 1825 859 1878 ad
893 1840 1131 1903 poenam,
1164 1824 1208 1877 si
1232 1825 1353 1876 eum
1404 1821 1556 1888 sequi
1612 1817 1844 1871 nolueris
1873 1818 1937 1870 ad
1992 1816 2238 1885 gloriam.

669 1915 892 1969 Eterno
923 1915 1032 1983 regi
1061 1913 1383 1967 militaturus
1427 1908 1656 1979 propriis
1686 1907 2004 1959 abrenuntia
2055 1906 2242 1959 volun-

669 2006 888 2059 tatibus.
915 2004 1042 2056 Esto
1068 2003 1213 2054 omni
1246 1991 1448 2053 vilitate
1470 1999 1550 2053 vel
1573 1999 1914 2054 extremitate
1936 2004 2236 2049 contentus.

674 2094 964 2147 Prouuntia
996 2099 1046 2144 te
1084 2092 1262 2156 lingua
1291 2099 1386 2141 tua
1416 2088 1662 2140 omnibus
1692 2084 2022 2148 inferiorem,
2057 2085 2240 2137 intimo
2275 2104 2280 2110 ’

672 2184 850 2234 cordis
873 2180 1064 2234 affectu
1091 2180 1252 2234 crede
1298 2187 1358 2231 te.
1393 2177 1656 2232 viliorem.
1721 2179 1833 2249 Age
1880 2178 2004 2231 dum
2065 2183 2238 2239 vacat,

673 2275 811 2340 quod
842 2274 892 2324 in
922 2283 1230 2340 perpetuum
1257 2269 1527 2337 expediat.

744 2364 1015 2431 Consurge
1047 2377 1140 2430 per
1167 2370 1377 2414 noctem
1411 2360 1477 2412 ad
1502 2346 1778 2413 orationes
1804 2368 1858 2411 et
1881 2341 2149 2426 lacrymas
2176 2355 2242 2409 ad

682 2451 870 2516 Deum,
906 2462 960 2514 ut
985 2450 1224 2503 libereris
1254 2449 1331 2526 ab.
1365 2449 1615 2501 omnibus
1649 2446 1854 2514 laqueis
1876 2455 1930 2498 et
1979 2443 2243 2498 scaudalis

675 2543 998 2611 passionum.
1028 2539 1082 2592 Si
1107 2540 1250 2591 enim
1278 2539 1457 2591 subito
1493 2537 1734 2604 rapiatur
1764 2550 1790 2586 a
1843 2543 1894 2587 te
1924 2534 2101 2587 anima
2129 2543 2240 2600 tua,

676 2632 943 2700 peccatrix
974 2631 1270 2698 reperietur
1296 2638 1349 2680 et
1371 2625 1714 2687 fetidissima,
1746 2639 1849 2676 non
1881 2624 2083 2677 habens
2110 2633 2247 2676 tem-

677 2734 776 2789 pus
807 2719 1131 2788 pmnitentiae
1179 2716 1397 2769 ultimae.
1452 2715 1589 2780 Quid
1614 2714 1758 2768 dices
1812 2713 1976 2767 morti
2016 2714 2068 2766 in
2114 2714 2247 2766 liora

679 2814 1034 2882 separatiouis
1064 2822 1187 2874 tur,
1218 2824 1337 2861 cum
1358 2807 1470 2875 jam
1527 2823 1630 2860 non
1654 2806 1978 2860 concedetur
2035 2805 2127 2858 tibi
2162 2804 2247 2857 vel

684 2915 955 2982 momento
1009 2902 1166 2955 unius
1223 2901 1368 2954 horae
1402 2898 1615 2952 vivere?
1668 2897 1872 2952 Habeto
1920 2909 2030 2964 prae
2079 2892 2248 2964 oculis

679 2997 820 3049 dietn
854 2994 1058 3046 mortis.
1083 2991 1361 3044 Pertra'cta
1393 2987 1623 3057 qualiter
1641 2986 1961 3040 statuendus
2017 2985 2091 3039 sis
2120 2990 2244 3036 ante

680 3095 1022 3153 conspectum
1050 3081 1267 3150 judicis.
1293 3079 1426 3133 Para
1453 3077 1653 3147 iugiter
1698 3074 1997 3153 lampadem
2023 3081 2166 3126 tuam
2195 3071 2247 3122 in

681 3172 1086 3229 conservatione
1134 3172 1365 3242 Optima;
1417 3169 1611 3224 festina
1658 3150 1741 3220 ut.
1770 3180 1982 3233 semper
2040 3164 2111 3217 sit
2161 3177 2250 3216 ac-

684 3258 868 3318 Censa.

755 3351 975 3416 Despice
1027 3345 1349 3413 temporalia
1381 3352 1436 3396 et
1464 3343 1688 3404 caduca,
1725 3349 1783 3396 ut
1839 3347 2089 3408 tanquam
2139 3337 2253 3391 exi;

686 3440 824 3490 mius
854 3436 1190 3504 belligerator
1213 3426 1460 3502 pompam
1514 3430 1823 3498 relinquens
1874 3427 2071 3489 surculi,
2132 3441 2255 3495 pos-

688 3529 768 3582 sis
817 3525 1058 3577 bravium
1118 3535 1234 3591 post
1294 3521 1572 3575 victoriam
1622 3517 1938 3589 promereri.
1990 3516 2250 3579 Recurre,

688 3617 1029 3679 miserabilis,
1058 3616 1121 3668 ad
1148 3614 1529 3668 conscientiam
1564 3622 1736 3674 tuam;
1772 3625 2004 3663 exonera
2040 3616 2089 3661 te
2119 3622 2252 3676 pon-

688 3709 900 3764 deribus
931 3707 1348 3760 sollicitudinum
1379 3714 1737 3756 terrenarum.
1766 3701 2098 3780 Non'regnet
2127 3713 2254 3751 con-

691 3797 856 3851 tentio
887 3797 937 3846 iu
964 3807 1034 3857 te,
1069 3810 1172 3847 non
1205 3791 1582 3852 contradictio,
1614 3804 1717 3842 non
1771 3788 1874 3840 ulla
1904 3788 2123 3841 omnino
2155 3786 2255 3837 ini-

690 3890 888 3956 quitas.
922 3884 1159 3937 Terrena
1192 3895 1404 3949 respue,
1433 3879 1673 3933 coelestia
1703 3885 1913 3944 appete,
1942 3873 2254 3942 temporalia

692 3974 898 4034 desere,
926 3971 1305 4039 sempiternam
1337 3966 1723 4021 beatitudinem
1749 3964 1930 4033 dilige.

764 4062 1150 4131 Expergiscere
1172 4074 1457 4129 parumper
1483 4074 1509 4108 a
1544 4071 1732 4109 somno
1759 4052 2083 4118 tniserando,
2111 4051 2255 4120 aperi

695 4168 756 4207 os
781 4152 1188 4221 tuum,obsecra
1214 4151 1401 4212 Deum,
1442 4149 1644 4217 projice
1670 4162 1698 4198 a
1731 4155 1780 4200 te
1826 4160 1990 4199 onera
2018 4154 2259 4213 peccato-

686 4259 835 4308 rum.
862 4242 964 4295 Ora
1004 4243 1334 4311 frequenter,
1359 4241 1474 4293 sine
1509 4239 1808 4293 cessatione
1851 4238 2111 4306 Iacrymas
2137 4234 2256 4286 fun-

2339 1831 2603 1884 modicum
2637 1831 2835 1886 clausis
2865 1833 3055 1887 oculis.

2408 1920 2591 1974 Oratio
2619 1923 2869 1992 frequens
2899 1923 3095 1978 diaboli
3121 1931 3413 1979 SUDNOVOL
3452 1921 3648 1989 iacula,
3683 1922 3910 1975 immun-

2342 2007 2437 2061 dos
2480 2009 2701 2074 spiritus
2751 2010 2928 2078 procis
2977 2011 3192 2079 expellit
3241 2010 3564 2079 frequentia,
3611 2008 3910 2063 immundos

2341 2095 2562 2162 spiritus
2583 2096 2844 2150 orationis
2867 2097 3034 2150 vincit
3060 2099 3335 2164 instantia,
3389 2099 3648 2152 daemonia
3672 2096 3911 2151 oratione

2341 2186 2649 2249 vincuntur,
2683 2186 2932 2240 omnibus
2958 2186 3112 2240 malis
3133 2189 3383 2254 praevalet
3407 2191 3604 2242 oratio.‘
3648 2216 3653 2223 -

2411 2274 2602 2328 Adime
2626 2275 2719 2328 tibi
2744 2288 2958 2344 quoque
2978 2275 3320 2327 saturitatem
3348 2276 3523 2343 panis,
3580 2274 3911 2344 parcimonia

2344 2361 2492 2420 lnum
2519 2383 2715 2436 corpus
2743 2366 2969 2435 castiga,
3000 2364 3219 2433 jejuniis
3244 2374 3298 2418 et
3323 2363 3925 2435 abstinentia:intentus.

2345 2443 2534 2524 pallida
2557 2471 2651 2510 ora
2680 2469 2825 2523 gere,
2854 2456 3062 2509 aridum
3095 2464 3247 2523 porta
3275 2469 3499 2522 corpus.
3541 2455 3693 2510 Esuri
3717 2467 3773 2508 et
3798 2456 3911 2519 siti;

2347 2546 2559 2600 abstine
2588 2554 2642 2599 et
2664 2559 2876 2600 aresce.
2909 2543 3020 2599 Nisi
3041 2543 3260 2614 jejuniis
3282 2545 3573 2611 erudiaris,
3623 2560 3728 2600 non
3755 2556 3914 2616 potes

2347 2636 2668 2687 tentationes
2695 2634 2928 2688 vincere.

2416 2722 2544 2776 Esto
2568 2723 2805 2789 humilis,
2834 2733 2947 2777 esto
2975 2724 3026 2776 in
3052 2725 3358 2780 humilitate
3385 2724 3658 2788 fundatus,
3689 2725 3910 2780 humilia

2351 2820 2422 2876 te,
2447 2814 2725 2865 minimum
2765 2819 2815 2866 te
2836 2812 2938 2866 fac.
2967 2813 3104 2865 Nulli
3137 2823 3187 2866 te
3211 2829 3507 2882 prteponas.
3532 2815 3658 2870 nulli
3688 2824 3736 2868 te
3759 2830 3914 2883 supe-

2349 2904 2550 2957 riorem
2609 2905 2851 2972 deputes.
2911 2903 3168 2957 Existima
3227 2919 3414 2958 omnes
3457 2906 3761 2973 superiores
3801 2918 3919 2960 esse

2351 2996 2466 3052 tibi.
2497 2994 2751 3050 Omnium
2793 3001 2842 3048 te
2873 2993 3152 3048 minimum
3211 2994 3479 3057 existima,
3531 2992 3841 3047 inferiorem
3872 3002 3921 3046 te

2351 3087 2599 3143 omnibus
2636 3085 2856 3154 deputa.
2877 3084 3131 3152 Quamvis
3162 3099 3402 3138 summus
3440 3084 3533 3154 sis,
3559 3085 3917 3138 humilitatem

2353 3185 2494 3231 tene.
2523 3177 2734 3241 Quanto
2767 3178 2907 3229 enim
2939 3175 3190 3228 humilior
3212 3175 3402 3238 fueris,
3436 3183 3584 3228 tanto
3627 3185 3678 3229 te
3728 3188 3925 3245 seque-

2354 3272 2443 3316 tur
2466 3264 2651 3331 gloria:
2676 3263 2924 3316 altitudo.
3633 3249 3635 3252 i

2423 3353 2565 3405 Cave
2613 3351 2950 3420 iactantiam,
3006 3363 3135 3404 cave
3184 3345 3562 3404 ostentationis
3603 3348 3920 3418 appetitum,

2355 3454 2484 3494 cave
2515 3439 2697 3508 gloriae
2720 3438 2897 3492 inanis
2922 3438 3174 3491 studium.
3199 3437 3312 3491 Non
3350 3448 3400 3492 te
3424 3451 3677 3506 arroges;
3731 3451 3840 3490 non
3872 3445 3922 3489 te

2349 3527 2542 3596 jactes.
2583 3526 2696 3580 Non
2742 3536 2795 3580 te
2841 3526 3133 3581 insolenter
3195 3525 3447 3592 extollas;
3494 3527 3617 3580 alas
3659 3523 3925 3594 superbiai

2358 3635 2464 3672 non
2497 3616 2774 3672 extendas.
2811 3618 3068 3670 Elationis
3093 3631 3300 3682 pennas
3329 3631 3434 3670 non
3481 3616 3677 3684 erigas,
3704 3615 3836 3668 nihil
3862 3614 3925 3668 de

2357 3719 2407 3763 te
2434 3699 2750 3777 prmsumas,
2777 3706 2909 3759 nihil
2931 3706 3054 3758 boni
3075 3705 3168 3758 tibi
3199 3705 3421 3757 tribuas.

2403 3796 2740 3863 'Dejustitiaa
2773 3796 2969 3847 virtute
3020 3793 3160 3847 nulla
3213 3793 3446 3847 elatione
3497 3793 3801 3862 snperbias,
3859 3799 3923 3848 de

2355 3883 2510 3937 bonis
2543 3882 2700 3937 factis
2723 3897 2825 3936 non
2851 3881 3131 3948 attollaris,
3156 3883 3219 3936 de
3245 3883 3385 3936 bono
3418 3896 3578 3951 opere
3599 3896 3702 3936 non
3725 3883 3922 3952 gloria-

2357 3972 2432 4024 ris
2463 3986 2477 4024 :
2510 3970 2792 4025 humiliare
2817 3979 2873 4023 ut
2895 3970 3174 4034 exalteris,
3208 3987 3274 4024 ne
3296 3971 3561 4026 exaltatus
3587 3972 3918 4025 linmilieris:

2358 4062 2446 4131 qui
2469 4063 2610 4116 enim
2633 4062 2913 4126 attollitur,
2939 4061 3285 4126 humiliatur;
3311 4063 3398 4132 qui
3429 4063 3713 4126 exaltatur,
3741 4060 3924 4136 dejici-

2358 4159 2485 4216 tur;
2516 4153 2607 4219 qui
2636 4149 2896 4214 elevatur,
2947 4149 3338 4219 prosternitur;
3387 4150 3474 4216 qui
3524 4150 3764 4214 inflatur,
3803 4147 3928 4203 alli-

2359 4239 2523 4294 ditur.

699 4333 786 4384 de.
814 4332 1082 4385 Mollitiem
1112 4331 1275 4382 animi
1336 4332 1478 4395 fuge,
1527 4327 1900 4396 negligentiam
1954 4337 2255 4385 exsecrare,
2290 4354 2339 4411 ι)
2434 4327 2696 4396 Superbia
2728 4323 2944 4394 angelos
2973 4324 3236 4392 deposuit,
3264 4332 3444 4378 tumor
3469 4339 3630 4393 regna
3661 4326 3926 4391 dissolvit,

699 4419 957 4473 malitiam
1008 4420 1296 4470 detestare.
1350 4416 1482 4467 Ama
1546 4416 2007 4469 mansuetudinem
2038 4453 2053 4480 ,
2103 4413 2262 4479 dilige

700 4509 1102 4568 continentiam,
1130 4507 1387 4559 meditare
1416 4505 1789 4574 psalmodiam.
2107 4511 2111 4514 ’

771 4601 986 4672 Festina
1021 4612 1196 4660 orare,
1225 4597 1350 4648 dum
1377 4605 1585 4663 tempus
1611 4604 1694 4649 est
1719 4593 2066 4664 paenitentite.
2096 4591 2264 4669 Dilige

703 4693 868 4746 Deum
898 4705 963 4742 ex
989 4699 1096 4743 tota
1127 4688 1308 4740 anima
1341 4694 1427 4738 tua
1450 4685 1661 4752 (Matth.
1690 4699 1823 4750 χχιι,
1857 4685 1967 4753 59),
2018 4684 2154 4736 sicut
2180 4683 2264 4734 ille

707 4779 887 4832 dilexit
915 4788 983 4830 te.
1008 4777 1156 4830 Time
1186 4776 1324 4829 diem
1350 4773 1567 4841 jttdieii.
1602 4774 1795 4826 Amore
1838 4771 2036 4826 Christi
2065 4768 2265 4838 abnega

708 4868 1078 4934 :emeptipsum
1113 4867 1229 4920 tibi.
1259 4866 1427 4918 Actus
1465 4864 1589 4916 vitae
1637 4871 1739 4915 tua:
1789 4864 1938 4916 omni
1989 4862 2115 4916 hora
2171 4876 2266 4913 cu-

709 4959 866 5012 stodi.
899 4958 1002 5010 Fac
1033 4967 1083 5010 te
1106 4959 1335 5011 alienum
1390 4957 1457 5009 ab
1505 4954 1712 5008 actibus
1768 4955 1965 5018 sceculi,
1997 4961 2056 5008 ut
2098 4954 2268 5007 barres

709 5048 958 5104 eﬂiciat‘is
985 5049 1127 5114 regni
1159 5049 1272 5101 Dei.

780 5139 937 5198 Audi,
976 5138 1171 5201 anima,
1200 5155 1313 5206 qua:
1334 5141 1548 5208 loquor;
1575 5136 1811 5191 ausculta
1842 5141 1971 5204 qum
2011 5138 2160 5201 dico;
2186 5145 2268 5189 at-

710 5229 869 5283 tende
906 5243 1022 5294 qum
1050 5241 1255 5278 moneo.
1284 5227 1430 5279 Nulla
1460 5230 1568 5294 jam
1601 5225 1937 5280 imtnundttia
1994 5226 2268 5292 polluaris,

718 5319 858 5368 nulla
892 5316 1109 5368 libidine
1155 5315 1456 5376 maeulcris,
1483 5316 1549 5367 ab
1578 5316 1722 5368 omni
1752 5319 1818 5367 te
1864 5315 2042 5366 carnis
2091 5329 2273 5363 corru-

717 5405 856 5474 ptela
884 5408 1164 5474 suspende,
1201 5406 1268 5457 ab
1291 5407 1430 5457 oumi
1455 5396 1636 5458 carnis
1661 5407 2003 5474 corruptione
2027 5406 2268 5456 extrahe.

719 5493 952 5547 Luxuria
985 5497 1123 5548 ultra
1159 5510 1261 5548 non
1289 5493 1600 5556 invalescai,
1655 5497 1816 5548 libido
1877 5491 2009 5546 ultra
2067 5509 2167 5543 non
2226 5503 2275 5543 te

722 5582 985 5634 devincat.
1022 5584 1204 5637 Melius
1231 5584 1371 5636 enim
1415 5593 1496 5634 est
1521 5587 1650 5634 mori
1687 5600 1843 5650 quam
1896 5584 2110 5635 libidine
2168 5597 2274 5632 ma-

2363 4417 2669 4485 arrogantia
2717 4415 2974 4468 sublimes
3029 4413 3368 4477 humiliavit,
3420 4415 3693 4469 humilitas
3743 4429 3925 4468 casum

2363 4508 2557 4568 nescit,
2583 4505 2856 4560 humilitas
2892 4504 3098 4574 lapsum
3137 4520 3241 4559 non
3282 4505 3450 4558 novit.
3481 4507 3777 4574 Cognosce,
3821 4502 3927 4557 mi-

2364 4599 2608 4657 serande,
2641 4597 2767 4664 quia
2789 4594 3005 4649 humilis
3033 4595 3172 4648 Deus
3195 4597 3360 4667 venit.
3392 4597 3640 4657 Ambula,
3685 4593 3928 4648 sicutille

2367 4687 2686 4753 ambulavit;
2710 4699 2936 4755 sequere
2960 4686 3260 4755 exemplum
3292 4683 3428 4750 eius,
3460 4683 3672 4736 imitare
3700 4681 3925 4750 vestigia

2368 4777 2525 4832 illius.

2437 4868 2617 4920 Existe
2649 4866 2742 4919 tibi
2768 4865 2907 4928 vilis,
2936 4865 3106 4918 existe
3135 4863 3398 4932 abiectus,
3429 4862 3921 4934 existedespectus,

2369 4957 2587 5024 displice
2617 4956 2732 5018 tibi,
2757 4956 3040 5024 despectus
3062 4965 3178 5007 esto
3218 4952 3356 5020 apud
3412 4954 3769 5020 temetipsum.
3827 4949 3929 5016 Qui

2369 5049 2510 5100 enim
2543 5049 2642 5098 sibi
2671 5047 2786 5098 vilis
2815 5055 2915 5111 est,
2936 5055 3058 5098 ante
3091 5046 3252 5096 Deum
3281 5057 3516 5110 magnus.
3549 5043 3648 5108 Qui
3670 5041 3769 5096 sibi
3819 5041 3930 5092 disc

2372 5137 2549 5205 p'icet,
2606 5137 2714 5188 Deo
2750 5136 2943 5204 placet.
2979 5135 3104 5187 Esto
3147 5148 3276 5198 ergo
3305 5149 3499 5200 parvus
3530 5135 3580 5184 in
3611 5131 3778 5184 oculis
3803 5130 3931 5194 tuis,

2372 5227 2524 5280 utsis
2551 5242 2772 5294 magnus
2821 5227 2872 5279 in
2922 5224 3088 5277 oculis
3122 5223 3208 5276 Dei
3250 5240 3261 5274 :
3293 5233 3438 5277 tanto
3475 5224 3615 5278 enim
3650 5222 3755 5275 eris
3789 5216 3933 5290 apud

2375 5321 2537 5374 Donni
2565 5319 2870 5386 pretiosior,
2907 5325 3107 5383 quanto
3132 5314 3267 5380 apud
3312 5315 3554 5366 homines
3607 5309 3931 5380 despectior.

2361 5447 2365 5451 ι
2447 5409 2601 5460 Porta
2626 5423 2838 5476 semper
2867 5401 3241 5457 verecundiam
3292 5402 3522 5459 iu,vultu
3557 5402 3622 5456 de
3677 5397 3905 5455 recorda

2377 5500 2520 5551 tione
2545 5496 2756 5558 delicti;
2809 5505 2959 5564 porta
2993 5497 3245 5562 pudorem
3301 5494 3352 5545 in
3396 5491 3529 5546 facie
3562 5493 3627 5546 de
3673 5483 3936 5544 memoria

2379 5587 2648 5642 commissi
2681 5584 2902 5652 peccati.
2933 5582 3139 5637 Peccati
3165 5582 3366 5648 pudore
3394 5580 3577 5633 oculos
3630 5588 3748 5629 tuos
3776 5571 3936 5632 auol-
