4190 6260
1886 50 1893 51 ί
1904 50 1981 53 κηκ
1992 51 2604 66 Ἥκω-ἡ

400 218 512 280 681

1390 215 1835 276 EXIIORTATIO
1876 219 1968 274 AD
2000 218 2390 277 CONTEMPT.
2422 222 2638 291 ,TEMP.

3547 234 3649 288 h8!

401 342 524 391 tere
544 336 822 392 erubesco.
846 322 1036 389 lnocde
1061 333 1300 403 deposita
1332 330 1491 393 facie.
1543 330 1753 399 ahjecto
1801 331 1970 395 vultu,
2003 340 2043 397 Α
2073 347 2232 402 pone.
2265 333 2585 387 Irascentem
2618 331 2874 401 patientia
2896 334 3136 401 delinito,
3168 338 3530 394 blandimento
3551 358 3658 396 ira-

399 435 605 482 mmeto
643 440 760 489 ore,-
794 438 1051 498 percusso
1096 424 1280 485 corde,
1344 420 1554 490 lugubri
1605 431 1772 485 veste,
1821 434 1983 474 sacco

400 516 702 581 involutus,
733 522 953 592 opertus
1002 515 1181 568 cilicio
1230 528 1448 583 corpus,
1490 527 1704 581 semper
1751 512 1979 593 lugens,

396 619 626 675 semper
650 588 904 666 moerens,
937 618 1153 672 semper
1196 618 1437 673 gemens,
1495 617 1710 671 semper
1749 588 1979 670 suspiria

394 697 590 749 cordis
615 697 888 751 emittens.
918 695 1001 749 Sit
1027 696 1370 763 compunctio
1393 694 1653 762 incorde,
1681 694 1979 749 Iamentum

396 784 459 837 in
490 793 743 853 pectore;
772 784 1004 840 delectet
1033 793 1085 838 te
1119 799 1334 854 semper
1353 784 1603 853 planctus
1635 792 1690 836 et
1713 783 1906 837 luctus.

477 873 610 929 Esto
637 889 850 944 semper
895 881 1115 944 paratus
1164 876 1233 928 ad
1280 874 1567 943 Iacrymas.
1617 872 1895 928 Planctum
1926 882 1982 928 et

392 961 673 1035 Iacrymas
704 980 974 1034 nunquam
999 965 1236 1019 deseras.
1266 963 1420 1019 Nulla
1467 974 1520 1019 te
1542 980 1630 1019 res
1660 965 1726 1020 de
1756 973 1981 1034 peccato

392 1061 657 1109 securum
680 1056 863 1121 faciat,
892 1056 1248 1136 incessanter
1290 1057 1343 1111 in
1397 1057 1560 1135 corde
1616 1066 1707 1112 tuo
1751 1072 1876 1127 spes
1925 1066 1981 1111 et

391 1140 636 1206 formido
665 1132 988 1201 consistant.
1008 1144 1098 1200 Sic
1122 1160 1282 1214 spera
1306 1132 1752 1210 misericordiam,
1786 1155 1839 1199 et
1864 1151 1989 1213 me-'

395 1233 844 1302 luasjustitiam;
884 1236 963 1290 sic
998 1243 1049 1289 te
1079 1250 1202 1304 spes
1262 1234 1605 1305 indulgentia:
1661 1236 1863 1305 erigat,
1924 1245 1978 1289 et

390 1332 580 1378 metus
606 1327 863 1393 gehennae
891 1340 1102 1394 semper
1130 1324 1351 1395 adligat.

420 1458 423 1463 .
470 1414 531 1467 lu
557 1414 959 1469 iuliruiitatilms
985 1416 1090 1469 tuis
1120 1431 1225 1469 non
1251 1414 1612 1478 contristeris,
1665 1415 1718 1469 in
1746 1414 1966 1483 languo-

388 1501 555 1556 ribus
587 1503 692 1558 tuls‘
714 1504 917 1573 gratias
946 1519 1043 1573 age
1070 1506 1206 1570 Deo;
1240 1505 1420 1559 valere
1470 1516 1521 1558 te
1569 1505 1738 1573 magis
1790 1505 1974 1559 animo

384 1598 525 1653 opta
559 1605 717 1658 qua'u
739 1606 984 1658 corpore,
1010 1592 1187 1646 valere
1206 1602 1257 1646 te
1280 1592 1449 1661 magis
1463 1601 1588 1661 opta
1607 1602 1787 1647 mente
1810 1609 1969 1662 quam

2083 424 2330 478 cundiam
2355 423 2582 477 furentis
2607 422 2858 485 dissolve.
2909 426 3063 482 vince
3096 430 3388 499 nequitiam
3418 429 3653 498 lenitate,

2083 512 2237 567 vince
2266 512 2525 566 malitiam
2549 513 2807 567 bonitate.
2839 514 3147 583 Tranquilla
3191 522 3351 573 etiam
3382 530 3558 577 mente
3580 523 3657 575 lil-

2085 603 2223 657 latas
2244 602 2598 658 contumelias
2625 605 2809 672 prode.
2833 604 2991 674 Aperi
3020 610 3307 676 tranquillo
3330 613 3491 665 corde
3512 614 3658 667 dolo.

2084 707 2195 747 rem
2232 692 2649 761 injurize:valde
2698 694 2841 748 enim
2895 697 3128 750 comedit
3166 700 3418 754 animum
3463 703 3657 767 vulnus

2082 782 2364 837 inclusum.
2942 840 2946 855 ι
3328 834 3336 841 .

2145 873 2201 928 Si
2226 875 2623 930 contristaveris
2650 866 2870 931 fratrem
2904 886 3049 931 tuum
3073 878 3125 932 in
3153 880 3353 951 aliquo,
3411 897 3508 951 age
3536 899 3654 952 pce-

2083 964 2363 1019 nitentiam
2390 978 2569 1019 coram
2594 965 2704 1019 illo.
2728 966 2783 1020 Si
2810 966 3095 1022 offenderis
3117 969 3171 1042 iu
3201 969 3384 1036 fratre,
3416 974 3654 1028 reconci-

2081 1050 2151 1104 Iia
2174 1052 2294 1105 eum
2316 1052 2369 1105 in
2398 1066 2575 1120 prece.
2603 1051 2921 1109 OiTensionis
2941 1066 3041 1109 tua:
3063 1058 3169 1111 cito
3187 1060 3392 1115 veniam
3415 1062 3648 1130 pustula,

2081 1140 2364 1195 celerrimo
2394 1142 2695 1207 dilectionis
2728 1142 2938 1211 aﬁ‘ectu,
2981 1147 3278 1203 humilitate
3327 1152 3391 1203 ad
3434 1152 3655 1207 veniam"

2080 1246 2201 1285 eum
2252 1248 2517 1301 provoca,
2573 1234 2797 1305 supplici
2841 1235 3020 1290 animo
3072 1238 3277 1309 veniam
3337 1240 3643 1309 deprecare,

2078 1319 2270 1375 affectu
2307 1331 2668 1390 prosternere.
2842 1310 2845 1313 1
2983 1378 2986 1381 .

2148 1409 2352 1464 Potenti
2399 1412 2607 1466 veniam
2662 1414 2935 1481 placcnter
2987 1416 3239 1489 indulge,
3290 1431 3652 1479 revertentem

2074 1499 2253 1552 statim
2267 1500 2609 1571 amplectere,
2642 1504 2947 1559 redeuntem
2975 1508 3255 1562 confestim
3279 1509 3501 1580 benigna
3532 1528 3647 1567 sus—
3712 1552 3716 1557 »

2074 1588 2189 1656 cipe
2224 1590 2508 1645 charitate.
2565 1591 2779 1647 Dimitte
2808 1590 2865 1647 ut
2896 1596 3198 1652 dimittatur
3252 1600 3383 1666 tibi,
3431 1602 3644 1672 ignosce

386 1691 585 1733 came.
609 1680 892 1754 [Egritudq
921 1695 1142 1735 carnem
1174 1682 1441 1744 vulnerat,
1473 1692 1702 1736 mentem
1726 1684 1973 1753 castigat.
2012 1667 2050 1720 Β
2081 1687 2137 1732 ttl.
2162 1679 2473 1749 ignoscatur
2500 1681 2616 1755 tibi.
2668 1682 3053 1763 Indulgentiam
3090 1702 3194 1743 non
3250 1690 3490 1755 habebis,
3549 1692 3650 1747 nisi

394 1791 399 1793 Α
468 1770 528 1825 Si
556 1774 884 1841 prosperitas
906 1774 1167 1839 arriserit,
1193 1790 1297 1830 non
1327 1775 1635 1841 extollaris;
1661 1777 1706 1830 si
1735 1780 1977 1834 adversi-

390 1871 484 1917 tas
525 1864 804 1925 acciderit.
845 1880 949 1919 non
990 1866 1281 1935 dejiciaris.
1323 1867 1376 1920 Si
1426 1868 1708 1935 contigerit
1759 1870 1979 1924 calami-

390 1963 504 2019 tas,
538 1956 910 2027 pusillanimus
929 1973 1034 2013 non
1061 1959 1280 2013 existas.
1336 1959 1537 2014 llabeto
1578 1967 1975 2030 temperamen-

387 2054 511 2098 tum
538 2045 590 2099 iu
628 2048 923 2116 prosperis,
966 2047 1160 2102 habeto
1218 2048 1532 2118 patientiam
1591 2050 1645 2104 in
1710 2052 2007 2108 adversis.’

384 2133 624 2189 Probari
648 2148 699 2191 te
724 2138 775 2190 in
800 2138 984 2203 dolore
1010 2154 1298 2209 cognosce,
1331 2154 1399 2194 ne
1422 2141 1720 2197 exalteris.‘

462 2223 713 2295 [Equalis
736 2237 852 2282 esto
885 2228 936 2281 in
968 2230 1238 2293 omnibus,
1267 2239 1499 2285 mentem
1526 2247 1624 2287 nec
1650 2233 1846 2302 gaudio
1874 2249 1974 2290 nec

388 2316 560 2386 192
578 2332 807 2373 maerore
824 2333 1138 2375 commutes.
1178 2320 1367 2377 Omnia
1391 2324 1579 2391 mquali
1595 2322 1717 2391 jure
1738 2327 1966 2391 sustine,

385 2408 460 2462 ad
493 2408 697 2463 nullam
728 2410 1068 2465 lnsoleutiam
1092 2413 1463 2467 committeris.
1517 2414 1709 2470 Nullus
1736 2426 1789 2470 te
1809 2432 1971 2473 casus

383 2496 716 2566 imparatum
742 2501 999 2565 inveniat,
1025 2502 1200 2557 nullus
1228 2505 1299 2558 sit
1338 2503 1498 2559 caSus
1524 2520 1681 2574 quem
1730 2523 1836 2564 non
1863 2524 1974 2564 me-

385 2589 584 2645 ditatio
613 2599 703 2643 tua
735 2593 1053 2658 prmvenial.
1157 2660 1165 2664 _

460 2677 711 2745 Pmpouc
738 2678 830 2731 tibi
860 2679 1129 2736 nihilesse
1156 2682 1298 2751 quod
1323 2698 1427 2738 non
1472 2683 1645 2752 possit
1696 2687 1963 2741 accidere.

378 2763 444 2835 In
475 2764 731 2819 secundis
763 2766 1024 2822 meditare
1055 2784 1163 2837 quo
1190 2780 1348 2839 pacto
1391 2773 1617 2826 adversa
1657 2772 1827 2837 feras;
1885 2775 1962 2829 fu~

384 2862 543 2906 turas
568 2842 780 2923 se‘mper
800 2856 1211 2913 comminiscere
1242 2861 1507 2915 miserias.
1538 2860 1965 2917 Ceditadversus

382 2958 552 2999 casus
581 2945 835 3011 consilio;
862 2947 1210 3003 advenientes
1234 2951 1466 3019 impetus
1488 2951 1686 3019 frangit
1740 2967 1963 3020 praame-

381 3033 601 3089 dilatio.
632 3034 700 3089 Et
720 3036 786 3089 ad
819 3037 957 3091 bona
988 3038 1253 3106 igitur,~et
1277 3040 1341 3094 ad
1373 3039 1509 3094 mala
1534 3055 1630 3095 cor
1657 3050 1803 3093 tuum
1826 3056 1964 3109 prte-

380 3138 521 3194 para
539 3128 559 3192 ;'
588 3134 643 3179 et
672 3127 808 3181 bona
837 3138 890 3183 et
918 3128 1053 3182 mala
1078 3140 1235 3198 prout
1256 3131 1510 3186 eveniunt
1529 3141 1712 3200 porta;
1738 3130 1961 3186 adversa

383 3224 442 3271 et
462 3231 742 3286 prospera,
762 3225 819 3272 ut
838 3229 1150 3293 occurrunt,
1173 3221 1366 3286 tolera;
1393 3221 1749 3288 quodcunque
1772 3207 1961 3276 evene-

384 3311 461 3364 rit
488 3310 699 3366 sustine
725 3322 906 3389 mente
932 3313 1129 3368 libera.
1287 3374 1291 3378 ,
1834 3322 1844 3345 ‘

459 3397 521 3453 Si
547 3400 868 3465 praevenerit
889 3400 1191 3473 iracundia,
1216 3395 1476 3474 restringe
1508 3404 1652 3462 illam
1676 3410 1966 3480 ;siprteoc-

385 3492 689 3560 cupaverit,
718 3491 900 3558 mitiga
930 3507 1071 3546 eam.
1111 3493 1373 3563 Tempera
1411 3494 1669 3557 furorem.
1722 3510 1962 3568 tempera

386 3579 844 3649 indignationem,
876 3582 1067 3637 cohibe
1119 3584 1280 3636 animi
1322 3595 1543 3648 motum,
1596 3586 1806 3641 refrena
1858 3590 1964 3642 ira-

381 3672 600 3726 cundia:
644 3665 923 3744 impetum.
980 3672 1035 3727 Si
1086 3688 1192 3728 non
1250 3682 1399 3741 poles
1449 3676 1583 3727 iram
1631 3678 1831 3740 vitare,
1879 3677 1961 3731 vel

385 3771 658 3831 tempera;
693 3764 736 3817 si
769 3778 873 3816 non
900 3772 1052 3832 potes
1096 3761 1331 3815 furorem
1373 3777 1585 3827 cavere,
1615 3759 1709 3817 vel
1748 3766 1957 3819 cohibe.

385 3851 546 3905 Disce
574 3851 711 3905 mala
739 3850 878 3903 ferre
902 3851 1078 3917 potius
1125 3866 1285 3918 quam
1324 3848 1554 3916 referre;
1600 3851 1750 3906 disce
1814 3854 1955 3907 mala

384 3941 561 4009 magis
590 3940 817 3993 tolerare
839 3953 999 4008 quam
1026 3929 1222 3992 facere.

454 4027 581 4081 Esto
597 4036 924 4094 mansuetus,
948 4038 1063 4081 esto
1075 4029 1433 4096 patiens,esto
1458 4031 1626 4097 mitis,
1650 4042 1765 4097 esto
1779 4036 1959 4090 mode-

280 4150 293 4156 κ
378 4122 519 4172 stus.
560 4115 722 4173 Serva
736 4116 1237 4185 patientiam,serva
1256 4119 1961 4194 modestiam..Despicepro-

380 4202 483 4265 bra.
500 4209 657 4266 illata:
679 4212 1031 4296 contumeliae.
1075 4212 1305 4284 Sagittas
1325 4216 1660 4271 contumeliae
1691 4204 1963 4288 pat‘ientirc

2081 1772 2313 1826 dederis.
2338 1772 2404 1826 Et
2430 1774 2472 1827 si
2505 1773 2589 1828 ille
2624 1758 3037 1847 nonTsupplicet,
3068 1782 3112 1835 si
3163 1782 3261 1835 sibi
3294 1783 3485 1837 dimitti
3541 1801 3644 1839 non

2079 1863 2329 1933 postulet,
2355 1865 2411 1918 si-
2432 1865 2751 1935 deprecandi
2804 1869 3161 1925 humilitatem
3194 1888 3298 1926 non
3352 1874 3567 1938 habeat,
3600 1877 3645 1929 si

2079 1968 2354 2024 peccatum
2381 1973 2535 2012 suum
2567 1960 2703 2012 mala
2753 1961 3076 2015 conscientia
3123 1978 3225 2017 non
3268 1974 3553 2033 agnoscat;
3590 1973 3643 2019 tu

2079 2044 2257 2100 relaxa
2288 2061 2349 2100 ex
2382 2048 2561 2112 corde,
2614 2058 2669 2102 tu
2695 2049 2901 2104 dimitte
2929 2066 2994 2105 ex
3028 2048 3248 2115 animo,‘
3276 2063 3327 2107 tu
3359 2056 3525 2124 gratis
3559 2055 3642 2107 in-

2076 2134 2250 2205 dulge,
2273 2144 2327 2189 tu
2354 2138 2562 2192 v‘eniam
2589 2155 2654 2193 ex
2680 2142 2894 2211 propria
2926 2143 3199 2197 voluntate
3219 2146 3468 2200 concede.

2124 2222 2259 2278 .Non
2301 2232 2535 2280 retentes
2563 2232 2743 2281 cordis
2804 2238 2858 2282 et
2910 2231 3167 2299 dolorem,
3213 2234 3365 2287 auter
3398 2249 3424 2286 a
3485 2236 3646 2290 corde

2074 2313 2367 2370 fraternam
2395 2314 2765 2384 offensionem,
2801 2317 2989 2372 alienae
3020 2322 3270 2389 nequitim
3320 2338 3426 2375 non
3461 2337 3643 2379 serves

2074 2408 2312 2463 dolorem
2346 2422 2360 2461 :
2391 2409 2571 2463 odium
2595 2412 2739 2463 enim
2776 2423 2805 2462 a
2837 2425 3001 2480 regno
3032 2411 3119 2464 Dei
3154 2412 3423 2470 hominem
3477 2430 3637 2483 sepa-

2074 2498 2178 2567 rat,
2210 2515 2240 2555 a
2272 2501 2407 2557 coelo
2432 2502 2716 2576 subtrahit,
2740 2516 2770 2556 a
2802 2502 3058 2571 paradiso
3085 2501 3252 2570 ejicit.
3306 2502 3499 2559 Odium
3540 2521 3642 2562 nec

2070 2593 2319 2661 passione
2345 2594 2632 2659 adimitur,’
2649 2608 2747 2648 nec
2770 2595 3027 2664 martyrio
3054 2595 3319 2662 expiatur.

2139 2681 2275 2747 Quid
2301 2683 2399 2737 zeli
2429 2683 2656 2738 referam
2686 2677 2868 2753 ignes?
2918 2685 3116 2739 Invidia
3140 2695 3328 2740 cuncta
3379 2686 3636 2744 virtutum

2068 2770 2308 2837 germina
2338 2764 2682 2836 concremati
2711 2772 2909 2827 invidia
2932 2784 3125 2827 cuncta
3164 2772 3302 2827 bona
3326 2771 3519 2826 ardore
3542 2786 3638 2841 pc-

2066 2859 2250 2914 stifero
2280 2861 2518 2914 devorat.
2549 2862 2674 2916 Haec
2710 2865 2941 2931 primum
2973 2866 3072 2919 sibi
3109 2876 3284 2928 nocet,
3324 2865 3553 2933 primum
3580 2877 3640 2917 se

2065 2947 2293 3015 mordet,
2330 2950 2503 3018 primo
2538 2964 2692 3002 suum
2728 2951 2867 3003 rodit
2893 2960 3190 3006 auctorem.
3221 2952 3422 3006 Invidia
3446 2951 3638 3004 anima:

2068 3040 2207 3095 tinea
2233 3048 2338 3103 est,
2383 3055 2596 3095 sensum
2625 3040 2874 3103 comedit,
2907 3048 3095 3105 pectus
3125 3041 3249 3103 urit,
3278 3041 3639 3095 mentematii.

2065 3132 2157 3198 cit,
2184 3146 2280 3186 cor
2307 3132 2539 3186 hominis
2566 3132 2713 3200 quasi
2741 3132 2983 3200 quaedam
3021 3131 3184 3199 pestis
3206 3130 3464 3198 depascit.

2135 3218 2395 3276 O'ccurrat
2416 3236 2544 3290 ergo
2569 3230 2754 3275 contra
2795 3221 2965 3273 zelum
2994 3220 3232 3283 bonitas;
3267 3218 3522 3275 adversus
3552 3217 3634 3272 in-

2065 3315 2261 3369 vidium
2292 3293 2890 3383 prmpareturcbaritas.
2923 3311 3114 3366 Pacem
3138 3326 3276 3375 ama,
3339 3324 3522 3379 pacem
3550 3309 3632 3361 di-

2066 3402 2191 3472 Iige,
2228 3418 2412 3471 pacem
2450 3418 2569 3457 cum
2595 3403 2846 3456 omnibus
2872 3403 3063 3462 retine,
3088 3414 3274 3455 omnes
3301 3399 3353 3452 in
3383 3412 3633 3452 mansuc-

2068 3493 2248 3546 tudine
2281 3500 2335 3546 et
2357 3492 2621 3546 charitale
2652 3489 2995 3560 amplectere.
3021 3488 3135 3543 Non
3161 3490 3235 3543 sis
3272 3488 3323 3542 in
3356 3502 3486 3556 pace
3516 3486 3633 3539 inii-

2064 3584 2183 3636 dus.
2261 3585 2391 3637 Esto
2451 3582 2643 3636 affectu
2705 3591 3022 3650 promptus,
3087 3593 3401 3648 semperque
3462 3578 3633 3631 retine

2061 3661 2333 3732 vinculum
2361 3671 2692 3729 constantia.
2723 3666 2926 3722 Habeto
2968 3668 3160 3722 mentis
3193 3666 3630 3736 placabilitatem,

2063 3757 2222 3809 animi
2249 3756 2647 3824 benignitatem.
3242 3768 3243 3771 ‘
3482 3804 3487 3807 _

2128 3843 2369 3899 Affabilis
2389 3856 2505 3899 esto
2536 3846 2587 3898 in
2615 3859 2891 3907 sermone;
2923 3854 3076 3911 grato
3101 3844 3279 3921 animo
3324 3843 3390 3895 ad
3440 3857 3631 3898 omnes
3698 3834 3699 3837 “

2062 3950 2280 4004 appare,
2332 3934 2664 4004 fugerrixas,
2711 3936 2818 3988 vita
2866 3934 3011 3996 lites,
3057 3949 3186 3987 cave
3236 3934 3627 3998 contentiones,

2063 4024 2188 4079 tolle
2215 4025 2322 4079 litis
2351 4025 2681 4080 occasiones.
2716 4024 2884 4078 Litem
2916 4040 3128 4093 sperne,
3166 4025 3284 4079 vive
3331 4039 3542 4093 semper
3571 4025 3624 4080 in

2062 4131 2215 4184 pace,
2251 4118 2301 4170 iu
2330 4117 2468 4171 nulla
2492 4118 2709 4172 actione
2724 4117 2938 4170 studeas
2994 4118 3289 4170 decertare.
3344 4114 3626 4171 Contentio

2064 4206 2184 4262 lites
2218 4210 2375 4279 parit,
2410 4210 2552 4262 rixas
2578 4209 2763 4279 gignit,
2792 4208 2936 4262 faces
2964 4207 3208 4261 odiorum
3234 4207 3500 4271 accendit,
3533 4224 3627 4277 pa-

379 4301 568 4373 clypeo
590 4302 795 4371 frange.
810 4305 990 4375 Praepa
998 4322 1053 4359 ra
1066 4316 1249 4361 contra
1264 4308 1484 4362 verbum
1497 4323 1745 4378 asperum
1760 4328 1821 4381 pa
1831 4313 1953 4366 tien-

2064 4313 2178 4381 cem
2199 4300 2378 4355 cordis
2402 4300 2709 4369 exstinguit,
2734 4299 3074 4358 concordiam
3101 4298 3319 4367 rumpit.

340 4428 343 4431 -
381 4390 755 4466 timclypeum;
784 4396 1182 4463 contra-linguae
1204 4395 1435 4465 gladium
1472 4398 1743 4466 patientia:
1778 4402 1954 4469 praebe

378 4493 613 4551 scutum.
654 4484 912 4550 Quamvis
937 4488 1163 4557 quisque
1200 4487 1409 4553 incitet,
1442 4490 1951 4559 quamvis.exaspe-

380 4582 483 4653 ret,
514 4576 1017 4653 quamvisinsultet,
1049 4578 1297 4651 quamvis
1324 4579 1677 4646 convicietur,
1708 4570 1969 4649 quamvis.

382 4652 746 4730 criminetur,
788 4652 1035 4737 quamvis
1069 4670 1148 4723 ‘ad
1178 4667 1329 4725 litem
1383 4682 1655 4738 provocet,
1705 4664 1951 4739 quamvis

344 4754 347 4755 ⁷
380 4754 681 4807 convicium
712 4756 881 4820 dicat,
917 4759 1161 4827 quamvis
1185 4756 1438 4827 iniuriam
1473 4759 1656 4824 faciat,
1704 4763 1952 4831 quamvis

379 4842 721 4895 contumeliis
748 4835 975 4911 alliciat,
1004 4856 1058 4899 tu
1091 4847 1211 4911 sile,
1246 4858 1298 4900 tu
1355 4856 1493 4913 tace,
1543 4834 1850 4915 contemne,
1891 4860 1949 4904 tu

380 4927 651 4995 dissimula
684 4933 955 5002 injuriam,
988 4954 1092 4990 non
1119 4940 1467 5007 respondeas,
1499 4941 1800 4996 convicium
1842 4957 1947 4996 non

379 5028 711 5087 retorqueas.
745 5023 993 5081 Tacendo
1033 5030 1190 5081 citius
1222 5031 1423 5083 vinces.

448 5107 603 5162 Disce
650 5124 679 5161 a
709 5109 926 5167 Christo
978 5117 1339 5179 tolerantiam,
1406 5119 1553 5173 disce
1603 5120 1943 5176 modestiam.

377 5190 645 5257 Christum
677 5210 911 5273 attende,
937 5220 986 5263 et
1028 5226 1135 5263 non
1164 5211 1344 5265 doleas
1380 5212 1445 5264 de
1488 5210 1714 5278 injuriis.
1756 5214 1946 5269 Consi-

342 5350 346 5354 Α
379 5291 650 5347 deratione
673 5293 915 5361 iustitiae,
946 5293 1192 5363 dolorem
1228 5309 1487 5366 tempera.
1520 5299 1768 5353 Inimicos
1795 5303 1942 5355 omni

378 5377 631 5439 modestia
651 5383 826 5452 placa,
858 5386 991 5438 mala
1042 5382 1267 5442 alierum
1320 5398 1410 5440 tuo
1463 5388 1604 5441 bono
1652 5404 1937 5459 exsupero.

2130 4371 2186 4442 Si
2211 4388 2466 4443 ceciderit
2488 4389 2734 4465 inimicus
2765 4399 2908 4454 tuus,
2940 4389 3049 4443 noli
3072 4390 3359 4459 gratulari;
3394 4388 3445 4444 in
3471 4390 3622 4442 ruina

2053 4478 2348 4533 adversarii
2382 4481 2488 4535 noli
2518 4482 2733 4546 extolli;
2759 4483 2829 4535 sit
2856 4484 2948 4536 tibi
2983 4483 3152 4552 magis
3189 4495 3313 4551 erga
3358 4481 3626 4535 humilita-

2012 4592 2015 4593 ν
2058 4578 2162 4624 tem
2188 4569 2302 4637 ejus
2334 4572 2598 4640 humanus
2622 4573 2861 4627 affectus.
2890 4572 3099 4627 Saliare
3128 4574 3339 4626 ﬂetibus
3366 4572 3416 4624 in
3435 4572 3620 4623 alienis

2052 4662 2393 4725 maeroribus.
2417 4663 2532 4717 Non
2561 4666 2631 4718 sit
2678 4666 2769 4718 tibi
2802 4664 3033 4719 ferreum
3082 4672 3282 4731 pectus,
3327 4676 3429 4714 non
3486 4661 3618 4713 dura

2051 4752 2363 4820 prtecordia.
2408 4750 2498 4806 Sic
2552 4753 2779 4807 alienam
2830 4753 2946 4820 lnge
2998 4750 3268 4803 miseriam
3300 4791 3315 4815 ,
3366 4758 3617 4817 tanquam
3688 4792 3695 4797 .

2059 4848 2222 4891 tuatn.
2261 4838 2390 4892 Cum
2420 4824 2670 4895 ﬂentibus
2710 4840 2791 4905 fle,
2826 4839 3125 4909 Ingentibus
3152 4839 3345 4891 mentis
3368 4835 3615 4918 allectum

2051 4931 2329 5000 coniunge.

2120 5020 2177 5073 In
2197 5019 2444 5074 omnibus
2490 5021 2698 5076 actibus
2728 5023 2853 5086 tuis,
2891 5023 2940 5075 in
2992 5022 3136 5092 omni
3196 5035 3357 5090 opere
3403 5029 3513 5081 tuo,
3562 5018 3611 5068 iu

2049 5113 2192 5165 omni
2229 5111 2633 5165 conversatione
2663 5124 2753 5166 tua
2777 5114 2985 5167 imitare
3006 5114 3199 5177 bonos,
3217 5112 3467 5165 aemulare
3491 5123 3613 5159 san-

2049 5215 2185 5258 ctos.
2212 5203 2330 5266 Sint
2364 5201 2456 5255 tibi
2497 5200 2717 5256 Patrum
2763 5205 3030 5272 exempla,
3085 5204 3375 5269 disciplina:
3422 5199 3611 5249 incita-

2027 5306 2250 5360 menta.
2310 5293 2519 5347 Nullum
2571 5295 2693 5348 vitae
2747 5296 3067 5349 scandalizet
3106 5292 3350 5351 infamia,
3406 5288 3605 5340 utilium

2046 5386 2225 5453 Opinio
2248 5386 2528 5441 contristet
2550 5372 2793 5439 adversa.
2825 5387 2997 5445 Disce,
3023 5386 3198 5442 homo,
3228 5379 3450 5447 ﬂagrare
3480 5392 3607 5445 prae-

2043 5477 2220 5541 conio,
2248 5476 2611 5531 testimonium
2636 5478 2830 5532 bonum
2864 5478 3071 5529 habeto.
3122 5470 3291 5522 Nullis
3343 5470 3476 5522 fama
3518 5479 3603 5523 tua

2044 5566 2364 5627 obscuretur
2397 5567 2676 5622 fetoribus.
2705 5566 2860 5621 nullis
2888 5564 3152 5619 laceretur
3176 5552 3495 5626 upprobriis.

3208 5651 3286 5708 ‘22

352 5502 353 5505 η
443 5468 581 5557 (ἔμω
603 5488 733 5544 ergo
759 5475 1047 5542 derogatur
1070 5478 1185 5541 tibi,
1214 5490 1266 5531 tu
1297 5494 1421 5540 ora;
1456 5494 1577 5533 cum
1601 5479 1941 5534 maledicitur

380 5562 494 5632 tibi,
522 5576 574 5621 tu
600 5558 849 5629 benedic;
875 5563 1212 5618 maledicenti
1245 5566 1337 5619 tibi
1368 5567 1794 5622 henedletionem
1835 5584 1933 5638 op-
1979 5618 1984 5623 .

688 5666 695 5672 ’
772 5659 1040 5721 ΡΔτιιοι.
1078 5657 1345 5719 CLVIII.
1376 5692 1380 5697 -
