4190 6190
926 253 982 309 S.
1026 254 1323 313 ANSELMI
1363 261 1712 318 CANTUAR.
1755 263 2072 321 ARClilEP.
2110 268 2260 325 OPP.
2309 269 2507 326 PARS.
2545 271 2606 328 il.
2632 304 2692 314 —
2724 275 3091 334 ΡΑΒᾸΞΝΕΤ.
3122 279 3210 336 ET
3245 281 3488 340 ASCET.

3731 292 3829 351 684

631 378 773 424 Cave
809 371 1035 442 gloriam
1065 375 1399 442 popularem,
1424 376 1690 465 vitavulgi
1715 378 2146 465 admirationem,
2179 388 2225 445 Α
2255 381 2560 452 fallaciam,
2605 387 2812 442 declina
2838 391 3195 447 mendacium.
3237 393 3380 451 Cave
3421 394 3643 465 falsum,
3674 399 3830 457 'nun-

565 456 775 537 favores
803 469 1105 523 contemne,
1144 475 1263 515 esse
1315 465 1487 534 magis
1537 457 1709 519 bonus
1758 459 1918 536 quam
1975 471 2144 524 videri

561 549 735 604 stude.
764 548 875 600 Non
908 559 956 600 tc
979 548 1130 617 favor
1157 551 1400 615 seducat,
1434 569 1530 607 nec
1558 555 1882 623 vituperatio
1907 555 2140 626 frangat.

560 639 660 704 Qui
698 639 901 690 laudem
956 655 1061 692 non
1111 642 1335 709 appetit,
1379 659 1476 695 nec
1515 638 1906 698 ’contumeliam
1957 648 2140 702 sentit.

560 726 812 779 Discerne
839 735 887 781 te
917 736 1006 780 tuo
1033 743 1135 780 non
1159 724 1577 794 alienojudicio.
1621 730 1734 784 Non
1796 747 1861 786 ex
1911 733 2140 789 aliorum

554 815 644 868 sed
676 824 853 868 extua
895 825 944 869 te
977 827 1152 868 mente
1193 817 1384 869 metire
1977 833 1981 839 ·

621 906 806 974 Qualis
841 904 1029 960 haberi
1051 907 1147 986 vis,
1202 906 1318 961 talis
1348 917 1483 962 esto.
1536 909 1932 966 Professioncm
1991 922 2137 968 tuam

549 1006 605 1052 et
633 997 814 1050 habitu
848 1008 898 1049 et
933 993 1142 1051 ince‘Ssu
1172 997 1514 1064 demonstra;
1567 1015 1636 1056 ne
1685 1002 1932 1071 praebeas
1984 1004 2050 1059 de
2085 1014 2138 1060 te

549 1083 935 1161 spectaculum,
971 1107 1074 1146 non
1107 1093 1203 1148 des
1235 1093 1353 1146 aliis
1384 1089 1730 1150 obtrectandi
1759 1095 1960 1152 locum.
2013 1097 2136 1154 Vita

549 1182 735 1244 malos,
777 1195 907 1236 cave
938 1182 1174 1251 iniquos,
1219 1185 1483 1238 bonorum
1535 1187 1868 1241 consortium
1919 1200 2130 1259 appete,

547 1273 805 1327 bonorum
838 1274 1151 1328 societatem
1190 1275 1427 1344 require,
1482 1276 1686 1331 sanctis
1717 1269 1995 1333 individue
2035 1280 2132 1335 ad—

547 1363 710 1415 iiaare.
736 1361 923 1416 Melius
953 1372 1034 1417 est
1057 1363 1257 1418 habere
1281 1363 1542 1418 malorum
1591 1365 1774 1420 odium
1810 1380 1971 1435 quam
1999 1382 2131 1422 con-

544 1452 793 1506 sortium.
1076 1450 1078 1452 ’

615 1545 695 1598 Ab
717 1543 888 1599 otioso
916 1544 1079 1599 etiam
1123 1559 1376 1600 sermone
1410 1545 1654 1618 linguam
1703 1561 2006 1618 compesce,
2066 1549 2131 1604 ab

544 1634 715 1689 otioso
746 1635 908 1689 verbo
937 1635 1170 1707 linguam
1204 1636 1459 1706 reprime.
1507 1636 1800 1717 §ermones
1828 1638 2131 1707 impudicos

543 1742 756 1798 respue,
784 1727 904 1797 fuge
927 1728 1208 1782 inhonesta
1234 1730 1422 1782 verba.
1479 1727 1555 1783 Ne
1580 1729 1791 1797 garrias
1821 1730 1982 1784 verba
2013 1730 2130 1785 ina-
2164 1717 2204 1775 Β

543 1822 630 1873 nia
656 1834 670 1871 :
696 1834 864 1874 vanus
892 1819 1036 1874 enim
1074 1834 1254 1874 sermo
1284 1819 1391 1874 cito
1442 1819 1631 1890 polluit
1661 1831 1919 1887 mentem,
1971 1830 2024 1877 et
2051 1820 2130 1876 fa-

543 1910 836 1981 cileagitur
883 1911 1026 1978 quod
1065 1910 1296 1970 libenter
1347 1912 1663 1978 exauditur;
1718 1911 1820 1967 hoc
1871 1913 2130 1994 procedat

539 2016 605 2054 ex
637 1995 987 2071 labiis,q'uod
1015 2015 1176 2056 aures
1224 2016 1329 2055 non
1379 2001 1584 2070 polluat
1630 2001 1921 2058 audientis.
1973 2001 2127 2060 Evita

540 2076 786 2156 minima,
819 2106 886 2146 ne
932 2092 1216 2168 pervenias
1257 2093 1324 2147 ad
1383 2093 1605 2163 majora.
1665 2091 1795 2163 Qua;
1851 2093 2126 2164 loqueris,

539 2184 776 2239 existant
798 2185 955 2254 digna
981 2195 1142 2254 atque
1178 2185 1457 2256 gravidata
1491 2186 1734 2240 doctrina

607 2259 692 2329 Sit
727 2289 904 2328 sermo
933 2283 1053 2328 tuus
1083 2274 1596 2345 irreprehensibilis,
1623 2273 1695 2329 sit
1736 2274 2127 2345 exspectationi

537 2361 869 2416 audientium
896 2362 1066 2416 utilis.
1099 2362 1356 2418 Discerne
1388 2363 1516 2432 quid
1565 2362 1829 2433 loqueris,
1887 2363 2016 2434 quid
2048 2372 2128 2419 ta-

535 2463 678 2514 ceas,
709 2457 763 2502 et
793 2449 846 2503 in
879 2447 1147 2518 loquendo
1174 2458 1228 2504 et
1254 2450 1304 2504 in
1336 2451 1565 2506 tacendo
1588 2452 1796 2521 peritus
1828 2459 1968 2506 esto.
1995 2450 2127 2505 Mul-

535 2547 650 2592 tum
680 2546 804 2593 ante
827 2537 1070 2593 delibera
1094 2539 1221 2607 quid
1247 2539 1430 2604 dicas;
1459 2540 1511 2592 in
1543 2538 1687 2592 nulla
1721 2552 1780 2592 re
1806 2539 2123 2594 contendas.

535 2628 715 2684 Labiis
745 2629 850 2684 tuis
893 2628 1226 2701 signaculum
1277 2631 1457 2699 praebe
1508 2631 1706 2701 linguae
1754 2638 1881 2697 tum,
1925 2630 2123 2686 silentii

532 2721 766 2776 claustra
824 2734 1070 2792 Oppone,
1121 2720 1489 2777 circumclude
1540 2723 1783 2793 linguam
1826 2722 2126 2779 munitione

533 2811 811 2868 custodia.
842 2811 1197 2883 interrogatio
1217 2827 1279 2867 os
1307 2821 1455 2866 tuum
1483 2813 1710 2883 aperiat.

606 2901 728 2957 Sint
755 2902 917 2957 verba
945 2910 1030 2956 tua
1057 2917 1250 2972 pauca.
1277 2900 1679 2973 Muitlioqnium
1726 2916 1834 2957 non
1887 2901 2125 2958 declinat

535 3000 834 3063 peceatum.
899 2991 1203 3062 Linguosus
1231 2992 1394 3046 homo
1423 2991 1708 3062 imperitus
1756 2999 1842 3048 est
1866 3009 1881 3046 :
1907 2991 2123 3061 sapiens

536 3083 724 3154 paucis
755 3083 927 3137 utitur
971 3083 1185 3150 verbis;
1238 3083 1382 3157 loqui
1429 3082 1678 3149 multum,
1717 3069 1813 3138 ἐει
1864 3083 2120 3148 stultitia;

534 3173 756 3229 brevem
812 3187 1120 3229 sermonem
1167 3171 1295 3228 facit
1357 3175 1608 3230 scientia.
1663 3173 1946 3245 Imperitos
1991 3175 2125 3230 satis

532 3264 847 3334 perstrepit,
872 3273 924 3319 et
973 3262 1110 3317 nihil
1139 3278 1300 3318 sensu
1355 3265 1509 3320 dicit.
1558 3263 1672 3321 Vox
1730 3265 2038 3335 insipientis
2071 3265 2123 3318 in

536 3353 1040 3424 multiplicationem
1064 3353 1353 3408 sermonis.
1380 3353 1610 3423 Semper
1632 3352 1800 3408 verba
1859 3361 1949 3406 tua
2004 3343 2123 3407 mo:

534 3447 750 3512 derare,
783 3453 999 3501 maneat
1035 3444 1087 3499 in
1118 3446 1285 3501 verbo
1314 3461 1590 3509 mensura,
1617 3445 1669 3499 in
1701 3459 1954 3524 sermone
2009 3453 2121 3500 sta-

500 3553 505 3557 ’
536 3545 669 3590 tera.

605 3627 849 3682 Alienam
863 3626 1030 3694 vitam
1055 3639 1160 3680 non
1187 3626 1414 3691 laceres,
1438 3626 1503 3679 de
1527 3624 1669 3680 malo
1697 3625 1874 3681 alieno
1899 3639 1959 3679 os
1974 3633 2121 3679 tuum
2147 3661 2150 3664 ~

532 3733 663 3774 non.
687 3717 1030 3786 coinquincs;
1058 3732 1165 3772 non
1189 3716 1444 3770 detrahas
1467 3717 1735 3783 peccanti,
1759 3715 1851 3769 sed
1873 3714 2120 3770 condolc.

534 3809 688 3877 Quod
753 3809 805 3862 in
869 3808 973 3863 alio
1001 3807 1259 3869 detrahis,
1290 3807 1341 3860 in
1375 3815 1425 3860 te
1449 3806 1788 3875 pertimesce.
1819 3803 1995 3860 Grave
2015 3807 2122 3861 cri-

533 3913 656 3952 men
681 3905 764 3951 est
791 3897 1080 3961 detractio,
1121 3896 1301 3966 gravis
1339 3893 1618 3947 damnatio
1669 3903 1753 3948 est
1805 3895 2068 3948 detractio
2105 3913 2116 3948 :

534 3988 639 4042 hoc
663 3987 860 4041 foedius
887 3986 1021 4040 nihil
1052 3994 1159 4051 est,
1190 3986 1292 4039 hoe
1351 3998 1577 4039 summa:
1620 3983 1970 4062 turpitudinis
2015 3995 2115 4041 est.

530 4077 738 4135 Canum
771 4094 888 4134 mos
913 4091 996 4135 est
1027 4080 1286 4139 lacerare,
1340 4091 1535 4130 canum
1581 4074 1796 4145 linguas
1838 4091 2116 4146 exercere,

529 4184 729 4226 canum
762 4171 919 4224 dente
949 4167 1206 4240 pestifero
1235 4166 1507 4220 mordere.

582 4251 828 4328 ‘Quando
849 4260 936 4314 alii
986 4257 1249 4322 detrahis,
1315 4264 1365 4311 le
1401 4256 1640 4322 discute;
1688 4257 1906 4327 quando
1951 4257 2115 4312 alium

2247 489 2409 544 quam
2456 479 2757 534 mentiaris.
2804 481 2931 537 Esto
2978 482 3033 537 in
3077 483 3241 540 verbo
3292 499 3489 555 verax,
3537 482 3826 550 neminem

2249 564 2556 618 mentiendo
2585 567 2756 622 fallas.
3717 603 3720 605 λ

2316 653 2549 712 Prohibe
2583 657 2984 727 juramentum,
3041 647 3585 734 tollejusjurandum.
3650 667 3734 724 Sit
3768 671 3822 727 in

2243 759 2337 800 ore
2361 754 2452 800 tuo
2472 788 2486 812 ,
2509 759 2617 815 est;
2644 750 2717 804 sit
2741 751 2791 805 in
2813 767 2909 809 ore
2937 761 3057 820 tuo,
3088 773 3190 810 non
3215 769 3309 812 est.
3335 757 3451 816 Non
3478 761 3554 817 sis
3574 760 3628 817 in
3646 765 3825 821 verbis

2242 834 2439 903 facilis,
2465 847 2519 894 et
2541 839 2593 894 in
2617 854 2782 911 opere
2803 833 3051 902 difficilis.
3077 845 3134 901 in
3159 855 3315 920 turpe
3336 859 3523 907 votum
3555 859 3707 909 muta
3730 852 3824 912 de-

2240 937 2471 983 cretum.
3246 964 3250 967 ·

2308 1017 2380 1072 lbi
2407 1034 2569 1089 pecca
2587 1061 2601 1087 ,
2633 1023 2722 1078 ubi
2741 1023 3025 1082 Dominum
3051 1042 3173 1084 esse
3195 1031 3397 1087 neseis.
3423 1028 3582 1091 Videt
3606 1037 3822 1098 occulta

2238 1109 2328 1200 qui
2358 1109 2485 1165 fecit
2515 1112 2831 1172 abscondita
2863 1134 2882 1200 ἦ
2930 1127 2986 1174 et
3024 1120 3068 1175 si
3099 1129 3152 1176 te
3196 1136 3300 1177 non
3343 1119 3564 1182 damnat
3605 1129 3819 1200 publica

2239 1197 2380 1253 fama
2402 1239 2416 1265 ,
2444 1201 2767 1259 condemnet
2790 1197 2964 1263 tamen
2989 1211 3209 1280 propria
3237 1215 3588 1273 conscientia.

2307 1288 2362 1342 In
2387 1291 2535 1345 omni
2558 1307 2723 1363 opere
2743 1301 2861 1363 tuo,
2886 1296 2978 1352 Dei
3003 1299 3269 1355 auxilium
3307 1317 3495 1372 posce;
3525 1308 3704 1364 omnia
3730 1309 3820 1365 di-

2236 1376 2374 1433 vince
2395 1379 2603 1450 gratiae,
2636 1380 2818 1438 divino
2837 1385 2978 1442 dono
3014 1389 3226 1446 ascribe
3245 1391 3284 1462 ἢ
3298 1393 3432 1448 nihil
3471 1397 3680 1455 meritis
3713 1401 3823 1458 tuis
3859 1421 3866 1426 ’

2233 1469 2531 1538 attribuas,
2561 1472 2616 1526 in
2655 1473 2858 1532 virtute
2884 1485 2972 1532 tua
2995 1479 3128 1534 nihil
3152 1496 3474 1552 praesumas.
3887 1469 3894 1472 ’

2306 1557 2434 1614 Sine
2480 1565 2916 1623 consideratione
2956 1567 3150 1624 virium
3197 1571 3330 1627 nihil
3384 1577 3619 1633 voveris.
3671 1579 3819 1638 inter

2235 1647 2477 1707 infideles
2499 1665 2913 1725 computantur,
2954 1658 3044 1728 qui
3087 1660 3229 1729 quod
3255 1663 3518 1721 voverunt
3568 1678 3673 1724 non
3719 1670 3819 1725 im-

2234 1737 2530 1808 pleverunt.
2565 1741 2789 1799 Occulta
2826 1745 3056 1802 virtutes
3085 1762 3196 1818 prae
3239 1750 3492 1809 elatione.
3530 1756 3820 1816 Absconde

2233 1827 2371 1881 bona
2398 1828 2535 1886 facta
2572 1847 2682 1904 prae
2733 1835 3083 1905 arrogantia;
3123 1836 3248 1909 fuge
3288 1828 3459 1897 vide'ri
3509 1846 3652 1916 quod
3693 1862 3819 1905 esse

2232 1919 2495 1974 meruisti.
3462 1951 3464 1953 ’
3512 1955 3516 1958 ν

2308 2005 2444 2062 Vitia
2475 2008 2654 2066 cordis
2674 2011 2750 2067 tui
2781 2013 2991 2084 revela,
3041 2031 3238 2088 pravas
3281 2020 3637 2091 cogitationes
3668 2026 3816 2084 illico

2233 2096 2540 2155 manifesta.
2567 2099 2624 2154 Si
2650 2111 2828 2172 patet,
2856 2105 3042 2161 vitium
3087 2106 3147 2162 ιιι
3173 2123 3240 2164 ex
3282 2125 3480 2183 magno
3517 2114 3812 2185 pusillum;

2230 2187 2274 2242 si
2300 2187 2428 2243 latet
2460 2227 2476 2255 ,
2509 2188 2571 2245 ιιι
2592 2205 2659 2246 ex
2680 2193 2903 2250 minimo
2927 2211 3179 2268 magnum
3885 2185 3892 2194 ’

2300 2277 2603 2349 Ancipitem
2621 2279 2710 2336 diu
2725 2281 2961 2340 delibera
2983 2287 3328 2344 sententiam.
3355 2290 3508 2358 Quod
3539 2293 3623 2350 vis
3644 2309 3814 2366 agere

2232 2368 2324 2423 diu
2351 2371 2596 2440 exquire.
2629 2371 2784 2452 absit
2812 2373 2865 2429 in
2897 2375 3056 2432 bonis
3085 2380 3342 2450 segnities
3381 2382 3640 2451 remissa;
3665 2385 3815 2441 absit

2233 2470 2451 2531 torpens
2474 2463 2822 2542 negligentia.
2851 2465 2909 2522 in
2929 2467 2985 2524 id
3006 2470 3148 2541 quod
3169 2473 3408 2542 expedit,
3459 2473 3678 2534 diderre
3705 2477 3808 2533 im-

2227 2550 2394 2619 pedit.
2418 2550 2632 2606 Desidia
2654 2551 2899 2624 frigescit
2923 2555 3194 2628 ingenium
3219 2574 3236 2625 ;
3258 2560 3580 2631 negligentia
3607 2573 3666 2620 et
3696 2573 3817 2621 tor-

2229 2651 2328 2706 por
2367 2638 2611 2695 dissolvit
2654 2643 2915 2698 animum.

2297 2725 2441 2783 Nihil
2502 2730 2765 2802 sapientia
2808 2732 3030 2801 melius,
3089 2735 3223 2792 nihil
3250 2737 3532 2808 prudentia
3561 2740 3804 2812 duiciusf;

2229 2819 2361 2875 nihil
2410 2820 2634 2877 scientia
2684 2821 2937 2890 suavius;
2987 2825 3120 2881 nihil
3159 2826 3384 2885 stultitia
3432 2830 3619 2901 pejus,
3667 2832 3808 2887 nihil

2229 2911 2440 2980 ignavia
2491 2912 2720 2983 turpius.
2764 2912 3013 2972 Indoctus
3066 2914 3224 2973 facile
3272 2903 3571 2992 decipitur,
3609 2925 3811 2981 stultus

2233 3003 2284 3057 in
2325 3001 2455 3058 vitia
2489 3002 2599 3059 cito
2627 3003 2900 3060 dilabitur.
2957 3079 2961 3083 η

2300 3095 2431 3163 Quae
2449 3109 2543 3151 ore
2567 3096 2803 3164 promis,
2844 3112 3008 3168 opere
3052 3099 3318 3172 adimple;
3355 3103 3517 3159 verba
3553 3113 3640 3161 tua
3667 3121 3808 3176 pra:-

2227 3184 2422 3240 cedant
2463 3198 2648 3255 opera.
2690 3185 2835 3242 Cave
2875 3202 2943 3242 ne
2971 3189 3096 3243 dum
3131 3189 3267 3246 alios
3309 3192 3556 3250 docendo
3603 3195 3805 3267 erigis,

2229 3276 2344 3346 ipse
2370 3273 2543 3330 laudis
2578 3277 2816 3346 appetitu
2843 3279 3126 3350 mergaris.

2296 3367 2440 3422 Cede
2470 3366 2578 3420 cito
2597 3367 2849 3432 veritati;
2874 3369 2927 3424 in
2958 3362 3320 3441 disputatione
3349 3374 3476 3431 tolle
3501 3385 3804 3446 certamen,

2228 3453 2352 3509 tolle
2395 3457 2724 3521 pertinacem
2775 3458 3164 3517 defensionem.
3220 3463 3346 3520 l’lus
3396 3465 3558 3538 dilige
3613 3468 3808 3526 audire

2225 3558 2388 3612 quam
2410 3544 2593 3600 dicere
2617 3561 2634 3611 ;
2667 3545 2720 3598 in
2749 3547 3012 3617 principio
3035 3551 3182 3616 audi,
3211 3551 3430 3620 loquere
3453 3555 3804 3616 novissimus.

2224 3628 2438 3684 Primus
2469 3639 2677 3697 taceas,
2717 3643 3050 3702 prostremus
3069 3636 3234 3692 dicas.

2292 3717 2452 3774 Juxta
2480 3721 2796 3791 dignitatem
2820 3716 2984 3779 redde
3007 3727 3298 3798 unicuique
3321 3730 3602 3787 honorem.
3656 3712 3803 3791 Cede

2223 3808 2489 3878 majorum
2536 3811 2880 3879 auctoritati,
2931 3815 3228 3884 obsequere
3269 3817 3551 3875 voluntati.
3602 3820 3802 3878 Malum

2221 3907 2401 3953 autem
2427 3897 2606 3954 facere
2634 3899 2819 3970 jussus
2850 3916 2957 3957 non
2993 3901 3326 3974 acquiescas.
3382 3907 3578 3963 Malum
3614 3908 3802 3979 jussus

2222 3988 2403 4046 facere
2425 4005 2528 4046 non
2561 3992 2888 4048 consentias.

2293 4079 2439 4134 Tene
2465 4080 2680 4134 modum
2720 4081 2771 4134 in
2802 4081 2948 4136 omni
2980 4097 3168 4153 opere,
3215 4083 3269 4138 in
3312 4087 3459 4140 omni
3495 4101 3552 4140 re
3597 4087 3802 4143 discre-

2222 4167 2421 4224 tionem
2459 4176 2599 4223 tene.
2645 4166 2796 4234 Quod
2842 4170 2936 4225 tibi
2983 4173 3064 4226 vis
3110 4172 3259 4240 fieri,
3299 4173 3384 4228 fac
3427 4175 3605 4229 alteri.
3653 4174 3802 4232 Talis

2220 4268 2336 4313 esto
2354 4256 2494 4322 aliis,
2527 4257 2713 4328 quales
2733 4269 2886 4329 optas
2900 4276 3021 4316 esse
3046 4261 3177 4317 alios
3197 4263 3340 4318 circa
3365 4272 3432 4318 te.
3462 4264 3605 4320 Cave
3629 4266 3800 4322 hono-

531 4351 768 4415 mordes,
798 4359 882 4402 tua
911 4356 1128 4417 peccata
1159 4347 1442 4416 redargue.
1477 4346 1533 4400 Si
1559 4348 1642 4401 vis
1687 4348 1997 4413 detrahere,
2049 4349 2116 4403 ad
2150 4377 2195 4436 ο
2223 4362 2310 4403 res
2339 4387 2353 4412 ,
2389 4363 2524 4416 quos
2583 4356 2765 4402 tenere
2808 4364 2915 4403 non
2957 4359 3128 4420 potes.
3176 4351 3489 4410 Sublimitas
3531 4354 3798 4410 honorqu

533 4452 623 4498 tua
649 4452 867 4513 peccata
897 4450 948 4495 te
980 4450 1264 4508 retorqne;
1316 4453 1421 4492 non
1478 4438 1706 4502 alterius
1755 4439 1972 4504 delicta,
2023 4442 2117 4495 sed

531 4534 744 4602 prepria
769 4546 951 4586 cerne.
987 4528 1124 4583 Vitia
1154 4539 1264 4588 tua.
1292 4543 1396 4582 non
1429 4528 1603 4582 aliena
1637 4529 1878 4586 intende.

602 4621 885 4690 Nunquam
914 4619 1005 4672 alii
1038 4619 1312 4684 detrahes,
1365 4615 1410 4670 si
1467 4619 1604 4673 bene
1654 4627 1704 4673 te
1759 4621 2114 4689 perspexeris.
2158 4632 2163 4636 ‘

532 4714 608 4766 De
651 4723 737 4765 tua
767 4725 895 4779 ergo
923 4709 1258 4763 correctione
1286 4710 1565 4773 sollicitus,
1610 4710 1675 4764 de
1706 4718 1791 4764 tua
1837 4711 2008 4765 salute
2037 4713 2117 4765 in-

536 4810 740 4866 tentus,
793 4799 1200 4854 susurrantibus
1235 4801 1474 4855 auditum
1522 4816 1624 4854 non
1680 4803 1941 4869 praebeas.
1993 4801 2116 4856 Pari

535 4903 690 4947 reatu
745 4889 1092 4946 detrahentes
1152 4899 1434 4956 tenentur,
1489 4902 1544 4943 et
1590 4893 1890 4944 audientes.
1946 4891 2117 4946 Tanta

534 4999 661 5037 cura
705 4983 916 5054 corrige
981 4993 1068 5036 tua
1137 4983 1285 5048 vitia,
1352 4993 1552 5051 quanto
1615 4984 1789 5036 studio
1855 4983 2117 5052 prospicis

535 5073 728 5128 aliena.

611 5165 765 5234 193
804 5165 945 5219 Cave
971 5179 1184 5234 quoque
1228 5165 1279 5218 in
1312 5166 1564 5220 omnibus
1591 5165 1961 5230 mendacium;
1996 5170 2117 5219 nec

551 5270 684 5319 casu,
705 5269 801 5307 nec
825 5255 1000 5310 studio
1025 5256 1262 5324 loquaris
1287 5255 1500 5311 falsum.
1517 5255 1726 5309 Nullum
1743 5259 1945 5324 justum
1971 5273 2116 5311 men-

547 5347 786 5411 lacium;
843 5360 1000 5399 omne
1045 5347 1377 5400 mendacium
1440 5354 1524 5400 est
1569 5357 1867 5414 peccatum.
1928 5346 2116 5401 Omnis

535 5438 679 5491 enim
696 5439 783 5506 qui
803 5439 1077 5502 mentitur,
1095 5439 1292 5491 occidit
1316 5440 1571 5492 animant.
1599 5437 1663 5490 Et
1690 5455 1701 5489 :
1735 5437 1927 5490 Perdes
1942 5455 2113 5492 omnes

537 5527 623 5594 qui
657 5527 940 5594 loquuntur
981 5527 1310 5581 mendacium
1372 5528 1542 5596 (l’sal.
1581 5544 1642 5593 ν,
1668 5529 1720 5596 7)
1749 5544 1763 5592 ;
1791 5536 1894 5599 ὀιε
1952 5528 2113 5582 Testis

540 5617 703 5683 jalsus
735 5634 833 5671 non
857 5620 949 5670 erit
982 5608 1264 5688 impunitus
1290 5614 1475 5682 (Prov.
1504 5634 1620 5683 XIX,
1654 5621 1728 5689 5).
1756 5620 1960 5690 llefuge
1985 5636 2113 5688 ergo

2222 4439 2536 4507 magnitudo
2560 4447 2641 4492 est
2663 4439 2946 4494 scelerum.

2291 4530 2429 4596 Quid
2452 4530 2636 4585 differs
2677 4531 2729 4584 in
2769 4527 3108 4586 crastinum?
3133 4531 3294 4588 Potes
3321 4532 3516 4590 lucrari
3560 4544 3615 4591 et
3649 4537 3795 4594 diem

2223 4622 2562 4676 hodiernum.
2589 4621 2896 4675 Cavendum
2927 4631 3009 4677 est
3036 4623 3179 4677 enim
3211 4639 3277 4679 ne
3303 4633 3358 4679 et
3394 4625 3542 4680 illum
3575 4643 3679 4683 non
3713 4638 3796 4683 te-

2223 4731 2374 4781 neas,
2393 4716 2607 4770 ethunc
2624 4716 2865 4770 amittas.
2891 4714 3004 4771 Non
3028 4716 3283 4786 exiguum
3298 4717 3680 4780 detrimentum
3706 4729 3791 4775 est

2221 4805 2304 4859 vel
2341 4805 2487 4858 hora:
2515 4804 2692 4858 unius.

2294 4894 2490 4948 Diebus
2509 4909 2636 4964 ergo
2656 4903 2708 4948 et
2741 4894 2990 4949 noctibus
3018 4893 3181 4948 Deum
3207 4909 3432 4964 precare
3451 4935 3465 4959 ,
3512 4901 3566 4948 et
3607 4893 3793 4950 oculos

2222 4999 2249 5037 a
2277 4982 2570 5052 petulantia
2609 4982 2858 5052 reprime.
2892 4981 3037 5036 Tolle
3056 4983 3419 5046 occasionem,
3453 4982 3604 5036 aufer
3622 4994 3793 5037 mate-

2223 5076 2355 5128 riam
2381 5074 2740 5143 delinquendi.
2773 5073 2965 5127 Omnia
2989 5089 3093 5126 non
3132 5074 3436 5128 turbulento
3467 5075 3666 5137 animo,
3695 5073 3790 5126 sed

2223 5166 2506 5235 tranquillo
2535 5166 2695 5219 corde
2719 5165 2941 5232 dispone
2965 5183 2979 5228 ;
3013 5179 3110 5218 nec
3133 5179 3455 5233 quemquam
3489 5164 3790 5220 districﬁus

2213 5255 2425 5324 judices
2449 5271 2608 5323 quam
2641 5263 2709 5306 te.

2292 5350 2476 5402 Brevis
2508 5359 2590 5401 est
2619 5347 2777 5416 hujus
2805 5349 2985 5402 mundi
3013 5346 3264 5410 felicitas,
3301 5349 3506 5402 modica
3528 5357 3610 5402 est
3633 5347 3787 5414 huius

2217 5441 2397 5496 saeculi
2424 5441 2612 5506 gloria.
2638 5441 2848 5494 Caduca
2867 5449 2946 5492 cst
2969 5449 3021 5492 et
3047 5438 3248 5507 fragilis
3272 5439 3578 5508 temporalis
3602 5423 3788 5507 poten-

2221 5533 2310 5585 lia.
2341 5531 2432 5584 Dic
2459 5530 2545 5584 ubi
2581 5540 2702 5584 sunt
2731 5529 2920 5595 rcges?
2969 5529 3054 5582 ubi
3086 5529 3388 5597 principes?
3427 5530 3513 5583 ubi
3559 5531 3786 5600 impera-

2221 5623 2400 5676 tores?
2433 5622 2519 5673 ubi
2553 5635 2732 5674 rerum
2762 5603 3118 5688 locupletes?
3141 5620 3228 5672 ubi
3271 5630 3512 5687 potentes
3563 5618 3785 5676 Stcculil
