4190 6222
360 11 533 19 κΑ--Ὴ
546 10 1003 25 -α-ῗτ--ι-νωφ--μψνρ-...μ-..ι
1018 16 1117 25 4;...
1132 20 1203 25 him

612 362 717 420 695

611 475 742 529 llaec
774 476 913 529 inter
937 490 1053 544 qua:
1087 487 1279 533 cuncta
1302 494 1462 534 senex
1494 478 1829 532 incommoda
1848 486 2033 541 sentit,

680 546 846 630 Urget
873 579 993 617 eum
1027 565 1253 629 scabies,
1289 568 1450 622 tussis
1485 568 1674 621 anhela
1701 567 1897 637 quatit.

607 644 965 719 ingratusque
986 652 1098 706 suis
1114 654 1303 708 morbo
1326 669 1422 715 con
1432 654 1599 709 fectus
1618 665 1675 707 et
1700 655 1875 713 annis.

680 740 1040 811 Conqueritur
1067 743 1187 797 vitze
1215 754 1454 815 tempora
1478 746 1631 815 longa
1659 761 1790 799 suae.

610 831 791 885 Labile
820 832 990 887 forma
1020 826 1238 899 bonum,
1272 822 1478 904 species
1513 837 1729 892 inimica
1762 837 1950 908 pudori
1984 836 2072 901 ¹⁹³,
2118 838 2123 851 '

681 919 820 973 Utile
842 921 1094 989 virtutum
1117 936 1257 991 saepe
1284 925 1529 997 retardat;
1554 924 1687 990 iter,
1824 922 1829 927 ’
1998 922 2011 933 ⁵

609 1007 761 1062 Nunc
788 1010 1085 1078 insensatos
1119 1010 1289 1078 inllat,
1317 1029 1459 1068 nunc
1488 1008 1663 1082 turpia
1692 1015 1921 1079 suadet;

682 1098 830 1168 Saepe
856 1102 1016 1155 etiam
1050 1103 1214 1157 fortes
1238 1104 1580 1172 prmcipitare
1612 1104 1768 1158 solet.

608 1189 671 1244 Et
697 1205 839 1245 mors
860 1204 914 1245 et
935 1194 1152 1247 morbus
1191 1194 1333 1261 rapit
1362 1194 1524 1258 hanc,
1551 1202 1606 1247 et
1628 1200 1824 1248 masta
1859 1191 2135 1258 senectus;

672 1279 810 1334 Mille
831 1282 969 1349 perit
1000 1283 1197 1346 causis,
1224 1297 1323 1336 nec
1347 1292 1529 1336 manet
1558 1276 1647 1337 illa
1671 1282 1863 1337 dium.
1933 1351 1936 1354 ἢ

604 1366 710 1441 Nec
732 1369 867 1422 bona
901 1372 1071 1423 lorma
1100 1369 1295 1434 Deum,
1342 1371 1434 1424 sed
1467 1385 1619 1424 mens
1645 1370 1857 1426 sincera
1886 1382 2123 1426 meretur
2155 1389 2175 1426 τί

670 1456 898 1511 Justitiae
921 1458 1017 1512 soli
1050 1459 1155 1512 vita
1187 1459 1343 1513 beata
1368 1459 1544 1513 datur.
1600 1494 1603 1496 .
1666 1533 1670 1537 ⁴

604 1545 681 1599 Tu
707 1561 855 1617 reges
882 1558 1069 1602 atavos
1101 1564 1389 1612 memoras,
1420 1564 1746 1620 magnosque
1776 1559 2027 1621 parentes
2046 1591 2060 1615 ,

680 1637 744 1690 Et
771 1653 903 1691 vana
929 1637 1110 1692 carnis
1138 1638 1420 1691 nobilitate
1448 1647 1639 1693 tumes.
1752 1658 1753 1661 η
1946 1624 1951 1633 ³

614 1725 788 1782 ilescis
812 1717 1127 1783 cunctorum
1159 1730 1304 1798 quod
1334 1729 1404 1782 sit
1427 1727 1909 1797 communis‘origo
1934 1729 2023 1794 ⁸⁸⁸,

671 1819 831 1874 Ortus
857 1821 1146 1893 eﬁoccasns
1171 1820 1330 1885 unus,
1354 1830 1407 1875 et
1434 1834 1541 1873 una
1564 1833 1711 1895 caro.
1932 1818 1937 1823 ’

605 1910 738 1976 Quid
771 1912 861 1966 tibi
890 1913 1174 1978 nobilitas,
1194 1923 1247 1967 et
1268 1913 1471 1967 clarum
1487 1924 1680 1965 nomen
1695 1924 1955 1977 avorum‘,

671 2001 727 2056 Si
751 2004 897 2057 vitiis
925 1997 1116 2058 servus
1142 2004 1318 2058 factus
1343 2018 1403 2057 es
1436 2003 1557 2071 ipse
1576 2002 1719 2056 tuis?
1808 2058 1853 2081 μ

600 2091 815 2147 Nobilis
840 2103 955 2158 est,
976 2094 1141 2147 animi
1163 2094 1409 2162 quisquis
1445 2092 1646 2147 virtute
1672 2091 1937 2163 refulget;

671 2184 913 2252 Degener
939 2195 1020 2239 est
1040 2185 1204 2244 solus,
1228 2185 1315 2238 cui
1353 2183 1492 2242 maia
1522 2186 1627 2239 vita
1664 2185 1841 2254 placet

609 2271 708 2326 Nec
739 2289 935 2341 genus,
958 2286 1015 2327 at
1044 2274 1110 2306 ³⁸⁸
1136 2262 1313 2330 mores
1341 2284 1634 2330 veneratur
1662 2277 1810 2331 curia
1838 2275 1992 2341 cmli;

673 2363 735 2416 Et
759 2366 951 2419 coelum
969 2366 1163 2435 justus,
1198 2381 1302 2420 non
1332 2382 1626 2435 generosus
1653 2368 1837 2423 habet.

600 2451 702 2506 Sed
732 2467 835 2507 nec
863 2447 1181 2522 pi'zepositus
1211 2469 1298 2509 mo
1334 2442 1424 2520 tis,
1459 2455 1836 2526 scelerumque
1857 2457 2001 2513 mini;
2023 2467 2105 2511 ter
2147 2519 2151 2522 ν

670 2540 840 2597 Vexat
870 2543 1181 2601 damnatum
1208 2544 1392 2611 mitius
1422 2543 1714 2615 ingenium.

596 2631 784 2688 Nullus
808 2634 854 2688 ei
889 2622 1135 2687 servatur
1161 2633 1354 2695 honor,
1396 2618 1695 2686 reverentia
1720 2633 1893 2697 nulla;

667 2723 776 2777 Nec
816 2724 986 2791 magis
1008 2734 1093 2776 est
1120 2730 1266 2775 tutus
1292 2722 1574 2776 nobilitate
1606 2738 1728 2776 sua.

602 2812 707 2867 Sed
732 2813 898 2868 fortes
918 2814 1182 2868 humeros
1200 2828 1531 2881 nervosaque
1566 2815 1631 2846 ¹⁹⁷
1662 2815 1883 2871 brachia
1901 2815 2097 2885 jactas.

668 2903 844 2973 Atque
875 2904 947 2957 tui
980 2903 1122 2958 vires
1145 2905 1387 2974 corporis
1415 2907 1674 2962 eximias.

600 2993 743 3048 Bella
776 2993 961 3061 refers,
988 2996 1326 3066 domitosque
1352 2998 1535 3066 duces,
1562 2988 1857 3070 gentesque
1884 3000 2165 3056 subactas:

672 3084 1006 3155 Maximaque
1037 3080 1263 3155 imperio
1293 3089 1504 3143 subdita
1531 3104 1695 3167 regna
1729 3100 1840 3145 tuo.

597 3172 712 3229 Non
738 3176 901 3239 bove,
925 3192 1027 3231 non
1059 3179 1209 3233 asino
1242 3188 1293 3232 ιιι
1318 3178 1537 3244 fortior;
1572 3188 1809 3234 attamen
1835 3178 1952 3235 illos
1984 3179 2053 3211 ⁸⁸⁸

669 3266 785 3333 Ipse
813 3267 945 3319 satis
971 3266 1056 3319 vili
1087 3268 1264 3321 cernis
1293 3270 1396 3321 emi
1428 3270 1494 3301 ‘9’
1525 3271 1718 3337 pretio.

601 3354 693 3409 Sic
726 3369 1055 3423 quiecunque
1076 3355 1204 3410 feris
1234 3366 1410 3411 tecum
1437 3357 1754 3412 ‘communia
1784 3359 1972 3412 cernis
2044 3342 2050 3346 ’

670 3445 779 3499 Nec
811 3447 1007 3501 mirare
1035 3446 1214 3515 nimis,
1239 3463 1337 3502 nec
1360 3451 1590 3518 pretiosa
1620 3457 1768 3519 puta.

601 3536 751 3602 Quod
773 3536 816 3592 si
842 3538 1130 3593 vissensus
1147 3578 1162 3602 ,
1197 3540 1445 3608 viresque
1470 3542 1749 3595 attendere
1776 3541 1974 3605 carnis,

670 3628 1009 3697 Exsuperant
1037 3628 1216 3682 multa:
1256 3644 1351 3684 nos
1384 3631 1434 3683 in
1464 3640 1692 3701 utroque
1720 3630 1862 3685 ferre.

602 3716 715 3772 Nos
740 3728 792 3770 et
824 3716 945 3786 equi
974 3718 1042 3749 ¹⁰⁰
1068 3718 1286 3781 vincunt
1315 3719 1525 3775 veloces
1553 3730 1787 3789 prirpetc
1810 3736 1993 3788 cursu,

672 3806 739 3861 Et
770 3796 960 3861 melius
994 3808 1146 3862 nobis
1169 3810 1318 3863 audit
1347 3810 1563 3879 oletque
1593 3810 1763 3864 cauis.

602 3896 735 3963 Quis
760 3896 883 3948 velit
913 3896 1079 3967 iratos
1108 3897 1249 3952 lucta
1280 3908 1489 3953 tentare
1523 3899 1725 3953 leones.

672 3986 962 4040 Tcrrlb‘les
986 4003 1137 4042 ursos
1158 3990 1225 4020 ὀί
1258 3988 1651 4056 fulmineasque
1679 4002 1821 4041 sues.
1904 3986 1912 3993 ’

604 4078 726 4131 Sola
756 4077 919 4130 animi
945 4086 1029 4130 est
1064 4079 1256 4141 virtus,
1288 4094 1391 4146 qua
1423 4094 1519 4133 nos
1544 4078 1905 4148 praeponimus
1932 4076 2064 4142 il'is;

676 4168 879 4221 Cietera
916 4154 1298 4235 sumequidem
1330 4177 1509 4223 nostra
1542 4169 1747 4223 minora
1778 4168 1928 4223 satis.
2027 4235 2031 4238 ν

602 4257 791 4327 Jejuua
829 4264 1079 4324 triduum,
1110 4268 1279 4313 totum
1314 4259 1423 4313 ruit
1458 4260 1599 4312 unde
1627 4258 1916 4327 superbis:
1966 4262 1967 4265 “

674 4354 772 4409 Vix
807 4349 1018 4409 tenuem
1066 4355 1134 4384 ²⁰¹
1168 4352 1350 4405 ﬂatum
1369 4352 1480 4421 jam
1520 4352 1783 4405 moriture
1803 4352 1989 4405 trahis.

603 4442 752 4509 Quod
781 4445 824 4498 si
850 4444 932 4498 vel
963 4443 1151 4495 leviter
1182 4440 1251 4470 ὀδ
1280 4448 1330 4491 te
1358 4439 1622 4507 decoquat
1657 4440 1810 4509 ignea
1838 4438 2025 4501 febris,

671 4531 865 4586 Statim
891 4543 1212 4595 marcesces,
1246 4524 1387 4580 illico
1419 4527 1593 4580 nullus
1613 4528 1740 4580 eris.

574 4608 707 4677 sSed
744 4637 863 4676 cum
900 4630 951 4674 te
980 4619 1179 4672 victum
1211 4616 1358 4668 vitiis
1389 4616 1740 4670 succumbere
1763 4617 1937 4672 cernis
1963 4657 1978 4681 ,

673 4712 839 4767 Mirer
868 4751 883 4776 ,
916 4720 965 4764 te
1000 4710 1193 4762 fortem
1220 4706 1377 4771 dicis,
1401 4714 1587 4761 etesse
1617 4717 1790 4776 putas.

603 4800 745 4854 Bella
773 4788 936 4856 libido
956 4796 1163 4867 mureti;
1198 4805 1249 4849 tu
1281 4795 1498 4865 primos:
1521 4798 1666 4852 cedis
1707 4800 1774 4853 ad
1804 4800 1962 4862 ictus,

948 365 1006 421 S.
1040 365 1342 435 ANSELMI
1384 366 1731 423 CANTUAR.
1769 364 2085 423 ARCHIEP.
2134 360 2287 420 OPP.
2334 360 2514 418 PARS
2545 360 2603 417 11.

1859 364 2085 423 .CHIEP.
2134 360 2287 420 ore.
2334 360 2514 418 rans
2545 360 2607 417 ιι.
2646 334 2720 404 -έ
2754 361 3116 419 ΡΑΒΕΝΕΤ.
3152 362 3241 417 nr
3272 362 3514 420 ascsr.

1418 456 1462 533 is
1494 478 1829 532 incommoda
1848 486 2033 541 sentit,
2146 500 2149 502 >
2192 477 2251 543 Α
2349 472 2414 525 Et
2437 482 2523 527 tua
2550 473 2645 527 das
2664 471 2810 527 foedo
2835 470 2971 528 colla
3000 456 3294 544 premenda
3318 475 3471 543 iugo.
3564 487 3567 491 ‘

3744 360 3843 417 696

2285 560 2374 615 Sic
2391 570 2447 615 et
2477 564 2719 618 avaritia:
2745 564 2938 629 servis,
2970 565 3049 618 sic
3070 565 3304 619 motibus
3334 565 3450 628 irae,

2352 650 2444 705 Sic
2468 649 2603 707 facis
2627 653 2867 708 ardentis
2899 655 3047 723 jussa
3062 654 3327 723 pudenda
3340 654 3499 722 gulze.

2280 740 2678 797 Fcuitua‘dulce
2705 743 2925 810 malum,
2948 753 3183 799 mentem
3214 732 3497 811 roburque
3527 742 3683 823 virile

2348 830 2422 884 Fr
2442 832 2571 901 angit
2591 833 2862 889 blanditiis
2888 834 3149 889 insidiosa
3175 835 3307 909 suis.
3386 864 3389 865 ν

2277 918 2520 983 Femina,
2548 918 2635 974 fax
2661 920 2875 976 Satanae
2900 922 3128 990 gemmis
3158 922 3513 989 radiantibus,
3541 937 3698 988 auro,

2347 1009 2599 1065 Vestibus
2634 1018 2692 1064 ut
2724 1013 2894 1081 possit
2922 1012 2991 1057 υ*
3019 1014 3248 1082 perdere
3268 1022 3477 1084 compta
3511 1013 3695 1069 venit:

2277 1099 2427 1165 Quod
2454 1110 2642 1155 natura
2674 1102 2775 1169 sibi
2803 1100 3019 1172 sapiens
3044 1103 3216 1168 dedit,
3265 1104 3352 1158 illa
3382 1102 3641 1159 reformat
3667 1119 3690 1160 ι

2346 1185 2613 1257 Quidquid
2640 1196 2696 1243 et
2723 1190 2935 1258 accepit
2971 1190 3290 1247 dedecuisse
3316 1199 3492 1261 putat.
3580 1218 3583 1220 >
3628 1234 3631 1235 ν
3752 1188 3755 1193 ’

2278 1274 2619 1345 Pungitacu,
2646 1286 2701 1332 et
2728 1268 3095 1336 fucoliventes
3118 1283 3189 1314 ”‘
3214 1282 3387 1337 reddit
3404 1282 3637 1339 ocellos:
3662 1296 3666 1304 ‘

2346 1366 2436 1421 Sic
2467 1362 2765 1434 oculorum,
2800 1370 2993 1439 inquit,
3025 1374 3395 1443 gratiam‘ajor
3418 1374 3542 1429 erit.
3689 1378 3693 1384 ’

2208 1520 2211 1523 δ
2273 1454 2369 1510 Est
2392 1456 2552 1510 etiam
2584 1466 2800 1513 teneras
2833 1474 2994 1515 aures
3027 1461 3120 1529 qui
3147 1461 3405 1533 perforet,
3437 1472 3497 1517 ut
3524 1464 3604 1518 sic

2340 1546 2449 1602 Aut
2475 1553 2665 1602 aurum
2693 1559 2786 1603 aut
2811 1550 3008 1605 chartis
3040 1551 3268 1620 pendeat
3297 1552 3422 1607 inde
3445 1551 3602 1621 lapis.

2270 1635 2450 1690 Altera
2471 1637 2681 1707 jejunat
2718 1639 2935 1703 misere,
2965 1641 3268 1711 minuitque
3290 1657 3538 1719 cruorem
3560 1682 3583 1707 ,

2344 1726 2406 1780 Et
2426 1742 2652 1796 prorsus
2686 1744 2856 1799 quare
2876 1724 3094 1805 palleat,
3124 1732 3235 1801 ipsa
3260 1717 3431 1789 facit.
3494 1730 3497 1731 ⁷

2202 1806 2246 1861 Β
2275 1816 2408 1871 Nam
2440 1811 2689 1887 quienon
2722 1821 2888 1889 pallet
2916 1823 3021 1877 sibi
3044 1823 3243 1878 rustica
3272 1822 3733 1894 qumque'videtur
3759 1838 3784 1891 ;

2318 1941 2321 1944 ‹
2346 1909 2446 1969 Hic
2475 1910 2650 1976 decet,
2679 1913 2765 1967 hic
2795 1914 2942 1968 color
2968 1925 3051 1970 est
3082 1929 3242 1970 verus
3266 1916 3520 1982 amantis,
3549 1917 3647 1973 ait.
3688 1944 3693 1950 -
3834 1912 3835 1915 “

2277 1996 2402 2054 Hiec
2440 2016 2660 2070 quoque
2695 1998 2924 2058 diversis
2951 2019 3046 2059 sua
3081 2005 3332 2060 sordibus
3364 2006 3537 2061 inlicit
3564 2021 3676 2077 ora.

2348 2088 2454 2144 Sed
2482 2091 2687 2158 quare?
2713 2092 2902 2145 melior
2924 2095 3184 2161 qumritur
3212 2086 3342 2150 arte;
3358 2095 3524 2150 color.

2102 2250 2103 2253 η
2273 2179 2406 2231 Arte
2433 2178 2779 2247 supercilium
2802 2180 3046 2243 rarescit,
3075 2197 3263 2243 rursus
3290 2193 3344 2237 et
3366 2179 3502 2239 arte.

2348 2269 2408 2323 ln
2437 2270 2723 2323 minimum
2753 2282 3015 2328 mammas
3035 2260 3240 2340 colligit
3264 2273 3378 2341 ipsa
3406 2288 3553 2329 suas.

2274 2359 2404 2413 Arte
2429 2359 2644 2428 quidem
2676 2359 2861 2414 videas
2888 2360 3073 2429 nigros
3099 2358 3391 2433 ﬂavescere
3413 2362 3615 2427 crines,

2345 2449 2546 2503 Nititur
2572 2449 2686 2519 ipSa
2712 2465 2811 2505 suo
2842 2452 3078 2515 membri:
3110 2467 3328 2509 movere
3352 2452 3499 2510 loco.
3708 2514 3711 2515 ν

2276 2538 2368 2594 Sic
2395 2539 2568 2609 fragili
2598 2541 2669 2572 ³⁸⁸
2697 2541 2867 2611 pingit
2894 2551 3034 2597 totas
3067 2541 3120 2596 in
3153 2557 3380 2611 corpore
3404 2551 3587 2613 partes
3618 2581 3634 2609 ,

2348 2628 2417 2685 Ut
2441 2630 2703 2700 quidquid
2734 2631 2802 2692 ',°'
2833 2640 2961 2684 nata
2993 2641 3093 2696 est,
3125 2628 3459 2702 displicuisse
3486 2641 3666 2704 putes.

2272 2720 2323 2777 0
2344 2737 2480 2790 quos
2500 2722 2554 2776 in
2585 2732 2766 2793 gestus
2794 2724 2864 2756 ⁸⁸⁸
2891 2718 2960 2777 se
2977 2725 3159 2779 mollis
3186 2724 3388 2782 femina
3417 2725 3637 2797 frangit,

2343 2814 2411 2868 Et
2432 2814 2607 2883 placet
2637 2814 2693 2869 in
2716 2815 2879 2870 blesis
2903 2815 3132 2871 subdola
3163 2810 3343 2887 lingua
3373 2818 3541 2873 sonis.

2273 2904 2457 2959 Dulcia
2488 2919 2630 2973 saape
2655 2906 2821 2970 canit,
2854 2906 3127 2973 componit
3158 2907 3339 2962 sedula
3367 2923 3611 2977 gressum
3631 2908 3723 2975 ὀνε

2345 2995 2415 3052 Ut
2443 2996 2675 3066 quadam
2702 2997 2894 3051 credas
2921 2997 2992 3031 “'
3018 3006 3134 3051 arte
3164 3013 3382 3053 movere
3416 2999 3669 3067 gradum.

2173 3138 2176 3141 λ
2200 3130 2245 3186 C
2277 3087 2431 3157 Saepe
2462 3087 2738 3155 auditores
2764 3087 2880 3156 ejus
2908 3088 3159 3145 facundia
3188 3072 3437 3160 torquet;

2228 3169 2245 3188 ⁴
2300 3208 2301 3211 η
2347 3179 2414 3232 Et
2442 3179 2601 3234 modo
2629 3179 2876 3243 ridendo,
2908 3196 3052 3235 nunc
3096 3197 3312 3251 quoque
3339 3183 3406 3215 ὐ
3447 3182 3624 3238 flendo
3652 3164 3859 3253 placet.

2277 3267 2419 3320 Mille
2447 3259 2619 3319 modis
2643 3276 2858 3320 nostras
2888 3270 3163 3339 impugnat
3192 3270 3392 3325 femina
3439 3283 3677 3343 mentes,

2348 3354 2415 3408 Et
2446 3347 2643 3409 multos
2670 3354 2744 3409 illi
2776 3354 3005 3423 perdere
3032 3358 3235 3427 grande
3262 3359 3472 3413 lucrum
3498 3370 3601 3415 est.

2279 3443 2362 3498 Nil
2391 3454 2475 3499 est
2502 3445 2557 3499 in
2575 3444 2734 3500 rebus
2760 3445 2984 3502 muliere
3006 3443 3314 3515 nocentius;
3347 3461 3400 3505 et
3424 3449 3498 3505 nil

2350 3535 2467 3602 Quo
2492 3535 2669 3604 capiat
2693 3535 2871 3603 plures
2908 3537 3122 3592 letbifer
3150 3540 3340 3603 hostis.
3372 3540 3558 3596 habet.

2276 3626 2387 3686 Nec
2414 3641 2510 3680 nos
2539 3630 2591 3679 in
2622 3634 2790 3681 totum
2813 3627 3086 3699 iactamus
3111 3628 3341 3682 crimina
3370 3643 3586 3695 sexum;

2349 3717 2617 3786 Tempore
2645 3710 2741 3774 sed
2772 3727 2957 3772 nostro
2988 3732 3112 3771 rara
3140 3719 3332 3787 pudica
3371 3730 3571 3774 manet.

2281 3806 2387 3861 Sed
2411 3823 2631 3863 carnem
2670 3808 2854 3865 fenum
2889 3809 3086 3863 clamat
3115 3823 3271 3864 sacer
3292 3824 3411 3865 esse
3443 3809 3699 3880 propheta
3727 3826 3747 3876 ;

2347 3896 2456 3950 Fac
2483 3899 2667 3965 procul
2694 3914 2723 3950 a
2752 3897 2871 3953 leno
2893 3896 3103 3954 llamma
3126 3900 3192 3954 sit
3221 3900 3327 3954 ista
3352 3907 3463 3953 tuo.

2282 3985 2359 4038 Tu
2390 3985 2576 4039 'nolies
2607 3986 2771 4049 risus,
2810 3992 2991 4052 nutus,
3018 3999 3074 4041 et
3097 3987 3488 4055 dulcia_verba,

2350 4060 2737 4142 Femineosque
2761 4073 2915 4141 jocos
2939 4073 3114 4144 cil‘nge
3130 4091 3155 4139 7;
3184 4077 3331 4131 virus
3353 4079 3574 4135 habent.

2278 4161 2519 4218 Feminei
2552 4161 2751 4216 sensim
2783 4162 2929 4215 virus
2954 4162 3023 4193 ’"
3049 4163 3297 4232 subrepit
3323 4149 3523 4218 amoris
3547 4182 3566 4232 ;

2349 4253 2458 4309 llos
2495 4252 2615 4318 tibi,
2639 4252 2693 4306 ni
2716 4252 2916 4319 videas,
2951 4251 3092 4307 illico
3121 4261 3316 4322 captus
3338 4253 3494 4309 eris.’
3583 4264 3585 4266 '

2277 4342 2590 4396 Femineum
2622 4341 2746 4411 fuge
2775 4341 3124 4411 colloquium,
3154 4345 3238 4397 vir
3263 4352 3467 4411 sancte;
3500 4353 3691 4415 caveto

2345 4422 2642 4491 Femineas,
2675 4431 2718 4484 si
2742 4432 2823 4496 vis
2854 4433 3086 4495 vincere,
3114 4434 3421 4489 blanditias.

2278 4510 2520 4593 Namque
2549 4522 2785 4577 femineo
2816 4538 2968 4576 mens
2991 4532 3149 4593 capta
3176 4525 3379 4594 ligatur
3406 4541 3611 4593 amore,

2356 4615 2642 4684 Nunquam
2658 4615 2916 4669 virtutum
2945 4625 3169 4686 surgere
3203 4618 3268 4670 ad
3306 4616 3413 4670 alta
3445 4625 3638 4683 potest,

2293 4705 2492 4759 [larum
2524 4705 2848 4774 colloquium
2879 4707 3004 4775 quid
3032 4692 3243 4761 confert
3270 4705 3538 4770 utilitatis,

2351 4796 2553 4850 Venisti
2581 4797 2896 4862 monachus,
2922 4797 3090 4867 turpis
3112 4807 3323 4850 amator
3352 4796 3487 4849 abis.

2202 4451 2246 4504 l)

1890 4926 2120 4985 VARIIE
2158 4916 2559 4980 LECTIONES.

673 5063 741 5095 1”
760 5062 976 5116 Inimica
1001 5046 1217 5130 pudoris
1238 5077 1358 5113 mss.
1390 5061 1603 5115 inimica
1650 5061 1839 5129 pudori
1894 5060 1999 5091 “9“
2027 5060 2146 5115 Ulia
2187 5057 2273 5114 die
2300 5076 2424 5111 mss.
2462 5059 2545 5130 illa
2574 5060 2661 5130 diu
2739 5059 2806 5091 ¹⁹⁵
2832 5060 3011 5123 Origo.
3038 5060 3151 5113 Non
3177 5074 3332 5113 secus
3351 5057 3866 5128 emergantDavus,

601 5136 833 5189 lierusve
880 5128 1048 5185 feros.
1093 5130 1256 5186 Ortus
1280 5140 1334 5184 et
1374 5146 1598 5197 occasus
1620 5128 1671 5185 et
1694 5130 1898 5183 clarum
1938 5145 2134 5191 nomen
2159 5144 2405 5190 avorum,
2436 5128 2479 5181 si
2510 5128 2653 5197 vitiis
2678 5142 2865 5182 servus
2887 5140 2980 5181 ehi.
3012 5146 3134 5182 mss.
3167 5129 3333 5196 origo.
3364 5130 3528 5183 Ortus
3550 5134 3603 5181 et
3626 5142 3865 5186 occasus

602 5219 759 5267 unus,
806 5212 859 5255 et
884 5218 985 5254 una
1012 5216 1158 5254 caro.
1188 5201 1325 5265 Quid
1356 5196 1748 5264 tibi,‘nobil:tas,
1796 5209 1848 5251 et
1872 5200 2078 5267 clarum
2102 5214 2295 5252 nomen
2322 5212 2565 5249 avorum.
2596 5196 2649 5250 Si
2678 5198 2823 5260 vitiis
2843 5213 3030 5251 servus
3051 5209 3146 5267 etc.
3226 5198 3293 5230 ²⁹⁸
3321 5197 3398 5253 Ne
3427 5212 3594 5267 genus
3613 5206 3858 5255 autmu.

610 5270 674 5324 0.
695 5282 741 5323 et
762 5271 831 5323 K.
864 5285 961 5322 nec
984 5286 1150 5337 genus
1180 5280 1235 5321 ut
1254 5286 1352 5322 ms.
1374 5268 1437 5323 C.
1462 5270 1569 5323 lucc
1583 5281 1627 5322 et
1646 5272 1752 5321 alia
1771 5270 1911 5321 onu'l.
1937 5266 2103 5339 usque
2138 5270 2238 5339 (id:
2264 5268 2357 5339 sed
2386 5281 2505 5339 cum
2534 5276 2583 5319 te
2607 5268 2921 5339 victumgetc.
2954 5311 2959 5317 .
2990 5268 3064 5339 7""
3095 5266 3631 5339 Munerosaque'rusa.
3657 5282 3859 5339 nervo-

601 5356 765 5408 saque
842 5340 907 5368 ¹⁹⁸
952 5336 1199 5408 Attamen
1247 5338 1514 5403 illasmss.
1561 5338 1968 5408 attamettdillos
2046 5338 2111 5368 "9
2137 5336 2482 5408 cernisemis
2512 5352 2634 5388 nias.
2670 5337 2845 5408 cernis
2894 5338 3000 5406 emi
3076 5337 3143 5367 "°
3171 5336 3303 5408 Nam
3336 5347 3389 5391 et
3427 5337 3548 5408 equi
3581 5336 3863 5408 mulfnos

600 5420 652 5462 et
676 5401 796 5478 equi
874 5408 936 5437 ²⁰¹
965 5401 1255 5478 'l‘erribiles
1288 5402 1412 5459 urso
1460 5417 1581 5458 m‘ss.
1610 5406 1903 5478 Terribiles
1947 5422 2104 5478 ursos
2181 5404 2250 5435 ’°'
2282 5405 2377 5458 Vix
2411 5414 2611 5478 temere
2633 5422 2765 5478 mss.
2791 5406 2880 5458 vix
2907 5404 3118 5478 tenuem
3154 5477 3161 5478 ί
3194 5405 3261 5443 ³⁵³
3285 5407 3379 5478 γει
3403 5401 3737 5478 leti-iterm”.
3770 5406 3865 5478 vel

602 5472 791 5531 leviter
866 5478 934 5508 ὀδ
976 5474 1041 5530 Ut
1071 5475 1243 5549 possis
1266 5490 1390 5527 mss.
1432 5485 1490 5549 ut
1519 5478 1686 5542 possit
1730 5475 2306 5549 Δξιξνδξυςοηιίιιιςιςιιεε
2329 5490 2452 5526 mss.
2485 5474 2607 5549 fuco
2630 5476 2854 5549 liventes
2886 5474 2998 5549 ΛΨ
3026 5474 3115 5549 Sic
3143 5477 3315 5544 fragili
3348 5487 3443 5529 etc.
3470 5472 3861 5549 ius._(;.__ornit-

604 5548 661 5615 tit
686 5564 844 5615 usque
871 5548 937 5600 ad
974 5542 1083 5599 lure
1107 5559 1124 5596 .'
1159 5545 1304 5597 mille
1344 5544 1513 5597 modis
1552 5556 1648 5598 etc.
1726 5546 1793 5576 ’°"
1844 5545 1909 5597 Et
1954 5544 2208 5612 quicquid
2232 5560 2365 5615 mss.
2386 5554 2441 5596 ut
2464 5545 2713 5615 quicquid
2787 5543 2856 5574 ³⁸⁸
2878 5542 2921 5597 Ο
2946 5546 3079 5612 Quos
3100 5548 3150 5599 in
3175 5542 3354 5614 gestus
3375 5561 3472 5615 ms.
3504 5542 3627 5598 595.
3654 5544 3861 5615 οιιμοι

610 5613 661 5664 in
684 5613 847 5681 gestis
918 5617 988 5647 ’θ’
1013 5614 1245 5669 Subdola
1277 5628 1526 5689 gressum
1550 5630 1674 5689 mss.
1701 5614 1879 5689 sedula
1918 5628 2190 5689 gressuim
2237 5613 2393 5689 ἰο-ξι
2417 5614 2645 5689 quadam
2670 5615 2856 5689 credas
2879 5630 3001 5668 mss.
3027 5624 3082 5669 ut
3102 5613 3329 5684 quadam
3351 5613 3536 5669 credas
3608 5614 3673 5661 “l
3725 5613 3860 5673 Mox

607 5696 815 5751 quoque
857 5702 978 5741 mss.
1006 5699 1146 5739 nunc
1172 5681 1383 5753 quoque
1460 5685 1527 5714 ’1’
1557 5683 1789 5738 Sensum
1816 5681 1961 5737 virus
1999 5698 2119 5735 mss.
2151 5681 2279 5738 0.et
2307 5681 2377 5735 Κ.
2411 5681 2608 5736 sensim
2651 5681 2795 5737 virus
