4190 6198
433 128 626 206 ,ωθ

515 230 870 302 Cemmarum
892 258 944 300 et
977 249 1104 300 t:mti
1133 247 1308 317 fulgor
1333 262 1438 299 non
1476 246 1641 300 efﬁcit
1669 246 1807 306 auri,

593 337 665 392 Ut
695 339 876 392 ca‘reat
908 337 1143 390 tenebris
1173 353 1326 390 mens
1353 346 1442 390 tua
1480 351 1621 391 caeca
1651 321 1786 389 suis.

519 429 627 484 Sed
653 429 822 484 sancti
853 429 920 460 ’³⁷
947 424 1126 481 mores
1166 427 1388 489 faciunt.
1419 444 1524 480 non
1558 425 1739 486 vestis,
1772 424 2090 490 honcs'um;

591 518 656 572 Et
681 517 917 586 probitas
949 515 1367 584 magnoseli‘tcit
1396 527 1500 567 una
1525 513 1692 566 viros.

520 605 647 672 Qua:
675 614 864 658 natura
893 606 1062 669 dedit,
1094 621 1246 660 serva
1275 606 1478 672 integra
1515 619 1528 654 :
1558 617 1664 655 non
1690 610 1814 672 eget
1839 601 1956 654 istis
1989 601 2060 632 ’³⁸

593 695 796 750 Vilibus
821 697 1003 749 ornari
1031 696 1190 749 rebus
1219 695 1394 761 imago
1426 692 1552 747 Dei?

515 785 619 842 Ista
648 786 868 855 quidem
911 785 1267 838 ﬁeriventosa
1300 783 1554 852 superbia
1581 783 1723 850 cogit
1757 797 1790 853 ε.
1822 805 1824 810 -

587 875 714 930 Sola
744 875 918 946 placet
938 875 1084 942 justo
1107 888 1146 925 δ’
1175 873 1288 927 -ria
1320 873 1428 926 vita
1448 872 1586 925 ,Deo.

514 965 782 1035 Agrorum
812 966 943 1016 fines
974 961 1164 1031 longos
1189 961 1479 1015 οχιοηιιριιρ
1505 959 1700 1029 (μιωὼ
1730 961 1818 1024 ω,

589 1058 655 1112 Et
677 1056 869 1110 multas
898 1070 1098 1108 messes
1121 1057 1209 1120 "'°,
1240 1055 1431 1110 horrea
1465 1055 1618 1124 plena
1661 1056 1834 1124 cupis.

518 1150 636 1203 Scis
672 1146 1013 1216 evangelicus
1035 1147 1108 1178 ’“
1137 1147 1266 1214 quid
1289 1163 1452 1200 avaro
1479 1161 1658 1202 sermo
1686 1145 1923 1200 minetur

586 1237 700 1292 Hac
728 1237 781 1291 in
818 1245 976 1291 nocte
1002 1237 1236 1290 animam
1261 1237 1669 1302 pcrdere‘stulle
1697 1246 1841 1289 tuam
1871 1253 1884 1288 :

511 1328 713 1398 Inquit,
743 1329 927 1387 habes,
960 1338 1014 1381 et
1035 1325 1185 1392 cujus
1211 1335 1368 1379 erunt
1397 1341 1728 1395 quaecunque
1778 1325 1974 1395 parasti
1999 1327 2023 1363 "

587 1421 856 1490 Improbe,
878 1419 988 1487 jam
1023 1418 1089 1450 m
1118 1417 1267 1471 frena
1299 1427 1443 1480 vota,
1480 1418 1714 1486 timeqne
1741 1417 1895 1470 mori.

513 1510 615 1566 Tot
643 1511 837 1579 fruges,
862 1509 980 1562 auri
1015 1517 1219 1561 tantum
1251 1509 1340 1574 ⁸⁸³,
1373 1509 1609 1577 vinique,
1644 1518 1719 1562 tot
1741 1508 1878 1578 agri,

585 1602 664 1656 Ad
699 1599 825 1668 quid
851 1609 974 1669 eget
999 1599 1188 1668 paucis
1219 1601 1325 1652 vita
1355 1643 1367 1665 ,
1396 1599 1649 1667 salusque
1677 1599 1876 1653 brevis.

512 1691 715 1763 Arvum
742 1688 959 1758 qumris,
997 1688 1180 1753 homo,
1237 1686 1331 1740 tibi
1384 1686 1592 1753 fertile;
1617 1727 1620 1731 .
1650 1701 1751 1742 nec
1787 1696 1960 1741 tamen
1985 1703 2089 1741 un-
2127 1721 2157 1746 .

1834 1771 2020 1846 [quam

584 1867 665 1920 Ad
703 1866 940 1921 sterilem
960 1844 1139 1918 vitam
1169 1865 1396 1935 reSpicis
1426 1865 1541 1934 ipse
1572 1873 1740 1918 tuam.

509 1955 550 2008 Δ
581 1955 676 2025 ετὶί
696 1955 902 2024 ohcqne
931 1953 1022 2007 Dei
1058 1954 1293 2007 tumizlus
1325 1963 1667 2023 contemptor
1697 1953 1912 2023 ubique,

585 2043 770 2110 biullos
802 2043 883 2098 vis
909 2042 1117 2096 fructus
1153 2043 1640 2110 redderejustitim.

507 2134 578 2190 At
610 2135 871 2189 scelerum
898 2149 1086 2202 vepres
1110 2133 1376 2189 suffocant
1403 2135 1606 2189 semina
1626 2135 1771 2200 vine,

580 2224 644 2277 Et
675 2233 1012 2292 peccatorum
1041 2225 1210 2294 surgit
1240 2241 1423 2280 amara
1452 2241 1625 2295 seges.

515 2310 768 2381 Exstirpa
801 2312 1006 2366 mentis
1028 2311 1275 2375 tribulos,
1305 2313 1598 2381 spinasqne
1630 2311 1827 2367 revello
1856 2326 1872 2366 :

584 2403 650 2457 Et
682 2403 863 2457 tritico
891 2391 966 2434 ’δι’
989 2402 1188 2456 Christi
1221 2403 1454 2474 pectoris
1482 2418 1610 2456 arva
1642 2418 1782 2458 sere.
1921 2403 1928 2408 ’

506 2487 928 2558 Fruetificetque
964 2488 1074 2544 Deo
1107 2491 1283 2544 cordis
1320 2489 1531 2562 novale,
1563 2502 1877 2559 prematque

581 2581 848 2635 Virtutum
876 2581 1067 2636 messis
1096 2575 1301 2635 semina
1331 2581 1605 2649 nequitiaz.

506 2667 642 2724 Esse
667 2671 794 2738 quid
818 2679 1126 2741 argentum,
1151 2670 1275 2738 quid
1301 2685 1567 2739 gemmas,
1590 2669 1766 2724 credis
1801 2675 1854 2722 et
1875 2683 2086 2732 aurum,

578 2757 821 2812 Pratdia?
845 2759 1042 2827 quidve
1073 2773 1282 2823 omnes,
1313 2758 1637 2828 quasdhabet
1666 2757 1830 2819 orbis,
1857 2758 2020 2826 opes!

510 2846 640 2902 llaze
667 2846 884 2902 Judaeus
911 2848 1101 2923 habet‘
1129 2848 1362 2918 gentilis,
1393 2848 1530 2901 latro
1555 2841 1846 2913 cruentus;

583 2935 758 2992 Crede
789 2938 944 3002 mihi,
979 2938 1148 2992 iratus
1181 2954 1322 3007 smpe
1355 2926 1446 2992 dat
1475 2941 1574 2993 ista
1610 2939 1768 2992 Deus.

507 3028 682 3083 Parva
710 3038 837 3098 puta
867 3044 1204 3099 quazcnnque
1237 3029 1408 3084 malos
1436 3030 1698 3099 contingit
1728 3029 1946 3082 habere.

581 3117 749 3172 Parva
786 3127 911 3186 puta
940 3117 1198 3187 quidquid
1230 3116 1315 3170 fur
1343 3127 1397 3172 et
1418 3117 1628 3173 adulter
1653 3118 1852 3172 habent
1876 3115 1979 3170 m:

510 3188 962 3273 Quodmeretrix,
1014 3203 1156 3275 quod
1205 3205 1450 3260 mmchus
1478 3205 1640 3260 habet
1681 3205 1771 3266 Μ,
1815 3217 1914 3259 nec
1966 3218 2086 3260 ma-

1504 3294 1629 3366 [gna
1665 3296 1732 3327 ’"
1758 3293 1972 3365 putabis
1995 3308 2012 3350 :

579 3384 932 3455 Omnipotens
961 3386 1118 3454 longe
1139 3385 1229 3438 dat
1259 3383 1479 3438 meliora
1510 3385 1643 3439 suis.

510 3475 610 3530 Ast
639 3475 828 3530 oculus
856 3475 1053 3529 mentis
1076 3483 1312 3528 caecatur
1338 3472 1558 3542 pulvere
1589 3482 1773 3536 terrae;

581 3564 654 3621 Ut
675 3581 911 3637 nequeas
940 3566 1008 3597 m
1035 3566 1214 3619 lumen
1247 3579 1471 3619 cernere
1497 3563 1722 3632 iustitiae
1754 3581 1767 3616 :
1809 3597 1812 3600 ~

508 3655 626 3711 "eo
658 3656 754 3711 tibi
786 3657 872 3710 cui
903 3656 1074 3709 virtus
1099 3670 1202 3713 non
1241 3654 1402 3717 lucet,
1438 3653 1582 3708 lucet
1612 3664 1667 3705 at
1695 3668 1882 3706 aurum
1912 3654 2008 3717 ³⁵⁸,

580 3745 647 3799 Ει
677 3745 897 3814 νινεεῑετε
917 3745 1140 3799 summis
1175 3743 1355 3797 infima
1384 3757 1611 3812 quasque
1639 3741 1811 3794 bonis.

507 3836 619 3892 Nec
645 3837 784 3891 mala
815 3851 1005 3907 magna
1036 3850 1176 3895 reor,
1207 3834 1403 3904 quibus
1439 3833 1745 3904 affliguntur
1776 3831 1968 3896 amici;

579 3923 687 3982 Nec
715 3927 875 3991 bona,
906 3940 1134 3995 quaeque
1173 3925 1358 3979 hostes
1406 3930 1628 3978 constat
1667 3922 1869 3977 habere
1891 3921 2009 3976 Dei.

508 4018 578 4072 At
607 4018 817 4089 quoties
847 4019 932 4070 vir
951 4018 1129 4086 justus
1154 4026 1298 4084 eget,
1323 4015 1621 4070 scelerosus
1649 4015 1887 4068 abundat
1917 4014 2010 4079 πο,

579 4105 696 4161 Non
727 4115 810 4160 est
844 4121 1130 4175 pravorum
1154 4107 1305 4173 copia
1335 4105 1539 4176 grande
1565 4102 1815 4157 bonum!

510 4197 760 4265 Egrotat
795 4197 1027 4265 sapiens,
1061 4196 1154 4250 sed
1185 4211 1348 4249 sanus
1371 4195 1527 4247 floret
1553 4194 1768 4261 iniquus
1795 4209 1809 4248 :

581 4285 692 4338 Non
720 4297 800 4341 est
831 4288 1030 4354 grande
1066 4286 1262 4338 bonum
1295 4284 1535 4352 corporis
1567 4292 1711 4336 arcta
1746 4281 1910 4337 salus.

507 4376 743 4432 Dilectus
763 4378 966 4432 Domini
996 4378 1243 4441 moritur,
1275 4378 1370 4430 sed
1395 4377 1523 4430 vivit
1553 4376 1764 4429 adulter
1796 4389 1810 4427 :

949 131 1007 186 S.
1042 132 1336 188 ANSELMI
1368 131 1714 186 CANTUAR.
1757 131 2071 220 ARCHIEP.
2098 133 2252 189 OPP.
2280 133 2458 188 PARS
2497 133 2558 188 ll.
2581 165 2651 175 -—
2675 134 3034 206 PARrENET.
3070 133 3156 189 ET
3176 133 3414 189 ASCET.
3449 206 3455 214 ι

2122 245 2162 299 Α
2260 245 2373 302 Νοη
2399 247 2564 304 estin
2593 248 2802 315 magnis
2830 248 2938 299 vita
2965 247 3167 299 caduca
3193 244 3370 298 bonis.

2151 334 2336 416 {Ergo
2369 334 2524 388 modo
2548 333 2739 387 similis
2770 334 2864 387 tibi
2895 333 3086 403 collige
3113 343 3326 395 caetera,
3347 331 3441 394 fili,
3479 351 3485 356 '

2113 4205 2158 4260 Ι)
2252 4197 2428 4267 Atque
2457 4196 2579 4267 fuga
2616 4195 2773 4250 celeri
2806 4197 3001 4251 deserit
3031 4198 3141 4266 ipsa
3181 4211 3322 4250 suos.

3657 129 3758 180 ’ἴω

2187 409 2215 448 ·’
2262 423 2329 476 Et
2357 425 2595 493 prudens
2623 421 2744 477 vilis
2773 437 2998 478 munera
3035 437 3226 490 sperne
3255 421 3376 477 soli.

2198 511 2310 568 Vile
2341 513 2588 582 relinque
2605 513 2802 578 solum,
2831 513 3016 583 cupias
3047 512 3260 582 fastigia
3287 510 3408 566 οωιί
3441 526 3456 562 :

2188 587 2192 592 ’
2262 602 2375 656 lllie
2404 604 2667 672 percipies
2702 604 2838 657 dona
2868 604 3021 656 beata
3051 603 3167 656 Dei.
3241 587 3270 610 χ

2191 688 2308 744 Νοιι
2336 691 2567 759 pretiosa
2598 690 2720 744 facit
2739 690 3034 755 pretiosum
3055 704 3290 761 purpura
3312 703 3631 759 quemquam
3657 686 3724 718 ²³¹
3744 726 3760 749 .

2262 783 2372 839 Nec
2396 792 2606 838 nmtant
2633 798 2811 838 mores
2834 784 2904 816 ’⁵⁸
2932 783 3124 837 tradita
3153 788 3369 849 sceptra
3397 780 3597 836 ‘malos.

2194 874 2251 928 Si
2281 874 2399 943 pius
2431 874 2531 927 ista
2556 873 2648 928 Dei
2681 874 2800 928 data
2820 866 3372 942 --eouspicifbostibus
3397 886 3550 935 esse;

2217 977 2222 989 ·
2262 961 2425 1031 Impia
2456 977 2584 1032 pars
2611 962 2887 1016 hominum
2920 971 3110 1030 regnat
3143 962 3342 1030 ubique
3372 960 3510 1014 fere.

2193 1051 2457 1106 Virtuti'si
2489 1052 2560 1083 ³⁵³
2587 1051 2744 1105 detur
2773 1052 2965 1117 honos,
2993 1051 3038 1105 si
3066 1050 3286 1121 praemia
3328 1049 3500 1117 dignis
3525 1087 3540 1112 ,

2261 1141 2324 1196 Et
2355 1149 2572 1197 teneant
2601 1143 2854 1197 meritum
2879 1142 3090 1212 singula
3122 1155 3348 1212 qumque
3377 1141 3575 1196 locum.

2189 1230 2308 1285 Jam
2342 1247 2482 1286 nunc
2509 1247 2595 1286 res
2629 1231 2928 1298 hominum,
2991 1231 3122 1287 mihi
3179 1233 3357 1298 crede,
3387 1241 3438 1286 et
3457 1245 3601 1301 pace
3626 1231 3754 1283 bea-

2723 1323 2728 1328 ’
3141 1346 3143 1349 τ
3265 1347 3268 1352 -
3306 1341 3309 1343 δ
3478 1322 3585 1393 [tas
3611 1319 3683 1352 '“

2261 1411 2494 1476 Videris,
2523 1421 2577 1467 et
2605 1422 2753 1469 certo
2778 1429 2840 1469 se
2865 1415 3118 1473 cohibere
3148 1415 3325 1469 modo.

2193 1499 2299 1557 Sed
2325 1501 2448 1571 quia
2480 1516 2642 1582 regna
2671 1504 2844 1562 malis.
2865 1505 3053 1560 sceleri
3077 1513 3160 1560 est
3185 1506 3380 1560 donata
3401 1511 3641 1574 potestas
3662 1499 3754 1558 π’.

2219 1612 2226 1618 '
2261 1591 2452 1648 Debita
2480 1594 2662 1649 Virtuti
2692 1595 2945 1651 m-frena
2979 1596 3152 1650 libido‘
3176 1603 3340 1649 tenet.
3440 1586 3442 1588 ’

2188 1681 2417 1738 Mundus
2451 1684 2717 1749 turbatur,
2748 1701 2928 1741 rerum
2954 1686 3301 1754 confunditur
3327 1685 3490 1744 ordo;

2256 1769 2589 1841 Involvitque
2621 1773 2776 1828 simul
2807 1775 2988 1830 omnia
3017 1775 3219 1847 grande
3244 1775 3407 1828 chaos

2188 1859 2283 1915 Vis
2310 1861 2561 1928 prohibet
2596 1861 2763 1932 leges,
2797 1873 3045 1919 evertunt
3072 1863 3297 1919 crimina
3322 1877 3520 1928 mores,

2259 1950 2327 2006 Et
2351 1951 2530 2006 valido
2556 1952 2728 2008 virtus
2757 1953 2972 2008 turbine
3000 1968 3193 2023 quassa
3227 1953 3380 2007 latet.

2155 2011 2162 2020 ¹
2189 2039 2289 2093 Dat
2321 2039 2556 2095 Libanus
2589 2041 2680 2096 tibi
2711 2042 2917 2112 lingua;
2946 2011 3114 2098 Pa-ros
3137 2058 3231 2097 sua
3265 2057 3530 2097 marmora
3561 2043 3763 2109 mittit;

2257 2127 2463 2183 Aurum
2491 2131 2690 2200 praebet
2719 2132 2928 2197 Arabs;
2957 2132 3102 2187 India
3127 2141 3346 2202 praestat
3375 2134 3528 2190 ebur.

2189 2215 2268 2272 Tu
2300 2219 2463 2274 cedro
2484 2221 2790 2291 peregrina,
2820 2230 2875 2277 et
2899 2237 3168 2276 marmore
3196 2223 3464 2277 construis
3499 2223 3639 2279 aedes
3667 2240 3685 2277 :

2260 2307 2499 2377 Miraque
2525 2312 2805 2379 consurgit
2836 2312 3061 2376 fabrica,
3089 2311 3266 2366 fundis
3299 2327 3452 2380 opes.

2193 2399 2352 2469 199
2379 2399 2571 2454 Rident
2599 2413 2820 2469 argento
2864 2411 3044 2472 postes
3071 2444 3085 2468 ,
3114 2401 3386 2470 laquearia
3415 2402 3582 2456 multo

2263 2487 2411 2574 Agim
2440 2505 2457 2546 :
2491 2489 2803 2545 distinctum
2829 2491 3265 2561 senlptile'vestit
3295 2493 3429 2546 ebur
3462 2510 3476 2545 :

2187 2545 2679 2636 Poriicibus‘vallas
2703 2545 3104 2650 operosis‘atria
3139 2599 3153 2636 :
3187 2582 3373 2649 quales

2259 2667 2507 2739 Quotque
2531 2679 2687 2740 putas
2739 2670 3030 2739 thalamos,
3073 2671 3185 2726 inec
3207 2671 3273 2703 ’³⁷
3303 2670 3634 2741 labyrinthus
3659 2671 3734 2726 ha

3516 2760 3629 2833 [bet
3660 2761 3698 2815 τ’

2113 2880 2161 2940 α
2190 2847 2304 2904 Illic
2334 2856 2388 2903 tu
2423 2849 2605 2904 videas
2626 2850 2848 2919 pictum,
2888 2850 3258 2921 sculptumaue
3284 2858 3587 2919 stupescas,

2260 2939 2502 2994 Artificis
2526 2940 2786 3010 quidquid
2813 2955 3070 3010 mensque
3094 2955 3393 3009 manusque
3417 2947 3614 3009 potest.

2188 3029 2339 3086 Ostia
2365 3029 2532 3102 multa
2562 3029 2800 3098 quidem.
2828 3031 2992 3085 variae
3021 3040 3146 3084 sunt
3180 3024 3322 3083 mille
3341 3029 3610 3096 fenestras,

2259 3120 2401 3177 Mille
2421 3120 2730 3176 columnare
2758 3129 2839 3177 est
2861 3136 3127 3176 marmore
3151 3121 3278 3174 fulta
3303 3121 3373 3153 ’⁸⁸
3402 3121 3612 3177 domus.

2187 3209 2327 3279 Quid
2353 3219 2523 3278 tanto,
2556 3212 2838 3277 moriture,
2863 3227 3024 3282 paras
3045 3212 3352 3266 molimine?
3378 3225 3546 3280 quare

2256 3301 2365 3357 Das
2386 3301 2624 3356 animum
2652 3297 2823 3369 vanis,
2855 3310 2908 3358 et
2929 3303 3163 3370 peritura
3188 3301 3436 3372 placent?

2184 3391 2295 3448 Cur
2331 3391 2507 3460 ampla
2545 3393 2780 3448 aediﬁcas
2801 3393 2960 3448 busto
2985 3392 3318 3449 claudendus
3342 3394 3395 3448 in
3417 3402 3568 3450 arcto
3585 3396 3614 3449 .’

2257 3483 2325 3517 ιιι
2356 3483 2614 3542 "eodem
2642 3484 2763 3538 vim
2798 3492 3035 3554 tempora
3058 3497 3224 3553 pauca
3251 3495 3373 3539 tum.
3398 3511 3404 3522 ι

2184 3572 2322 3641 Quid
2347 3573 2441 3628 tibi
2475 3580 2636 3627 tantae
2663 3573 2841 3627 aedes?
2865 3583 3066 3641 quanto
3092 3574 3300 3631 felicius
3325 3575 3437 3643 ipse

2257 3659 2535 3730 Templum
2565 3652 2712 3715 esses
2743 3661 2848 3714 vivi
2882 3662 3000 3716 viva
3023 3663 3316 3732 domusque
3351 3661 3464 3717 Dei.

2183 3751 2314 3808 Esto
2334 3750 2526 3818 domus
2549 3749 2774 3810 Domini,
2805 3756 2966 3819 quam
2996 3751 3166 3805 sacris
3197 3751 3434 3805 moribus
3465 3763 3596 3804 orna
3629 3766 3644 3803 :

2259 3839 2516 3894 Virtutem
2547 3836 2720 3892 cultor
2741 3837 3018 3907 religionis
3039 3853 3178 3892 ama.

2182 3927 2352 3995 Quam
2382 3925 2507 3980 felix
2538 3925 2715 3978 anima
2745 3934 2848 3990 est,
2887 3925 2938 3979 in
2968 3940 3072 3994 qua
3095 3927 3196 3981 sibi
3221 3941 3420 3994 ponere
3457 3926 3640 3983 sedem

2254 4020 2517 4091 Dignatur
2547 4020 2741 4074 summi
2775 4020 2992 4089 spiritus
3023 4022 3136 4090 ipse
3163 4020 3274 4074 Dei.

2182 4109 2368 4167 Omnis
2396 4109 2558 4163 habet
2599 4107 2831 4163 subitum
2870 4118 3077 4162 terrena
3105 4108 3342 4178 potentia
3372 4106 3550 4219 linem,

2261 4197 2425 4219 Δι--.-
2460 4196 2576 4219 tu..-
2620 4195 2771 4219 -..I--.!
2810 4197 2998 4219 .1Α......ε.
3031 4198 3137 4219 ε..-..
3181 4211 3302 4219 -----

2185 4286 2330 4355 Ergo
2371 4286 2517 4350 time,
2546 4286 2786 4354 quisquis
2810 4285 2982 4340 celsos
3016 4288 3329 4342 conscendis
3357 4287 3590 4342 honores
3619 4303 3636 4341 :

2257 4372 2438 4443 Teque
2469 4374 2680 4428 ruinoso
2710 4382 2852 4429 stare
2877 4385 3141 4428 memento
3154 4374 3295 4438 loco.

1785 4485 2013 4539 VARUE
2052 4483 2449 4540 LECTIONES.

581 4600 648 4630 ’³⁷
668 4600 726 4652 Et
742 4585 912 4652 sancti
933 4615 1053 4651 mss.
1075 4599 1165 4652 sed
1180 4599 1347 4652 sancti

509 4669 575 4698 "'°
627 4669 818 4722 Multas
864 4670 1057 4722 messis
1083 4685 1204 4720 mss.
1237 4668 1429 4720 multas
1460 4682 1660 4720 messes

1424 4599 1494 4629 ’³⁸
1519 4597 1630 4664 Non
1643 4596 1874 4668 egetista
1901 4612 2144 4668 magnon
2163 4607 2281 4668 eget
2305 4595 2420 4650 istis
2495 4596 2563 4626 ’³ο
2578 4595 2815 4668 Extende
2825 4611 2878 4649 re
2891 4599 3089 4668 qumvis
3103 4615 3222 4668 mss;
3239 4599 3526 4654 extendere
3541 4605 3743 4668 quaeris

1735 4666 1799 4695 ¹⁵¹
1821 4666 1970 4719 Sicut
1997 4665 2353 4736 Evangelicus
2393 4681 2514 4719 mss.
2542 4665 2647 4718 scis
2681 4665 3032 4736 Eva‘ngelicus
3052 4684 3148 4719 ms.
3183 4666 3243 4719 C.
3263 4667 3364 4720 scit
3392 4665 3750 4736 Evangelicus
3812 4692 3817 4696 ·

517 4737 584 4767 ’⁸³
623 4738 864 4806 lmproba
886 4737 995 4798 jam
1029 4755 1151 4789 mss.
1186 4738 1252 4788 Κ.
1278 4747 1322 4788 et
1360 4737 1424 4789 0.
1457 4735 1697 4806 Improbe
1717 4734 1826 4801 jam
1899 4736 1966 4766 ’“
1995 4735 2368 4806 Frugesianxi,
2399 4744 2601 4806 tantum
2629 4734 2980 4806 mss._frnges,
3020 4737 3133 4788 auri
3177 4744 3377 4788 tantum
3458 4738 3524 4768 m
3544 4734 3614 4791 Et
3647 4740 3746 4793 tri-

515 4807 623 4857 tico
650 4802 745 4859 ms.
781 4806 845 4859 0.
878 4807 916 4860 Ε
949 4806 1130 4859 tritico
1207 4807 1273 4836 “5
1300 4802 1704 4858 Adulter'habet
1731 4821 1854 4856 mss.
1887 4802 2328 4857 adulterinbcut
2399 4803 2467 4834 m
2504 4802 2739 4855 Mo'chus
2771 4802 2929 4856 habet
2968 4822 3088 4857 mss.
3133 4806 3370 4858 moechus
3401 4807 3600 4860 habent
3671 4809 3742 4840 M

516 4874 592 4926 Ne
619 4891 807 4941 magna
839 4893 933 4927 ms.
963 4874 1022 4928 C.
1059 4891 1156 4928 nec
1181 4890 1367 4942 magna
1446 4875 1513 4905 ’³⁸
1543 4875 1604 4926 Et
1631 4887 1863 4940 nequeas
1890 4891 1985 4925 ms.
2017 4882 2074 4925 ut
2105 4887 2339 4940 nequeas
2412 4871 2477 4903 ’⁸³
2504 4871 2615 4942 Nec
2645 4870 2737 4923 tibi
2767 4872 2851 4923 cui
2879 4875 3046 4926 virtus
3071 4889 3173 4927 non
3202 4874 3342 4926 lueet
3373 4884 3424 4926 et
3455 4891 3586 4928 auro
3606 4894 3726 4929 uias.

512 4945 616 4998 heu
650 4944 744 4996 tibi
778 4947 859 4995 eui
898 4945 1064 4996 virtus
1103 4961 1204 4996 non
1237 4941 1396 5002 lueet.
1437 4944 1577 4996 lucet
1605 4954 1657 4994 at
1683 4958 1870 4994 aurum
1936 4944 2002 4974 ¹³⁰
2034 4944 2112 4997 An
2137 4943 2348 5010 quoties
2379 4943 2459 4992 vir
2494 4941 2671 5007 justus
2713 4950 2851 5007 eget,
2883 4942 3181 4996 scelerosus
3234 4942 3467 4995 abundat
3509 4961 3631 4996 mss.
3668 4945 3733 4998 0.

447 5042 449 5045 -
509 5024 557 5066 et
597 5011 664 5063 Κ.
698 5014 810 5076 Quo
835 5015 915 5063 vir
938 5013 1113 5075 justus
1144 5022 1285 5080 eget,
1316 5015 1552 5080 nunquid
1603 5011 1900 5064 scelerosus
1932 5009 2198 5064 abundat?
2227 5028 2344 5065 mss.
2392 5009 2514 5063 595.
2563 5013 2631 5061 At
2676 5009 2923 5080 quotiens
2955 5012 3032 5062 vir
3068 5011 3241 5076 justus
3269 5021 3402 5077 eget.
3437 5014 3740 5066 scelerosus

512 5082 756 5135 abundat

512 5161 629 5203 ιιιιιι
662 5165 839 5204 lllOl‘C'S

511 5235 642 5284 pace
673 5223 857 5272 beatas

833 5082 896 5110 ’³³⁸
933 5083 1037 5133 Nec
1073 5077 1304 5149 pretiosa
1337 5098 1346 5132 :
1383 5077 1645 5147 quendam
1674 5097 1794 5132 mss.
1833 5097 1933 5132 non
1962 5082 2192 5148 pretiosa
2222 5098 2233 5131 :
2265 5094 2603 5149 quemquam
2658 5079 2726 5107 ’⁸³
2760 5077 2862 5132 Nec
2890 5089 3094 5149 mutent
3126 5095 3302 5132 mores
3332 5097 3453 5132 mss.
3491 5097 3587 5134 nec
3621 5098 3738 5134 nin-

914 5151 982 5181 ’λη
1017 5147 1279 5202 Virtutum
1319 5151 1359 5202 si
1385 5162 1480 5202 etc.
1511 5168 1607 5203 ms.
1637 5149 1695 5202 (ἰ.
1729 5151 1914 5201 omim't
1941 5147 2098 5218 usque
2121 5149 2188 5200 ad
2214 5151 2320 5200 lucc
2345 5163 2360 5198 .'
2394 5149 2526 5218 Ecce
2558 5147 2642 5198 diu
2668 5157 2761 5199 etc.
2788 5149 2856 5178 ’⁸³
2886 5148 2943 5200 Et
2970 5164 3098 5214 pace
3119 5149 3306 5201 beasse
3332 5166 3471 5218 mss.
3497 5149 3559 5200 0.
3592 5159 3638 5200 et
3663 5149 3728 5204 K.

934 5220 1001 5247 ²⁵³
1029 5220 1239 5270 Scelera
1274 5220 1465 5270 donata
1494 5229 1728 5286 potestas
1752 5235 1871 5271 mss.
1902 5218 1963 5271 0.
1991 5217 2035 5270 et
2065 5218 2130 5271 Κ.
2162 5218 2346 5269 sceleri
2379 5226 2456 5268 est
2485 5217 2676 5286 donata
2718 5225 2952 5283 potestas
2995 5234 3088 5269 ms.
3128 5218 3247 5270 595.
3290 5217 3505 5271 sceleris
3537 5219 3730 5271 donata

537 5297 755 5339 mlestus
785 5299 863 5340 est
944 5289 1010 5316 ’⁵⁵³
1043 5287 1227 5338 Debita
1252 5284 1506 5341 virtutum
1539 5305 1660 5340 mss.
1693 5289 1867 5339 debita
1894 5287 2074 5340 virtuti
2151 5288 2216 5316 ²³⁷
2251 5287 2372 5338 flave.
2395 5286 2580 5336 domus
2610 5284 2749 5337 intus
2773 5287 2933 5338 habet
2955 5303 3076 5338 mss.
3142 5287 3250 5340 h.uc
3275 5285 3610 5352 labyrinthus
3638 5289 3732 5339 ha.

537 5304 755 5339 mlestus
785 5304 863 5340 t‘Sl
1043 5304 1227 5338 ltt‘lizla
1252 5304 1506 5341 \‘ll'lllltlm
1539 5305 1660 5340 mss.
1693 5304 1867 5339 uemta
1894 5304 2074 5340 wrtuu
2251 5304 2372 5338 nare
2395 5304 2580 5336 uotiuis
2611 5304 2749 5337 Iulus
2775 5304 2933 5338 habet
2955 5304 3076 5338 mss.
3143 5304 3250 5340 n.uc
3277 5304 3610 5352 tanyrmtnus
3638 5304 3732 5339 na.

515 5304 603 5406 iwt
679 5359 746 5384 ’5“
772 5358 1002 5408 .‘larnmr
1031 5375 1040 5408 :
1076 5357 1202 5406 lulta
1244 5372 1363 5407 mss.
1391 5372 1654 5410 marmore
1683 5357 1811 5407 l'uita
1888 5358 1952 5389 πθ
1979 5359 2142 5422 Quem
2171 5357 2252 5423 pia
2283 5357 2502 5422 pigmcm
2526 5354 2755 5405 claustra
2792 5355 2955 5409 tulere
2992 5356 3206 5408 matris?
3239 5370 3356 5407 mss.
3391 5353 3451 5406 Κ,
3483 5366 3526 5407 et
3552 5355 3616 5409 0.
3639 5355 3732 5410 de-

514 5424 692 5474 ηνέσεηι
729 5427 847 5478 vim
879 5438 1112 5496 ιρμιιιυιςι
1145 5441 1314 5494 pauca
1351 5435 1449 5478 tum
1480 5445 1572 5480 ms.
1609 5427 1726 5481 595.
1758 5425 2018 5480 debentur
2048 5428 2165 5480 \‘iltL‘
2198 5436 2431 5492 tempora
2474 5436 2629 5490 parva
2667 5434 2765 5474 tua:
