4190 6250
325 149 423 206 7m
1358 120 1638 203 calthas
1679 150 1765 205 DE
1802 134 2222 212 CONTEMPTU
2262 155 2496 213 uuam.
2619 237 2623 239 Α

1914 247 1961 300 Α
2049 242 2275 303 Deliciis
2303 259 2485 316 pastus
2516 263 2637 302 cum
2670 247 2956 305 meretrice
2984 250 3161 305 cubat.

324 240 546 310 Magnus
571 247 686 296 erat
705 241 904 307 Caesar,
938 247 1153 310 totoque
1180 242 1447 311 potentior
1465 244 1597 298 orbe
1624 258 1639 295 :

393 326 565 397 Nunc,
591 344 749 399 quem
779 343 879 384 nec
908 331 1138 385 mundus
1168 340 1400 401 ceperat,
1434 348 1567 386 urna
1598 333 1761 401 capit.

325 418 419 476 85c
452 428 506 472 et
529 418 1186 476 Alexander'fortissimus
1224 420 1310 474 ille
1337 421 1574 486 Macedo,

392 505 672 560 Clauditur
694 516 922 577 augusto
947 508 1122 577 pulvis
1148 519 1202 562 et
1223 522 1345 564 ossa
1375 508 1512 593 lqco.

323 593 491 662 Major
520 603 639 650 erat
674 596 875 651 mundo
899 611 1153 667 magnus,
1178 598 1337 653 modo
1360 598 1537 654 nobile
1563 615 1756 670 corpus

394 683 604 738 Exsulis
635 685 687 738 et
710 686 834 739 victi
862 685 979 739 vilis
1008 701 1173 763 arena
1203 690 1352 757 tegit.

322 770 391 828 Et
434 771 625 827 cecidit
651 771 886 842 Babylon
923 791 935 827 :
961 766 1156 829 cecidit
1182 790 1395 846 quoque
1417 778 1653 832 maxima
1680 779 1836 849 Troja
1868 793 1882 831 :

392 861 527 918 Olim
563 862 961 931 mundipotens.
992 865 1189 934 aSpice,
1226 866 1396 921 Roma
1416 866 1578 936 jacet.

324 950 461 1007 Ecce
486 951 575 1005 diu
604 966 694 1006 res
728 951 871 1005 nulla
896 963 1075 1008 manet
1112 955 1426 1011 mortalibus
1458 972 1624 1011 :ecee
1714 980 1717 987 ε

389 1040 577 1096 Nullus
603 1042 776 1095 honor
807 1042 1073 1109 prohibet,
1103 1042 1269 1113 gloria
1302 1045 1469 1111 nulla,
1510 1047 1669 1100 mori.

322 1131 576 1188 Summus
595 1129 1113 1200 Aristoteleslogica:
1128 1141 1409 1187 scrutator
1429 1142 1638 1200 acutus,

349 1228 355 1235 '
392 1218 569 1275 Edidit
602 1218 814 1289 ingenio
838 1218 1015 1273 multa
1044 1230 1255 1290 reperta
1282 1237 1398 1277 suo.

318 1312 437 1369 Non
477 1310 805 1383 syllogismo,
836 1326 940 1367 non
970 1313 1370 1383 enthymemate
1396 1315 1598 1371 factum
1624 1327 1741 1381 est,

389 1402 462 1459 Ut
485 1402 680 1456 vellent
716 1411 863 1457 tanto
886 1417 1108 1473 parcere
1149 1404 1259 1458 fata
1287 1406 1425 1461 viro.

318 1493 456 1560 Quid
480 1500 791 1563 penetrasse
832 1493 1023 1548 invitat
1062 1505 1267 1549 natura:
1298 1512 1493 1552 arcana
1515 1497 1811 1564 Platonem,

386 1584 454 1641 Et
482 1585 681 1659 mundo
709 1585 886 1643 studio
917 1585 1085 1640 multa
1116 1586 1498 1643 dedisse‘suo?

314 1675 462 1732 Solis
490 1677 614 1743 iter,
629 1676 868 1747 coelique
884 1677 1086 1748 plagas,
1118 1677 1364 1747 lunaeque
1393 1688 1605 1735 meatus

386 1764 457 1821 Et
482 1781 617 1837 vaga
637 1781 731 1822 seu
750 1782 966 1822 summo
992 1766 1170 1821 sidera
1201 1766 1304 1821 lixa
1336 1769 1459 1838 polo
1483 1811 1499 1837 ,

311 1854 585 1926 Multaque
610 1865 867 1927 praeterea
896 1856 1027 1911 satis
1049 1858 1214 1912 ardua
1242 1870 1464 1915 noverat
1493 1879 1506 1916 :
1540 1870 1593 1916 et
1617 1879 1758 1918 nunc

382 1930 739 2016 PhiloSophus
767 1948 905 2003 cinis
932 1956 1015 2003 est
1050 1965 1064 2004 :
1096 1963 1290 2005 nomen
1320 1951 1481 2007 inane
1504 1966 1704 2011 manet.

313 2036 454 2093 Dum
483 2051 572 2093 res
596 2046 651 2091 et
670 2052 849 2091 rerum
890 2053 1081 2099 causas
1115 2028 1353 2110 vestigat
1374 2040 1671 2113 Hypocras,
1708 2092 1711 2094 .

378 2127 519 2185 Dum
550 2128 614 2182 de
639 2128 846 2183 naturis
873 2128 1151 2205 disputat,
1188 2139 1350 2201 atque
1381 2132 1495 2188 suis

309 2216 590 2282 luserit‘“
622 2218 708 2273 illa
736 2219 908 2288 libris,
937 2221 1063 2276 dum
1092 2222 1257 2276 multa
1285 2221 1507 2278 latentia
1530 2224 1598 2256 ἀί
1620 2226 1815 2295 prodit,

380 2310 520 2367 Dum
545 2306 846 2365 medicinali
871 2326 1095 2381 corpora
1120 2321 1301 2368 servat
1331 2328 1455 2383 ope,

306 2396 509 2471 Ingens
531 2399 672 2454 fama
699 2401 801 2459 viri
830 2411 941 2456 toto
966 2402 1467 2472 dill'unditurorbe;

376 2490 447 2544 Et
473 2490 648 2544 meriti
674 2490 993 2547 fructusille
1022 2494 1222 2549 favoris
1249 2487 1432 2550 habet.

311 2574 421 2635 Sed
454 2578 614 2635 nullis
637 2579 838 2644 herbis,
871 2580 1029 2637 nullis
1054 2581 1325 2638 radicibus
1341 2592 1519 2639 actum
1542 2592 1645 2654 est,

380 2666 463 2731 Ne
481 2668 700 2739 physico
727 2671 913 2729 mortis
938 2671 1024 2725 lett
1054 2673 1329 2728 subeunda
1358 2673 1513 2730 foret.

306 2756 375 2814 Et
393 2757 574 2827 iustis,
608 2776 712 2815 non
736 2760 1089 2832 ph'losophis,
1112 2763 1205 2819 dat
1229 2765 1448 2833 praemia
1473 2765 1750 2836 Christus;

378 2848 641 2925 Rusticus
661 2865 751 2914 es;
779 2852 957 2921 justus
992 2861 1129 2918 esto,
1152 2853 1343 2909 beatus
1375 2856 1503 2910 eris.

304 2938 667 3009 Philosophus
698 2942 890 3011 Varro,
926 2944 1115 2999 Petrus
1142 2936 1379 3014 piscator
1408 2964 1422 3001 :
1458 2955 1514 3001 et
1537 2960 1664 3004 ecce

376 3032 573 3090 Petrus
596 3033 756 3089 habet
774 3036 989 3099 ctelum,
1020 3044 1222 3092 tartara
1251 3037 1423 3091 Varro
1459 3048 1627 3094 tenet.

302 3123 397 3179 ille
426 3123 762 3194 voluptatum
791 3126 937 3180 varia
965 3126 1247 3182 dulcedine
1274 3129 1490 3198 gaudet,

376 3215 447 3271 Et
465 3216 743 3272 desideriis
773 3217 937 3272 servit
963 3218 1164 3290 ubique
1185 3219 1315 3274 suis.

304 3302 471 3373 Sunt,
496 3320 614 3375 qua:
653 3321 861 3362 summa
890 3316 1069 3378 putat,
1100 3310 1378 3375 meretrix,
1405 3325 1628 3380 coquus,
1659 3312 1875 3376 histrio;

1522 3436 1534 3448 ρ
1580 3402 1806 3473 [nullum

373 3483 475 3539 llis
497 3484 731 3553 prefert,
760 3494 851 3540 aut
880 3502 977 3556 par
1011 3488 1242 3544 aestimat
1274 3504 1395 3545 esse
1429 3491 1650 3546 bonum.

302 3573 578 3643 Quidquid
605 3584 657 3629 et
692 3576 757 3630 ad
792 3576 993 3631 victum
1034 3593 1184 3633 mare
1213 3566 1402 3645 nutrit,
1434 3582 1598 3647 terra,
1640 3581 1721 3636 vel
1748 3597 1868 3649 aer,

378 3666 602 3731 Quzerit,
637 3666 905 3735 habetque
938 3667 1041 3721 viri
1070 3667 1344 3723 luxuriosa
1373 3669 1559 3725 fames.

302 3754 374 3811 Et
404 3756 618 3809 modico
656 3754 826 3810 ventri
850 3768 1032 3811 vastus
1055 3758 1140 3811 vix
1163 3759 1357 3813 sulIicit
1386 3761 1553 3815 orbis.

378 3846 525 3914 Ergo
553 3847 916 3901 ministrorum
946 3849 1165 3903 vocibus
1194 3849 1314 3903 aula
1338 3853 1539 3906 fremit.

296 3937 653 4007 Argentoque
685 3934 847 4007 dapes
876 3950 1145 4007 ponuntur
1165 3942 1254 4007 ³⁸³,
1283 3942 1524 3999 Bacchus
1554 3947 1603 4000 in
1633 3962 1783 4015 auro,

373 4026 443 4106 Et
473 4041 678 4094 gemma
710 4026 1201 4097 inlusumplurima
1232 4040 1419 4085 nectar
1446 4033 1628 4091 habet.

300 4115 560 4173 Vestibus
573 4124 626 4169 et
656 4115 791 4171 facie
818 4117 1007 4187 longus
1033 4119 1165 4173 nitet
1197 4121 1330 4175 ordo
1350 4121 1629 4186 clientum,

373 4208 459 4262 Ad
478 4208 684 4280 Domini
729 4196 890 4263 nutus
922 4210 1073 4264 turba
1105 4220 1292 4280 parata
1326 4213 1489 4269 leves.

299 4299 485 4354 Sexus
533 4308 756 4369 uterque
800 4300 987 4355 canit:
1024 4312 1281 4358 resonant
1318 4306 1671 4375 ‘cytharmque
1719 4315 1874 4376 lyrae-

1642 4396 1797 4467 [quc;

329 4482 335 4487 ’
374 4484 447 4539 Et
478 4483 705 4538 reddunt
728 4485 836 4540 illic
858 4500 1059 4556 organa
1089 4487 1243 4543 dulce
1275 4489 1460 4543 melos.

299 4574 547 4631 Tandem
575 4576 746 4644 epulis
778 4576 959 4646 largis,
1004 4587 1055 4631 et
1086 4578 1241 4647 pleno
1271 4589 1454 4635 ventre
1476 4580 1664 4633 beatus

372 4665 512 4720 Cum
547 4667 739 4719 scortis
764 4682 954 4735 porcus
981 4668 1170 4736 gaudia
1202 4668 1373 4722 noctis
1399 4670 1561 4723 habet

297 4752 347 4810 0
373 4753 633 4829 praeclara
654 4755 749 4808 viri
786 4756 982 4811 virtus!
1019 4772 1051 4810 ο
1085 4759 1190 4810 vita
1221 4758 1406 4811 beata!

1988 338 2122 418 Quid
2150 350 2323 393 vestes
2346 338 2598 401 referam,
2638 340 2822 405 lectos,
2860 350 2914 397 et
2934 340 3118 418 divitis
3144 344 3321 401 mdes?

2058 416 2241 483 Nescit
2268 430 2466 483 habere
2492 428 2704 483 modum
2727 431 2946 499 prodiga
2971 416 3232 487 luxuries.

1988 519 2123 574 iluie
2147 534 2241 589 per
2268 520 2423 588 leuga
2449 522 2630 573 meant
2658 518 2810 573 nitidi
2842 520 3047 576 canali:
3070 520 3273 589 fontes.

2060 602 2236 664 llerha
2262 611 2633 663 columnarum
2666 624 2935 664 marmore
2968 608 3145 665 clausa
3174 611 3349 665 viret.-

1990 699 2458 769 Fructil‘erumque
2499 715 2666 772 genus
2708 712 2879 756 totum
2926 701 3136 756 arboris
3186 702 3380 759 educat
3426 705 3559 760 hor-

3331 794 3479 867 in”...
3528 864 3529 867 η

2064 879 2323 948 Mistaque
2354 880 2668 950 sanguineis
2698 879 2813 934 alba
2846 880 3070 952 ligustra
3100 876 3255 939 roSis.

1987 972 2098 1027 Nec
2123 971 2277 1025 viola:
2299 970 2492 1026 desunt
2524 988 2537 1038 ;
2576 967 2666 1026 sed
2704 982 2757 1026 ct
2786 971 2891 1027 illic
2917 972 3061 1029 ﬂoris
3084 984 3137 1029 et
3166 973 3342 1029 herba:

2059 1062 2153 1116 Est
2174 1062 2434 1130 quidquid
2458 1062 2655 1131 specie,
2688 1062 2943 1131 quidquid
2969 1063 3129 1117 odore
3157 1064 3321 1134 viget.

1986 1153 2137 1207 Nunc
2176 1152 2576 1222 phaleratorum
2606 1161 2753 1220 tergo
2776 1162 3027 1207 vectatur
3056 1168 3339 1223 equorum,

2056 1242 2207 1298 Nunc
2228 1252 2467 1300 saturum
2490 1241 2633 1296 lento
2664 1241 2864 1313 remige
2892 1243 3078 1312 cymba
3110 1242 3276 1297 vehit.

1986 1330 2137 1387 Nune
2175 1331 2321 1386 illum
2361 1328 2775 1397 esseju‘vatsub
2818 1327 3195 1398 papilionibus,
3230 1336 3283 1382 et
3305 1340 3449 1381 nunc

2055 1421 2222 1476 Grata
2270 1418 2371 1475 sub
2400 1418 2642 1474 arboreis
2676 1419 2936 1488 quaeritur
2964 1418 3151 1472 umbra
3187 1417 3375 1472 comis.

1985 1510 2136 1565 Nune.
2161 1511 2461 1565 delectatur
2496 1510 2687 1575 turbis,
2720 1518 2774 1563 et
2798 1509 3071 1577 plausibus
3099 1508 3248 1563 urbis
3288 1526 3304 1563 :

1918 1568 1957 1625 Β
2055 1602 2122 1655 Ει
2148 1601 2305 1655 modo
2325 1599 2564 1670 privatus
2601 1601 2791 1669 degere
2814 1613 2938 1653 rure
2976 1600 3139 1669 cupit.

1985 1688 2253 1759 Quidquid
2286 1688 2446 1743 molle
2464 1687 2639 1758 juvat,
2671 1688 2815 1758 quod
2841 1688 2979 1750 visu,
3024 1687 3274 1757 quodque
3297 1685 3553 1742 decorum

2476 1820 2479 1825 ,
3266 1775 3477 1849 [est'",

2057 1864 2325 1934 Dulceque
2352 1865 2626 1936 corporeis
2658 1864 2903 1921 sensibus
2932 1880 3049 1921 esse
3080 1865 3215 1921 solet
3246 1882 3259 1920 :

1983 1955 2098 2012 Heu
2128 1956 2356 2011 misero!
2391 1963 2557 2011 totum
2589 1964 2773 2026 turpes
2793 1955 2863 1989 ³⁸⁸
2890 1956 3121 2012 deﬂectit
3146 1956 3198 2011 in
3229 1970 3383 2024 usus,

2052 2045 2315 2115 Nullaque
2342 2045 2576 2100 declinat
2602 2046 2817 2101 sordida
2846 2054 2999 2116 turpe
3027 2061 3210 2117 pecus.

1982 2138 2123 2207 Ergo
2139 2138 2301 2209 jocis,
2331 2154 2547 2203 venere,
2574 2146 2628 2192 et
2654 2138 2802 2203 vino,
2828 2128 3125 2207 somnoque
3159 2136 3334 2193 beatae

1981 2246 1985 2250 '
2054 2231 2321 2301 Expendit
2354 2231 2478 2285 vita
2506 2238 2744 2301 tempora
2779 2238 2888 2284 tota
2927 2244 3055 2284 suae.

1980 2320 2204 2392 Jamque
2231 2335 2358 2375 caro
2388 2329 2531 2375 totus
2558 2320 2732 2384 nescit
2759 2334 2921 2390 quam
2950 2319 3133 2375 devius
3152 2318 3221 2351 ‘“
3247 2328 3410 2376 erret.

2051 2410 2201 2465 Mens
2222 2410 2360 2464 male
2392 2424 2576 2479 pressa
2604 2409 2753 2481 gravi
2782 2410 3017 2481 pondere
3047 2409 3227 2463 carnis
3255 2410 3422 2465 hebes
3441 2407 3513 2447 “'

1980 2500 2163 2557 Nescit
2192 2510 2448 2571 perpetuo
2473 2502 2613 2572 quod
2641 2486 2842 2556 torrem
2871 2501 3075 2555 nutriat
3097 2501 3207 2569 igni

2049 2589 2279 2659 Corpus,
2304 2590 2445 2659 quod
2478 2590 2641 2644 tantis
2665 2597 2820 2644 curat
2846 2589 3130 2658 alitque'"
3160 2587 3353 2645 modis.

1979 2679 2209 2765 Qualerq
2225 2692 2281 2736 tu
2305 2681 2479 2736 credis
2504 2681 2667 2734 vitam
2701 2680 3018 2735 mortalibus
3046 2679 3203 2736 esse?

2051 2772 2114 2827 Et
2136 2772 2336 2835 brevis,
2362 2782 2415 2826 ct
2451 2771 2631 2826 multis
2658 2780 2743 2826 est
2761 2780 2983 2826 onerata
3012 2770 3191 2825 malis.

1908 2892 1949 2949 ρ
1981 2858 2250 2928 Quotquot
2274 2869 2587 2924 nascuntur,
2628 2873 2728 2914 vox
2763 2859 2866 2914 illis
2896 2860 3067 2929 prima
3096 2858 3305 2922 doloris
3330 2876 3345 2911 :

2052 2948 2243 3019 Incipit
2270 2964 2300 3002 a
2340 2948 2461 3004 lletu
2486 2949 2556 2979 ’⁸⁸
2588 2950 2766 3001 vivere
2791 2947 3033 3018 quisquis
3064 2947 3244 3001 homo.

1978 3036 2171 3108 ASpice
2221 3054 2326 3109 qua
2384 3039 2609 3093 miseros
2656 3037 2855 3091 feriunt
2909 3052 3010 3093 nos
3064 3036 3299 3108 undique
3335 3053 3361 3096 ,τ
3413 3044 3546 3107 quot

3305 3125 3478 3197 [suut,
3514 3153 3516 3156 ν

2051 3215 2365 3286 Quantaque
2392 3216 2617 3288 privatis
2639 3216 2708 3248 ’“
2736 3215 2949 3286 publica
2981 3214 3138 3271 mista
3172 3213 3347 3270 malis.

1977 3306 2200 3377 Frigore
2228 3322 2372 3361 ttunc
2408 3306 2594 3371 nimio,
2624 3306 2791 3362 nimio
2816 3322 2956 3361 nunc
2986 3305 3230 3360 lmdimur
3257 3315 3392 3359 aestu
3424 3321 3439 3359 :

2047 3397 2263 3472 Nosque
2288 3398 2458 3453 fames
2486 3406 2664 3461 vexat,
2695 3405 2909 3467 torquet
2942 3396 3135 3451 acerba
3162 3396 3281 3451 sitis
3307 3397 3397 3449 "°.

1980 3487 2157 3558 Musca
2192 3496 2369 3553 nocet,
2401 3488 2748 3557 modieusque
2772 3546 2775 3547 ν
2796 3486 2973 3558 pulex,
3002 3485 3087 3542 vel
3114 3484 3326 3557 regibus
3362 3484 3497 3555 ipsis
3522 3499 3546 3541 ι

1999 3556 2011 3568 ’
2048 3563 2156 3633 Nec
2188 3578 2389 3631 faciunt
2420 3586 2560 3630 tutos
2594 3556 2737 3648 regia
2767 3556 2977 3647 sceptra
3006 3590 3154 3631 suos.

1979 3666 2075 3721 Hic
2101 3666 2242 3720 dolet
2266 3666 2542 3730 exsilium;
2581 3674 2806 3730 mortem
2840 3665 2982 3719 dolet
3010 3662 3146 3717 alter
3172 3663 3367 3730 amici;

2052 3757 2182 3811 lluic
2214 3757 2377 3811 chara
2416 3754 2605 3810 orbato
2636 3755 2859 3825 eolijuge
2883 3752 3012 3808 ﬂere
3040 3753 3193 3807 libet.

1979 3846 2075 3903 llic
2098 3849 2244 3918 jacet
2267 3846 2519 3912 infamis;
2552 3846 2714 3901 miser
2752 3846 2839 3901 hic
2864 3847 2922 3900 in
2950 3858 3169 3900 carcere
3197 3844 3344 3915 luget
3374 3859 3391 3897 :

2050 3938 2203 3993 Hune
2232 3948 2407 3992 metus
2429 3937 2637 3992 hostilis
2668 3937 2908 4002 territat;
2938 3936 3075 3990 alter
3094 3943 3233 4005 eget.

1980 4029 2079 4084 llic
2116 4029 2283 4101 gemit
2306 4030 2372 4061 ²⁷¹
2426 4029 2689 4083 incestum
2732 4034 3000 4097 corruptae
3033 4024 3299 4096 'conjugis
3322 4026 3423 4091 m;
3461 4020 3554 4108 al;

3288 4151 3294 4158 ο
3368 4115 3475 4187 [ter

1907 4246 1950 4299 Β
2048 4209 2274 4265 Delusus
2311 4209 2443 4263 falsa
2466 4209 2774 4278 suspicione
2801 4208 2972 4264 timet.

1980 4303 2251 4358 Excussas
2285 4301 2478 4371 aliquis
2507 4301 2747 4371 deplorat
2778 4302 3039 4371 grandine
3071 4302 3229 4367 vites,

2049 4393 2153 4447 iste
2178 4392 2312 4445 mari
2344 4396 2547 4461 magno
2572 4391 2860 4460 deperiisse
2887 4401 3049 4445 rates.

1980 4483 2111 4538 Pars
2132 4483 2202 4514 ’⁷³
2231 4481 2477 4551 queritur
2503 4481 2672 4535 sterili
2713 4480 2852 4535 male
2880 4479 3082 4535 credita
3106 4480 3317 4538 semina
3350 4490 3507 4537 terrae
3533 4499 3551 4547 ;

2048 4570 2179 4624 Pars
2210 4570 2397 4623 metuit
2422 4569 2622 4624 domini
2648 4569 2857 4637 vimque
2885 4568 3164 4636 minasque
3192 4572 3295 4626 sui.

1979 4661 2216 4716 Perdidit
2246 4660 2332 4714 hic
2372 4658 2571 4726 justam
2601 4657 2698 4710 sub
2730 4657 2909 4725 iniquo
2932 4657 3111 4725 judice
3136 4675 3355 4714 causam
3390 4678 3405 4716 :

2058 4750 2171 4808 Has
2208 4755 2419 4822 rapiunt
2451 4751 2592 4805 fures
2617 4768 2630 4816 ;
2671 4750 2770 4803 has
2797 4759 2997 4804 cremat
3026 4749 3168 4824 ignis
3192 4767 3341 4821 opes.

1610 4883 1839 4939 VARUS
1876 4881 2277 4939 LECTIONES.

375 5016 960 5089 “°quertmss.inserit
990 5018 1078 5071 illa
1152 5016 2187 5089 mlllultalibentiamss.multalatentia
2263 5010 3544 5089 “illidetquoguemss.pmmnturn'f"Cumque

304 5090 721 5159 de'corutn‘mss.
739 5088 986 5159 quodque
1002 5090 1254 5159 decorum
1329 5086 1396 5115 εδδ
1413 5086 1744 5159 llmemisero
1762 5085 2301 5159 totumgniiserosmss.
2320 5083 2421 5135 heu
2446 5079 2641 5133 misero
2659 5089 2822 5159 totum
2847 5088 3131 5159 tttrpcsms‘
3154 5078 3218 5133 0.
3235 5081 3335 5159 heu
3352 5078 3545 5159 misero

290 5167 483 5209 totum
517 5156 738 5210 miseros
758 5148 773 5156 ’
811 5158 877 5188 ἐδ
903 5148 1077 5221 ’ριιίιιη
1111 5156 1296 5209 clivius
1320 5172 1442 5208 mss.
1472 5171 1631 5221 quam
1662 5156 1846 5210 devius
1919 5155 1987 5185 ³⁸⁸
2019 5154 2211 5209 Carnis
2233 5152 2401 5206 hmret
2425 5150 2753 5221 mss.__cat_'nis
2778 5148 2941 5221 habet
2967 5166 3063 5221 ms.
3092 5148 3155 5201 0.
3183 5150 3358 5203 carnis
3387 5150 3543 5202 hebet

302 5224 374 5257 ³⁸⁷
409 5224 783 5293 Curataliiquc
812 5218 1113 5280 mssicurat
1152 5227 1351 5292 alitque
1426 5218 1502 5256 "3-
1529 5224 1780 5295 lucrrpita
1798 5223 1923 5277 ﬂetu
1948 5241 2068 5277 mss.
2094 5223 2279 5295 Incipit
2300 5221 2479 5295 allctu_
2542 5218 2840 5295 ‘°_’_Quatita
2862 5219 3217 5295 privatisinrs.
3235 5228 3544 5286 quantaque

304 5295 539 5363 privatis
612 5295 679 5365 ξ⁷⁰
701 5284 897 5365 Ὰιηεινει
923 5296 1038 5365 sitis
1067 5312 1188 5348 mss.
1217 5284 1409 5347 acerba
1436 5295 1553 5347 sitis
1627 5284 1691 5325 ’7"
1721 5294 2003 5365 llicggemit
2035 5310 2157 5347 mss.
2186 5284 2302 5345 Iam
2347 5291 2507 5358 gemit
2549 5287 2649 5365 __'"
2695 5284 2960 5365 Corru'pta
2994 5286 3232 5365 conjugis
3253 5284 3384 5365 :mss.
3418 5284 3540 5365 eor-

304 5356 486 5441 rupt'ae
515 5361 754 5432 conjugis
828 5365 896 5395 ’⁷³
919 5364 1220 5419 Clamosum
1261 5365 1607 5433 regidumque
1637 5380 1767 5433 puer
1797 5356 1947 5416 timet
1973 5364 2059 5419 ille
2090 5356 2369 5430 parentem
2394 5375 2515 5411 mss.
2549 5357 2677 5410 l‘ars
2700 5358 2947 5423 queritur
2967 5356 3133 5411 sterili
3170 5356 3304 5410 male
3330 5356 3537 5409 credita

304 5438 517 5487 εοιιιίηιι
551 5438 704 5488 ιωίω
