4190 6204
655 262 759 316 703
998 261 1054 316 S.
1096 259 1392 317 ANSELMI
1441 259 1788 316 CANTUAR.
1821 257 2140 315 ARCHIEP.
2181 257 2310 314 OPP

2459 255 2545 311 RS
2588 253 2651 308 ll.
2795 252 3162 308 ΡΑῐὶᾸΞΝΕΤ.
3204 253 3291 308 ΕΤ
3322 251 3562 309 ASCET.
3782 58 4108 308 τε),

653 379 716 435 Et
746 381 866 448 quis
893 395 996 434 non
1024 381 1162 449 quod
1200 380 1410 449 plangat
1439 379 1620 442 habet,
1650 378 1902 444 nulloque
1929 375 2112 428 dolore

725 469 950 524 Saucius
971 483 1072 532 est,
1107 474 1211 523 voti
1242 487 1460 540 compos
1487 471 1684 537 ubique
1711 469 1830 522 sui?

651 559 765 614 Non
813 561 890 615 sic
918 560 1105 614 blanda
1133 563 1201 593 ³⁷³
1225 563 1365 615 favet
1409 561 1564 615 rebus
1596 560 1807 614 fortuna
1835 559 2110 621 secundis,

721 648 939 708 Miscca'.
965 661 1021 702 ut
1057 650 1190 704 laetis
1221 651 1459 718 improba
1501 650 1654 704 triste
1687 650 1816 703 nihil
1854 667 1867 702 :

650 736 756 789 Nec
787 753 910 802 pars
935 739 1005 770 ’⁷⁵
1051 755 1210 806 parva
1245 739 1377 791 mali
1393 740 1534 792 vitiis
1564 741 1859 800 tabescere,
1894 748 2074 802 totque

717 826 938 892 Captivo
962 828 1210 881 ardentes
1237 839 1458 895 pectore
1487 829 1628 884 ferre
1662 831 1824 883 faces.
2085 811 2088 814 i

646 914 858 984 Flagrat
888 919 1134 980 avaritia,
1173 920 1308 972 mala
1335 935 1484 974 locus
1523 921 1864 974 succenditur
1893 921 1999 983 ira;

717 1004 782 1057 Et
811 1007 969 1059 modo
995 1022 1191 1061 vesano
1217 1007 1385 1062 fervet
1422 1023 1604 1061 amore
1646 1027 1658 1061 :
1686 1010 1831 1061 velut

644 1092 874 1149 Interius
899 1106 1061 1150 totam
1102 1100 1301 1151 dudum
1333 1100 1642 1165 conceperit
1664 1099 1733 1129 ⁸⁷⁸
1757 1093 2034 1163 ὶΕἰΙιιιοιιι,

712 1180 796 1236 Nl
819 1199 1031 1254 quoque
1059 1188 1201 1255 quod
1226 1189 1413 1240 deceat
1439 1202 1579 1241 ca:ca
1605 1188 1784 1242 furore
1812 1188 1973 1242 videt.

641 1270 800 1344 Stepe
826 1292 1016 1346 graves
1036 1278 1281 1344 stimulos
1313 1279 1447 1343 livor
1470 1279 1640 1333 tnaltts
1661 1280 1862 1333 excitat
1886 1280 1956 1332 illi
1985 1299 1996 1332 :

715 1367 870 1436 Stepe
900 1376 1100 1424 metum
1134 1377 1376 1435 generat,
1409 1383 1685 1437 spemque,
1713 1370 1922 1436 cupitns
1945 1370 2136 1424 honor.

641 1456 792 1511 Illum
822 1456 1076 1518 luxuries,
1114 1457 1365 1526 illumque
1395 1460 1642 1528 superbia
1675 1475 1748 1512 va.
1771 1467 1849 1514 tat
1877 1474 1891 1512 :

716 1547 866 1602 llunc
899 1565 1108 1618 quoque
1133 1551 1528 1605 tristitige‘szeva
1553 1552 1622 1583 ³⁷⁷
1653 1551 1885 1620 procella
1909 1553 2100 1620 quatit.

643 1637 789 1701 "3‘30,
819 1647 874 1691 ει
903 1647 1049 1706 plura
1087 1652 1336 1707 premunt
1365 1657 1462 1694 nos
1496 1641 1653 1708 hujus
1692 1635 1930 1712 tempore
1962 1645 2082 1698 vita:
2106 1643 2203 1709 "';

713 1729 841 1794 Quae
872 1745 968 1783 nec
991 1731 1072 1792 vel
1108 1735 1287 1800 puncti
1321 1742 1558 1801 tempore
1582 1745 1727 1788 certa
1758 1745 1992 1788 manent.

636 1814 731 1871 ille
752 1817 911 1884 fame,
944 1810 1310 1891 fungo,'febri,
1338 1832 1610 1891 serpente,
1638 1824 1853 1892 sagitta,
1907 1849 1912 1852 -

707 1906 1004 1976 Fluctibus,
1034 1923 1125 1966 aut
1155 1913 1403 1975 ﬂammis.
1448 1913 1621 1980 hoste,
1656 1915 1862 1989 latrone
1891 1918 2136 1985 pcrit'".

637 1999 704 2052 Et
727 2010 966 2056 nostram
1001 2004 1168 2056 morbi
1205 2015 1552 2073 corrumpunt
1575 2006 1716 2061 mille
1744 2007 1998 2072 salutem;

706 2087 892 2142 Nullus
916 2091 983 2142 ab
1015 2091 1246 2146 humano
1272 2109 1495 2163 corpore
1521 2096 1743 2164 languor
1766 2097 1834 2128 ’⁸ο
1861 2100 2033 2151 abest.

638 2179 696 2234 Si
727 2196 868 2236 nunc
892 2182 957 2213 ²⁸¹
993 2184 1222 2250 aspicias
1255 2186 1502 2240 animalia
1531 2197 1723 2242 caetera
1750 2205 2004 2259 quaeque;

705 2269 950 2334 invenies
989 2275 1150 2329 tantis
1180 2277 1391 2331 subdita
1420 2279 1558 2332 nulla
1587 2280 1763 2334 malis.

636 2359 745 2413 Nos
773 2362 966 2428 capitis
997 2365 1332 2434 laterumque
1379 2367 1553 2432 dolor,
1586 2368 1857 2437 febrisque
1880 2368 2069 2438 fatigat
2101 2388 2114 2423 :

708 2451 898 2507 Totum
931 2453 1200 2509 hominem
1227 2457 1365 2511 tollit
1387 2459 1552 2526 lepra,
1581 2445 1832 2526 chirogra
1868 2475 2058 2513 manus
2099 2500 2115 2520 ,

635 2541 763 2598 Dira
793 2546 1030 2621 podagra
1065 2548 1263 2615 pedes;
1294 2550 1479 2604 oculos
1507 2549 1800 2617 opbtalmia
1825 2561 1990 2604 ctecat
2016 2568 2030 2603 :

705 2630 929 2686 Obsidet
964 2636 1157 2687 arctati
1191 2637 1426 2704 pectoris
1453 2638 1662 2690 asthma
1693 2639 1827 2694 vias.

633 2720 786 2779 ιω
816 2739 944 2778 suos
975 2726 1178 2779 claudit
1217 2727 1343 2782 lotio
1372 2723 1549 2782 vesica
1570 2730 1637 2764 ²³¹
1667 2742 1872 2786 meatus
1903 2746 1919 2785 :

707 2820 924 2874 Viscera
957 2829 1272 2890 torquentur
1293 2823 1382 2888 ¹⁸³,
1409 2839 1638 2893 patsque
1669 2828 1938 2894 pudenda,
1961 2828 2201 2885 colus'”.

634 2911 796 2984 200
821 2915 956 2967 Dens
976 2913 1140 2977 dolet,
1162 2924 1252 2968 aut
1274 2917 1472 2979 cervix;
1492 2932 1552 2971 os
1581 2927 1771 2987 torpet;
1789 2917 1964 2988 lingua
1991 2920 2116 2989 ligat
2156 2937 2201 2984 r;

705 3001 866 3072 Splen
897 3011 1098 3070 tumet;
1127 3012 1349 3076 :egrotat
1379 3008 1578 3076 pulmo,
1611 3008 1822 3066 laborat
1846 3011 2030 3079 bepar.

630 3094 737 3148 Cor
756 3106 988 3160 marcet;
1021 3112 1174 3151 renes
1199 3099 1505 3170 patiuntur;
1534 3100 1763 3154 solvitur
1785 3100 1969 3166 alvus;

701 3184 926 3239 Brachia
957 3187 1027 3239 nil
1062 3197 1314 3256 possunt;
1347 3189 1598 3260 languida
1631 3207 1790 3246 crura
1811 3194 2014 3261 jacent.

631 3275 850 3343 Singula
881 3294 984 3330 non
1011 3282 1194 3344 paucis
1225 3297 1347 3348 pars
1374 3294 1458 3334 est
1486 3272 1716 3336 obnoxia
1747 3285 1951 3337 morbis
1977 3301 1990 3336 :

701 3361 767 3415 Et
786 3372 932 3431 patet
963 3366 1144 3419 infelix
1175 3369 1240 3419 ad
1267 3369 1403 3421 mala
1441 3379 1583 3424 totus
1610 3371 1790 3424 homo.

630 3451 747 3506 Non
777 3454 890 3506 hac
917 3470 1045 3524 ergo
1094 3458 1257 3522 salus,
1295 3476 1398 3512 non
1434 3462 1544 3515 haec
1568 3463 1694 3514 mihi
1726 3465 1830 3516 vita
1856 3465 2086 3520 videtur-

701 3543 872 3611 Quam
904 3561 1049 3600 mors
1078 3550 1372 3619 exstinguit
1401 3552 1489 3613 ⁸⁸³,
1517 3552 1706 3606 tollere
1738 3555 1955 3608 morbus
1985 3556 2162 3610 habet.

628 3632 721 3690 Sic
749 3646 829 3690 est
863 3653 876 3689 :
908 3651 994 3693 res
1025 3641 1157 3694 istas
1185 3641 1323 3695 male
1353 3643 1595 3711 publicus
1617 3647 1847 3698 aestimat
1875 3660 2056 3712 error;

704 3730 836 3784 Vilia
877 3743 1018 3794 sunt.
1054 3732 1202 3786 stulti
1235 3749 1353 3801 qua:
1379 3734 1613 3802 pretiosa
1644 3745 1834 3804 putant

625 3815 734 3875 Nos
760 3821 924 3892 igitur
944 3823 1180 3889 ,frat'res,
1214 3840 1412 3892 quaeso,
1441 3825 1658 3892 meliora
1687 3840 2004 3894 sequamur,

699 3913 828 3979 Quae
855 3924 976 3967 sunt
1003 3916 1158 3984 digna
1190 3913 1352 3978 bono,
1381 3932 1500 3983 quze
1523 3917 1764 3985 sapiente
1788 3918 1924 3972 viro.

626 4004 735 4057 Cur
761 4004 1020 4058 Dominus
1051 4021 1252 4069 rerum,
1284 4021 1449 4072 quare
1477 4007 1690 4061 deitatis
1721 4008 1892 4076 imago

695 4096 862 4149 Parva
887 4099 1072 4164 cupis?
1104 4099 1290 4163 cupias
1319 4098 1800 4167 maxima’magnus
1830 4102 2028 4154 homo?

623 4182 738 4244 Non
775 4191 932 4244 decet
959 4191 1185 4244 artificis
1217 4191 1350 4244 tanti
1383 4191 1623 4245 mirabile
1652 4188 1852 4258 plasma

696 4282 874 4336 Mirari
907 4282 1140 4351 propriis
1165 4292 1356 4335 cuncta
1391 4283 1594 4335 minora
1627 4282 1799 4338 bonis.

596 4418 599 4422 .
625 4369 770 4424 Luna
799 4373 892 4426 tibi
931 4373 1114 4441 fulget,
1150 4373 1241 4426 tibi
1276 4372 1504 4426 volvitur
1533 4373 1707 4426 orbita
1733 4373 1884 4438 solis,

694 4463 762 4516 Et
792 4464 882 4517 tibi
912 4473 1038 4517 sunt
1073 4473 1181 4518 toto
1211 4465 1386 4539 sidera
1416 4481 1598 4535 sparsa
1626 4465 1766 4534 polo.

619 4547 823 4623 Nempe
844 4555 959 4610 dies
987 4564 1109 4609 tuus
1143 4566 1248 4621 est,
1278 4567 1363 4611 tua
1395 4573 1519 4620 nox,
1556 4565 1676 4611 tuas
1707 4557 1894 4628 igneus
1923 4548 2116 4610 anlter-

692 4643 759 4698 Et
786 4643 878 4698 tibi
911 4655 1244 4699 commutant
1275 4653 1508 4716 tempora
1536 4663 1760 4716 quaeque
1793 4649 1956 4702 vices.

577 4777 580 4780 .
619 4735 778 4789 Orbis
800 4731 1072 4790 terrarum
1111 4746 1233 4791 tuus
1255 4746 1336 4792 est
1369 4779 1384 4803 ,
1410 4748 1465 4793 et
1489 4740 1745 4808 quidquid
1775 4742 1840 4795 ab
1873 4742 1964 4795 illo

2246 378 2287 432 Α
2387 367 2684 432 Clauditur,
2714 367 2938 421 arbitrio
2968 368 3215 422 subditur
3237 383 3397 422 omne
3424 377 3535 422 tuo.

2319 455 2516 527 Nempe
2550 473 2746 526 parcns
2771 474 2947 513 rerum
2967 459 3103 513 caelo
3130 459 3393 514 demissus
3419 461 3485 513 ab
3513 463 3642 524 atto,

2388 547 2466 601 Ad
2501 557 2586 602 tua
2619 550 2968 615 descendens,
2994 559 3074 604 est
3102 551 3192 603 tibi
3222 551 3396 605 factus
3425 552 3607 605 homo.

2319 636 2393 692 Te
2424 648 2603 692 manet
2627 639 2859 694 astriferi
2891 639 3188 694 clarissima
3228 641 3370 710 regia
3400 642 3572 709 regni.

2388 729 2466 782 Tu
2489 745 2702 800 quoque
2727 745 2786 784 es
2813 731 2997 784 :eterni
3034 731 3173 800 regis
3205 731 3379 800 imago
3412 733 3485 783 tui
3515 730 3604 781 ³⁸⁸.

2319 818 2457 889 Ergo
2483 829 2535 873 tu
2573 829 2772 886 tantus,
2799 822 2889 890 qui
2926 822 3088 875 tantis
3112 830 3304 876 cwtera
3342 822 3532 886 vincis,

2387 912 2452 966 Et
2481 911 2659 965 minor
2685 928 2745 966 es
2773 913 2885 967 solo
2909 922 3098 967 cuncta
3133 921 3354 967 creante
3379 913 3486 966 Deo
3504 931 3530 967 -ε

2316 1001 2433 1055 Noli
2462 1010 2513 1054 te
2541 1016 2705 1069 regno
2729 1003 2930 1071 peccati
2958 1002 3189 1057 subdere
3218 1020 3230 1055 :
3261 1003 3386 1065 noli,

2387 1092 2514 1158 Quae
2535 1092 2693 1146 citius
2721 1094 2948 1162 fugiunt,
2981 1093 3078 1147 ista
3107 1095 3306 1147 caduca
3337 1094 3508 1161 sequi.

2317 1184 2420 1238 Sed
2449 1193 2658 1253 satagat
2683 1184 2911 1239 humiles
2954 1186 3134 1239 animo
3165 1185 3547 1239 transcendere
3581 1195 3774 1252 terras,

2387 1275 2714 1346 Arctumque
2743 1281 2809 1331 ad
2833 1278 2997 1332 ctrlos
3025 1277 3202 1345 arripe
3227 1275 3381 1332 fortis
3415 1276 3536 1330 iter.

2315 1360 2457 1434 Vita,
2487 1367 2652 1432 salus,
2681 1368 2957 1422 hominum
2999 1380 3212 1437 quoque
3236 1375 3452 1433 caetera,
3484 1365 3659 1420 fumus
3687 1376 3739 1422 et
3766 1384 3892 1424 unr-

2503 1444 2507 1448 y
3512 1457 3658 1528 _[bra
3690 1470 3773 1514 est
3796 1498 3810 1512 .

2383 1550 2574 1607 Omnia
2608 1557 2952 1620 prmtcreunt,
2982 1549 3124 1604 nulla
3157 1565 3378 1606 manere
3415 1550 3560 1604 vides
3592 1567 3605 1603 :

2314 1643 2424 1698 Non
2454 1652 2503 1698 te
2527 1658 2644 1712 qua“:
2671 1652 2895 1711 pereunt
2919 1643 3182 1696 delectent
3224 1641 3405 1696 intima
3441 1658 3457 1707 ;
3489 1658 3592 1695 non
3623 1651 3675 1696 te

2381 1735 2664 1790 Ctelestem
2696 1735 2861 1788 ftedet
2889 1735 3109 1804 pulvere
3137 1744 3278 1790 terra
3308 1750 3427 1788 suo.

2312 1827 2420 1882 Nec
2448 1837 2498 1882 te
2520 1827 2811 1896 praecipitet
2835 1827 3013 1880 carnis
3034 1826 3334 1880 malesuada
3374 1825 3627 1895 voluptas
3654 1845 3668 1880 :

2379 1917 2488 1973 Nec
2514 1919 2687 1972 trahat
2714 1917 2976 1971 illecebris
3004 1933 3146 1982 esca,
3174 1933 3449 1985 venusque
3485 1919 3639 1971 suis;

2308 1995 2627 2072 Perpetuam
2663 2005 2756 2058 tibi
2785 2006 2853 2059 sit
2877 2007 3112 2059 studium
3142 2006 3356 2060 virtutis
3375 2017 3431 2060 et
3456 2007 3617 2060 ardor
3646 2024 3661 2059 :

2379 2095 2526 2149 Mens
2552 2105 2638 2148 tua
2670 2097 2927 2150 continuo
2957 2095 3146 2166 ﬂagret
3172 2111 3357 2151 amore
3387 2097 3624 2151 boni'".

2309 2187 2498 2253 Quaere
2532 2186 2654 2239 boni
2679 2186 2751 2218 ³⁸⁸
2783 2185 2985 2239 fontem
3025 2169 3282 2238 virtutum
3311 2187 3578 2256 passibus,
3610 2194 3665 2240 et
3689 2195 3740 2242 te

2378 2273 2536 2326 Istius
2564 2271 2724 2328 fontis
2754 2281 2954 2328 torreat
2984 2287 3086 2325 una
3120 2272 3252 2326 suis.

2310 2362 2535 2418 Sarcina
2558 2373 2863 2418 currentem
2897 2372 2946 2417 te
2970 2363 3149 2417 mundi
3183 2362 3323 2415 nulla
3357 2361 3634 2418 retardet:

2381 2454 2571 2508 Totum
2597 2454 2808 2509 declina
2832 2454 3087 2524 quidquid
3123 2455 3312 2508 obesse
3345 2453 3497 2507 solet.

2307 2545 2441 2602 Cum
2468 2559 2520 2600 tu
2548 2547 2828 2617 pervenies
2855 2531 3010 2602 hctus
3035 2545 3269 2614 felixque
3297 2547 3494 2611 viator,

2377 2637 2444 2691 Et
2473 2639 2594 2692 data
2619 2638 2813 2696 vivifici
2841 2639 2992 2708 capia
3025 2638 3187 2692 fontis
3216 2638 3320 2694 erit
3345 2676 3360 2699 ,

2307 2726 2570 2782 Eternus
2608 2728 2723 2790 lies,
2756 2727 2992 2798 sapiens,
3019 2742 3253 2797 vereque
3285 2728 3476 2781 beatus
3509 2768 3524 2781 .

2376 2821 2579 2874 Cuncta
2610 2820 2701 2873 tibi
2727 2820 2920 2873 fuerint
2959 2834 3231 2889 prospera,
3273 2818 3424 2873 triste
3453 2817 3607 2872 nihil.

2274 2923 2282 2940 ‘
2307 2913 2476 2982 Inque
2510 2925 2606 2965 suo
2632 2926 2808 2980 regem
2842 2927 2932 2966 rex
2960 2912 3072 2982 ipse
3107 2911 3302 2966 decore
3327 2910 3552 2975 videbis,

2377 3003 2559 3072 Deque
2586 3002 2832 3057 beatiﬁco
2856 3003 3054 3056 lumine
3081 3002 3258 3056 lumen
3290 3004 3398 3055 eris
3423 3001 3444 3032 '
3475 3003 3518 3054 ’.

2228 3050 2273 3110 ε
2305 3050 2486 3145 Nullae1
2506 3089 2701 3142 mentis
2725 3099 2884 3144 erunt
2917 3091 3180 3151 tenebrae;
3211 3089 3303 3143 sed
3334 3099 3491 3145 nocte
3517 3089 3700 3159 fugata

2373 3182 2521 3237 intus
2549 3183 2649 3237 erit
2677 3195 2866 3251 perpes
2885 3191 2940 3235 et
2969 3181 3086 3234 sine
3116 3181 3256 3234 nube
3287 3181 3424 3234 dies.

2303 3272 2455 3327 Tunc
2483 3286 2663 3325 rerum
2691 3256 2886 3332 causae,
2930 3271 3211 3338 scripturae
3239 3269 3422 3322 clausa
3456 3269 3714 3336 patebunt
3749 3285 3766 3323 :

2375 3362 2566 3417 Omnia
2598 3362 2743 3416 clara
2773 3361 2888 3424 tibi,
2923 3361 3185 3429 plenaque
3216 3360 3352 3413 lucis
3382 3369 3561 3414 erunt.

2303 3452 2454 3506 Tunc
2485 3453 2537 3506 in
2565 3439 2807 3506 vivorum
2837 3451 2954 3506 beta
2990 3451 3206 3520 regione
3229 3450 3437 3504 videbis

2373 3540 2502 3607 Qua:
2529 3541 2668 3594 bena
2693 3540 2802 3594 sint
2833 3539 3386 3608 Domini,quantaque
3413 3540 3549 3606 dona
3582 3537 3695 3592 Dei.

2302 3631 2445 3686 Mors
2469 3631 2663 3694 aberit,
2697 3631 2932 3695 morbus,
2967 3630 3136 3695 labor,
3176 3631 3368 3692 hostis,
3399 3644 3546 3692 cura,
3591 3639 3882 3696 senectus;

2371 3724 2485 3779 Non
2515 3723 2677 3778 habet
2703 3723 2817 3776 haec
2842 3722 2969 3791 felix
2995 3722 3080 3775 illa
3113 3735 3342 3788 superna
3379 3719 3589 3772 domus.

2300 3817 2416 3871 Non
2437 3816 2607 3870 timor
2641 3814 2829 3869 alliciet
2863 3825 3096 3879 sanctos,
3122 3824 3419 3879 sensusque
3449 3807 3651 3862 doloris
3682 3825 3697 3860 :

2375 3909 2564 3963 Estus
2585 3909 2636 3961 in
2666 3908 2748 3962 bis
2781 3908 2977 3969 nullus,
3003 3905 3198 3973 frigora
3229 3901 3374 3956 nulla
3407 3899 3559 3955 locis.

2299 3999 2469 4054 Nemo
2492 4000 2578 4053 hic
2606 3997 2875 4074 esuriens,
2899 3998 3073 4050 nudus
3096 4008 3308 4064 quoque
3340 4006 3519 4059 nemo,
3553 3990 3646 4044 sed
3671 4005 3820 4046 unus

2381 4090 2642 4146 Omnibus
2671 4106 2832 4145 omne
2854 4074 3050 4144 bonum
3083 4087 3194 4152 liet,
3239 4087 3466 4154 eritque,
3498 4085 3654 4138 Deus.

2301 4180 2439 4235 Urbs
2468 4181 2584 4234 bzec
2618 4195 2719 4233 nor
2757 4180 2917 4244 lunae,
2949 4195 3057 4232 non
3093 4178 3294 4230 lumine
3324 4176 3455 4230 solis
3481 4175 3687 4243 egebit;

2371 4275 2596 4336 bemper
2618 4271 2720 4321 erit
2745 4283 2942 4336 magno
2965 4267 3076 4321 sole
3103 4281 3293 4320 serena
3328 4267 3457 4319 Deo.

2300 4359 2540 4426 Denique
2564 4359 2830 4426 iustorum
2864 4366 3114 4423 tanquam
3157 4354 3234 4408 sol
3265 4355 3492 4424 quisque
3525 4357 3711 4411 nitebit
3742 4375 3757 4411 :

2371 4451 2475 4504 Ista
2500 4449 2767 4502 redonata:
2789 4446 2952 4516 glcria
2995 4445 3175 4499 carnis
3205 4445 3326 4499 erit.

2302 4545 2534 4616 Spiritus
2562 4543 2786 4598 summis
2811 4540 3044 4608 :equabit
3070 4540 3240 4608 gratia
3271 4539 3410 4607 regis
3446 4557 3458 4590 :

2371 4639 2474 4692 Pro
2503 4639 2699 4707 quibus
2726 4643 2809 4689 est
2838 4634 2977 4687 ultro
3008 4647 3197 4700 passus
3226 4646 3408 4683 amara
3429 4628 3623 4682 crucis.

2300 4730 2375 4789 Ad
2404 4740 2639 4784 montem
2670 4728 2794 4781 vitae
2823 4727 2887 4780 de
2917 4725 3102 4779 mortis
3134 4722 3272 4776 valle
3298 4721 3366 4750 "°
3391 4719 3643 4771 reductus

1897 4909 2132 4966 VARUE
2170 4906 2459 4965 LECTION
2467 4903 2571 4958 ES.

705 5060 763 5092 ντδ
785 5060 936 5114 Nunc
968 5063 1043 5132 si_t-
1066 5062 1253 5132 blanda
1292 5080 1387 5112 ms.
1423 5062 1486 5115 0.
1524 5079 1624 5116 non
1668 5064 1744 5118 sic
1786 5067 1974 5119 blanda
2051 5069 2120 5098 ’τε
2148 5066 2261 5119 Non
2311 5077 2434 5132 pars
2461 5076 2558 5112 ms.
2600 5056 2665 5111 0.
2709 5067 2962 5132 nec-pars
3037 5051 3105 5081 ’⁷⁸
3145 5048 3620 5132 Conce_perat"rrts:_
3645 5047 3875 5132 (lacon-

616 5132 824 5200 coperit
896 5132 961 5160 ³⁷⁷
996 5129 1233 5183 Tristitia
1267 5147 1402 5184 saeva
1431 5150 1554 5186 mss.
1590 5135 1819 5188 tristitia:
1847 5118 1993 5189 ἐέργει
2071 5138 2138 5167 ’⁷³
2165 5118 2430 5201 Tempore
2483 5132 2604 5201 vitaz
2659 5143 2757 5177 ηιεε
2803 5118 2924 5201 593;
2966 5132 3228 5201 ίθπιροῗίξὶ
3257 5120 3419 5201 νίιξῖῖη
3454 5118 3522 5201 ’,⁷⁸
3567 5118 3660 5201 "lg
3700 5118 3868 5201 [δεξιον

619 5189 805 5269 fungo,
841 5201 997 5261 febri,
1024 5214 1293 5268 serpente,
1333 5204 1546 5269 sagitta.
1585 5203 1875 5263 Fluctibus.
1927 5217 2016 5258 aut
2055 5189 2314 5268 ﬂammis;
2345 5192 2528 5261 bo'ste,
2575 5196 2946 5270 latrone-perit
2974 5265 2982 5270 _
3012 5209 3106 5244 ms.
3140 5191 3218 5270 .0.
3276 5190 3419 5270 addit
3461 5190 3556 5269 ltoc
3606 5189 3870 5270 disticho]:

621 5274 690 5302 23°
719 5258 965 5342 'lZorpma
989 5258 1219 5338 languor
1241 5258 1364 5324 nisa.
1395 5258 1623 5340 corpore
1655 5258 1878 5342 languor
1954 5278 2017 5306 ’δι
2045 5276 2133 5327 Sic
2157 5258 2442 5342 nunc'mss.
2475 5258 2523 5322 si
2544 5283 2685 5342 nunc
2728 5258 3016 5342 Δίλξιεί-μὶιιιὶη
3043 5262 3222 5342 vesica
3247 5277 3366 5311 mss.
3397 5260 3524 5313 lotio
3543 5259 3715 5340 vesica

623 5343 834 5396 Viscera
857 5354 1170 5411 torquentur
1193 5359 1313 5393 mss.
1340 5345 1542 5394 visrera
1567 5356 1856 5397 torrentur.

1934 5347 2000 5375 ’⁸⁵
2037 5347 2199 5398 Colon
2232 5359 2352 5392 mss.
2395 5338 2457 5392 0.
2504 5339 2651 5390 colus
2726 5336 2794 5365 ’⁸⁸
2823 5335 2961 5385 Mors
2989 5331 3253 5400 extinguis
3286 5348 3406 5383 mss.
3430 5345 3570 5383 mors
3599 5328 3869 5400 extinguit

617 5414 684 5445 ³⁸⁵
741 5415 916 5482 Imago
960 5399 1030 5467 lui
1084 5430 1179 5464 ms.
1245 5413 1362 5466 593.
1405 5412 1576 5480 imago
1636 5415 1726 5467 Dei
1805 5416 1870 5446 ’⁸⁷
1900 5415 2042 5467 Mens
2075 5428 2161 5467 tua
2210 5411 2461 5464 continuo
2488 5408 2672 5482 ﬂagret
2701 5404 2956 5482 bonitatis
2994 5399 3173 5482 amore
3202 5416 3215 5453 :
3248 5400 3335 5482 Sic
3367 5401 3503 5482 perit
3533 5399 3868 5482 :eterni‘torf

618 5484 728 5534 rida
767 5467 976 5537 flamma
1012 5487 1144 5553 rogi.
1177 5501 1298 5535 mss.
1333 5467 1652 5553 Perpei’uum
1685 5485 1775 5536 tibi
1803 5487 1870 5537 sit
1902 5486 2132 5538 studium
2161 5467 2656 5553 virtutisetardvor,
2701 5474 2846 5553 biens
2879 5473 3253 5553 tuahcontinuu
3301 5467 3487 5540 ﬂagret
3523 5484 3704 5553 amore

619 5554 684 5581 ⁸⁸⁸
747 5555 918 5617 Quare
953 5537 1238 5608 boniumss.
1273 5537 1462 5618 Qutere
1502 5552 1626 5605 boni
1699 5554 1766 5584 ’κ’
1828 5537 2046 5605 Lumine
2098 5553 2272 5604 lumen
2319 5549 2423 5601 eris
2469 5546 2530 5599 In
2569 5544 2800 5618 "3.5.595
2866 5542 3068 5618 explicit
3140 5543 3222 5596 hic
3261 5537 3468 5596 cannon
3519 5537 3655 5590 istud
3689 5553 3708 5590 :
3747 5537 3862 5587 ctu"

623 5613 959 5686 ’lll’flfviunlur
1021 5628 1191 5695 plures
1266 5613 1440 5679 cci-sus
1507 5623 1787 5676 hexametri
1863 5623 1929 5652 ³³³
1965 5622 2035 5675 De
2069 5621 2256 5676 mortis
2288 5619 2422 5674 valle
2446 5635 2540 5672 ms.
2575 5615 2637 5669 0.
2672 5616 2734 5668 de
2763 5614 2930 5669 noctis
2958 5613 3086 5667 valle

3805 6077 3986 6123 ’.ενι
