4190 6204
540 405 643 461 707
877 403 939 459 S.
977 399 1274 459 ANSELMI
1311 396 1657 457 CANTHAR.
1697 394 2017 452 ARClllEP.
2061 393 2206 450 OPP.
2251 391 2428 447 PARS
2462 389 2525 446 ll.
2579 421 2648 432 --
2681 389 3046 446 ΡᾹΒίΕΝΕΤ.
3088 390 3175 446 ET
3215 390 3456 446 ASCET.
3681 393 3781 446 708

538 515 633 570 Sic
657 514 891 570 hominis
918 531 1109 585 corpus
1146 522 1301 567 terrae
1329 512 1589 582 putrescit
1619 511 1671 562 in
1710 508 1828 564 alvo
1858 525 1870 561 :
2139 512 2185 567 Α
2286 513 2528 570 Praestat,
2554 491 2747 561 etesse
2770 504 2899 559 facit
2921 503 3047 580 illud
3071 521 3254 559 amare
3275 505 3414 574 quod
3440 514 3540 558 est.

539 602 776 674 Corpore
808 607 958 659 tabes
985 621 997 656 :
2096 655 2099 657 ί
2222 597 2356 651 Vere
2378 605 2459 651 est
2483 596 2592 665 ipse
2616 595 2850 664 quidem,
2875 596 2965 664 qui
2988 606 3268 664 permanet
3293 610 3428 649 unus
3450 602 3503 647 et
3523 591 3661 648 idem

542 692 798 764 Tabeque
828 696 1025 749 vermis
1051 711 1064 744 :
1633 691 1640 698 '

544 783 740 837 Verme
770 783 903 836 ciuis
937 782 993 834 fit
1021 799 1036 834 :
1341 797 1344 802 '
2220 780 2349 834 Esse
2373 781 2531 833 habet
2552 789 2836 844 aeternum,
2860 779 2974 833 sine
2996 779 3282 849 principio,
3306 779 3421 834 sine
3444 779 3567 844 fine,

545 869 770 924 Pulvere
798 880 964 923 terra.
2291 869 2515 938 Semper
2538 869 2698 932 idem,
2724 870 2767 923 si
2791 869 2912 938 quis
2935 883 3115 923 amare
3138 871 3335 928 studet.

545 962 636 1016 Sic
663 961 892 1014 hominis
917 954 1122 1030 corpus
1139 962 1204 1014 de
1233 968 1374 1013 terra
1408 967 1575 1011 matre
1603 967 1823 1011 creatur
1849 973 1863 1011 :
2221 957 2278 1011 Si
2305 972 2406 1012 non
2433 968 2538 1013 tam
2564 958 2813 1023 solidum,
2835 960 3061 1014 solidum
3087 971 3264 1016 tamen
3288 975 3408 1014 esse
3430 970 3662 1015 meretur

544 1050 635 1105 Sic
655 1049 890 1104 hominis
914 1066 1109 1121 corpus
1134 1051 1186 1103 in
1217 1059 1416 1102 terram
1442 1049 1795 1116 regredietur.
2291 1047 2427 1102 Nam
2448 1049 2692 1118 sequitur
2715 1049 2876 1104 vitam
2901 1051 3005 1104 vita
3027 1051 3183 1105 beata
3205 1051 3420 1105 bonam.

542 1137 685 1208 Ergo
710 1138 880 1193 tristis
900 1140 1060 1192 homo
1082 1151 1221 1191 vera:
1243 1137 1470 1191 rationis
1494 1139 1700 1190 habena
2218 1138 2428 1204 Ctetera
2448 1139 2493 1195 si
2517 1149 2743 1210 spectes,
2768 1154 2928 1208 quam
2953 1140 3061 1194 sint
3080 1139 3236 1206 nihil,
3259 1139 3440 1193 omnia
3465 1139 3585 1193 ﬁnis

541 1233 650 1288 Cor
674 1234 1017 1301 animumque
1040 1241 1209 1298 tuum,
1240 1232 1492 1294 mundum
1518 1231 1787 1300 fugiendo,
1817 1229 2046 1284 refrena.
2293 1227 2514 1290 Iudicat,
2538 1227 2814 1299 Assyriqu
2841 1229 3076 1294 consule,
3105 1231 3259 1286 testis
3281 1230 3454 1284 adest.

548 1321 640 1377 Sic
667 1321 757 1376 tibi
779 1331 1087 1392 perpetuam
1113 1322 1346 1376 nancisci
1375 1321 1543 1374 nitere
1568 1321 1750 1373 vitam.
2225 1315 2350 1374 "me
2370 1315 2498 1388 quid
2531 1318 2723 1385 honos,
2752 1317 2878 1388 quid
2907 1332 3052 1386 opes,
3087 1319 3215 1387 quid
3244 1317 3439 1382 forma,
3464 1317 3590 1386 quid
3619 1331 3797 1382 arma,

3306 1407 3459 1480 [quid
3490 1406 3724 1479 amplum

1019 1453 1162 1509 Duos
1201 1468 1358 1510 sows
1396 1467 1662 1518 AIANDDS,
2433 1497 2448 1511 θ
2602 1496 2614 1509 ο
2775 1495 2787 1509 ι
2945 1497 2957 1508 .
3038 1497 3048 1509 δ
3306 1453 3459 1480 νιν...
3490 1453 3515 1463 _

1608 1565 1619 1568 _
2298 1495 2410 1552 ileu
2428 1502 2580 1568 Juvat
2603 1497 2919 1567 imperium?
2938 1503 3077 1564 iuvit
3097 1511 3304 1553 amasse
3329 1497 3515 1554 Deum.

933 1567 986 1622 in
1005 1585 1107 1637 quo
1128 1577 1174 1621 et
1195 1583 1257 1620 ea:
1279 1582 1379 1635 quo
1403 1568 1578 1619 omnia
1600 1565 1755 1619 bona.
2227 1587 2332 1643 sed
2355 1565 2480 1656 quia
2503 1601 2588 1642 yet

2227 1587 2332 1643 Sed
2355 1565 2480 1656 quia
2503 1601 2626 1642 vera
2649 1565 2792 1642 salus
2815 1587 2954 1642 Deus
2975 1597 3076 1654 est,
3102 1596 3157 1644 et
3175 1603 3357 1643 amore
3381 1599 3594 1644 tenetur
3614 1623 3630 1654 ,

547 1677 744 1734 Omnia
767 1684 892 1731 sunt
915 1677 1190 1731 hominum
1218 1673 1360 1728 tenui
1388 1674 1672 1743 pendentia
1697 1673 1808 1738 filo,
2297 1678 2500 1748 Expeto
2523 1686 2739 1747 propter
2757 1690 2899 1740 eum,
2924 1691 3018 1732 vos
3039 1687 3098 1733 ut
3118 1677 3309 1734 ametis
3330 1692 3474 1733 eum.

619 1767 688 1822 Et
709 1766 886 1821 subito
907 1780 1032 1819 casu
1058 1778 1176 1834 quae
1201 1763 1418 1818 valuere
1441 1772 1624 1818 ruunt.
2229 1767 2434 1838 Dignus
2454 1777 2508 1822 ct
2527 1768 2640 1837 ipse
2661 1767 2874 1836 quidem
2899 1775 2980 1822 est
3002 1778 3060 1822 ut
3081 1776 3222 1821 amo:
3263 1783 3291 1821 r
3321 1784 3336 1822 :
3371 1765 3600 1828 armudo
3619 1765 3805 1822 scietis

549 1857 710 1912 Ludit
733 1856 783 1908 in
809 1854 1056 1908 humanis
1078 1854 1254 1907 divina
1281 1855 1517 1921 potentia
1543 1855 1720 1918 rebus,
2156 1866 2204 1923 Β
2302 1857 2432 1924 Quis
2456 1856 2681 1921 fructus,
2707 1856 2826 1926 quis
2847 1856 3039 1921 honos,
3060 1857 3188 1925 quid
3209 1857 3282 1913 sit
3301 1871 3483 1911 amare
3505 1855 3697 1912 Deum-

625 1945 691 2000 Et
711 1953 911 2000 certam
935 1958 1169 2014 prmsens
1193 1945 1279 1996 vix
1301 1945 1460 1997 habet
1481 1945 1610 1998 hora
1638 1945 1816 1998 fidem.
2233 1948 2414 2001 Virtus
2439 1960 2563 2000 vero
2589 1944 2772 2009 Deum,
2799 1945 2880 2000 vel
2907 1945 3014 1998 vita
3040 1955 3276 1998 meretur
3300 1935 3552 2008 honesta;

556 2035 727 2103 Quam
752 2033 935 2100 nimis,
965 2043 1019 2088 et
1051 2034 1210 2089 nimis
1229 2043 1310 2109 est
1332 2034 1615 2090 Dominum
1638 2050 1800 2106 super
1821 2038 2000 2092 omnia
2025 2039 2128 2093 mi-
2299 2037 2467 2104 Quale
2492 2037 2711 2101 bonum,
2734 2036 2876 2105 quod
2899 2036 2973 2090 sit
2994 2048 3206 2104 semper
3226 2049 3410 2090 amare
3434 2035 3622 2089 Deum.

1905 2129 2058 2201 item,
2230 2127 2402 2196 Quam
2427 2126 2546 2196 pius
2566 2134 2672 2192 est,
2699 2140 2858 2196 quam
2885 2132 3167 2194 promptus
3186 2127 3357 2192 adest,
3381 2138 3543 2194 quam
3570 2121 3807 2207 denique

623 2212 692 2269 Et
709 2212 879 2270 veniae
898 2211 1134 2275 facilem,
1157 2212 1294 2268 velle
1317 2229 1514 2286 negare
1533 2213 1702 2285 pium.
3461 2213 3699 2285 [prodest
3715 2250 3734 2279 ,

553 2303 672 2372 Vis,
691 2317 925 2376 agnosce
947 2303 1125 2372 pium?
1149 2313 1199 2357 te
1223 2304 1452 2374 reSpiee,
1479 2306 1686 2374 respice
1706 2305 1833 2375 quid
1858 2307 1952 2370 sis,
2296 2306 2476 2377 Ipsum
2507 2304 2753 2378 quisquis
2780 2312 2944 2370 amat,
2976 2303 3063 2360 hic
3092 2318 3244 2374 mage
3273 2316 3432 2358 nosse
3458 2309 3652 2380 potest.

624 2393 764 2464 Quid
790 2393 978 2458 fueris,
999 2394 1124 2464 quid
1147 2395 1280 2460 eris,
1302 2396 1430 2466 quid
1453 2411 1602 2459 caro,
1628 2405 1796 2461 terra,
1820 2396 1993 2451 Deus?
2231 2395 2289 2452 Si
2322 2406 2372 2451 te
2399 2395 2540 2450 facta
2567 2394 2761 2449 docent
2792 2394 2987 2458 aliena,
3018 2395 3226 2466 doceris
3254 2392 3480 2446 honeste

542 2480 761 2542 Caium
784 2483 895 2540 sole
918 2485 1030 2550 tibi,
1058 2484 1134 2538 sol
1160 2484 1360 2539 lumine
1383 2487 1569 2551 servit,
1595 2493 1648 2540 et
1669 2501 1762 2540 aer
2299 2485 2596 2555 Concipere
2628 2483 2835 2538 meritis
2865 2497 3082 2553 spemve
3112 2493 3377 2537 metumve
3409 2482 3536 2536 tuis.

626 2577 890 2639 Flatibus,
913 2578 1052 2629 unda
1076 2576 1211 2629 cibis
1234 2585 1484 2645 terraque
1510 2577 1655 2633 mille
1674 2579 1849 2632 bonis.
2230 2572 2276 2630 Ο
2303 2574 2475 2644 qualis
2497 2574 2707 2644 jactura
2739 2571 2848 2628 Deo
2877 2567 3188 2643 praeponere
3215 2571 3538 2640 quidquam;

553 2662 662 2724 Sed
701 2665 832 2736 quid
871 2665 965 2718 es?
1003 2664 1155 2720 Unde
1198 2666 1290 2720 tibi
1332 2667 1460 2736 quid
1503 2667 1690 2732 habes,
1730 2669 1858 2736 quid
1902 2668 2135 2737 praebet?
2303 2667 2471 2734 Quem
2509 2668 2645 2721 bene
2679 2664 2724 2720 si
2751 2665 2880 2735 {quis
2918 2665 3106 2731 habet;
3139 2655 3500 2734 quaeso,’quid
3528 2669 3645 2728 est,
3676 2660 3811 2731 quid

1756 2756 2067 2828 [utrumque
2814 2804 2828 2817 ,
2861 2812 2864 2815 _
3514 2749 3738 2823 [habet't

625 2843 831 2914 Sponte
862 2843 992 2899 facit
1023 2843 1196 2913 pietas
1226 2843 1397 2901 dulcis
1424 2855 1480 2900 et
1506 2847 1677 2918 ampla
1712 2847 1825 2903 Dei.
2233 2844 2369 2902 Nam
2393 2844 2438 2901 si
2460 2859 2652 2916 magna
2678 2844 2836 2915 petis,
2863 2842 3006 2902 Deus
3026 2852 3129 2911 est,
3154 2858 3315 2914 super
3339 2841 3516 2898 omnia
3543 2853 3809 2911 magnust

553 2935 700 2994 Fons
720 2933 861 2992 bona
883 2951 1109 3006 quaeque
1127 2933 1318 3002 ﬂuens,
1345 2937 1462 2993 fons
1485 2940 1696 2994 nescius
1719 2940 1985 3002 evacuari,
2306 2937 2363 2994 Si
2392 2939 2550 3000 bona,
2584 2950 2745 3005 quam
2775 2935 2947 2991 bonus
2974 2945 3058 2990 est
3084 2934 3262 2989 dicere
3291 2945 3449 2988 nemo
3477 2939 3671 3001 potest.

626 3024 770 3081 Fons
790 3026 910 3080 sine
933 3025 1038 3078 fine
1060 3033 1265 3094 patens,
1292 3035 1345 3081 et
1368 3027 1483 3080 sine
1506 3028 1609 3082 line
1633 3027 1795 3083 Deus.
2237 3027 2294 3083 Si
2324 3027 2565 3097 speciosa
2595 3025 2764 3095 cupis,
2795 3025 2917 3094 quis
2945 3039 3011 3080 eo
3038 3021 3368 3093 speciosior?
3397 3021 3564 3092 Optas

556 3119 734 3178 Debes
757 3135 988 3190 namque
1007 3119 1183 3175 scelus
1207 3121 1382 3176 metiri
1407 3136 1510 3176 non
1535 3121 1802 3177 brevitate
2182 3187 2207 3190 4
2305 3117 2508 3172 Forsan
2539 3131 2688 3185 opes,
2720 3115 2810 3170 dat
2837 3130 2988 3184 opes,
3017 3115 3167 3170 dives
3193 3123 3247 3169 et
3276 3115 3388 3184 ipse
3417 3119 3620 3169 manet.

628 3187 930 3279 Temporis,
956 3208 1049 3263 sed
1071 3206 1233 3273 debes
1260 3207 1533 3280 impietate
1555 3209 1659 3264 sui.
2163 3187 2209 3249 C
2241 3209 2297 3266 Si
2328 3219 2377 3265 te
2401 3210 2544 3265 celsa
2566 3209 2776 3276 juvant,
2805 3222 3204 3277 generosaque,
3235 3220 3394 3274 quam
3423 3217 3741 3274 generosus,

556 3297 731 3368 Major
751 3298 894 3353 enim
920 3297 1165 3366 impietas
1190 3313 1292 3352 non
1315 3308 1419 3364 est,
1443 3312 1604 3368 quam
1627 3313 1882 3369 spernere
1901 3301 2068 3371 gratis
2309 3301 2547 3375 Quamve
2577 3300 2644 3355 sit
2671 3299 2912 3354 excelsus
2941 3313 3097 3356 nemo
3130 3297 3332 3353 referre
3359 3304 3552 3366 potest.

628 3387 829 3457 Ipsum,
852 3388 941 3456 qui
966 3388 1134 3459 gratis
1157 3389 1386 3443 contulit
1407 3405 1527 3445 esse
1551 3391 1668 3444 tibi.
2237 3394 2405 3460 Quem
2432 3393 2476 3448 si
2504 3392 2640 3449 forte
2666 3400 2857 3461 potens
2881 3390 3032 3458 juvat
3058 3399 3112 3446 et
3138 3391 3287 3461 pius,
3316 3403 3442 3446 ecce
3470 3397 3706 3460 potestas

557 3478 660 3545 Qui
686 3478 779 3530 tibi
803 3488 853 3530 te
879 3478 1120 3531 tribuens
1142 3490 1261 3531 sese
1283 3479 1547 3548 promisit,
1571 3494 1743 3549 eoque
2311 3485 2445 3539 Hinc
2471 3485 2579 3553 pia,
2606 3498 2700 3537 seu
2731 3483 2903 3551 pietas
2929 3491 3010 3536 est
3038 3483 3154 3536 siue
3183 3483 3286 3536 fine
3315 3492 3502 3550 pOIens
3531 3498 3546 3534 :

631 3566 715 3620 Nil
740 3567 927 3621 habuit
951 3567 1138 3622 melius
1159 3583 1321 3636 quam
1346 3568 1497 3623 daret
1519 3569 1631 3638 ipse
1656 3571 1814 3626 Deus.
2239 3572 2374 3639 Quid
2401 3572 2608 3626 mores?
2636 3573 2745 3641 ipse
2771 3571 2899 3640 poli,
2926 3581 3099 3632 term,
3127 3571 3291 3624 maris
3317 3579 3524 3635 auctor,
3549 3579 3604 3625 et
3626 3569 3815 3626 omnia

559 3659 830 3729 Quidquid
845 3660 1148 3728 es,etquod
1168 3659 1685 3729 habes,etquodque
1702 3662 2138 3730 valebishabere,
2308 3663 2458 3728 Quod
2490 3661 2608 3726 fuit,
2636 3670 2736 3727 est,
2767 3671 2821 3715 et
2849 3662 2969 3721 erit.
3005 3669 3207 3730 perstat
3233 3661 3382 3727 origo
3411 3661 3556 3714 boui.

632 3749 770 3814 Quid
795 3758 971 3802 tamen
995 3747 1062 3800 ad
1087 3746 1336 3800 meritum
1361 3757 1487 3800 sunt
1511 3748 1668 3801 simul
1692 3749 1792 3802 ista
1816 3749 1942 3803 Dei?
2239 3751 2373 3805 lluic
2408 3751 2693 3814 famulans,
2729 3765 2924 3818 parens
2956 3751 3260 3803 dominatur
3293 3749 3577 3812 llcbneus;

563 3839 716 3895 llunc
740 3839 900 3908 igitur
920 3853 1198 3906 spernens,
1224 3852 1450 3906 seseque
1473 3854 1569 3907 per
1589 3840 1767 3893 omnia
1794 3840 2025 3894 subdens
2310 3841 2506 3904 Servit,
2539 3850 2594 3894 et
2623 3849 2703 3894 est
2731 3841 2896 3903 liber;
2928 3841 3188 3902 subditur,
3222 3849 3411 3907 estque
3441 3846 3632 3907 potens
3658 3854 3673 3890 :

637 3928 904 4000 memoriis
923 3927 1182 3994 obsequio
1203 3936 1402 3994 quanta
1429 3936 1662 3983 meretur
1688 3927 1882 3981 homo?
2238 3932 2336 3987 Cui
2373 3930 2525 3985 subdi
2562 3930 2787 4000 fugiens,
2827 3914 3041 3998 Saturne
3073 3929 3209 3984 male
3243 3929 3506 3993 subditur,
3545 3927 3683 3981 hosti

561 4020 717 4075 Adde
739 3999 878 4087 quod
907 4019 956 4071 iu
981 4019 1168 4071 vitium
1192 4017 1436 4086 quisquis
1462 4017 1568 4070 ruit
1593 4037 1605 4070 ε
1635 4019 1747 4088 ipse
1771 4019 1957 4073 ruendi
2312 4021 2587 4083 Subditur,
2623 3999 2675 4074 et
2706 4021 2850 4074 vitiis
2885 4020 3128 4074 subditur
3161 4020 3438 4073 iuumcris.

623 4103 844 4180 Saepius
868 4109 1053 4163 indicit
1078 4119 1228 4177 turpe
1251 4123 1475 4162 necesse
1497 4110 1617 4164 sibi.
2242 4109 2477 4164 Tandem
2511 4124 2635 4164 vero
2663 4110 2845 4164 videns
2872 4125 2978 4177 quo
3006 4109 3183 4178 lapsus
3211 4117 3264 4163 et
3293 4112 3432 4164 unde
3462 4107 3669 4172 fuisset,

567 4203 752 4257 Virtus
773 4203 914 4256 enim
937 4201 1089 4264 vitio,
1114 4200 1258 4253 vitiis
1283 4201 1340 4252 fit
1362 4216 1549 4254 servus
1575 4218 1588 4252 :
1617 4210 1668 4254 et
1692 4202 1742 4254 in
1769 4217 1827 4256 se
2314 4205 2533 4258 Pectora
2571 4217 2820 4256 curarum
2856 4201 3121 4256 morsibus
3149 4215 3289 4270 aeger
3315 4211 3450 4262 erat,

642 4291 752 4344 Non
778 4293 938 4344 habet
961 4291 1251 4344 admissum
1278 4291 1484 4344 solvere
1510 4306 1665 4358 posse
1688 4308 1862 4345 suum.
2245 4294 2514 4363 Multaque
2546 4293 2772 4347 volventi
2803 4295 3068 4348 sententia
3101 4294 3238 4346 sedit
3266 4293 3472 4362 asylum

569 4380 710 4450 Ergo
734 4395 925 4449 perpes
946 4380 993 4432 ei
1020 4380 1244 4434 debetur
1265 4394 1420 4447 poena
1446 4395 1686 4444 necesse,
2315 4385 2502 4452 Lapsis
2532 4384 2875 4453 quaerendum
2911 4382 3118 4436 fortiter
3148 4397 3267 4437 esse
3301 4375 3486 4437 Deum.

640 4471 740 4536 Qui
765 4470 862 4522 sibi
890 4469 1144 4536 peccandi
1169 4477 1357 4538 sponte
1379 4484 1616 4537 perenne
1640 4471 1782 4524 facit.
2173 4507 2224 4567 Β
2252 4472 2446 4541 Sicque
2472 4487 2612 4536 rcus,
2633 4486 2790 4541 quem
2817 4471 2969 4535 lznsit,
2991 4480 3140 4544 avet;
3169 4485 3325 4539 quem
3353 4478 3645 4540 spreverat,
3664 4475 3814 4539 orat:

567 4560 752 4614 Gratia
783 4559 996 4610 tollatur
1020 4574 1121 4611 non
1149 4559 1327 4615 debita
1353 4573 1366 4611 ε
1388 4573 1549 4628 ρωιιίι
1574 4573 1827 4630 sequatur
2173 4559 2215 4567 ’⁷
2321 4563 2489 4628 Quem
2519 4562 2669 4631 fugit,
2701 4561 2928 4631 reperit;
2957 4576 3115 4628 quem
3147 4562 3480 4629 reprobarat,
3509 4569 3669 4614 amat;

643 4649 852 4710 Debita,
881 4663 1123 4716 morsque
1152 4665 1420 4717 premens,
1443 4660 1496 4704 et
1519 4651 1633 4705 sine
1657 4652 1759 4706 fine
1785 4669 2028 4706 mancus.
2253 4653 2402 4706 llunc
2429 4654 2636 4721 repetit,
2665 4653 2980 4720 veniamque
3003 4652 3155 4721 petit,
3185 4654 3249 4706 de
3276 4653 3498 4706 crimine
3523 4651 3722 4712 fletum,

572 4739 618 4794 0
638 4754 798 4807 quam
822 4738 975 4791 dulce
999 4739 1177 4801 decus,
1201 4756 1363 4814 quam
1385 4757 1509 4795 vera
1536 4737 1788 4811 potentia,
1817 4745 1988 4811 qualis
2325 4746 2398 4799 De
2424 4747 2618 4815 pietate
2645 4745 2757 4814 spei
2785 4745 2974 4813 gaudia
3003 4743 3166 4797 multa
3193 4745 3355 4813 capit.

646 4828 845 4892 Gloria,
871 4844 1031 4896 quam
1055 4830 1262 4884 stabilis
1285 4842 1543 4900 qumstus,
1566 4847 1747 4887 amare
1773 4833 1967 4885 Deum!
2256 4839 2315 4893 Et
2348 4835 2472 4905 quid
2503 4836 2565 4888 ad
2595 4835 2707 4888 haec
2733 4835 2954 4889 dulcedo
2981 4834 3218 4903 placens,
3245 4833 3467 4890 dulcedo
3497 4833 3776 4903 perennis;

578 4918 704 4984 Ejus
728 4933 913 4972 amans
936 4917 1202 4973 Abraham
1227 4921 1342 4989 plus
1366 4923 1573 4976 civibus
1599 4924 1811 4991 hospes,
1836 4933 1889 4975 et
1912 4914 2048 4977 unus
2325 4926 2504 4980 Dulcis
2535 4925 2821 4993 disponens
2850 4925 3036 4979 ordine
3068 4934 3256 4980 cuncta
3289 4925 3446 4980 Deus.

651 5007 773 5059 Plus
797 5008 986 5076 populo
1011 5010 1179 5072 miles,
1208 5012 1321 5079 plus
1347 5012 1412 5063 ita
1444 5028 1562 5080 rege
1587 5022 1780 5080 potest.
1921 5053 1932 5061 .
2259 5017 2396 5082 Quid
2424 5015 2645 5070 dulcedo
2674 5026 2880 5084 potens,
2912 5015 3188 5083 dulcisque
3218 5017 3450 5085 potentia
3483 5011 3640 5070 fecit?

583 5094 714 5151 Nam
740 5097 907 5152 victus
932 5100 981 5150 in
1007 5114 1187 5154 amore
1213 5102 1323 5168 Dei,
1353 5119 1378 5151 κ·
1399 5118 1639 5171 ῖῐὶδιιιῳιο
1665 5118 1895 5170 perenne
2331 5106 2481 5171 Quod
2512 5105 2645 5159 solet
2675 5113 2784 5159 haec
2813 5105 2956 5174 fecit,
2987 5105 3158 5159 dulcia
3188 5105 3353 5160 dulcis
3383 5106 3490 5175 agit
