  <div class='ocr_page' id='page_1' title='image "/cluster/home/n/w/nwhite01/storage/ocr_20150623/158/uva.x000829800/358.png"; bbox 0 0 4190 6218; ppageno 0'>
   <div class='ocr_carea' id='block_1_1' title="bbox 331 346 434 408">
    <p class='ocr_par' dir='ltr' id='par_1_1' title="bbox 331 346 434 408">
     <span class='ocr_line' id='line_1_1' title="bbox 331 346 434 408; baseline 0.019 -2"><span class='ocrx_word' id='word_1_1' title='bbox 331 346 434 408; x_wconf 74' lang='grc' dir='ltr'><strong>τοο</strong></span> 
     </span>
    </p>
   </div>
   <div class='ocr_carea' id='block_1_2' title="bbox 1752 357 2279 450">
    <p class='ocr_par' dir='ltr' id='par_1_2' title="bbox 1752 357 2279 450">
     <span class='ocr_line' id='line_1_2' title="bbox 1752 357 2279 450; baseline 0 -35"><span class='ocrx_word' id='word_1_2' title='bbox 1752 357 2279 450; x_wconf 71' lang='lat' dir='ltr'><strong>HEDITATIONES.</strong></span> 
     </span>
    </p>
   </div>
   <div class='ocr_carea' id='block_1_3' title="bbox 3477 352 3589 408">
    <p class='ocr_par' dir='ltr' id='par_1_3' title="bbox 3477 352 3589 408">
     <span class='ocr_line' id='line_1_3' title="bbox 3477 352 3589 408; baseline 0.018 -2"><span class='ocrx_word' id='word_1_3' title='bbox 3477 352 3589 408; x_wconf 74' lang='lat'><strong>710</strong></span> 
     </span>
    </p>
   </div>
   <div class='ocr_carea' id='block_1_4' title="bbox 353 491 3584 522">
    <p class='ocr_par' dir='ltr' id='par_1_4' title="bbox 353 491 3584 522">
     <span class='ocr_line' id='line_1_4' title="bbox 353 491 3584 522; baseline -0.002 2"><span class='ocrx_word' id='word_1_4' title='bbox 353 491 3584 522; x_wconf 54' lang='lat' dir='ltr'><strong>mw</strong></span> 
     </span>
    </p>
   </div>
   <div class='ocr_carea' id='block_1_5' title="bbox 1161 632 2738 764">
    <p class='ocr_par' dir='ltr' id='par_1_5' title="bbox 1161 632 2738 764">
     <span class='ocr_line' id='line_1_5' title="bbox 1161 632 2738 764; baseline 0.003 -4"><span class='ocrx_word' id='word_1_5' title='bbox 1161 649 1825 764; x_wconf 71' lang='lat' dir='ltr'><strong>SANG&#39;I‘I</strong></span> <span class='ocrx_word' id='word_1_6' title='bbox 1931 632 2738 764; x_wconf 72' lang='lat' dir='ltr'><strong>ANSELMI</strong></span> 
     </span>
    </p>
   </div>
   <div class='ocr_carea' id='block_1_6' title="bbox 1778 877 2136 966">
    <p class='ocr_par' dir='ltr' id='par_1_6' title="bbox 1778 877 2136 966">
     <span class='ocr_line' id='line_1_6' title="bbox 1778 877 2136 966; baseline 0.011 -4"><span class='ocrx_word' id='word_1_7' title='bbox 1778 877 2136 966; x_wconf 83' lang='lat' dir='ltr'><strong>LIBER</strong></span> 
     </span>
    </p>
   </div>
   <div class='ocr_carea' id='block_1_7' title="bbox 645 1067 3256 1281">
    <p class='ocr_par' dir='ltr' id='par_1_7' title="bbox 645 1067 3256 1281">
     <span class='ocr_line' id='line_1_7' title="bbox 645 1067 3256 1281; baseline 0.003 -71"><span class='ocrx_word' id='word_1_8' title='bbox 645 1081 1877 1216; x_wconf 84' lang='lat' dir='ltr'><strong>MEDITATIONUM</strong></span> <span class='ocrx_word' id='word_1_9' title='bbox 1971 1091 2172 1214; x_wconf 89' lang='lat' dir='ltr'><strong>ET</strong></span> <span class='ocrx_word' id='word_1_10' title='bbox 2272 1088 3256 1224; x_wconf 80' lang='lat' dir='ltr'><strong>ORATIONUM.</strong></span> 
     </span>
    </p>
   </div>
   <div class='ocr_carea' id='block_1_8' title="bbox 1829 1367 2104 1383">
    <p class='ocr_par' dir='ltr' id='par_1_8' title="bbox 1829 1367 2104 1383">
     <span class='ocr_line' id='line_1_8' title="bbox 1829 1367 2104 1383; baseline -0.004 -3"><span class='ocrx_word' id='word_1_11' title='bbox 1829 1367 2104 1383; x_wconf 67' lang='lat'><em>_</em></span> 
     </span>
    </p>
   </div>
   <div class='ocr_carea' id='block_1_9' title="bbox 773 1476 1482 1553">
    <p class='ocr_par' dir='ltr' id='par_1_9' title="bbox 773 1476 1482 1553">
     <span class='ocr_line' id='line_1_9' title="bbox 773 1476 1482 1553; baseline -0.008 -17"><span class='ocrx_word' id='word_1_12' title='bbox 773 1481 933 1552; x_wconf 68' lang='grc' dir='ltr'><strong>ιω</strong></span> <span class='ocrx_word' id='word_1_13' title='bbox 971 1477 1335 1553; x_wconf 79' lang='lat' dir='ltr'><strong>PROLOGUS</strong></span> <span class='ocrx_word' id='word_1_14' title='bbox 1371 1476 1482 1530; x_wconf 71' lang='grc' dir='ltr'><strong>ιον.</strong></span> 
     </span>
    </p>
   </div>
   <div class='ocr_carea' id='block_1_10' title="bbox 400 1565 1904 1637">
    <p class='ocr_par' dir='ltr' id='par_1_10' title="bbox 400 1565 1904 1637">
     <span class='ocr_line' id='line_1_10' title="bbox 400 1565 1904 1637; baseline -0.006 -8"><span class='ocrx_word' id='word_1_15' title='bbox 400 1571 772 1630; x_wconf 85' lang='lat' dir='ltr'><strong>Meditationes</strong></span> <span class='ocrx_word' id='word_1_16' title='bbox 810 1586 905 1626; x_wconf 85' lang='lat' dir='ltr'><strong>seu</strong></span> <span class='ocrx_word' id='word_1_17' title='bbox 945 1570 1220 1624; x_wconf 85' lang='lat' dir='ltr'><strong>orationes</strong></span> <span class='ocrx_word' id='word_1_18' title='bbox 1258 1583 1380 1637; x_wconf 74' lang='lat' dir='ltr'><strong>quze</strong></span> <span class='ocrx_word' id='word_1_19' title='bbox 1423 1565 1711 1636; x_wconf 70' lang='lat' dir='ltr'><strong>subcripta:</strong></span> <span class='ocrx_word' id='word_1_20' title='bbox 1754 1573 1904 1629; x_wconf 87' lang='lat' dir='ltr'><strong>sunt,</strong></span> 
     </span>
    </p>
   </div>
   <div class='ocr_carea' id='block_1_11' title="bbox 328 1653 1904 1736">
    <p class='ocr_par' dir='ltr' id='par_1_11' title="bbox 328 1653 1904 1736">
     <span class='ocr_line' id='line_1_11' title="bbox 328 1653 1904 1736; baseline -0.007 -16"><span class='ocrx_word' id='word_1_21' title='bbox 328 1664 586 1736; x_wconf 85' lang='lat' dir='ltr'><strong>quoniam</strong></span> <span class='ocrx_word' id='word_1_22' title='bbox 611 1661 680 1717; x_wconf 88' lang='lat' dir='ltr'><strong>ad</strong></span> <span class='ocrx_word' id='word_1_23' title='bbox 701 1660 775 1692; x_wconf 75' lang='grc'><strong>³⁸⁸</strong></span> <span class='ocrx_word' id='word_1_24' title='bbox 801 1659 1140 1715; x_wconf 75' lang='lat' dir='ltr'><strong>excitandam</strong></span> <span class='ocrx_word' id='word_1_25' title='bbox 1185 1657 1410 1726; x_wconf 85' lang='lat' dir='ltr'><strong>legentis</strong></span> <span class='ocrx_word' id='word_1_26' title='bbox 1438 1664 1672 1711; x_wconf 88' lang='lat' dir='ltr'><strong>mentem</strong></span> <span class='ocrx_word' id='word_1_27' title='bbox 1715 1655 1782 1710; x_wconf 86' lang='lat' dir='ltr'><strong>ad</strong></span> <span class='ocrx_word' id='word_1_28' title='bbox 1812 1653 1904 1710; x_wconf 97' lang='lat' dir='ltr'><strong>Dei</strong></span> 
     </span>
    </p>
   </div>
   <div class='ocr_carea' id='block_1_12' title="bbox 327 1745 1904 1813">
    <p class='ocr_par' dir='ltr' id='par_1_12' title="bbox 327 1745 1904 1813">
     <span class='ocr_line' id='line_1_12' title="bbox 327 1745 1904 1813; baseline -0.004 -6"><span class='ocrx_word' id='word_1_29' title='bbox 327 1767 569 1808; x_wconf 81' lang='lat' dir='ltr'><strong>amorem</strong></span> <span class='ocrx_word' id='word_1_30' title='bbox 605 1750 688 1805; x_wconf 88' lang='lat' dir='ltr'><strong>vel</strong></span> <span class='ocrx_word' id='word_1_31' title='bbox 726 1749 998 1813; x_wconf 88' lang='lat' dir='ltr'><strong>timorem,</strong></span> <span class='ocrx_word' id='word_1_32' title='bbox 1036 1763 1131 1804; x_wconf 87' lang='lat' dir='ltr'><strong>seu</strong></span> <span class='ocrx_word' id='word_1_33' title='bbox 1172 1746 1242 1803; x_wconf 87' lang='lat' dir='ltr'><strong>ad</strong></span> <span class='ocrx_word' id='word_1_34' title='bbox 1282 1747 1478 1803; x_wconf 91' lang='lat' dir='ltr'><strong>suimet</strong></span> <span class='ocrx_word' id='word_1_35' title='bbox 1515 1745 1904 1801; x_wconf 88' lang='lat' dir='ltr'><strong>discussionem</strong></span> 
     </span>
    </p>
   </div>
   <div class='ocr_carea' id='block_1_13' title="bbox 327 1829 1903 1910">
    <p class='ocr_par' dir='ltr' id='par_1_13' title="bbox 327 1829 1903 1910">
     <span class='ocr_line' id='line_1_13' title="bbox 327 1829 1903 1910; baseline -0.008 -7"><span class='ocrx_word' id='word_1_36' title='bbox 327 1845 488 1903; x_wconf 63' lang='lat' dir='ltr'><strong>alita:</strong></span> <span class='ocrx_word' id='word_1_37' title='bbox 530 1850 674 1906; x_wconf 83' lang='lat' dir='ltr'><strong>sunt,</strong></span> <span class='ocrx_word' id='word_1_38' title='bbox 726 1857 832 1897; x_wconf 84' lang='lat' dir='ltr'><strong>non</strong></span> <span class='ocrx_word' id='word_1_39' title='bbox 882 1849 1007 1895; x_wconf 89' lang='lat' dir='ltr'><strong>sunt</strong></span> <span class='ocrx_word' id='word_1_40' title='bbox 1038 1829 1276 1910; x_wconf 65' lang='lat' dir='ltr'><strong>legendas</strong></span> <span class='ocrx_word' id='word_1_41' title='bbox 1321 1838 1374 1893; x_wconf 91' lang='lat' dir='ltr'><strong>in</strong></span> <span class='ocrx_word' id='word_1_42' title='bbox 1412 1837 1664 1899; x_wconf 89' lang='lat' dir='ltr'><strong>tumultu,</strong></span> <span class='ocrx_word' id='word_1_43' title='bbox 1709 1835 1802 1892; x_wconf 85' lang='lat' dir='ltr'><strong>sed</strong></span> <span class='ocrx_word' id='word_1_44' title='bbox 1850 1836 1903 1891; x_wconf 93' lang='lat' dir='ltr'><strong>in</strong></span> 
     </span>
    </p>
   </div>
   <div class='ocr_carea' id='block_1_14' title="bbox 325 1928 1904 2006">
    <p class='ocr_par' dir='ltr' id='par_1_14' title="bbox 325 1928 1904 2006">
     <span class='ocr_line' id='line_1_14' title="bbox 325 1928 1904 2006; baseline -0.006 -15"><span class='ocrx_word' id='word_1_45' title='bbox 325 1936 530 2006; x_wconf 88' lang='lat' dir='ltr'><strong>quiete,</strong></span> <span class='ocrx_word' id='word_1_46' title='bbox 563 1949 662 1990; x_wconf 88' lang='lat' dir='ltr'><strong>nec</strong></span> <span class='ocrx_word' id='word_1_47' title='bbox 697 1933 973 1994; x_wconf 84' lang='lat' dir='ltr'><strong>velociter,</strong></span> <span class='ocrx_word' id='word_1_48' title='bbox 1006 1931 1100 1985; x_wconf 89' lang='lat' dir='ltr'><strong>sed</strong></span> <span class='ocrx_word' id='word_1_49' title='bbox 1125 1928 1424 1999; x_wconf 71' lang='lat' dir='ltr'><strong>hianlatim,</strong></span> <span class='ocrx_word' id='word_1_50' title='bbox 1452 1943 1575 1986; x_wconf 86' lang='lat' dir='ltr'><strong>cum</strong></span> <span class='ocrx_word' id='word_1_51' title='bbox 1605 1928 1673 1960; x_wconf 81' lang='grc'><strong>⁸⁸⁷</strong></span> <span class='ocrx_word' id='word_1_52' title='bbox 1703 1928 1904 1982; x_wconf 83' lang='lat' dir='ltr'><strong>intenta</strong></span> 
     </span>
    </p>
   </div>
   <div class='ocr_carea' id='block_1_15' title="bbox 326 2015 1907 2082">
    <p class='ocr_par' dir='ltr' id='par_1_15' title="bbox 326 2015 1907 2082">
     <span class='ocr_line' id='line_1_15' title="bbox 326 2015 1907 2082; baseline -0.006 -1"><span class='ocrx_word' id='word_1_53' title='bbox 326 2035 385 2082; x_wconf 86' lang='lat' dir='ltr'><strong>et</strong></span> <span class='ocrx_word' id='word_1_54' title='bbox 423 2040 634 2080; x_wconf 86' lang='lat' dir='ltr'><strong>morosa</strong></span> <span class='ocrx_word' id='word_1_55' title='bbox 675 2021 1044 2078; x_wconf 74' lang='lat' dir='ltr'><strong>meditatione.</strong></span> <span class='ocrx_word' id='word_1_56' title='bbox 1087 2019 1198 2075; x_wconf 80' lang='lat' dir='ltr'><strong>Nec</strong></span> <span class='ocrx_word' id='word_1_57' title='bbox 1228 2018 1388 2074; x_wconf 88' lang='lat' dir='ltr'><strong>debet</strong></span> <span class='ocrx_word' id='word_1_58' title='bbox 1423 2018 1704 2074; x_wconf 79' lang='lat' dir='ltr'><strong>intendere</strong></span> <span class='ocrx_word' id='word_1_59' title='bbox 1737 2015 1907 2072; x_wconf 82' lang='lat' dir='ltr'><strong>lector</strong></span> 
     </span>
    </p>
   </div>
   <div class='ocr_carea' id='block_1_16' title="bbox 325 2110 1904 2186">
    <p class='ocr_par' dir='ltr' id='par_1_16' title="bbox 325 2110 1904 2186">
     <span class='ocr_line' id='line_1_16' title="bbox 325 2110 1904 2186; baseline -0.006 -14"><span class='ocrx_word' id='word_1_60' title='bbox 325 2127 389 2172; x_wconf 88' lang='lat' dir='ltr'><strong>ut</strong></span> <span class='ocrx_word' id='word_1_61' title='bbox 421 2116 719 2186; x_wconf 82' lang='lat' dir='ltr'><strong>quamlibet</strong></span> <span class='ocrx_word' id='word_1_62' title='bbox 755 2113 966 2168; x_wconf 90' lang='lat' dir='ltr'><strong>illarum</strong></span> <span class='ocrx_word' id='word_1_63' title='bbox 1006 2121 1174 2167; x_wconf 83' lang='lat' dir='ltr'><strong>totam</strong></span> <span class='ocrx_word' id='word_1_64' title='bbox 1207 2110 1475 2184; x_wconf 75' lang='lat' dir='ltr'><strong>perlegat;</strong></span> <span class='ocrx_word' id='word_1_65' title='bbox 1518 2110 1610 2164; x_wconf 91' lang='lat' dir='ltr'><strong>sed</strong></span> <span class='ocrx_word' id='word_1_66' title='bbox 1644 2115 1904 2178; x_wconf 88' lang='lat' dir='ltr'><strong>quantum</strong></span> 
     </span>
    </p>
   </div>
   <div class='ocr_carea' id='block_1_17' title="bbox 327 2200 1904 2273">
    <p class='ocr_par' dir='ltr' id='par_1_17' title="bbox 327 2200 1904 2273">
     <span class='ocr_line' id='line_1_17' title="bbox 327 2200 1904 2273; baseline -0.006 -10"><span class='ocrx_word' id='word_1_67' title='bbox 327 2208 521 2272; x_wconf 77' lang='lat' dir='ltr'><strong>sentit,</strong></span> <span class='ocrx_word' id='word_1_68' title='bbox 565 2206 674 2261; x_wconf 89' lang='lat' dir='ltr'><strong>Deo</strong></span> <span class='ocrx_word' id='word_1_69' title='bbox 708 2204 1020 2273; x_wconf 77' lang='lat' dir='ltr'><strong>adiuvante,</strong></span> <span class='ocrx_word' id='word_1_70' title='bbox 1056 2203 1157 2258; x_wconf 88' lang='lat' dir='ltr'><strong>sibi</strong></span> <span class='ocrx_word' id='word_1_71' title='bbox 1191 2202 1369 2256; x_wconf 83' lang='lat' dir='ltr'><strong>valere</strong></span> <span class='ocrx_word' id='word_1_72' title='bbox 1406 2202 1473 2256; x_wconf 90' lang='lat' dir='ltr'><strong>ad</strong></span> <span class='ocrx_word' id='word_1_73' title='bbox 1509 2200 1904 2256; x_wconf 84' lang='lat' dir='ltr'><strong>accendendum</strong></span> 
     </span>
    </p>
   </div>
   <div class='ocr_carea' id='block_1_18' title="bbox 328 2285 1904 2361">
    <p class='ocr_par' dir='ltr' id='par_1_18' title="bbox 328 2285 1904 2361">
     <span class='ocr_line' id='line_1_18' title="bbox 328 2285 1904 2361; baseline -0.007 -9"><span class='ocrx_word' id='word_1_74' title='bbox 328 2295 579 2353; x_wconf 77' lang='lat' dir='ltr'><strong>alfectum</strong></span> <span class='ocrx_word' id='word_1_75' title='bbox 615 2293 837 2357; x_wconf 86' lang='lat' dir='ltr'><strong>orandi,</strong></span> <span class='ocrx_word' id='word_1_76' title='bbox 880 2291 963 2346; x_wconf 88' lang='lat' dir='ltr'><strong>vel</strong></span> <span class='ocrx_word' id='word_1_77' title='bbox 993 2300 1263 2361; x_wconf 78' lang='lat' dir='ltr'><strong>quantum</strong></span> <span class='ocrx_word' id='word_1_78' title='bbox 1306 2289 1454 2344; x_wconf 91' lang='lat' dir='ltr'><strong>illum</strong></span> <span class='ocrx_word' id='word_1_79' title='bbox 1495 2288 1751 2344; x_wconf 79' lang='lat' dir='ltr'><strong>delectat.</strong></span> <span class='ocrx_word' id='word_1_80' title='bbox 1796 2285 1904 2342; x_wconf 82' lang='lat' dir='ltr'><strong>Nec</strong></span> 
     </span>
    </p>
   </div>
   <div class='ocr_carea' id='block_1_19' title="bbox 327 2377 1901 2451">
    <p class='ocr_par' dir='ltr' id='par_1_19' title="bbox 327 2377 1901 2451">
     <span class='ocr_line' id='line_1_19' title="bbox 327 2377 1901 2451; baseline -0.007 -9"><span class='ocrx_word' id='word_1_81' title='bbox 327 2398 554 2442; x_wconf 85' lang='lat' dir='ltr'><strong>necesse</strong></span> <span class='ocrx_word' id='word_1_82' title='bbox 582 2383 744 2438; x_wconf 82' lang='lat' dir='ltr'><strong>habet</strong></span> <span class='ocrx_word' id='word_1_83' title='bbox 774 2382 1010 2451; x_wconf 83' lang='lat' dir='ltr'><strong>aliquam</strong></span> <span class='ocrx_word' id='word_1_84' title='bbox 1053 2393 1266 2449; x_wconf 81' lang='lat' dir='ltr'><strong>semper</strong></span> <span class='ocrx_word' id='word_1_85' title='bbox 1295 2393 1324 2432; x_wconf 90' lang='lat' dir='ltr'><strong>a</strong></span> <span class='ocrx_word' id='word_1_86' title='bbox 1357 2377 1621 2448; x_wconf 89' lang='lat' dir='ltr'><strong>principio</strong></span> <span class='ocrx_word' id='word_1_87' title='bbox 1648 2377 1901 2447; x_wconf 85' lang='lat' dir='ltr'><strong>incipere,</strong></span> 
     </span>
    </p>
   </div>
   <div class='ocr_carea' id='block_1_20' title="bbox 329 2467 1903 2543">
    <p class='ocr_par' dir='ltr' id='par_1_20' title="bbox 329 2467 1903 2543">
     <span class='ocr_line' id='line_1_20' title="bbox 329 2467 1903 2543; baseline -0.007 -12"><span class='ocrx_word' id='word_1_88' title='bbox 329 2475 424 2531; x_wconf 87' lang='lat' dir='ltr'><strong>sed</strong></span> <span class='ocrx_word' id='word_1_89' title='bbox 455 2474 542 2528; x_wconf 87' lang='lat' dir='ltr'><strong>ubi</strong></span> <span class='ocrx_word' id='word_1_90' title='bbox 583 2472 754 2543; x_wconf 84' lang='lat' dir='ltr'><strong>magis</strong></span> <span class='ocrx_word' id='word_1_91' title='bbox 779 2471 864 2541; x_wconf 32' lang='lat' dir='ltr'><strong>,illi</strong></span> <span class='ocrx_word' id='word_1_92' title='bbox 897 2470 1160 2539; x_wconf 83' lang='lat' dir='ltr'><strong>placuerit</strong></span> <span class='ocrx_word' id='word_1_93' title='bbox 1185 2469 1275 2522; x_wconf 83' lang='grc'><strong>³⁰⁶.</strong></span> <span class='ocrx_word' id='word_1_94' title='bbox 1307 2467 1387 2522; x_wconf 80' lang='lat' dir='ltr'><strong>Ad</strong></span> <span class='ocrx_word' id='word_1_95' title='bbox 1421 2468 1522 2522; x_wconf 90' lang='lat' dir='ltr'><strong>hoc</strong></span> <span class='ocrx_word' id='word_1_96' title='bbox 1549 2467 1694 2522; x_wconf 89' lang='lat' dir='ltr'><strong>enim</strong></span> <span class='ocrx_word' id='word_1_97' title='bbox 1732 2467 1903 2536; x_wconf 89' lang='lat' dir='ltr'><strong>ipsum</strong></span> 
     </span>
    </p>
   </div>
   <div class='ocr_carea' id='block_1_21' title="bbox 328 2558 1906 2636">
    <p class='ocr_par' dir='ltr' id='par_1_21' title="bbox 328 2558 1906 2636">
     <span class='ocr_line' id='line_1_21' title="bbox 328 2558 1906 2636; baseline -0.007 -15"><span class='ocrx_word' id='word_1_98' title='bbox 328 2563 683 2636; x_wconf 82' lang='lat' dir='ltr'><strong>paragrapliis</strong></span> <span class='ocrx_word' id='word_1_99' title='bbox 718 2571 844 2616; x_wconf 89' lang='lat' dir='ltr'><strong>sunt</strong></span> <span class='ocrx_word' id='word_1_100' title='bbox 878 2560 1161 2625; x_wconf 79' lang='lat' dir='ltr'><strong>distinctae,</strong></span> <span class='ocrx_word' id='word_1_101' title='bbox 1199 2569 1259 2614; x_wconf 91' lang='lat' dir='ltr'><strong>ut</strong></span> <span class='ocrx_word' id='word_1_102' title='bbox 1289 2559 1357 2632; x_wconf 64' lang='grc' dir='ltr'><strong>³οέ</strong></span> <span class='ocrx_word' id='word_1_103' title='bbox 1380 2558 1478 2621; x_wconf 85' lang='lat' dir='ltr'><strong>ubi</strong></span> <span class='ocrx_word' id='word_1_104' title='bbox 1516 2558 1738 2627; x_wconf 81' lang='lat' dir='ltr'><strong>elegerit</strong></span> <span class='ocrx_word' id='word_1_105' title='bbox 1771 2559 1906 2613; x_wconf 84' lang='lat' dir='ltr'><strong>inci-</strong></span> 
     </span>
    </p>
   </div>
   <div class='ocr_carea' id='block_1_22' title="bbox 327 2647 1903 2724">
    <p class='ocr_par' dir='ltr' id='par_1_22' title="bbox 327 2647 1903 2724">
     <span class='ocr_line' id='line_1_22' title="bbox 327 2647 1903 2724; baseline -0.003 -17"><span class='ocrx_word' id='word_1_106' title='bbox 327 2654 440 2724; x_wconf 84' lang='lat' dir='ltr'><strong>piat</strong></span> <span class='ocrx_word' id='word_1_107' title='bbox 467 2652 550 2708; x_wconf 91' lang='lat' dir='ltr'><strong>vel</strong></span> <span class='ocrx_word' id='word_1_108' title='bbox 588 2652 818 2714; x_wconf 87' lang='lat' dir='ltr'><strong>desinat,</strong></span> <span class='ocrx_word' id='word_1_109' title='bbox 850 2665 918 2705; x_wconf 90' lang='lat' dir='ltr'><strong>ne</strong></span> <span class='ocrx_word' id='word_1_110' title='bbox 952 2649 1228 2718; x_wconf 80' lang='lat' dir='ltr'><strong>prolixitas</strong></span> <span class='ocrx_word' id='word_1_111' title='bbox 1257 2658 1349 2702; x_wconf 91' lang='lat' dir='ltr'><strong>aut</strong></span> <span class='ocrx_word' id='word_1_112' title='bbox 1381 2647 1634 2718; x_wconf 83' lang='lat' dir='ltr'><strong>frequens</strong></span> <span class='ocrx_word' id='word_1_113' title='bbox 1661 2648 1903 2716; x_wconf 78' lang='lat' dir='ltr'><strong>ejusdem</strong></span> 
     </span>
    </p>
   </div>
   <div class='ocr_carea' id='block_1_23' title="bbox 328 2736 1902 2812">
    <p class='ocr_par' dir='ltr' id='par_1_23' title="bbox 328 2736 1902 2812">
     <span class='ocr_line' id='line_1_23' title="bbox 328 2736 1902 2812; baseline -0.004 -13"><span class='ocrx_word' id='word_1_114' title='bbox 328 2742 433 2799; x_wconf 79' lang='lat' dir='ltr'><strong>luet</strong></span> <span class='ocrx_word' id='word_1_115' title='bbox 467 2742 715 2812; x_wconf 80' lang='lat' dir='ltr'><strong>repetitio</strong></span> <span class='ocrx_word' id='word_1_116' title='bbox 748 2750 967 2811; x_wconf 79' lang='lat' dir='ltr'><strong>generet</strong></span> <span class='ocrx_word' id='word_1_117' title='bbox 996 2738 1299 2802; x_wconf 81' lang='lat' dir='ltr'><strong>fastidium;</strong></span> <span class='ocrx_word' id='word_1_118' title='bbox 1333 2738 1425 2793; x_wconf 90' lang='lat' dir='ltr'><strong>sed</strong></span> <span class='ocrx_word' id='word_1_119' title='bbox 1463 2738 1638 2808; x_wconf 88' lang='lat' dir='ltr'><strong>potius</strong></span> <span class='ocrx_word' id='word_1_120' title='bbox 1671 2736 1902 2807; x_wconf 80' lang='lat' dir='ltr'><strong>aliquem</strong></span> 
     </span>
    </p>
   </div>
   <div class='ocr_carea' id='block_1_24' title="bbox 1931 1469 3581 1546">
    <p class='ocr_par' dir='ltr' id='par_1_24' title="bbox 1931 1469 3581 1546">
     <span class='ocr_line' id='line_1_24' title="bbox 1931 1469 3581 1546; baseline 0.003 -18"><span class='ocrx_word' id='word_1_121' title='bbox 1931 1479 1978 1537; x_wconf 81' lang='grc' dir='ltr'><strong>Α</strong></span> <span class='ocrx_word' id='word_1_122' title='bbox 2005 1480 2112 1528; x_wconf 68' lang='lat' dir='ltr'><strong>tua</strong></span> <span class='ocrx_word' id='word_1_123' title='bbox 2139 1469 2460 1528; x_wconf 85' lang='lat' dir='ltr'><strong>conditionis</strong></span> <span class='ocrx_word' id='word_1_124' title='bbox 2484 1470 2742 1540; x_wconf 75' lang='lat' dir='ltr'><strong>dignitate</strong></span> <span class='ocrx_word' id='word_1_125' title='bbox 2772 1472 3046 1539; x_wconf 76' lang='lat' dir='ltr'><strong>tractavit,</strong></span> <span class='ocrx_word' id='word_1_126' title='bbox 3075 1483 3258 1544; x_wconf 85' lang='lat' dir='ltr'><strong>utpote</strong></span> <span class='ocrx_word' id='word_1_127' title='bbox 3286 1490 3446 1546; x_wconf 85' lang='lat' dir='ltr'><strong>quam</strong></span> <span class='ocrx_word' id='word_1_128' title='bbox 3473 1494 3581 1538; x_wconf 62' lang='grc' dir='ltr'><strong>ωε</strong></span> 
     </span>
    </p>
   </div>
   <div class='ocr_carea' id='block_1_25' title="bbox 2009 1559 3589 1628">
    <p class='ocr_par' dir='ltr' id='par_1_25' title="bbox 2009 1559 3589 1628">
     <span class='ocr_line' id='line_1_25' title="bbox 2009 1559 3589 1628; baseline 0.005 -13"><span class='ocrx_word' id='word_1_129' title='bbox 2009 1561 2142 1617; x_wconf 88' lang='lat' dir='ltr'><strong>teris</strong></span> <span class='ocrx_word' id='word_1_130' title='bbox 2175 1559 2442 1615; x_wconf 80' lang='lat' dir='ltr'><strong>creaturis</strong></span> <span class='ocrx_word' id='word_1_131' title='bbox 2470 1575 2588 1628; x_wconf 60' lang='lat' dir='ltr'><strong>qua!</strong></span> <span class='ocrx_word' id='word_1_132' title='bbox 2621 1561 2672 1614; x_wconf 90' lang='lat' dir='ltr'><strong>in</strong></span> <span class='ocrx_word' id='word_1_133' title='bbox 2703 1561 2902 1615; x_wconf 90' lang='lat' dir='ltr'><strong>mundo</strong></span> <span class='ocrx_word' id='word_1_134' title='bbox 2937 1570 3079 1625; x_wconf 87' lang='lat' dir='ltr'><strong>sunt,</strong></span> <span class='ocrx_word' id='word_1_135' title='bbox 3112 1563 3272 1618; x_wconf 87' lang='lat' dir='ltr'><strong>altius</strong></span> <span class='ocrx_word' id='word_1_136' title='bbox 3317 1564 3589 1624; x_wconf 84' lang='lat' dir='ltr'><strong>honorare</strong></span> 
     </span>
    </p>
   </div>
   <div class='ocr_carea' id='block_1_26' title="bbox 2007 1650 3583 1722">
    <p class='ocr_par' dir='ltr' id='par_1_26' title="bbox 2007 1650 3583 1722">
     <span class='ocr_line' id='line_1_26' title="bbox 2007 1650 3583 1722; baseline 0.005 -15"><span class='ocrx_word' id='word_1_137' title='bbox 2007 1652 2287 1722; x_wconf 84' lang='lat' dir='ltr'><strong>disposuit.</strong></span> <span class='ocrx_word' id='word_1_138' title='bbox 2325 1650 2455 1706; x_wconf 77' lang='lat' dir='ltr'><strong>Vide</strong></span> <span class='ocrx_word' id='word_1_139' title='bbox 2487 1651 2650 1721; x_wconf 78' lang='lat' dir='ltr'><strong>igitur</strong></span> <span class='ocrx_word' id='word_1_140' title='bbox 2692 1651 3073 1707; x_wconf 78' lang='lat' dir='ltr'><strong>sublimitatem</strong></span> <span class='ocrx_word' id='word_1_141' title='bbox 3124 1663 3227 1709; x_wconf 72' lang='lat' dir='ltr'><strong>tute</strong></span> <span class='ocrx_word' id='word_1_142' title='bbox 3272 1657 3583 1722; x_wconf 84' lang='lat' dir='ltr'><strong>creationls.</strong></span> 
     </span>
    </p>
   </div>
   <div class='ocr_carea' id='block_1_27' title="bbox 2006 1741 3586 1819">
    <p class='ocr_par' dir='ltr' id='par_1_27' title="bbox 2006 1741 3586 1819">
     <span class='ocr_line' id='line_1_27' title="bbox 2006 1741 3586 1819; baseline 0.006 -24"><span class='ocrx_word' id='word_1_143' title='bbox 2006 1750 2060 1795; x_wconf 89' lang='lat' dir='ltr'><strong>et</strong></span> <span class='ocrx_word' id='word_1_144' title='bbox 2088 1749 2322 1795; x_wconf 82' lang='lat' dir='ltr'><strong>retracta</strong></span> <span class='ocrx_word' id='word_1_145' title='bbox 2350 1741 2585 1794; x_wconf 87' lang='lat' dir='ltr'><strong>debitum</strong></span> <span class='ocrx_word' id='word_1_146' title='bbox 2621 1741 2874 1796; x_wconf 87' lang='lat' dir='ltr'><strong>reddendi</strong></span> <span class='ocrx_word' id='word_1_147' title='bbox 2903 1742 3124 1797; x_wconf 83' lang='lat' dir='ltr'><strong>amoris.</strong></span> <span class='ocrx_word' id='word_1_148' title='bbox 3169 1742 3452 1802; x_wconf 75' lang='lat' dir='ltr'><strong>Faciamus</strong></span> <span class='ocrx_word' id='word_1_149' title='bbox 3483 1748 3586 1819; x_wconf 85' lang='lat' dir='ltr'><strong>(ait</strong></span> 
     </span>
    </p>
   </div>
   <div class='ocr_carea' id='block_1_28' title="bbox 2011 1829 3583 1898">
    <p class='ocr_par' dir='ltr' id='par_1_28' title="bbox 2011 1829 3583 1898">
     <span class='ocr_line' id='line_1_28' title="bbox 2011 1829 3583 1898; baseline 0.006 -15"><span class='ocrx_word' id='word_1_150' title='bbox 2011 1829 2170 1897; x_wconf 87' lang='lat' dir='ltr'><strong>Deus)</strong></span> <span class='ocrx_word' id='word_1_151' title='bbox 2197 1829 2454 1882; x_wconf 80' lang='lat' dir='ltr'><strong>hominem</strong></span> <span class='ocrx_word' id='word_1_152' title='bbox 2476 1829 2544 1880; x_wconf 87' lang='lat' dir='ltr'><strong>ad</strong></span> <span class='ocrx_word' id='word_1_153' title='bbox 2569 1830 2843 1898; x_wconf 78' lang='lat' dir='ltr'><strong>imaginem</strong></span> <span class='ocrx_word' id='word_1_154' title='bbox 2865 1840 2910 1883; x_wconf 82' lang='lat' dir='ltr'><strong>ot</strong></span> <span class='ocrx_word' id='word_1_155' title='bbox 2932 1831 3325 1887; x_wconf 74' lang='lat' dir='ltr'><strong>similitudinem</strong></span> <span class='ocrx_word' id='word_1_156' title='bbox 3350 1847 3583 1893; x_wconf 74' lang='lat' dir='ltr'><strong>nostram</strong></span> 
     </span>
    </p>
   </div>
   <div class='ocr_carea' id='block_1_29' title="bbox 2007 1906 3586 1988">
    <p class='ocr_par' dir='ltr' id='par_1_29' title="bbox 2007 1906 3586 1988">
     <span class='ocr_line' id='line_1_29' title="bbox 2007 1906 3586 1988; baseline 0.006 -19"><span class='ocrx_word' id='word_1_157' title='bbox 2007 1913 2157 1988; x_wconf 83' lang='lat' dir='ltr'><strong>(Gen.</strong></span> <span class='ocrx_word' id='word_1_158' title='bbox 2181 1931 2216 1979; x_wconf 85' lang='grc' dir='ltr'><strong>ι,</strong></span> <span class='ocrx_word' id='word_1_159' title='bbox 2241 1915 2351 1984; x_wconf 68' lang='lat'><strong>26).</strong></span> <span class='ocrx_word' id='word_1_160' title='bbox 2382 1916 2437 1970; x_wconf 88' lang='lat' dir='ltr'><strong>Si</strong></span> <span class='ocrx_word' id='word_1_161' title='bbox 2463 1916 2529 1968; x_wconf 86' lang='lat' dir='ltr'><strong>ad</strong></span> <span class='ocrx_word' id='word_1_162' title='bbox 2560 1916 2660 1970; x_wconf 93' lang='lat' dir='ltr'><strong>hoc</strong></span> <span class='ocrx_word' id='word_1_163' title='bbox 2685 1916 2886 1971; x_wconf 90' lang='lat' dir='ltr'><strong>dictum</strong></span> <span class='ocrx_word' id='word_1_164' title='bbox 2920 1916 2996 1972; x_wconf 87' lang='lat' dir='ltr'><strong>tui</strong></span> <span class='ocrx_word' id='word_1_165' title='bbox 3027 1906 3334 1976; x_wconf 83' lang='lat' dir='ltr'><strong>Conditoris</strong></span> <span class='ocrx_word' id='word_1_166' title='bbox 3363 1936 3467 1977; x_wconf 90' lang='lat' dir='ltr'><strong>non</strong></span> <span class='ocrx_word' id='word_1_167' title='bbox 3491 1938 3586 1979; x_wconf 77' lang='lat' dir='ltr'><strong>ex-</strong></span> 
     </span>
    </p>
   </div>
   <div class='ocr_carea' id='block_1_30' title="bbox 2005 2003 3639 2082">
    <p class='ocr_par' dir='ltr' id='par_1_30' title="bbox 2005 2003 3639 2082">
     <span class='ocr_line' id='line_1_30' title="bbox 2005 2003 3639 2082; baseline 0.007 -24"><span class='ocrx_word' id='word_1_168' title='bbox 2005 2005 2344 2077; x_wconf 83' lang='lat' dir='ltr'><strong>pergisceris,</strong></span> <span class='ocrx_word' id='word_1_169' title='bbox 2372 2004 2416 2060; x_wconf 81' lang='lat' dir='ltr'><strong>si</strong></span> <span class='ocrx_word' id='word_1_170' title='bbox 2467 2005 2519 2059; x_wconf 92' lang='lat' dir='ltr'><strong>in</strong></span> <span class='ocrx_word' id='word_1_171' title='bbox 2563 2015 2672 2066; x_wconf 84' lang='lat' dir='ltr'><strong>tam</strong></span> <span class='ocrx_word' id='word_1_172' title='bbox 2724 2003 2979 2061; x_wconf 67' lang='lat' dir='ltr'><strong>ineffabili</strong></span> <span class='ocrx_word' id='word_1_173' title='bbox 3006 2007 3340 2078; x_wconf 77' lang='lat' dir='ltr'><strong>benignitate</strong></span> <span class='ocrx_word' id='word_1_174' title='bbox 3373 2027 3500 2082; x_wconf 81' lang='lat' dir='ltr'><strong>erga</strong></span> <span class='ocrx_word' id='word_1_175' title='bbox 3533 2021 3588 2070; x_wconf 79' lang='lat' dir='ltr'><strong>te</strong></span> <span class='ocrx_word' id='word_1_176' title='bbox 3635 2013 3639 2017; x_wconf 73' lang='grc'><em>’</em></span> 
     </span>
    </p>
   </div>
   <div class='ocr_carea' id='block_1_31' title="bbox 2006 2095 3583 2169">
    <p class='ocr_par' dir='ltr' id='par_1_31' title="bbox 2006 2095 3583 2169">
     <span class='ocr_line' id='line_1_31' title="bbox 2006 2095 3583 2169; baseline 0.004 -18"><span class='ocrx_word' id='word_1_177' title='bbox 2006 2096 2328 2167; x_wconf 80' lang='lat' dir='ltr'><strong>dignationis</strong></span> <span class='ocrx_word' id='word_1_178' title='bbox 2347 2095 2461 2164; x_wconf 88' lang='lat' dir='ltr'><strong>ejus</strong></span> <span class='ocrx_word' id='word_1_179' title='bbox 2484 2096 2535 2148; x_wconf 91' lang='lat' dir='ltr'><strong>in</strong></span> <span class='ocrx_word' id='word_1_180' title='bbox 2558 2110 2796 2150; x_wconf 89' lang='lat' dir='ltr'><strong>amorem</strong></span> <span class='ocrx_word' id='word_1_181' title='bbox 2821 2095 2963 2150; x_wconf 88' lang='lat' dir='ltr'><strong>illius</strong></span> <span class='ocrx_word' id='word_1_182' title='bbox 2987 2107 3093 2152; x_wconf 82' lang='lat' dir='ltr'><strong>tota</strong></span> <span class='ocrx_word' id='word_1_183' title='bbox 3119 2115 3221 2153; x_wconf 91' lang='lat' dir='ltr'><strong>non</strong></span> <span class='ocrx_word' id='word_1_184' title='bbox 3247 2101 3583 2169; x_wconf 80' lang='lat' dir='ltr'><strong>exardescis,</strong></span> 
     </span>
    </p>
   </div>
   <div class='ocr_carea' id='block_1_32' title="bbox 2005 2184 3584 2258">
    <p class='ocr_par' dir='ltr' id='par_1_32' title="bbox 2005 2184 3584 2258">
     <span class='ocr_line' id='line_1_32' title="bbox 2005 2184 3584 2258; baseline 0.003 -16"><span class='ocrx_word' id='word_1_185' title='bbox 2005 2187 2050 2243; x_wconf 92' lang='lat' dir='ltr'><strong>si</strong></span> <span class='ocrx_word' id='word_1_186' title='bbox 2075 2187 2141 2241; x_wconf 86' lang='lat' dir='ltr'><strong>ad</strong></span> <span class='ocrx_word' id='word_1_187' title='bbox 2163 2184 2278 2255; x_wconf 84' lang='lat' dir='ltr'><strong>ejus</strong></span> <span class='ocrx_word' id='word_1_188' title='bbox 2299 2185 2624 2241; x_wconf 77' lang='lat' dir='ltr'><strong>desiderium</strong></span> <span class='ocrx_word' id='word_1_189' title='bbox 2651 2185 2779 2240; x_wconf 92' lang='lat' dir='ltr'><strong>totis</strong></span> <span class='ocrx_word' id='word_1_190' title='bbox 2807 2185 3051 2242; x_wconf 83' lang='lat' dir='ltr'><strong>medullis</strong></span> <span class='ocrx_word' id='word_1_191' title='bbox 3073 2202 3177 2243; x_wconf 88' lang='lat' dir='ltr'><strong>non</strong></span> <span class='ocrx_word' id='word_1_192' title='bbox 3209 2188 3584 2258; x_wconf 80' lang='lat' dir='ltr'><strong>iullammaris.</strong></span> 
     </span>
    </p>
   </div>
   <div class='ocr_carea' id='block_1_33' title="bbox 2005 2275 3582 2349">
    <p class='ocr_par' dir='ltr' id='par_1_33' title="bbox 2005 2275 3582 2349">
     <span class='ocr_line' id='line_1_33' title="bbox 2005 2275 3582 2349; baseline 0.006 -20"><span class='ocrx_word' id='word_1_193' title='bbox 2005 2275 2131 2346; x_wconf 87' lang='lat' dir='ltr'><strong>quid</strong></span> <span class='ocrx_word' id='word_1_194' title='bbox 2175 2275 2388 2335; x_wconf 82' lang='lat' dir='ltr'><strong>dicam?</strong></span> <span class='ocrx_word' id='word_1_195' title='bbox 2436 2275 2797 2330; x_wconf 90' lang='lat' dir='ltr'><strong>Dormientem</strong></span> <span class='ocrx_word' id='word_1_196' title='bbox 2844 2285 2913 2340; x_wconf 90' lang='lat' dir='ltr'><strong>te,</strong></span> <span class='ocrx_word' id='word_1_197' title='bbox 2967 2293 3034 2332; x_wconf 90' lang='lat' dir='ltr'><strong>an</strong></span> <span class='ocrx_word' id='word_1_198' title='bbox 3085 2281 3264 2349; x_wconf 78' lang='lat' dir='ltr'><strong>potius</strong></span> <span class='ocrx_word' id='word_1_199' title='bbox 3313 2291 3582 2340; x_wconf 87' lang='lat' dir='ltr'><strong>mortuam</strong></span> 
     </span>
    </p>
   </div>
   <div class='ocr_carea' id='block_1_34' title="bbox 2008 2359 3586 2439">
    <p class='ocr_par' dir='ltr' id='par_1_34' title="bbox 2008 2359 3586 2439">
     <span class='ocr_line' id='line_1_34' title="bbox 2008 2359 3586 2439; baseline -0.001 -19"><span class='ocrx_word' id='word_1_200' title='bbox 2008 2367 2286 2437; x_wconf 79' lang='lat' dir='ltr'><strong>reputem?</strong></span> <span class='ocrx_word' id='word_1_201' title='bbox 2318 2365 2549 2421; x_wconf 79' lang='lat' dir='ltr'><strong>Attende</strong></span> <span class='ocrx_word' id='word_1_202' title='bbox 2584 2366 2746 2436; x_wconf 81' lang='lat' dir='ltr'><strong>igitur</strong></span> <span class='ocrx_word' id='word_1_203' title='bbox 2771 2359 3054 2435; x_wconf 86' lang='lat' dir='ltr'><strong>diligenter</strong></span> <span class='ocrx_word' id='word_1_204' title='bbox 3078 2371 3204 2439; x_wconf 84' lang='lat' dir='ltr'><strong>quid</strong></span> <span class='ocrx_word' id='word_1_205' title='bbox 3241 2372 3317 2431; x_wconf 79' lang='lat' dir='ltr'><strong>sit</strong></span> <span class='ocrx_word' id='word_1_206' title='bbox 3347 2375 3412 2428; x_wconf 87' lang='lat' dir='ltr'><strong>ad</strong></span> <span class='ocrx_word' id='word_1_207' title='bbox 3449 2375 3586 2431; x_wconf 85' lang='lat' dir='ltr'><strong>ima-</strong></span> 
     </span>
    </p>
   </div>
   <div class='ocr_carea' id='block_1_35' title="bbox 2004 2455 3586 2525">
    <p class='ocr_par' dir='ltr' id='par_1_35' title="bbox 2004 2455 3586 2525">
     <span class='ocr_line' id='line_1_35' title="bbox 2004 2455 3586 2525; baseline 0.009 -17"><span class='ocrx_word' id='word_1_208' title='bbox 2004 2455 2179 2525; x_wconf 88' lang='lat' dir='ltr'><strong>ginem</strong></span> <span class='ocrx_word' id='word_1_209' title='bbox 2221 2464 2276 2509; x_wconf 94' lang='lat' dir='ltr'><strong>et</strong></span> <span class='ocrx_word' id='word_1_210' title='bbox 2305 2455 2708 2510; x_wconf 89' lang='lat' dir='ltr'><strong>similitudinem</strong></span> <span class='ocrx_word' id='word_1_211' title='bbox 2756 2457 2847 2512; x_wconf 87' lang='lat' dir='ltr'><strong>Dei</strong></span> <span class='ocrx_word' id='word_1_212' title='bbox 2877 2467 2930 2512; x_wconf 91' lang='lat' dir='ltr'><strong>te</strong></span> <span class='ocrx_word' id='word_1_213' title='bbox 2965 2473 3085 2513; x_wconf 88' lang='lat' dir='ltr'><strong>esse</strong></span> <span class='ocrx_word' id='word_1_214' title='bbox 3114 2471 3374 2517; x_wconf 85' lang='lat' dir='ltr'><strong>creatam.</strong></span> <span class='ocrx_word' id='word_1_215' title='bbox 3408 2463 3586 2522; x_wconf 83' lang='lat' dir='ltr'><strong>llabcs</strong></span> 
     </span>
    </p>
   </div>
   <div class='ocr_carea' id='block_1_36' title="bbox 2005 2543 3584 2619">
    <p class='ocr_par' dir='ltr' id='par_1_36' title="bbox 2005 2543 3584 2619">
     <span class='ocr_line' id='line_1_36' title="bbox 2005 2543 3584 2619; baseline 0.006 -21"><span class='ocrx_word' id='word_1_216' title='bbox 2005 2545 2158 2600; x_wconf 90' lang='lat' dir='ltr'><strong>dulce</strong></span> <span class='ocrx_word' id='word_1_217' title='bbox 2193 2545 2383 2615; x_wconf 88' lang='lat' dir='ltr'><strong>pignus</strong></span> <span class='ocrx_word' id='word_1_218' title='bbox 2409 2543 2508 2614; x_wconf 79' lang='lat' dir='ltr'><strong>pia:</strong></span> <span class='ocrx_word' id='word_1_219' title='bbox 2545 2545 2931 2611; x_wconf 86' lang='lat' dir='ltr'><strong>meditationis,</strong></span> <span class='ocrx_word' id='word_1_220' title='bbox 2963 2547 3050 2600; x_wconf 92' lang='lat' dir='ltr'><strong>ubi</strong></span> <span class='ocrx_word' id='word_1_221' title='bbox 3081 2549 3433 2619; x_wconf 85' lang='lat' dir='ltr'><strong>cogitationes</strong></span> <span class='ocrx_word' id='word_1_222' title='bbox 3464 2561 3584 2609; x_wconf 87' lang='lat' dir='ltr'><strong>tuas</strong></span> 
     </span>
    </p>
   </div>
   <div class='ocr_carea' id='block_1_37' title="bbox 2005 2635 3580 2705">
    <p class='ocr_par' dir='ltr' id='par_1_37' title="bbox 2005 2635 3580 2705">
     <span class='ocr_line' id='line_1_37' title="bbox 2005 2635 3580 2705; baseline 0.006 -16"><span class='ocrx_word' id='word_1_223' title='bbox 2005 2648 2282 2690; x_wconf 82' lang='lat' dir='ltr'><strong>exerceas.</strong></span> <span class='ocrx_word' id='word_1_224' title='bbox 2328 2635 2570 2703; x_wconf 74' lang='lat' dir='ltr'><strong>Agnosco</strong></span> <span class='ocrx_word' id='word_1_225' title='bbox 2614 2648 2741 2705; x_wconf 82' lang='lat' dir='ltr'><strong>ergo</strong></span> <span class='ocrx_word' id='word_1_226' title='bbox 2786 2636 2929 2690; x_wconf 86' lang='lat' dir='ltr'><strong>aliud</strong></span> <span class='ocrx_word' id='word_1_227' title='bbox 2977 2651 3097 2692; x_wconf 90' lang='lat' dir='ltr'><strong>esse</strong></span> <span class='ocrx_word' id='word_1_228' title='bbox 3143 2640 3580 2703; x_wconf 84' lang='lat' dir='ltr'><strong>similitudinem.</strong></span> 
     </span>
    </p>
   </div>
   <div class='ocr_carea' id='block_1_38' title="bbox 2006 2727 3586 2797">
    <p class='ocr_par' dir='ltr' id='par_1_38' title="bbox 2006 2727 3586 2797">
     <span class='ocr_line' id='line_1_38' title="bbox 2006 2727 3586 2797; baseline 0.006 -17"><span class='ocrx_word' id='word_1_229' title='bbox 2006 2727 2147 2780; x_wconf 88' lang='lat' dir='ltr'><strong>aliud</strong></span> <span class='ocrx_word' id='word_1_230' title='bbox 2185 2727 2470 2796; x_wconf 85' lang='lat' dir='ltr'><strong>imaginem</strong></span> <span class='ocrx_word' id='word_1_231' title='bbox 2502 2743 2515 2780; x_wconf 91' lang='lat'><strong>:</strong></span> <span class='ocrx_word' id='word_1_232' title='bbox 2550 2727 2697 2782; x_wconf 84' lang='lat' dir='ltr'><strong>verbi</strong></span> <span class='ocrx_word' id='word_1_233' title='bbox 2727 2728 2922 2797; x_wconf 84' lang='lat' dir='ltr'><strong>gratia,</strong></span> <span class='ocrx_word' id='word_1_234' title='bbox 2961 2737 3140 2797; x_wconf 88' lang='lat' dir='ltr'><strong>potest</strong></span> <span class='ocrx_word' id='word_1_235' title='bbox 3170 2728 3368 2786; x_wconf 79' lang='lat' dir='ltr'><strong>habere</strong></span> <span class='ocrx_word' id='word_1_236' title='bbox 3394 2731 3586 2790; x_wconf 72' lang='lat' dir='ltr'><strong>simili-</strong></span> 
     </span>
    </p>
   </div>
   <div class='ocr_carea' id='block_1_39' title="bbox 329 2804 3585 2902">
    <p class='ocr_par' dir='ltr' id='par_1_39' title="bbox 329 2804 3585 2902">
     <span class='ocr_line' id='line_1_39' title="bbox 329 2804 3585 2902; baseline -0.002 -14"><span class='ocrx_word' id='word_1_237' title='bbox 329 2831 458 2888; x_wconf 85' lang='lat' dir='ltr'><strong>inde</strong></span> <span class='ocrx_word' id='word_1_238' title='bbox 487 2804 700 2902; x_wconf 77' lang='lat' dir='ltr'><strong>colligat</strong></span> <span class='ocrx_word' id='word_1_239' title='bbox 729 2804 915 2896; x_wconf 74' lang='lat' dir='ltr'><strong>lector,</strong></span> <span class='ocrx_word' id='word_1_240' title='bbox 947 2839 1164 2899; x_wconf 83' lang='lat' dir='ltr'><strong>propter</strong></span> <span class='ocrx_word' id='word_1_241' title='bbox 1192 2829 1332 2898; x_wconf 91' lang='lat' dir='ltr'><strong>quod</strong></span> <span class='ocrx_word' id='word_1_242' title='bbox 1363 2804 1516 2883; x_wconf 73' lang='lat' dir='ltr'><strong>facta:</strong></span> <span class='ocrx_word' id='word_1_243' title='bbox 1544 2836 1696 2895; x_wconf 90' lang='lat' dir='ltr'><strong>sunt,</strong></span> <span class='ocrx_word' id='word_1_244' title='bbox 1733 2804 1904 2898; x_wconf 87' lang='lat' dir='ltr'><strong>pieta-</strong></span> <span class='ocrx_word' id='word_1_245' title='bbox 1939 2804 1982 2865; x_wconf 74' lang='grc' dir='ltr'><strong>Β</strong></span> <span class='ocrx_word' id='word_1_246' title='bbox 2010 2811 2555 2891; x_wconf 77' lang='lat' dir='ltr'><strong>ludiuem‘quamdam</strong></span> <span class='ocrx_word' id='word_1_247' title='bbox 2578 2835 2700 2875; x_wconf 90' lang='lat' dir='ltr'><strong>cum</strong></span> <span class='ocrx_word' id='word_1_248' title='bbox 2725 2820 2943 2875; x_wconf 83' lang='lat' dir='ltr'><strong>homine</strong></span> <span class='ocrx_word' id='word_1_249' title='bbox 2964 2836 3159 2890; x_wconf 90' lang='lat' dir='ltr'><strong>equus,</strong></span> <span class='ocrx_word' id='word_1_250' title='bbox 3181 2821 3277 2877; x_wconf 78' lang='lat' dir='ltr'><strong>hos</strong></span> <span class='ocrx_word' id='word_1_251' title='bbox 3300 2833 3354 2878; x_wconf 88' lang='lat' dir='ltr'><strong>et</strong></span> <span class='ocrx_word' id='word_1_252' title='bbox 3372 2836 3585 2882; x_wconf 66' lang='lat' dir='ltr'><strong>caetera:</strong></span> 
     </span>
    </p>
   </div>
   <div class='ocr_carea' id='block_1_40' title="bbox 329 2919 796 2980">
    <p class='ocr_par' dir='ltr' id='par_1_40' title="bbox 329 2919 796 2980">
     <span class='ocr_line' id='line_1_40' title="bbox 329 2919 796 2980; baseline -0.006 -2"><span class='ocrx_word' id='word_1_253' title='bbox 329 2924 400 2980; x_wconf 87' lang='lat' dir='ltr'><strong>tis</strong></span> <span class='ocrx_word' id='word_1_254' title='bbox 425 2919 676 2977; x_wconf 76' lang='lat' dir='ltr'><strong>affectum</strong></span> <span class='ocrx_word' id='word_1_255' title='bbox 705 2922 796 2975; x_wconf 84' lang='grc'><strong>³¹⁰.</strong></span> 
     </span>
    </p>
   </div>
   <div class='ocr_carea' id='block_1_41' title="bbox 801 3009 1438 3065">
    <p class='ocr_par' dir='ltr' id='par_1_41' title="bbox 801 3009 1438 3065">
     <span class='ocr_line' id='line_1_41' title="bbox 801 3009 1438 3065; baseline -0.005 0"><span class='ocrx_word' id='word_1_256' title='bbox 801 3009 1169 3065; x_wconf 82' lang='lat' dir='ltr'><strong>MEDITATIO</strong></span> <span class='ocrx_word' id='word_1_257' title='bbox 1207 3009 1438 3063; x_wconf 68' lang='lat' dir='ltr'><strong>PRIMA.</strong></span> 
     </span>
    </p>
   </div>
   <div class='ocr_carea' id='block_1_42' title="bbox 472 3100 1762 3168">
    <p class='ocr_par' dir='ltr' id='par_1_42' title="bbox 472 3100 1762 3168">
     <span class='ocr_line' id='line_1_42' title="bbox 472 3100 1762 3168; baseline -0.002 -12"><span class='ocrx_word' id='word_1_258' title='bbox 472 3102 550 3157; x_wconf 89' lang='lat' dir='ltr'><strong>De</strong></span> <span class='ocrx_word' id='word_1_259' title='bbox 575 3103 816 3156; x_wconf 70' lang='lat' dir='ltr'><strong>humana:</strong></span> <span class='ocrx_word' id='word_1_260' title='bbox 843 3101 1153 3154; x_wconf 82' lang='lat' dir='ltr'><strong>conditionis</strong></span> <span class='ocrx_word' id='word_1_261' title='bbox 1182 3100 1431 3168; x_wconf 78' lang='lat' dir='ltr'><strong>dignitate</strong></span> <span class='ocrx_word' id='word_1_262' title='bbox 1459 3110 1503 3153; x_wconf 86' lang='lat' dir='ltr'><strong>et</strong></span> <span class='ocrx_word' id='word_1_263' title='bbox 1533 3101 1762 3154; x_wconf 82' lang='lat' dir='ltr'><strong>miseria.</strong></span> 
     </span>
    </p>
   </div>
   <div class='ocr_carea' id='block_1_43' title="bbox 396 3189 1905 3258">
    <p class='ocr_par' dir='ltr' id='par_1_43' title="bbox 396 3189 1905 3258">
     <span class='ocr_line' id='line_1_43' title="bbox 396 3189 1905 3258; baseline -0.003 -12"><span class='ocrx_word' id='word_1_264' title='bbox 396 3191 441 3246; x_wconf 87' lang='grc'><strong>1.</strong></span> <span class='ocrx_word' id='word_1_265' title='bbox 492 3190 642 3256; x_wconf 85' lang='lat' dir='ltr'><strong>Quod</strong></span> <span class='ocrx_word' id='word_1_266' title='bbox 684 3191 752 3243; x_wconf 86' lang='lat' dir='ltr'><strong>ad</strong></span> <span class='ocrx_word' id='word_1_267' title='bbox 796 3190 1072 3258; x_wconf 82' lang='lat' dir='ltr'><strong>imaginem</strong></span> <span class='ocrx_word' id='word_1_268' title='bbox 1113 3199 1157 3242; x_wconf 76' lang='lat' dir='ltr'><strong>et</strong></span> <span class='ocrx_word' id='word_1_269' title='bbox 1204 3189 1593 3241; x_wconf 78' lang='lat' dir='ltr'><strong>similitudinem</strong></span> <span class='ocrx_word' id='word_1_270' title='bbox 1642 3190 1736 3242; x_wconf 88' lang='lat' dir='ltr'><strong>Dei</strong></span> <span class='ocrx_word' id='word_1_271' title='bbox 1778 3190 1905 3257; x_wconf 80' lang='lat' dir='ltr'><strong>facti</strong></span> 
     </span>
    </p>
   </div>
   <div class='ocr_carea' id='block_1_44' title="bbox 327 3269 1904 3349">
    <p class='ocr_par' dir='ltr' id='par_1_44' title="bbox 327 3269 1904 3349">
     <span class='ocr_line' id='line_1_44' title="bbox 327 3269 1904 3349; baseline -0.003 -12"><span class='ocrx_word' id='word_1_272' title='bbox 327 3297 532 3337; x_wconf 80' lang='lat' dir='ltr'><strong>sumus.</strong></span> <span class='ocrx_word' id='word_1_273' title='bbox 564 3310 635 3320; x_wconf 89' lang='lat'><strong>——</strong></span> <span class='ocrx_word' id='word_1_274' title='bbox 673 3279 896 3349; x_wconf 86' lang='lat' dir='ltr'><strong>Evigila,</strong></span> <span class='ocrx_word' id='word_1_275' title='bbox 940 3278 1117 3333; x_wconf 89' lang='lat' dir='ltr'><strong>anima</strong></span> <span class='ocrx_word' id='word_1_276' title='bbox 1159 3295 1274 3332; x_wconf 89' lang='lat' dir='ltr'><strong>mea</strong></span> <span class='ocrx_word' id='word_1_277' title='bbox 1319 3279 1409 3342; x_wconf 65' lang='lat'><strong>3“,</strong></span> <span class='ocrx_word' id='word_1_278' title='bbox 1449 3279 1670 3347; x_wconf 84' lang='lat' dir='ltr'><strong>evigila;</strong></span> <span class='ocrx_word' id='word_1_279' title='bbox 1699 3269 1904 3333; x_wconf 48' lang='lat' dir='ltr'><strong>&#39;exerce</strong></span> 
     </span>
    </p>
   </div>
   <div class='ocr_carea' id='block_1_45' title="bbox 328 3370 1902 3442">
    <p class='ocr_par' dir='ltr' id='par_1_45' title="bbox 328 3370 1902 3442">
     <span class='ocr_line' id='line_1_45' title="bbox 328 3370 1902 3442; baseline -0.002 -15"><span class='ocrx_word' id='word_1_280' title='bbox 328 3373 580 3442; x_wconf 83' lang='lat' dir='ltr'><strong>spiritum</strong></span> <span class='ocrx_word' id='word_1_281' title='bbox 625 3381 806 3435; x_wconf 87' lang='lat' dir='ltr'><strong>tuum,</strong></span> <span class='ocrx_word' id='word_1_282' title='bbox 849 3370 1022 3424; x_wconf 77' lang='lat' dir='ltr'><strong>excita</strong></span> <span class='ocrx_word' id='word_1_283' title='bbox 1067 3386 1314 3433; x_wconf 84' lang='lat' dir='ltr'><strong>sensum,</strong></span> <span class='ocrx_word' id='word_1_284' title='bbox 1357 3371 1562 3437; x_wconf 83' lang='lat' dir='ltr'><strong>expelle</strong></span> <span class='ocrx_word' id='word_1_285' title='bbox 1601 3371 1902 3424; x_wconf 88' lang='lat' dir='ltr'><strong>socordiam</strong></span> 
     </span>
    </p>
   </div>
   <div class='ocr_carea' id='block_1_46' title="bbox 328 3460 1904 3531">
    <p class='ocr_par' dir='ltr' id='par_1_46' title="bbox 328 3460 1904 3531">
     <span class='ocr_line' id='line_1_46' title="bbox 328 3460 1904 3531; baseline -0.002 -13"><span class='ocrx_word' id='word_1_286' title='bbox 328 3462 566 3518; x_wconf 80' lang='lat' dir='ltr'><strong>lethiferi</strong></span> <span class='ocrx_word' id='word_1_287' title='bbox 599 3462 829 3531; x_wconf 90' lang='lat' dir='ltr'><strong>torporis</strong></span> <span class='ocrx_word' id='word_1_288' title='bbox 858 3460 951 3524; x_wconf 89' lang='lat' dir='ltr'><strong>tui,</strong></span> <span class='ocrx_word' id='word_1_289' title='bbox 983 3461 1324 3529; x_wconf 78' lang='lat' dir='ltr'><strong>apprehende</strong></span> <span class='ocrx_word' id='word_1_290' title='bbox 1353 3460 1764 3522; x_wconf 86' lang='lat' dir='ltr'><strong>sollicitudinem</strong></span> <span class='ocrx_word' id='word_1_291' title='bbox 1802 3470 1904 3515; x_wconf 76' lang='lat' dir='ltr'><strong>tuae</strong></span> 
     </span>
    </p>
   </div>
   <div class='ocr_carea' id='block_1_47' title="bbox 327 3546 1897 3618">
    <p class='ocr_par' dir='ltr' id='par_1_47' title="bbox 327 3546 1897 3618">
     <span class='ocr_line' id='line_1_47' title="bbox 327 3546 1897 3618; baseline -0.003 -14"><span class='ocrx_word' id='word_1_292' title='bbox 327 3550 543 3605; x_wconf 89' lang='lat' dir='ltr'><strong>salutis.</strong></span> <span class='ocrx_word' id='word_1_293' title='bbox 593 3549 860 3603; x_wconf 91' lang='lat' dir='ltr'><strong>lnutilium</strong></span> <span class='ocrx_word' id='word_1_294' title='bbox 911 3549 1295 3618; x_wconf 84' lang='lat' dir='ltr'><strong>cogitationum</strong></span> <span class='ocrx_word' id='word_1_295' title='bbox 1345 3546 1610 3616; x_wconf 72' lang='lat' dir='ltr'><strong>ell‘ugetur</strong></span> <span class='ocrx_word' id='word_1_296' title='bbox 1657 3550 1897 3612; x_wconf 79' lang='lat' dir='ltr'><strong>vagatio,</strong></span> 
     </span>
    </p>
   </div>
   <div class='ocr_carea' id='block_1_48' title="bbox 330 3635 1900 3708">
    <p class='ocr_par' dir='ltr' id='par_1_48' title="bbox 330 3635 1900 3708">
     <span class='ocr_line' id='line_1_48' title="bbox 330 3635 1900 3708; baseline -0.004 -13"><span class='ocrx_word' id='word_1_297' title='bbox 330 3639 551 3695; x_wconf 86' lang='lat' dir='ltr'><strong>recedat</strong></span> <span class='ocrx_word' id='word_1_298' title='bbox 591 3639 822 3708; x_wconf 87' lang='lat' dir='ltr'><strong>ignavia,</strong></span> <span class='ocrx_word' id='word_1_299' title='bbox 853 3637 1130 3707; x_wconf 87' lang='lat' dir='ltr'><strong>diligentia</strong></span> <span class='ocrx_word' id='word_1_300' title='bbox 1176 3645 1437 3689; x_wconf 86' lang='lat' dir='ltr'><strong>teneatur.</strong></span> <span class='ocrx_word' id='word_1_301' title='bbox 1473 3635 1900 3690; x_wconf 87' lang='lat' dir='ltr'><strong>Meditationibns</strong></span> 
     </span>
    </p>
   </div>
   <div class='ocr_carea' id='block_1_49' title="bbox 328 3723 1902 3793">
    <p class='ocr_par' dir='ltr' id='par_1_49' title="bbox 328 3723 1902 3793">
     <span class='ocr_line' id='line_1_49' title="bbox 328 3723 1902 3793; baseline -0.003 -10"><span class='ocrx_word' id='word_1_302' title='bbox 328 3728 506 3784; x_wconf 85' lang='lat' dir='ltr'><strong>sacris</strong></span> <span class='ocrx_word' id='word_1_303' title='bbox 534 3728 736 3786; x_wconf 85' lang='lat' dir='ltr'><strong>insiste,</strong></span> <span class='ocrx_word' id='word_1_304' title='bbox 770 3728 982 3781; x_wconf 78' lang='lat' dir='ltr'><strong>adher</strong></span> <span class='ocrx_word' id='word_1_305' title='bbox 1009 3726 1204 3778; x_wconf 88' lang='lat' dir='ltr'><strong>divinis</strong></span> <span class='ocrx_word' id='word_1_306' title='bbox 1243 3725 1424 3788; x_wconf 88' lang='lat' dir='ltr'><strong>bonis;</strong></span> <span class='ocrx_word' id='word_1_307' title='bbox 1459 3723 1676 3778; x_wconf 89' lang='lat' dir='ltr'><strong>intende</strong></span> <span class='ocrx_word' id='word_1_308' title='bbox 1705 3727 1902 3793; x_wconf 86' lang='lat' dir='ltr'><strong>sempi-</strong></span> 
     </span>
    </p>
   </div>
   <div class='ocr_carea' id='block_1_50' title="bbox 330 3815 1898 3887">
    <p class='ocr_par' dir='ltr' id='par_1_50' title="bbox 330 3815 1898 3887">
     <span class='ocr_line' id='line_1_50' title="bbox 330 3815 1898 3887; baseline -0.004 -12"><span class='ocrx_word' id='word_1_309' title='bbox 330 3819 528 3885; x_wconf 83' lang='lat' dir='ltr'><strong>ternis,</strong></span> <span class='ocrx_word' id='word_1_310' title='bbox 572 3817 954 3887; x_wconf 81' lang='lat' dir='ltr'><strong>temporalibus</strong></span> <span class='ocrx_word' id='word_1_311' title='bbox 988 3816 1280 3870; x_wconf 89' lang='lat' dir='ltr'><strong>derelictis.</strong></span> <span class='ocrx_word' id='word_1_312' title='bbox 1317 3815 1454 3881; x_wconf 81' lang='lat' dir='ltr'><strong>Quid</strong></span> <span class='ocrx_word' id='word_1_313' title='bbox 1495 3816 1658 3884; x_wconf 83' lang='lat' dir='ltr'><strong>igitur</strong></span> <span class='ocrx_word' id='word_1_314' title='bbox 1696 3815 1898 3880; x_wconf 88' lang='lat' dir='ltr'><strong>utilius,</strong></span> 
     </span>
    </p>
   </div>
   <div class='ocr_carea' id='block_1_51' title="bbox 330 3898 1900 3978">
    <p class='ocr_par' dir='ltr' id='par_1_51' title="bbox 330 3898 1900 3978">
     <span class='ocr_line' id='line_1_51' title="bbox 330 3898 1900 3978; baseline -0.002 -19"><span class='ocrx_word' id='word_1_315' title='bbox 330 3906 464 3978; x_wconf 83' lang='lat' dir='ltr'><strong>quid</strong></span> <span class='ocrx_word' id='word_1_316' title='bbox 486 3905 752 3959; x_wconf 82' lang='lat' dir='ltr'><strong>salubrius</strong></span> <span class='ocrx_word' id='word_1_317' title='bbox 782 3904 836 3960; x_wconf 88' lang='lat' dir='ltr'><strong>in</strong></span> <span class='ocrx_word' id='word_1_318' title='bbox 861 3913 967 3958; x_wconf 84' lang='lat' dir='ltr'><strong>tant</strong></span> <span class='ocrx_word' id='word_1_319' title='bbox 992 3905 1171 3960; x_wconf 90' lang='lat' dir='ltr'><strong>divino</strong></span> <span class='ocrx_word' id='word_1_320' title='bbox 1199 3905 1390 3957; x_wconf 87' lang='lat' dir='ltr'><strong>mentis</strong></span> <span class='ocrx_word' id='word_1_321' title='bbox 1417 3898 1675 3956; x_wconf 72' lang='lat' dir='ltr'><strong>exercitio</strong></span> <span class='ocrx_word' id='word_1_322' title='bbox 1702 3905 1900 3972; x_wconf 88' lang='lat' dir='ltr'><strong>poteris</strong></span> 
     </span>
    </p>
   </div>
   <div class='ocr_carea' id='block_1_52' title="bbox 331 3991 1900 4067">
    <p class='ocr_par' dir='ltr' id='par_1_52' title="bbox 331 3991 1900 4067">
     <span class='ocr_line' id='line_1_52' title="bbox 331 3991 1900 4067; baseline -0.002 -16"><span class='ocrx_word' id='word_1_323' title='bbox 331 3997 596 4067; x_wconf 88' lang='lat' dir='ltr'><strong>cogitare,</strong></span> <span class='ocrx_word' id='word_1_324' title='bbox 618 4009 776 4063; x_wconf 89' lang='lat' dir='ltr'><strong>quam</strong></span> <span class='ocrx_word' id='word_1_325' title='bbox 810 3993 1068 4047; x_wconf 88' lang='lat' dir='ltr'><strong>immensa</strong></span> <span class='ocrx_word' id='word_1_326' title='bbox 1099 3992 1354 4066; x_wconf 72' lang='lat' dir='ltr'><strong>beneﬁcia</strong></span> <span class='ocrx_word' id='word_1_327' title='bbox 1379 3991 1684 4047; x_wconf 88' lang='lat' dir='ltr'><strong>Conditoris</strong></span> <span class='ocrx_word' id='word_1_328' title='bbox 1709 3993 1900 4048; x_wconf 71' lang='lat' dir='ltr'><strong>dulcis-</strong></span> 
     </span>
    </p>
   </div>
   <div class='ocr_carea' id='block_1_53' title="bbox 331 4082 1900 4154">
    <p class='ocr_par' dir='ltr' id='par_1_53' title="bbox 331 4082 1900 4154">
     <span class='ocr_line' id='line_1_53' title="bbox 331 4082 1900 4154; baseline -0.004 -12"><span class='ocrx_word' id='word_1_329' title='bbox 331 4087 472 4144; x_wconf 88' lang='lat' dir='ltr'><strong>sima</strong></span> <span class='ocrx_word' id='word_1_330' title='bbox 497 4085 822 4154; x_wconf 83' lang='lat' dir='ltr'><strong>cogitatione</strong></span> <span class='ocrx_word' id='word_1_331' title='bbox 851 4083 1120 4138; x_wconf 90' lang='lat' dir='ltr'><strong>recolere?</strong></span> <span class='ocrx_word' id='word_1_332' title='bbox 1144 4082 1440 4136; x_wconf 81' lang='lat' dir='ltr'><strong>Considera</strong></span> <span class='ocrx_word' id='word_1_333' title='bbox 1485 4083 1646 4148; x_wconf 84' lang='lat' dir='ltr'><strong>igitur</strong></span> <span class='ocrx_word' id='word_1_334' title='bbox 1691 4084 1740 4136; x_wconf 91' lang='lat' dir='ltr'><strong>in</strong></span> <span class='ocrx_word' id='word_1_335' title='bbox 1787 4083 1900 4151; x_wconf 77' lang='lat' dir='ltr'><strong>ipso</strong></span> 
     </span>
    </p>
   </div>
   <div class='ocr_carea' id='block_1_54' title="bbox 2007 2910 3583 2982">
    <p class='ocr_par' dir='ltr' id='par_1_54' title="bbox 2007 2910 3583 2982">
     <span class='ocr_line' id='line_1_54' title="bbox 2007 2910 3583 2982; baseline 0.004 -16"><span class='ocrx_word' id='word_1_336' title='bbox 2007 2911 2208 2966; x_wconf 87' lang='lat' dir='ltr'><strong>similes</strong></span> <span class='ocrx_word' id='word_1_337' title='bbox 2238 2921 2526 2973; x_wconf 62' lang='lat' dir='ltr'><strong>creaturae;</strong></span> <span class='ocrx_word' id='word_1_338' title='bbox 2553 2910 2840 2982; x_wconf 87' lang='lat' dir='ltr'><strong>imaginem</strong></span> <span class='ocrx_word' id='word_1_339' title='bbox 2872 2926 2998 2966; x_wconf 90' lang='lat' dir='ltr'><strong>vero</strong></span> <span class='ocrx_word' id='word_1_340' title='bbox 3027 2912 3262 2970; x_wconf 82' lang='lat' dir='ltr'><strong>hominis</strong></span> <span class='ocrx_word' id='word_1_341' title='bbox 3282 2930 3389 2970; x_wconf 92' lang='lat' dir='ltr'><strong>non</strong></span> <span class='ocrx_word' id='word_1_342' title='bbox 3416 2917 3583 2973; x_wconf 86' lang='lat' dir='ltr'><strong>habet</strong></span> 
     </span>
    </p>
   </div>
   <div class='ocr_carea' id='block_1_55' title="bbox 2008 3001 3578 3076">
    <p class='ocr_par' dir='ltr' id='par_1_55' title="bbox 2008 3001 3578 3076">
     <span class='ocr_line' id='line_1_55' title="bbox 2008 3001 3578 3076; baseline 0.004 -20"><span class='ocrx_word' id='word_1_343' title='bbox 2008 3004 2107 3058; x_wconf 89' lang='lat' dir='ltr'><strong>nisi</strong></span> <span class='ocrx_word' id='word_1_344' title='bbox 2131 3003 2264 3058; x_wconf 88' lang='lat' dir='ltr'><strong>alter</strong></span> <span class='ocrx_word' id='word_1_345' title='bbox 2284 3005 2462 3058; x_wconf 89' lang='lat' dir='ltr'><strong>homo.</strong></span> <span class='ocrx_word' id='word_1_346' title='bbox 2482 3001 2766 3057; x_wconf 79' lang='lat' dir='ltr'><strong>Manducat</strong></span> <span class='ocrx_word' id='word_1_347' title='bbox 2789 3003 2968 3067; x_wconf 91' lang='lat' dir='ltr'><strong>homo,</strong></span> <span class='ocrx_word' id='word_1_348' title='bbox 2995 3005 3285 3060; x_wconf 88' lang='lat' dir='ltr'><strong>manducat</strong></span> <span class='ocrx_word' id='word_1_349' title='bbox 3303 3017 3358 3061; x_wconf 88' lang='lat' dir='ltr'><strong>et</strong></span> <span class='ocrx_word' id='word_1_350' title='bbox 3379 3023 3578 3076; x_wconf 87' lang='lat' dir='ltr'><strong>equus:</strong></span> 
     </span>
    </p>
   </div>
   <div class='ocr_carea' id='block_1_56' title="bbox 2005 3092 3586 3165">
    <p class='ocr_par' dir='ltr' id='par_1_56' title="bbox 2005 3092 3586 3165">
     <span class='ocr_line' id='line_1_56' title="bbox 2005 3092 3586 3165; baseline 0.003 -16"><span class='ocrx_word' id='word_1_351' title='bbox 2005 3110 2129 3150; x_wconf 88' lang='lat' dir='ltr'><strong>ecce</strong></span> <span class='ocrx_word' id='word_1_352' title='bbox 2156 3096 2396 3165; x_wconf 74' lang='lat' dir='ltr'><strong>quaedam</strong></span> <span class='ocrx_word' id='word_1_353' title='bbox 2420 3094 2714 3149; x_wconf 86' lang='lat' dir='ltr'><strong>similitudo</strong></span> <span class='ocrx_word' id='word_1_354' title='bbox 2737 3109 2800 3148; x_wconf 86' lang='lat' dir='ltr'><strong>ac</strong></span> <span class='ocrx_word' id='word_1_355' title='bbox 2821 3095 3177 3150; x_wconf 88' lang='lat' dir='ltr'><strong>communitas</strong></span> <span class='ocrx_word' id='word_1_356' title='bbox 3200 3092 3340 3152; x_wconf 82' lang='lat' dir='ltr'><strong>inter</strong></span> <span class='ocrx_word' id='word_1_357' title='bbox 3363 3109 3586 3155; x_wconf 80' lang='lat' dir='ltr'><strong>naturas</strong></span> 
     </span>
    </p>
   </div>
   <div class='ocr_carea' id='block_1_57' title="bbox 2005 3186 3584 3256">
    <p class='ocr_par' dir='ltr' id='par_1_57' title="bbox 2005 3186 3584 3256">
     <span class='ocr_line' id='line_1_57' title="bbox 2005 3186 3584 3256; baseline 0.002 -14"><span class='ocrx_word' id='word_1_358' title='bbox 2005 3188 2264 3242; x_wconf 88' lang='lat' dir='ltr'><strong>diversas.</strong></span> <span class='ocrx_word' id='word_1_359' title='bbox 2285 3186 2571 3256; x_wconf 84' lang='lat' dir='ltr'><strong>Imaginem</strong></span> <span class='ocrx_word' id='word_1_360' title='bbox 2593 3202 2719 3240; x_wconf 86' lang='lat' dir='ltr'><strong>vero</strong></span> <span class='ocrx_word' id='word_1_361' title='bbox 2742 3187 2970 3242; x_wconf 90' lang='lat' dir='ltr'><strong>hominis</strong></span> <span class='ocrx_word' id='word_1_362' title='bbox 2994 3203 3098 3242; x_wconf 90' lang='lat' dir='ltr'><strong>non</strong></span> <span class='ocrx_word' id='word_1_363' title='bbox 3121 3189 3362 3243; x_wconf 89' lang='lat' dir='ltr'><strong>imitatur</strong></span> <span class='ocrx_word' id='word_1_364' title='bbox 3383 3190 3481 3245; x_wconf 90' lang='lat' dir='ltr'><strong>nisi</strong></span> <span class='ocrx_word' id='word_1_365' title='bbox 3505 3192 3584 3245; x_wconf 82' lang='lat' dir='ltr'><strong>al-</strong></span> 
     </span>
    </p>
   </div>
   <div class='ocr_carea' id='block_1_58' title="bbox 2007 3274 3582 3350">
    <p class='ocr_par' dir='ltr' id='par_1_58' title="bbox 2007 3274 3582 3350">
     <span class='ocr_line' id='line_1_58' title="bbox 2007 3274 3582 3350; baseline 0.002 -20"><span class='ocrx_word' id='word_1_366' title='bbox 2007 3286 2086 3331; x_wconf 89' lang='lat' dir='ltr'><strong>ter</strong></span> <span class='ocrx_word' id='word_1_367' title='bbox 2100 3278 2258 3331; x_wconf 91' lang='lat' dir='ltr'><strong>homo</strong></span> <span class='ocrx_word' id='word_1_368' title='bbox 2271 3274 2504 3343; x_wconf 81' lang='lat' dir='ltr'><strong>ejusdem</strong></span> <span class='ocrx_word' id='word_1_369' title='bbox 2522 3275 2914 3342; x_wconf 69' lang='lat' dir='ltr'><strong>naturar,cujus</strong></span> <span class='ocrx_word' id='word_1_370' title='bbox 2932 3276 3108 3344; x_wconf 88' lang='lat' dir='ltr'><strong>imago</strong></span> <span class='ocrx_word' id='word_1_371' title='bbox 3124 3286 3224 3330; x_wconf 92' lang='lat' dir='ltr'><strong>cst.</strong></span> <span class='ocrx_word' id='word_1_372' title='bbox 3247 3277 3464 3346; x_wconf 87' lang='lat' dir='ltr'><strong>Dignior</strong></span> <span class='ocrx_word' id='word_1_373' title='bbox 3485 3280 3582 3350; x_wconf 83' lang='lat' dir='ltr'><strong>igi-</strong></span> 
     </span>
    </p>
   </div>
   <div class='ocr_carea' id='block_1_59' title="bbox 2005 3364 3581 3439">
    <p class='ocr_par' dir='ltr' id='par_1_59' title="bbox 2005 3364 3581 3439">
     <span class='ocr_line' id='line_1_59' title="bbox 2005 3364 3581 3439; baseline 0.003 -19"><span class='ocrx_word' id='word_1_374' title='bbox 2005 3375 2090 3420; x_wconf 91' lang='lat' dir='ltr'><strong>tur</strong></span> <span class='ocrx_word' id='word_1_375' title='bbox 2116 3376 2197 3421; x_wconf 91' lang='lat' dir='ltr'><strong>est</strong></span> <span class='ocrx_word' id='word_1_376' title='bbox 2229 3367 2402 3436; x_wconf 89' lang='lat' dir='ltr'><strong>imago</strong></span> <span class='ocrx_word' id='word_1_377' title='bbox 2432 3379 2592 3434; x_wconf 88' lang='lat' dir='ltr'><strong>quam</strong></span> <span class='ocrx_word' id='word_1_378' title='bbox 2623 3364 2934 3419; x_wconf 90' lang='lat' dir='ltr'><strong>similitudo.</strong></span> <span class='ocrx_word' id='word_1_379' title='bbox 2964 3365 3376 3421; x_wconf 82' lang='lat' dir='ltr'><strong>Similitudinem</strong></span> <span class='ocrx_word' id='word_1_380' title='bbox 3401 3369 3581 3439; x_wconf 88' lang='lat' dir='ltr'><strong>itaque</strong></span> 
     </span>
    </p>
   </div>
   <div class='ocr_carea' id='block_1_60' title="bbox 2004 3453 3578 3523">
    <p class='ocr_par' dir='ltr' id='par_1_60' title="bbox 2004 3453 3578 3523">
     <span class='ocr_line' id='line_1_60' title="bbox 2004 3453 3578 3523; baseline 0.002 -13"><span class='ocrx_word' id='word_1_381' title='bbox 2004 3457 2068 3510; x_wconf 89' lang='lat' dir='ltr'><strong>ad</strong></span> <span class='ocrx_word' id='word_1_382' title='bbox 2094 3455 2260 3510; x_wconf 89' lang='lat' dir='ltr'><strong>Deum</strong></span> <span class='ocrx_word' id='word_1_383' title='bbox 2288 3455 2388 3509; x_wconf 87' lang='lat' dir='ltr'><strong>hoc</strong></span> <span class='ocrx_word' id='word_1_384' title='bbox 2408 3455 2564 3508; x_wconf 88' lang='lat' dir='ltr'><strong>modo</strong></span> <span class='ocrx_word' id='word_1_385' title='bbox 2589 3453 2785 3508; x_wconf 86' lang='lat' dir='ltr'><strong>habere</strong></span> <span class='ocrx_word' id='word_1_386' title='bbox 2805 3455 3131 3523; x_wconf 86' lang='lat' dir='ltr'><strong>poterimus,</strong></span> <span class='ocrx_word' id='word_1_387' title='bbox 3156 3456 3200 3509; x_wconf 92' lang='lat' dir='ltr'><strong>si</strong></span> <span class='ocrx_word' id='word_1_388' title='bbox 3229 3471 3351 3511; x_wconf 92' lang='lat' dir='ltr'><strong>eum</strong></span> <span class='ocrx_word' id='word_1_389' title='bbox 3381 3456 3578 3523; x_wconf 79' lang='lat' dir='ltr'><strong>bonum</strong></span> 
     </span>
    </p>
   </div>
   <div class='ocr_carea' id='block_1_61' title="bbox 2001 3521 3576 3615">
    <p class='ocr_par' dir='ltr' id='par_1_61' title="bbox 2001 3521 3576 3615">
     <span class='ocr_line' id='line_1_61' title="bbox 2001 3521 3576 3615; baseline -0.001 -17"><span class='ocrx_word' id='word_1_390' title='bbox 2001 3559 2121 3614; x_wconf 78' lang='lat' dir='ltr'><strong>esse</strong></span> <span class='ocrx_word' id='word_1_391' title='bbox 2149 3544 2568 3607; x_wconf 82' lang='lat' dir='ltr'><strong>considerantes,</strong></span> <span class='ocrx_word' id='word_1_392' title='bbox 2601 3556 2699 3594; x_wconf 92' lang='lat' dir='ltr'><strong>nos</strong></span> <span class='ocrx_word' id='word_1_393' title='bbox 2744 3542 2871 3596; x_wconf 89' lang='lat' dir='ltr'><strong>boni</strong></span> <span class='ocrx_word' id='word_1_394' title='bbox 2915 3557 3036 3596; x_wconf 89' lang='lat' dir='ltr'><strong>esse</strong></span> <span class='ocrx_word' id='word_1_395' title='bbox 3077 3545 3479 3615; x_wconf 80' lang='lat' dir='ltr'><strong>studuerimus;</strong></span> <span class='ocrx_word' id='word_1_396' title='bbox 3519 3521 3576 3602; x_wconf 50' lang='lat' dir='ltr'><strong>‘si</strong></span> 
     </span>
    </p>
   </div>
   <div class='ocr_carea' id='block_1_62' title="bbox 2001 3632 3578 3702">
    <p class='ocr_par' dir='ltr' id='par_1_62' title="bbox 2001 3632 3578 3702">
     <span class='ocr_line' id='line_1_62' title="bbox 2001 3632 3578 3702; baseline 0.003 -15"><span class='ocrx_word' id='word_1_397' title='bbox 2001 3649 2123 3687; x_wconf 90' lang='lat' dir='ltr'><strong>eum</strong></span> <span class='ocrx_word' id='word_1_398' title='bbox 2162 3633 2363 3702; x_wconf 89' lang='lat' dir='ltr'><strong>justum</strong></span> <span class='ocrx_word' id='word_1_399' title='bbox 2391 3646 2514 3685; x_wconf 87' lang='lat' dir='ltr'><strong>esse</strong></span> <span class='ocrx_word' id='word_1_400' title='bbox 2538 3641 2942 3700; x_wconf 89' lang='lat' dir='ltr'><strong>cognoscentes,</strong></span> <span class='ocrx_word' id='word_1_401' title='bbox 2987 3647 3086 3686; x_wconf 89' lang='lat' dir='ltr'><strong>nos</strong></span> <span class='ocrx_word' id='word_1_402' title='bbox 3108 3632 3238 3702; x_wconf 84' lang='lat' dir='ltr'><strong>justi</strong></span> <span class='ocrx_word' id='word_1_403' title='bbox 3287 3649 3404 3688; x_wconf 90' lang='lat' dir='ltr'><strong>esse</strong></span> <span class='ocrx_word' id='word_1_404' title='bbox 3444 3653 3578 3692; x_wconf 89' lang='lat' dir='ltr'><strong>con-</strong></span> 
     </span>
    </p>
   </div>
   <div class='ocr_carea' id='block_1_63' title="bbox 2005 3709 3577 3789">
    <p class='ocr_par' dir='ltr' id='par_1_63' title="bbox 2005 3709 3577 3789">
     <span class='ocr_line' id='line_1_63' title="bbox 2005 3709 3577 3789; baseline 0.003 -14"><span class='ocrx_word' id='word_1_405' title='bbox 2005 3723 2310 3787; x_wconf 80' lang='lat' dir='ltr'><strong>tendamus;</strong></span> <span class='ocrx_word' id='word_1_406' title='bbox 2350 3721 2396 3774; x_wconf 89' lang='lat' dir='ltr'><strong>si</strong></span> <span class='ocrx_word' id='word_1_407' title='bbox 2428 3709 2831 3774; x_wconf 83' lang='lat' dir='ltr'><strong>misericordem</strong></span> <span class='ocrx_word' id='word_1_408' title='bbox 2860 3721 3306 3789; x_wconf 84' lang='lat' dir='ltr'><strong>contemplantes,</strong></span> <span class='ocrx_word' id='word_1_409' title='bbox 3341 3739 3438 3779; x_wconf 90' lang='lat' dir='ltr'><strong>nos</strong></span> <span class='ocrx_word' id='word_1_410' title='bbox 3475 3727 3577 3780; x_wconf 41' lang='lat' dir='ltr'><strong>mis</strong></span> 
     </span>
    </p>
   </div>
   <div class='ocr_carea' id='block_1_64' title="bbox 2000 3808 3570 3887">
    <p class='ocr_par' dir='ltr' id='par_1_64' title="bbox 2000 3808 3570 3887">
     <span class='ocr_line' id='line_1_64' title="bbox 2000 3808 3570 3887; baseline 0.003 -23"><span class='ocrx_word' id='word_1_411' title='bbox 2000 3811 2304 3865; x_wconf 71' lang='lat' dir='ltr'><strong>seiicordite</strong></span> <span class='ocrx_word' id='word_1_412' title='bbox 2333 3823 2548 3878; x_wconf 84' lang='lat' dir='ltr'><strong>operam</strong></span> <span class='ocrx_word' id='word_1_413' title='bbox 2575 3808 2783 3862; x_wconf 84' lang='lat' dir='ltr'><strong>demus.</strong></span> <span class='ocrx_word' id='word_1_414' title='bbox 2812 3808 3092 3874; x_wconf 89' lang='lat' dir='ltr'><strong>Quomodo</strong></span> <span class='ocrx_word' id='word_1_415' title='bbox 3121 3821 3300 3864; x_wconf 88' lang='lat' dir='ltr'><strong>autem</strong></span> <span class='ocrx_word' id='word_1_416' title='bbox 3323 3815 3390 3866; x_wconf 87' lang='lat' dir='ltr'><strong>ad</strong></span> <span class='ocrx_word' id='word_1_417' title='bbox 3411 3816 3570 3887; x_wconf 81' lang='lat'><strong>203</strong></span> 
     </span>
    </p>
   </div>
   <div class='ocr_carea' id='block_1_65' title="bbox 2003 3897 3568 3974">
    <p class='ocr_par' dir='ltr' id='par_1_65' title="bbox 2003 3897 3568 3974">
     <span class='ocr_line' id='line_1_65' title="bbox 2003 3897 3568 3974; baseline 0.004 -20"><span class='ocrx_word' id='word_1_418' title='bbox 2003 3901 2287 3970; x_wconf 85' lang='lat' dir='ltr'><strong>imaginem</strong></span> <span class='ocrx_word' id='word_1_419' title='bbox 2314 3900 2501 3954; x_wconf 87' lang='lat' dir='ltr'><strong>suam?</strong></span> <span class='ocrx_word' id='word_1_420' title='bbox 2525 3897 2774 3953; x_wconf 83' lang='lat' dir='ltr'><strong>Attende.</strong></span> <span class='ocrx_word' id='word_1_421' title='bbox 2806 3899 2944 3954; x_wconf 91' lang='lat' dir='ltr'><strong>Deus</strong></span> <span class='ocrx_word' id='word_1_422' title='bbox 2967 3916 3180 3970; x_wconf 88' lang='lat' dir='ltr'><strong>semper</strong></span> <span class='ocrx_word' id='word_1_423' title='bbox 3200 3905 3442 3958; x_wconf 85' lang='lat' dir='ltr'><strong>meminit</strong></span> <span class='ocrx_word' id='word_1_424' title='bbox 3461 3908 3568 3974; x_wconf 88' lang='lat' dir='ltr'><strong>sui,</strong></span> 
     </span>
    </p>
   </div>
   <div class='ocr_carea' id='block_1_66' title="bbox 2004 3987 3571 4059">
    <p class='ocr_par' dir='ltr' id='par_1_66' title="bbox 2004 3987 3571 4059">
     <span class='ocr_line' id='line_1_66' title="bbox 2004 3987 3571 4059; baseline 0.005 -17"><span class='ocrx_word' id='word_1_425' title='bbox 2004 3989 2249 4059; x_wconf 89' lang='lat' dir='ltr'><strong>intelligit</strong></span> <span class='ocrx_word' id='word_1_426' title='bbox 2276 4004 2354 4053; x_wconf 89' lang='lat' dir='ltr'><strong>se,</strong></span> <span class='ocrx_word' id='word_1_427' title='bbox 2389 3997 2536 4041; x_wconf 90' lang='lat' dir='ltr'><strong>amat</strong></span> <span class='ocrx_word' id='word_1_428' title='bbox 2562 4003 2640 4041; x_wconf 88' lang='lat' dir='ltr'><strong>se.</strong></span> <span class='ocrx_word' id='word_1_429' title='bbox 2675 3987 2743 4042; x_wconf 86' lang='lat' dir='ltr'><strong>Et</strong></span> <span class='ocrx_word' id='word_1_430' title='bbox 2769 3998 2824 4042; x_wconf 91' lang='lat' dir='ltr'><strong>tu</strong></span> <span class='ocrx_word' id='word_1_431' title='bbox 2852 4005 3001 4059; x_wconf 88' lang='lat' dir='ltr'><strong>ergo,</strong></span> <span class='ocrx_word' id='word_1_432' title='bbox 3035 3989 3079 4044; x_wconf 88' lang='lat' dir='ltr'><strong>si</strong></span> <span class='ocrx_word' id='word_1_433' title='bbox 3109 4006 3206 4059; x_wconf 91' lang='lat' dir='ltr'><strong>pro</strong></span> <span class='ocrx_word' id='word_1_434' title='bbox 3232 3994 3446 4049; x_wconf 89' lang='lat' dir='ltr'><strong>modulo</strong></span> <span class='ocrx_word' id='word_1_435' title='bbox 3481 4006 3571 4050; x_wconf 88' lang='lat' dir='ltr'><strong>tuo</strong></span> 
     </span>
    </p>
   </div>
   <div class='ocr_carea' id='block_1_67' title="bbox 2005 4077 3568 4160">
    <p class='ocr_par' dir='ltr' id='par_1_67' title="bbox 2005 4077 3568 4160">
     <span class='ocr_line' id='line_1_67' title="bbox 2005 4077 3568 4160; baseline 0.002 -26"><span class='ocrx_word' id='word_1_436' title='bbox 2005 4079 2407 4151; x_wconf 82' lang='lat' dir='ltr'><strong>infatigabiliter</strong></span> <span class='ocrx_word' id='word_1_437' title='bbox 2441 4093 2646 4132; x_wconf 91' lang='lat' dir='ltr'><strong>memor</strong></span> <span class='ocrx_word' id='word_1_438' title='bbox 2673 4077 2838 4160; x_wconf 74' lang='lat' dir='ltr'><strong>fueris</strong></span> <span class='ocrx_word' id='word_1_439' title='bbox 2871 4077 2985 4143; x_wconf 89' lang='lat' dir='ltr'><strong>Dei,</strong></span> <span class='ocrx_word' id='word_1_440' title='bbox 3021 4081 3349 4136; x_wconf 77' lang='lat' dir='ltr'><strong>intellexeris</strong></span> <span class='ocrx_word' id='word_1_441' title='bbox 3377 4083 3568 4151; x_wconf 85' lang='lat' dir='ltr'><strong>Deum,</strong></span> 
     </span>
    </p>
   </div>
   <div class='ocr_carea' id='block_1_68' title="bbox 331 4155 3568 4242">
    <p class='ocr_par' dir='ltr' id='par_1_68' title="bbox 331 4155 3568 4242">
     <span class='ocr_line' id='line_1_68' title="bbox 331 4155 3568 4242; baseline -0.002 -10"><span class='ocrx_word' id='word_1_442' title='bbox 331 4175 626 4232; x_wconf 85' lang='lat' dir='ltr'><strong>creationis</strong></span> <span class='ocrx_word' id='word_1_443' title='bbox 656 4173 875 4230; x_wconf 79' lang='lat' dir='ltr'><strong>exordio</strong></span> <span class='ocrx_word' id='word_1_444' title='bbox 907 4171 1034 4242; x_wconf 87' lang='lat' dir='ltr'><strong>quid</strong></span> <span class='ocrx_word' id='word_1_445' title='bbox 1072 4169 1437 4238; x_wconf 88' lang='lat' dir='ltr'><strong>sublimitatis,</strong></span> <span class='ocrx_word' id='word_1_446' title='bbox 1468 4171 1595 4239; x_wconf 92' lang='lat' dir='ltr'><strong>quid</strong></span> <span class='ocrx_word' id='word_1_447' title='bbox 1625 4171 1896 4239; x_wconf 87' lang='lat' dir='ltr'><strong>dignitatis</strong></span> <span class='ocrx_word' id='word_1_448' title='bbox 1924 4155 1969 4209; x_wconf 11' lang='lat' dir='ltr'><strong>lC</strong></span> <span class='ocrx_word' id='word_1_449' title='bbox 2003 4167 2266 4222; x_wconf 87' lang='lat' dir='ltr'><strong>amaveris</strong></span> <span class='ocrx_word' id='word_1_450' title='bbox 2292 4166 2482 4229; x_wconf 80' lang='lat' dir='ltr'><strong>Deum,</strong></span> <span class='ocrx_word' id='word_1_451' title='bbox 2504 4166 2612 4220; x_wconf 92' lang='lat' dir='ltr'><strong>eris</strong></span> <span class='ocrx_word' id='word_1_452' title='bbox 2638 4167 2703 4219; x_wconf 86' lang='lat' dir='ltr'><strong>ad</strong></span> <span class='ocrx_word' id='word_1_453' title='bbox 2728 4155 3013 4236; x_wconf 81' lang='lat' dir='ltr'><strong>imaginem</strong></span> <span class='ocrx_word' id='word_1_454' title='bbox 3042 4170 3186 4237; x_wconf 88' lang='lat' dir='ltr'><strong>ejus;</strong></span> <span class='ocrx_word' id='word_1_455' title='bbox 3212 4171 3334 4240; x_wconf 86' lang='lat' dir='ltr'><strong>quia</strong></span> <span class='ocrx_word' id='word_1_456' title='bbox 3360 4171 3460 4228; x_wconf 88' lang='lat' dir='ltr'><strong>hoc</strong></span> <span class='ocrx_word' id='word_1_457' title='bbox 3487 4175 3568 4227; x_wconf 77' lang='lat' dir='ltr'><strong>fa-</strong></span> 
     </span>
    </p>
   </div>
   <div class='ocr_carea' id='block_1_69' title="bbox 337 4253 1898 4333">
    <p class='ocr_par' dir='ltr' id='par_1_69' title="bbox 337 4253 1898 4333">
     <span class='ocr_line' id='line_1_69' title="bbox 337 4253 1898 4333; baseline -0.002 -15"><span class='ocrx_word' id='word_1_458' title='bbox 337 4266 432 4320; x_wconf 91' lang='lat' dir='ltr'><strong>tibi</strong></span> <span class='ocrx_word' id='word_1_459' title='bbox 459 4263 775 4327; x_wconf 88' lang='lat' dir='ltr'><strong>contulerit;</strong></span> <span class='ocrx_word' id='word_1_460' title='bbox 804 4271 859 4317; x_wconf 91' lang='lat' dir='ltr'><strong>et</strong></span> <span class='ocrx_word' id='word_1_461' title='bbox 880 4263 1153 4333; x_wconf 85' lang='lat' dir='ltr'><strong>perpende</strong></span> <span class='ocrx_word' id='word_1_462' title='bbox 1175 4276 1283 4330; x_wconf 92' lang='lat' dir='ltr'><strong>quo</strong></span> <span class='ocrx_word' id='word_1_463' title='bbox 1310 4276 1514 4316; x_wconf 88' lang='lat' dir='ltr'><strong>amore.</strong></span> <span class='ocrx_word' id='word_1_464' title='bbox 1543 4276 1646 4331; x_wconf 88' lang='lat' dir='ltr'><strong>qua</strong></span> <span class='ocrx_word' id='word_1_465' title='bbox 1678 4253 1898 4315; x_wconf 82' lang='lat' dir='ltr'><strong>venera-</strong></span> 
     </span>
    </p>
   </div>
   <div class='ocr_carea' id='block_1_70' title="bbox 336 4353 1896 4419">
    <p class='ocr_par' dir='ltr' id='par_1_70' title="bbox 336 4353 1896 4419">
     <span class='ocr_line' id='line_1_70' title="bbox 336 4353 1896 4419; baseline -0.003 -9"><span class='ocrx_word' id='word_1_466' title='bbox 336 4357 482 4411; x_wconf 90' lang='lat' dir='ltr'><strong>tione</strong></span> <span class='ocrx_word' id='word_1_467' title='bbox 509 4355 760 4410; x_wconf 85' lang='lat' dir='ltr'><strong>colendus</strong></span> <span class='ocrx_word' id='word_1_468' title='bbox 788 4354 874 4408; x_wconf 89' lang='lat' dir='ltr'><strong>sit.</strong></span> <span class='ocrx_word' id='word_1_469' title='bbox 904 4353 1081 4419; x_wconf 90' lang='lat' dir='ltr'><strong>Certe,</strong></span> <span class='ocrx_word' id='word_1_470' title='bbox 1111 4369 1233 4407; x_wconf 90' lang='lat' dir='ltr'><strong>cum</strong></span> <span class='ocrx_word' id='word_1_471' title='bbox 1273 4353 1672 4406; x_wconf 83' lang='lat' dir='ltr'><strong>universitatem</strong></span> <span class='ocrx_word' id='word_1_472' title='bbox 1719 4368 1896 4407; x_wconf 88' lang='lat' dir='ltr'><strong>reruni</strong></span> 
     </span>
    </p>
   </div>
   <div class='ocr_carea' id='block_1_71' title="bbox 334 4443 1899 4507">
    <p class='ocr_par' dir='ltr' id='par_1_71' title="bbox 334 4443 1899 4507">
     <span class='ocr_line' id='line_1_71' title="bbox 334 4443 1899 4507; baseline -0.003 -8"><span class='ocrx_word' id='word_1_473' title='bbox 334 4446 626 4501; x_wconf 80' lang='lat' dir='ltr'><strong>visibilium</strong></span> <span class='ocrx_word' id='word_1_474' title='bbox 650 4453 704 4500; x_wconf 93' lang='lat' dir='ltr'><strong>et</strong></span> <span class='ocrx_word' id='word_1_475' title='bbox 725 4445 1077 4498; x_wconf 72' lang='lat' dir='ltr'><strong>&#39;invisiliilium</strong></span> <span class='ocrx_word' id='word_1_476' title='bbox 1107 4460 1295 4498; x_wconf 89' lang='lat' dir='ltr'><strong>creans</strong></span> <span class='ocrx_word' id='word_1_477' title='bbox 1322 4452 1376 4497; x_wconf 90' lang='lat' dir='ltr'><strong>et</strong></span> <span class='ocrx_word' id='word_1_478' title='bbox 1400 4443 1676 4507; x_wconf 88' lang='lat' dir='ltr'><strong>ordinans,</strong></span> <span class='ocrx_word' id='word_1_479' title='bbox 1714 4443 1899 4496; x_wconf 86' lang='lat' dir='ltr'><strong>huma-</strong></span> 
     </span>
    </p>
   </div>
   <div class='ocr_carea' id='block_1_72' title="bbox 336 4532 1900 4603">
    <p class='ocr_par' dir='ltr' id='par_1_72' title="bbox 336 4532 1900 4603">
     <span class='ocr_line' id='line_1_72' title="bbox 336 4532 1900 4603; baseline -0.002 -12"><span class='ocrx_word' id='word_1_480' title='bbox 336 4551 462 4591; x_wconf 76' lang='lat' dir='ltr'><strong>nam</strong></span> <span class='ocrx_word' id='word_1_481' title='bbox 489 4543 734 4591; x_wconf 87' lang='lat' dir='ltr'><strong>naturam</strong></span> <span class='ocrx_word' id='word_1_482' title='bbox 759 4535 937 4590; x_wconf 83' lang='lat' dir='ltr'><strong>facere</strong></span> <span class='ocrx_word' id='word_1_483' title='bbox 961 4534 1330 4603; x_wconf 87' lang='lat' dir='ltr'><strong>disposuisset,</strong></span> <span class='ocrx_word' id='word_1_484' title='bbox 1359 4549 1565 4588; x_wconf 89' lang='lat' dir='ltr'><strong>summo</strong></span> <span class='ocrx_word' id='word_1_485' title='bbox 1587 4532 1810 4593; x_wconf 79' lang='lat' dir='ltr'><strong>Consilio</strong></span> <span class='ocrx_word' id='word_1_486' title='bbox 1833 4534 1900 4588; x_wconf 89' lang='lat' dir='ltr'><strong>de</strong></span> 
     </span>
    </p>
   </div>
   <div class='ocr_carea' id='block_1_73' title="bbox 2004 4256 3570 4326">
    <p class='ocr_par' dir='ltr' id='par_1_73' title="bbox 2004 4256 3570 4326">
     <span class='ocr_line' id='line_1_73' title="bbox 2004 4256 3570 4326; baseline 0.004 -13"><span class='ocrx_word' id='word_1_487' title='bbox 2004 4273 2128 4314; x_wconf 90' lang='lat' dir='ltr'><strong>cere</strong></span> <span class='ocrx_word' id='word_1_488' title='bbox 2159 4257 2366 4320; x_wconf 90' lang='lat' dir='ltr'><strong>niteris,</strong></span> <span class='ocrx_word' id='word_1_489' title='bbox 2391 4256 2532 4326; x_wconf 88' lang='lat' dir='ltr'><strong>quod</strong></span> <span class='ocrx_word' id='word_1_490' title='bbox 2572 4271 2782 4326; x_wconf 87' lang='lat' dir='ltr'><strong>semper</strong></span> <span class='ocrx_word' id='word_1_491' title='bbox 2811 4256 2938 4312; x_wconf 77' lang='lat' dir='ltr'><strong>facit</strong></span> <span class='ocrx_word' id='word_1_492' title='bbox 2966 4258 3122 4312; x_wconf 90' lang='lat' dir='ltr'><strong>Dens.</strong></span> <span class='ocrx_word' id='word_1_493' title='bbox 3153 4261 3234 4314; x_wconf 83' lang='lat' dir='ltr'><strong>Ad</strong></span> <span class='ocrx_word' id='word_1_494' title='bbox 3261 4278 3570 4319; x_wconf 85' lang='lat' dir='ltr'><strong>memorau-</strong></span> 
     </span>
    </p>
   </div>
   <div class='ocr_carea' id='block_1_74' title="bbox 2005 4347 3571 4416">
    <p class='ocr_par' dir='ltr' id='par_1_74' title="bbox 2005 4347 3571 4416">
     <span class='ocr_line' id='line_1_74' title="bbox 2005 4347 3571 4416; baseline 0.003 -13"><span class='ocrx_word' id='word_1_495' title='bbox 2005 4348 2154 4411; x_wconf 89' lang='lat' dir='ltr'><strong>dum,</strong></span> <span class='ocrx_word' id='word_1_496' title='bbox 2180 4355 2234 4402; x_wconf 90' lang='lat' dir='ltr'><strong>et</strong></span> <span class='ocrx_word' id='word_1_497' title='bbox 2257 4347 2651 4416; x_wconf 86' lang='lat' dir='ltr'><strong>intelligendum</strong></span> <span class='ocrx_word' id='word_1_498' title='bbox 2681 4356 2842 4416; x_wconf 90' lang='lat' dir='ltr'><strong>atque</strong></span> <span class='ocrx_word' id='word_1_499' title='bbox 2867 4349 3154 4403; x_wconf 88' lang='lat' dir='ltr'><strong>amandum</strong></span> <span class='ocrx_word' id='word_1_500' title='bbox 3183 4367 3448 4406; x_wconf 89' lang='lat' dir='ltr'><strong>smnmum</strong></span> <span class='ocrx_word' id='word_1_501' title='bbox 3473 4356 3571 4408; x_wconf 71' lang='lat' dir='ltr'><strong>bi.-</strong></span> 
     </span>
    </p>
   </div>
   <div class='ocr_carea' id='block_1_75' title="bbox 2007 4435 3572 4507">
    <p class='ocr_par' dir='ltr' id='par_1_75' title="bbox 2007 4435 3572 4507">
     <span class='ocr_line' id='line_1_75' title="bbox 2007 4435 3572 4507; baseline 0.006 -15"><span class='ocrx_word' id='word_1_502' title='bbox 2007 4445 2330 4498; x_wconf 85' lang='lat' dir='ltr'><strong>numtotum</strong></span> <span class='ocrx_word' id='word_1_503' title='bbox 2360 4436 2517 4490; x_wconf 88' lang='lat' dir='ltr'><strong>debet</strong></span> <span class='ocrx_word' id='word_1_504' title='bbox 2555 4437 2716 4490; x_wconf 89' lang='lat' dir='ltr'><strong>homo</strong></span> <span class='ocrx_word' id='word_1_505' title='bbox 2745 4435 2946 4491; x_wconf 82' lang='lat' dir='ltr'><strong>referre</strong></span> <span class='ocrx_word' id='word_1_506' title='bbox 2973 4441 3114 4507; x_wconf 91' lang='lat' dir='ltr'><strong>quod</strong></span> <span class='ocrx_word' id='word_1_507' title='bbox 3143 4441 3275 4495; x_wconf 89' lang='lat' dir='ltr'><strong>vivit</strong></span> <span class='ocrx_word' id='word_1_508' title='bbox 3301 4459 3314 4492; x_wconf 91' lang='lat'><strong>:</strong></span> <span class='ocrx_word' id='word_1_509' title='bbox 3359 4444 3424 4497; x_wconf 91' lang='lat' dir='ltr'><strong>ad</strong></span> <span class='ocrx_word' id='word_1_510' title='bbox 3469 4446 3572 4502; x_wconf 86' lang='lat' dir='ltr'><strong>hoc</strong></span> 
     </span>
    </p>
   </div>
   <div class='ocr_carea' id='block_1_76' title="bbox 2005 4525 3568 4604">
    <p class='ocr_par' dir='ltr' id='par_1_76' title="bbox 2005 4525 3568 4604">
     <span class='ocr_line' id='line_1_76' title="bbox 2005 4525 3568 4604; baseline 0.005 -22"><span class='ocrx_word' id='word_1_511' title='bbox 2005 4526 2181 4598; x_wconf 83' lang='lat' dir='ltr'><strong>omnis</strong></span> <span class='ocrx_word' id='word_1_512' title='bbox 2207 4526 2476 4595; x_wconf 85' lang='lat' dir='ltr'><strong>cogitatio,</strong></span> <span class='ocrx_word' id='word_1_513' title='bbox 2498 4525 2674 4579; x_wconf 89' lang='lat' dir='ltr'><strong>omnis</strong></span> <span class='ocrx_word' id='word_1_514' title='bbox 2695 4526 2952 4582; x_wconf 86' lang='lat' dir='ltr'><strong>volutatio</strong></span> <span class='ocrx_word' id='word_1_515' title='bbox 2974 4530 3151 4585; x_wconf 89' lang='lat' dir='ltr'><strong>cordis</strong></span> <span class='ocrx_word' id='word_1_516' title='bbox 3175 4540 3568 4604; x_wconf 75' lang='lat' dir='ltr'><strong>retorquentur,</strong></span> 
     </span>
    </p>
   </div>
   <div class='ocr_carea' id='block_1_77' title="bbox 1593 4681 2255 4739">
    <p class='ocr_par' dir='ltr' id='par_1_77' title="bbox 1593 4681 2255 4739">
     <span class='ocr_line' id='line_1_77' title="bbox 1593 4681 2255 4739; baseline -0.002 -3"><span class='ocrx_word' id='word_1_517' title='bbox 1593 4681 1820 4737; x_wconf 77' lang='lat' dir='ltr'><strong>VARUE</strong></span> <span class='ocrx_word' id='word_1_518' title='bbox 1858 4681 2255 4739; x_wconf 80' lang='lat' dir='ltr'><strong>LECTIONES.</strong></span> 
     </span>
    </p>
   </div>
   <div class='ocr_carea' id='block_1_78' title="bbox 408 4789 3570 4857">
    <p class='ocr_par' dir='ltr' id='par_1_78' title="bbox 408 4789 3570 4857">
     <span class='ocr_line' id='line_1_78' title="bbox 408 4789 3570 4857; baseline 0.003 -10"><span class='ocrx_word' id='word_1_519' title='bbox 408 4797 502 4832; x_wconf 70' lang='grc' dir='ltr'><strong>’σν</strong></span> <span class='ocrx_word' id='word_1_520' title='bbox 532 4795 735 4850; x_wconf 83' lang='lat' dir='ltr'><strong>Collala</strong></span> <span class='ocrx_word' id='word_1_521' title='bbox 791 4804 908 4846; x_wconf 83' lang='lat' dir='ltr'><strong>sunt</strong></span> <span class='ocrx_word' id='word_1_522' title='bbox 950 4809 1065 4846; x_wconf 84' lang='lat' dir='ltr'><strong>cum</strong></span> <span class='ocrx_word' id='word_1_523' title='bbox 1106 4809 1227 4846; x_wconf 83' lang='lat' dir='ltr'><strong>mss.</strong></span> <span class='ocrx_word' id='word_1_524' title='bbox 1276 4790 1423 4844; x_wconf 83' lang='lat' dir='ltr'><strong>Becc.</strong></span> <span class='ocrx_word' id='word_1_525' title='bbox 1453 4789 1518 4844; x_wconf 86' lang='grc'><strong>0.</strong></span> <span class='ocrx_word' id='word_1_526' title='bbox 1565 4789 1779 4844; x_wconf 82' lang='lat' dir='ltr'><strong>Timauo</strong></span> <span class='ocrx_word' id='word_1_527' title='bbox 1811 4791 1934 4845; x_wconf 74' lang='grc'><strong>267.</strong></span> <span class='ocrx_word' id='word_1_528' title='bbox 1980 4791 2251 4844; x_wconf 73' lang='lat' dir='ltr'><strong>Victorinis</strong></span> <span class='ocrx_word' id='word_1_529' title='bbox 2304 4791 2414 4844; x_wconf 82' lang='lat' dir='ltr'><strong>RR.</strong></span> <span class='ocrx_word' id='word_1_530' title='bbox 2462 4791 2496 4844; x_wconf 79' lang='grc'><strong>5</strong></span> <span class='ocrx_word' id='word_1_531' title='bbox 2545 4803 2592 4846; x_wconf 85' lang='lat' dir='ltr'><strong>el</strong></span> <span class='ocrx_word' id='word_1_532' title='bbox 2657 4793 2777 4847; x_wconf 85' lang='lat' dir='ltr'><strong>KK.</strong></span> <span class='ocrx_word' id='word_1_533' title='bbox 2821 4795 2906 4849; x_wconf 76' lang='grc'><strong>16.</strong></span> <span class='ocrx_word' id='word_1_534' title='bbox 2956 4796 3254 4851; x_wconf 81' lang='lat' dir='ltr'><strong>Corbeiensi</strong></span> <span class='ocrx_word' id='word_1_535' title='bbox 3307 4797 3570 4857; x_wconf 69' lang='lat' dir='ltr'><strong>160.8an-</strong></span> 
     </span>
    </p>
   </div>
   <div class='ocr_carea' id='block_1_79' title="bbox 338 4859 3566 4927">
    <p class='ocr_par' dir='ltr' id='par_1_79' title="bbox 338 4859 3566 4927">
     <span class='ocr_line' id='line_1_79' title="bbox 338 4859 3566 4927; baseline 0.002 -8"><span class='ocrx_word' id='word_1_536' title='bbox 338 4864 673 4919; x_wconf 81' lang='lat' dir='ltr'><strong>Gcrmanensi</strong></span> <span class='ocrx_word' id='word_1_537' title='bbox 712 4862 836 4916; x_wconf 66' lang='grc'><strong>545.</strong></span> <span class='ocrx_word' id='word_1_538' title='bbox 890 4861 1246 4915; x_wconf 74' lang='lat' dir='ltr'><strong>Cartlmsiemi</strong></span> <span class='ocrx_word' id='word_1_539' title='bbox 1267 4918 1270 4919; x_wconf 24' lang='grc' dir='ltr'><em>ν</em></span> <span class='ocrx_word' id='word_1_540' title='bbox 1295 4878 1326 4913; x_wconf 89' lang='lat' dir='ltr'><strong><em>a</em></strong></span> <span class='ocrx_word' id='word_1_541' title='bbox 1376 4861 1556 4921; x_wconf 85' lang='lat' dir='ltr'><strong>Porta,</strong></span> <span class='ocrx_word' id='word_1_542' title='bbox 1585 4876 1687 4912; x_wconf 85' lang='lat' dir='ltr'><strong>uno</strong></span> <span class='ocrx_word' id='word_1_543' title='bbox 1716 4859 1770 4912; x_wconf 90' lang='lat' dir='ltr'><strong>S.</strong></span> <span class='ocrx_word' id='word_1_544' title='bbox 1825 4861 2042 4912; x_wconf 79' lang='lat' dir='ltr'><strong>Martini</strong></span> <span class='ocrx_word' id='word_1_545' title='bbox 2081 4860 2442 4925; x_wconf 82' lang='lat' dir='ltr'><strong>Tonmccnsis,</strong></span> <span class='ocrx_word' id='word_1_546' title='bbox 2465 4877 2567 4914; x_wconf 80' lang='lat' dir='ltr'><strong>uno</strong></span> <span class='ocrx_word' id='word_1_547' title='bbox 2599 4862 2763 4916; x_wconf 66' lang='lat' dir='ltr'><strong>Vallis</strong></span> <span class='ocrx_word' id='word_1_548' title='bbox 2794 4864 3051 4926; x_wconf 82' lang='lat' dir='ltr'><strong>Luccntis,</strong></span> <span class='ocrx_word' id='word_1_549' title='bbox 3081 4877 3125 4918; x_wconf 78' lang='lat' dir='ltr'><strong>et</strong></span> <span class='ocrx_word' id='word_1_550' title='bbox 3149 4882 3251 4920; x_wconf 87' lang='lat' dir='ltr'><strong>uno</strong></span> <span class='ocrx_word' id='word_1_551' title='bbox 3285 4867 3342 4921; x_wconf 87' lang='lat' dir='ltr'><strong>S.</strong></span> <span class='ocrx_word' id='word_1_552' title='bbox 3369 4869 3566 4927; x_wconf 75' lang='lat' dir='ltr'><strong>Bened.</strong></span> 
     </span>
    </p>
   </div>
   <div class='ocr_carea' id='block_1_80' title="bbox 340 4927 3563 4997">
    <p class='ocr_par' dir='ltr' id='par_1_80' title="bbox 340 4927 3563 4997">
     <span class='ocr_line' id='line_1_80' title="bbox 340 4927 3563 4997; baseline 0.002 -12"><span class='ocrx_word' id='word_1_553' title='bbox 340 4934 691 4987; x_wconf 82' lang='lat' dir='ltr'><strong>Floriacensis</strong></span> <span class='ocrx_word' id='word_1_554' title='bbox 715 4949 733 4986; x_wconf 94' lang='lat'><strong><em>:</em></strong></span> <span class='ocrx_word' id='word_1_555' title='bbox 768 4943 813 4985; x_wconf 87' lang='lat' dir='ltr'><strong>et</strong></span> <span class='ocrx_word' id='word_1_556' title='bbox 841 4947 955 4984; x_wconf 88' lang='lat' dir='ltr'><strong>cum</strong></span> <span class='ocrx_word' id='word_1_557' title='bbox 985 4930 1205 4983; x_wconf 80' lang='lat' dir='ltr'><strong>editione</strong></span> <span class='ocrx_word' id='word_1_558' title='bbox 1236 4929 1527 4982; x_wconf 88' lang='lat' dir='ltr'><strong>Sommalii.</strong></span> <span class='ocrx_word' id='word_1_559' title='bbox 1557 4929 1658 4981; x_wconf 82' lang='lat' dir='ltr'><strong>Ms.</strong></span> <span class='ocrx_word' id='word_1_560' title='bbox 1687 4929 1965 4985; x_wconf 72' lang='lat' dir='ltr'><strong>S..Bened.</strong></span> <span class='ocrx_word' id='word_1_561' title='bbox 1995 4927 2141 4983; x_wconf 85' lang='lat' dir='ltr'><strong>Flor.</strong></span> <span class='ocrx_word' id='word_1_562' title='bbox 2191 4929 2450 4997; x_wconf 85' lang='lat' dir='ltr'><strong>Incipiunt</strong></span> <span class='ocrx_word' id='word_1_563' title='bbox 2483 4928 2767 4986; x_wconf 86' lang='lat' dir='ltr'><strong>Orationes</strong></span> <span class='ocrx_word' id='word_1_564' title='bbox 2805 4934 2916 4986; x_wconf 90' lang='lat' dir='ltr'><strong>sive</strong></span> <span class='ocrx_word' id='word_1_565' title='bbox 2956 4931 3326 4990; x_wconf 82' lang='lat' dir='ltr'><strong>Meditationes</strong></span> <span class='ocrx_word' id='word_1_566' title='bbox 3354 4938 3563 4994; x_wconf 90' lang='lat' dir='ltr'><strong>Domini</strong></span> 
     </span>
    </p>
   </div>
   <div class='ocr_carea' id='block_1_81' title="bbox 336 4998 3564 5084">
    <p class='ocr_par' dir='ltr' id='par_1_81' title="bbox 336 4998 3564 5084">
     <span class='ocr_line' id='line_1_81' title="bbox 336 4998 3564 5084; baseline 0.002 -30"><span class='ocrx_word' id='word_1_567' title='bbox 336 5002 858 5084; x_wconf 41' lang='lat' dir='ltr'><strong>_Anse|mi_Can-tuar.</strong></span> <span class='ocrx_word' id='word_1_568' title='bbox 892 5000 1128 5084; x_wconf 65' lang='lat' dir='ltr'><strong>archiep.</strong></span> <span class='ocrx_word' id='word_1_569' title='bbox 1153 5015 1253 5050; x_wconf 83' lang='lat' dir='ltr'><strong>ms.</strong></span> <span class='ocrx_word' id='word_1_570' title='bbox 1284 4998 1564 5084; x_wconf 46' lang='lat' dir='ltr'><strong>T&#39;I&#39;i’u.‘2li7.</strong></span> <span class='ocrx_word' id='word_1_571' title='bbox 1825 4998 2087 5084; x_wconf 63' lang='lat' dir='ltr'><strong>rl“ro_logus</strong></span> <span class='ocrx_word' id='word_1_572' title='bbox 2223 4998 2456 5084; x_wconf 32' lang='lat' dir='ltr'><strong>duoselmi</strong></span> <span class='ocrx_word' id='word_1_573' title='bbox 2485 5001 2747 5084; x_wconf 55' lang='lat' dir='ltr'><strong>&#39;Cantuar.</strong></span> <span class='ocrx_word' id='word_1_574' title='bbox 2788 5003 3174 5084; x_wconf 72' lang='lat' dir='ltr'><strong>archiepiscopi</strong></span> <span class='ocrx_word' id='word_1_575' title='bbox 3212 5006 3266 5084; x_wconf 57' lang='lat' dir='ltr'><strong>in</strong></span> <span class='ocrx_word' id='word_1_576' title='bbox 3297 5005 3564 5084; x_wconf 74' lang='lat' dir='ltr'><strong>Orationi-</strong></span> 
     </span>
    </p>
   </div>
   <div class='ocr_carea' id='block_1_82' title="bbox 336 5065 3004 5140">
    <p class='ocr_par' dir='ltr' id='par_1_82' title="bbox 336 5065 3004 5140">
     <span class='ocr_line' id='line_1_82' title="bbox 336 5065 3004 5140; baseline -0 -15"><span class='ocrx_word' id='word_1_577' title='bbox 336 5071 441 5124; x_wconf 85' lang='lat' dir='ltr'><strong>bus</strong></span> <span class='ocrx_word' id='word_1_578' title='bbox 467 5087 557 5140; x_wconf 86' lang='lat' dir='ltr'><strong>seu</strong></span> <span class='ocrx_word' id='word_1_579' title='bbox 593 5070 1021 5140; x_wconf 28' lang='lat' dir='ltr'><strong>Meditationibﬂus</strong></span> <span class='ocrx_word' id='word_1_580' title='bbox 1047 5065 1157 5140; x_wconf 74' lang='lat' dir='ltr'><strong>suis</strong></span> <span class='ocrx_word' id='word_1_581' title='bbox 1187 5065 1579 5140; x_wconf 66' lang='lat' dir='ltr'><strong>ms.__Val.:luc.</strong></span> <span class='ocrx_word' id='word_1_582' title='bbox 1611 5065 1805 5140; x_wconf 52' lang='lat' dir='ltr'><strong>Incipit</strong></span> <span class='ocrx_word' id='word_1_583' title='bbox 1825 5065 2078 5140; x_wconf 56' lang='lat' dir='ltr'><strong>Prologus</strong></span> <span class='ocrx_word' id='word_1_584' title='bbox 2107 5068 2308 5140; x_wconf 80' lang='lat' dir='ltr'><strong>Domini</strong></span> <span class='ocrx_word' id='word_1_585' title='bbox 2337 5069 2571 5121; x_wconf 85' lang='lat' dir='ltr'><strong>Anselmi</strong></span> <span class='ocrx_word' id='word_1_586' title='bbox 2600 5065 3004 5140; x_wconf 83' lang='lat' dir='ltr'><strong>archiepiscopi.</strong></span> 
     </span>
    </p>
   </div>
   <div class='ocr_carea' id='block_1_83' title="bbox 3107 5074 3562 5139">
    <p class='ocr_par' dir='ltr' id='par_1_83' title="bbox 3107 5074 3562 5139">
     <span class='ocr_line' id='line_1_83' title="bbox 3107 5074 3562 5139; baseline 0.013 -14"><span class='ocrx_word' id='word_1_587' title='bbox 3107 5074 3176 5109; x_wconf 73' lang='grc'><strong>³⁸⁸</strong></span> <span class='ocrx_word' id='word_1_588' title='bbox 3206 5074 3463 5139; x_wconf 88' lang='lat' dir='ltr'><strong>Quoniam</strong></span> <span class='ocrx_word' id='word_1_589' title='bbox 3495 5092 3525 5130; x_wconf 84' lang='lat' dir='ltr'><strong>a</strong></span> <span class='ocrx_word' id='word_1_590' title='bbox 3549 5079 3562 5131; x_wconf 91' lang='lat' dir='ltr'><strong>l</strong></span> 
     </span>
    </p>
   </div>
   <div class='ocr_carea' id='block_1_84' title="bbox 337 5135 3555 5208">
    <p class='ocr_par' dir='ltr' id='par_1_84' title="bbox 337 5135 3555 5208">
     <span class='ocr_line' id='line_1_84' title="bbox 337 5135 3555 5208; baseline 0.002 -17"><span class='ocrx_word' id='word_1_591' title='bbox 337 5155 465 5193; x_wconf 87' lang='lat' dir='ltr'><strong>mss.</strong></span> <span class='ocrx_word' id='word_1_592' title='bbox 491 5139 648 5208; x_wconf 73' lang='lat' dir='ltr'><strong>Corb.</strong></span> <span class='ocrx_word' id='word_1_593' title='bbox 684 5139 815 5191; x_wconf 84' lang='lat' dir='ltr'><strong>l&#39;ict.</strong></span> <span class='ocrx_word' id='word_1_594' title='bbox 839 5139 943 5208; x_wconf 17' lang='lat'><strong>716.</strong></span> <span class='ocrx_word' id='word_1_595' title='bbox 985 5136 1212 5208; x_wconf 75' lang='lat' dir='ltr'><strong>Val-lue.</strong></span> <span class='ocrx_word' id='word_1_596' title='bbox 1262 5135 1406 5189; x_wconf 72' lang='lat' dir='ltr'><strong>Flor.</strong></span> <span class='ocrx_word' id='word_1_597' title='bbox 1439 5136 1567 5208; x_wconf 69' lang='lat' dir='ltr'><strong>Quae</strong></span> <span class='ocrx_word' id='word_1_598' title='bbox 1591 5136 1684 5208; x_wconf 17' lang='lat' dir='ltr'><strong>,ad‘</strong></span> <span class='ocrx_word' id='word_1_599' title='bbox 1708 5137 1805 5208; x_wconf 40' lang='lat'><strong>1‘&quot;</strong></span> <span class='ocrx_word' id='word_1_600' title='bbox 1831 5135 1950 5208; x_wconf 65' lang='lat' dir='ltr'><strong>_l_\’ec</strong></span> <span class='ocrx_word' id='word_1_601' title='bbox 1990 5135 2152 5208; x_wconf 75' lang='lat' dir='ltr'><strong>etiam</strong></span> <span class='ocrx_word' id='word_1_602' title='bbox 2175 5135 2610 5208; x_wconf 58' lang='lat' dir='ltr'><strong>__ve_lociter_,__sed</strong></span> <span class='ocrx_word' id='word_1_603' title='bbox 2647 5135 3077 5206; x_wconf 45' lang='lat' dir='ltr'><strong>paulatiinfcum</strong></span> <span class='ocrx_word' id='word_1_604' title='bbox 3105 5135 3384 5196; x_wconf 41' lang='lat' dir='ltr'><strong>msszec.</strong></span> <span class='ocrx_word' id='word_1_605' title='bbox 3423 5145 3555 5198; x_wconf 83' lang='lat' dir='ltr'><strong>Tim.</strong></span> 
     </span>
    </p>
   </div>
   <div class='ocr_carea' id='block_1_85' title="bbox 341 5203 3559 5271">
    <p class='ocr_par' dir='ltr' id='par_1_85' title="bbox 341 5203 3559 5271">
     <span class='ocr_line' id='line_1_85' title="bbox 341 5203 3559 5271; baseline 0.003 -13"><span class='ocrx_word' id='word_1_606' title='bbox 341 5223 440 5261; x_wconf 89' lang='lat' dir='ltr'><strong>nec</strong></span> <span class='ocrx_word' id='word_1_607' title='bbox 465 5205 658 5261; x_wconf 81' lang='lat' dir='ltr'><strong>cursim</strong></span> <span class='ocrx_word' id='word_1_608' title='bbox 690 5218 744 5262; x_wconf 90' lang='lat' dir='ltr'><strong>et</strong></span> <span class='ocrx_word' id='word_1_609' title='bbox 770 5207 1040 5268; x_wconf 85' lang='lat' dir='ltr'><strong>velociter,</strong></span> <span class='ocrx_word' id='word_1_610' title='bbox 1064 5205 1155 5258; x_wconf 88' lang='lat' dir='ltr'><strong>sed</strong></span> <span class='ocrx_word' id='word_1_611' title='bbox 1183 5220 1304 5259; x_wconf 90' lang='lat' dir='ltr'><strong>cum</strong></span> <span class='ocrx_word' id='word_1_612' title='bbox 1329 5222 1448 5258; x_wconf 86' lang='lat' dir='ltr'><strong>mss.</strong></span> <span class='ocrx_word' id='word_1_613' title='bbox 1477 5203 1632 5257; x_wconf 88' lang='lat' dir='ltr'><strong>Corb.</strong></span> <span class='ocrx_word' id='word_1_614' title='bbox 1667 5205 1795 5258; x_wconf 72' lang='lat'><strong>160.</strong></span> <span class='ocrx_word' id='word_1_615' title='bbox 1830 5204 1958 5258; x_wconf 82' lang='lat' dir='ltr'><strong>l’ict.</strong></span> <span class='ocrx_word' id='word_1_616' title='bbox 1991 5205 2054 5258; x_wconf 76' lang='grc'><strong>16</strong></span> <span class='ocrx_word' id='word_1_617' title='bbox 2085 5217 2133 5257; x_wconf 89' lang='lat' dir='ltr'><strong>et</strong></span> <span class='ocrx_word' id='word_1_618' title='bbox 2175 5205 2400 5257; x_wconf 84' lang='lat' dir='ltr'><strong>Val-lue.</strong></span> <span class='ocrx_word' id='word_1_619' title='bbox 2438 5205 2587 5259; x_wconf 79' lang='lat' dir='ltr'><strong>Flor.</strong></span> <span class='ocrx_word' id='word_1_620' title='bbox 2623 5203 2722 5261; x_wconf 80' lang='lat' dir='ltr'><strong>nec</strong></span> <span class='ocrx_word' id='word_1_621' title='bbox 2763 5210 3037 5271; x_wconf 80' lang='lat' dir='ltr'><strong>velociter,</strong></span> <span class='ocrx_word' id='word_1_622' title='bbox 3064 5213 3156 5264; x_wconf 92' lang='lat' dir='ltr'><strong>sed</strong></span> <span class='ocrx_word' id='word_1_623' title='bbox 3194 5228 3314 5266; x_wconf 91' lang='lat' dir='ltr'><strong>cum</strong></span> <span class='ocrx_word' id='word_1_624' title='bbox 3394 5214 3461 5244; x_wconf 73' lang='grc'><strong>³⁰⁸</strong></span> <span class='ocrx_word' id='word_1_625' title='bbox 3486 5215 3559 5268; x_wconf 86' lang='lat' dir='ltr'><strong>Illi</strong></span> 
     </span>
    </p>
   </div>
   <div class='ocr_carea' id='block_1_86' title="bbox 377 5274 3555 5396">
    <p class='ocr_par' dir='ltr' id='par_1_86' title="bbox 377 5274 3555 5396">
     <span class='ocr_line' id='line_1_86' title="bbox 377 5274 3555 5396; baseline 0.002 -68"><span class='ocrx_word' id='word_1_626' title='bbox 377 5275 514 5331; x_wconf 86' lang='lat' dir='ltr'><strong>Iacet</strong></span> <span class='ocrx_word' id='word_1_627' title='bbox 541 5293 664 5329; x_wconf 79' lang='lat' dir='ltr'><strong>mss.</strong></span> <span class='ocrx_word' id='word_1_628' title='bbox 695 5276 1054 5396; x_wconf 49' lang='lat' dir='ltr'><strong>illiglacuerit</strong></span> <span class='ocrx_word' id='word_1_629' title='bbox 1092 5275 1159 5305; x_wconf 70' lang='lat'><strong>“9</strong></span> <span class='ocrx_word' id='word_1_630' title='bbox 1184 5274 1439 5342; x_wconf 81' lang='lat' dir='ltr'><strong>Parapliis</strong></span> <span class='ocrx_word' id='word_1_631' title='bbox 1467 5285 1590 5328; x_wconf 86' lang='lat' dir='ltr'><strong>sunt</strong></span> <span class='ocrx_word' id='word_1_632' title='bbox 1617 5275 1900 5336; x_wconf 71' lang='lat' dir='ltr'><strong>distinctze,</strong></span> <span class='ocrx_word' id='word_1_633' title='bbox 1928 5285 1984 5327; x_wconf 86' lang='grc' dir='ltr'><strong>ιιι</strong></span> <span class='ocrx_word' id='word_1_634' title='bbox 2009 5291 2132 5327; x_wconf 85' lang='lat' dir='ltr'><strong>mss.</strong></span> <span class='ocrx_word' id='word_1_635' title='bbox 2165 5277 2511 5396; x_wconf 48' lang='lat' dir='ltr'><strong>paragrapliis</strong></span> <span class='ocrx_word' id='word_1_636' title='bbox 2539 5285 2660 5328; x_wconf 90' lang='lat' dir='ltr'><strong>sunt</strong></span> <span class='ocrx_word' id='word_1_637' title='bbox 2689 5278 2952 5331; x_wconf 67' lang='lat' dir='ltr'><strong>distinctae</strong></span> <span class='ocrx_word' id='word_1_638' title='bbox 2977 5295 3070 5346; x_wconf 87' lang='lat' dir='ltr'><strong>per</strong></span> <span class='ocrx_word' id='word_1_639' title='bbox 3099 5291 3276 5347; x_wconf 84' lang='lat' dir='ltr'><strong>partes</strong></span> <span class='ocrx_word' id='word_1_640' title='bbox 3333 5282 3398 5313; x_wconf 81' lang='grc'><strong>³¹⁰</strong></span> <span class='ocrx_word' id='word_1_641' title='bbox 3426 5282 3555 5334; x_wconf 76' lang='lat' dir='ltr'><strong>Mss.</strong></span> 
     </span>
     <span class='ocr_line' id='line_1_87' title="bbox 377 5341 3555 5396; baseline 0 0"><span class='ocrx_word' id='word_1_642' title='bbox 377 5344 479 5396; x_wconf 74' lang='grc' dir='ltr'><strong>νηί.</strong></span> <span class='ocrx_word' id='word_1_643' title='bbox 514 5344 740 5396; x_wconf 77' lang='lat' dir='ltr'><strong>Val-lue.</strong></span> <span class='ocrx_word' id='word_1_644' title='bbox 818 5345 998 5396; x_wconf 80' lang='lat' dir='ltr'><strong>xulicit</strong></span> <span class='ocrx_word' id='word_1_645' title='bbox 1037 5343 1308 5396; x_wconf 67' lang='lat' dir='ltr'><strong>Proloebs.</strong></span> <span class='ocrx_word' id='word_1_646' title='bbox 1360 5361 1481 5396; x_wconf 87' lang='lat' dir='ltr'><strong>mss.</strong></span> <span class='ocrx_word' id='word_1_647' title='bbox 1544 5341 1671 5395; x_wconf 85' lang='lat' dir='ltr'><strong>Vict.</strong></span> <span class='ocrx_word' id='word_1_648' title='bbox 1709 5343 1825 5396; x_wconf 78' lang='lat' dir='ltr'><strong>RR.</strong></span> <span class='ocrx_word' id='word_1_649' title='bbox 1877 5343 2246 5396; x_wconf 83' lang='lat' dir='ltr'><strong>Meditatioues</strong></span> <span class='ocrx_word' id='word_1_650' title='bbox 2331 5344 2515 5396; x_wconf 88' lang='lat' dir='ltr'><strong>nselmi</strong></span> <span class='ocrx_word' id='word_1_651' title='bbox 2562 5343 2968 5396; x_wconf 86' lang='lat' dir='ltr'><strong>Cautiiariensis</strong></span> <span class='ocrx_word' id='word_1_652' title='bbox 3004 5350 3409 5396; x_wconf 71' lang='lat' dir='ltr'><strong>archicnismni-</strong></span> <span class='ocrx_word' id='word_1_653' title='bbox 3460 5368 3555 5396; x_wconf 72' lang='lat' dir='ltr'><strong>ms-</strong></span> 
     </span>
    </p>
   </div>
   <div class='ocr_carea' id='block_1_87' title="bbox 385 5344 740 5399">
    <p class='ocr_par' dir='ltr' id='par_1_87' title="bbox 385 5344 740 5399">
     <span class='ocr_line' id='line_1_88' title="bbox 385 5344 740 5399; baseline 0.006 -2"><span class='ocrx_word' id='word_1_654' title='bbox 385 5346 479 5399; x_wconf 83' lang='lat' dir='ltr'><strong>Im.</strong></span> <span class='ocrx_word' id='word_1_655' title='bbox 514 5344 740 5399; x_wconf 77' lang='lat' dir='ltr'><strong>Val-lue.</strong></span> 
     </span>
    </p>
   </div>
   <div class='ocr_carea' id='block_1_88' title="bbox 818 5341 2246 5413">
    <p class='ocr_par' dir='ltr' id='par_1_88' title="bbox 818 5341 2246 5413">
     <span class='ocr_line' id='line_1_89' title="bbox 818 5341 2246 5413; baseline -0.001 -15"><span class='ocrx_word' id='word_1_656' title='bbox 818 5345 998 5412; x_wconf 78' lang='lat' dir='ltr'><strong>xplicit</strong></span> <span class='ocrx_word' id='word_1_657' title='bbox 1037 5341 1333 5413; x_wconf 10' lang='lat' dir='ltr'><strong>Pirologiis.’</strong></span> <span class='ocrx_word' id='word_1_658' title='bbox 1360 5361 1481 5397; x_wconf 87' lang='lat' dir='ltr'><strong>mss.</strong></span> <span class='ocrx_word' id='word_1_659' title='bbox 1544 5341 1671 5413; x_wconf 70' lang='lat' dir='ltr'><strong>Vict.</strong></span> <span class='ocrx_word' id='word_1_660' title='bbox 1709 5343 1825 5396; x_wconf 78' lang='lat' dir='ltr'><strong>RR.</strong></span> <span class='ocrx_word' id='word_1_661' title='bbox 1877 5341 2246 5399; x_wconf 83' lang='lat' dir='ltr'><strong>Meditatioues</strong></span> 
     </span>
    </p>
   </div>
   <div class='ocr_carea' id='block_1_89' title="bbox 2331 5343 3558 5419">
    <p class='ocr_par' dir='ltr' id='par_1_89' title="bbox 2331 5343 3558 5419">
     <span class='ocr_line' id='line_1_90' title="bbox 2331 5343 3558 5419; baseline 0.008 -23"><span class='ocrx_word' id='word_1_662' title='bbox 2331 5344 2515 5419; x_wconf 73' lang='lat' dir='ltr'><strong>uselmi</strong></span> <span class='ocrx_word' id='word_1_663' title='bbox 2562 5343 3409 5419; x_wconf 49' lang='lat' dir='ltr'><strong>Cautuariensis&#39;archiepiscopi.</strong></span> <span class='ocrx_word' id='word_1_664' title='bbox 3460 5368 3558 5406; x_wconf 81' lang='lat' dir='ltr'><strong>ms.</strong></span> 
     </span>
    </p>
   </div>
   <div class='ocr_carea' id='block_1_90' title="bbox 349 5410 3555 5485">
    <p class='ocr_par' dir='ltr' id='par_1_90' title="bbox 349 5410 3555 5485">
     <span class='ocr_line' id='line_1_91' title="bbox 349 5410 3555 5485; baseline 0.002 -20"><span class='ocrx_word' id='word_1_665' title='bbox 349 5410 633 5485; x_wconf 34' lang='grc' dir='ltr'><strong>ΥέςιχΚΚ.</strong></span> <span class='ocrx_word' id='word_1_666' title='bbox 658 5414 742 5467; x_wconf 81' lang='grc'><strong>16.</strong></span> <span class='ocrx_word' id='word_1_667' title='bbox 772 5410 1032 5485; x_wconf 79' lang='lat' dir='ltr'><strong>Incipiunt</strong></span> <span class='ocrx_word' id='word_1_668' title='bbox 1055 5410 1336 5485; x_wconf 70' lang='lat' dir='ltr'><strong>Orationes</strong></span> <span class='ocrx_word' id='word_1_669' title='bbox 1361 5412 1876 5485; x_wconf 6' lang='lat' dir='ltr'><strong>sivejhleditationcs‘</strong></span> <span class='ocrx_word' id='word_1_670' title='bbox 1909 5414 2111 5485; x_wconf 81' lang='lat' dir='ltr'><strong>Domini</strong></span> <span class='ocrx_word' id='word_1_671' title='bbox 2143 5413 2374 5485; x_wconf 65' lang='lat' dir='ltr'><strong>Atiselmi</strong></span> <span class='ocrx_word' id='word_1_672' title='bbox 2399 5413 2803 5485; x_wconf 64' lang='lat' dir='ltr'><strong>Cantuariensis</strong></span> <span class='ocrx_word' id='word_1_673' title='bbox 2830 5410 3235 5485; x_wconf 73' lang='lat' dir='ltr'><strong>archiepiscopi.</strong></span> <span class='ocrx_word' id='word_1_674' title='bbox 3276 5410 3373 5470; x_wconf 64' lang='lat' dir='ltr'><strong>mi.</strong></span> <span class='ocrx_word' id='word_1_675' title='bbox 3402 5419 3555 5472; x_wconf 66' lang='grc' dir='ltr'><strong>συν-θ.</strong></span> 
     </span>
    </p>
   </div>
   <div class='ocr_carea' id='block_1_91' title="bbox 341 5479 3556 5553">
    <p class='ocr_par' dir='ltr' id='par_1_91' title="bbox 341 5479 3556 5553">
     <span class='ocr_line' id='line_1_92' title="bbox 341 5479 3556 5553; baseline 0.002 -20"><span class='ocrx_word' id='word_1_676' title='bbox 341 5479 462 5553; x_wconf 65' lang='lat'><strong>£60.</strong></span> <span class='ocrx_word' id='word_1_677' title='bbox 489 5483 750 5553; x_wconf 86' lang='lat' dir='ltr'><strong>Incipiunt</strong></span> <span class='ocrx_word' id='word_1_678' title='bbox 789 5479 1072 5538; x_wconf 78' lang='lat' dir='ltr'><strong>Orationes</strong></span> <span class='ocrx_word' id='word_1_679' title='bbox 1107 5483 1219 5535; x_wconf 82' lang='lat' dir='ltr'><strong>sive</strong></span> <span class='ocrx_word' id='word_1_680' title='bbox 1268 5481 1634 5553; x_wconf 68' lang='lat' dir='ltr'><strong>meditationes</strong></span> <span class='ocrx_word' id='word_1_681' title='bbox 1668 5482 1874 5553; x_wconf 83' lang='lat' dir='ltr'><strong>Domini</strong></span> <span class='ocrx_word' id='word_1_682' title='bbox 1918 5481 2154 5536; x_wconf 86' lang='lat' dir='ltr'><strong>Auselmi</strong></span> <span class='ocrx_word' id='word_1_683' title='bbox 2194 5482 2594 5553; x_wconf 74' lang='lat' dir='ltr'><strong>Cantuarieusis</strong></span> <span class='ocrx_word' id='word_1_684' title='bbox 2623 5479 3050 5553; x_wconf 57' lang='lat' dir='ltr'><strong>archiepisconi&#39;:</strong></span> <span class='ocrx_word' id='word_1_685' title='bbox 3081 5479 3234 5539; x_wconf 78' lang='lat' dir='ltr'><strong>utiles</strong></span> <span class='ocrx_word' id='word_1_686' title='bbox 3287 5487 3439 5540; x_wconf 87' lang='lat' dir='ltr'><strong>valde</strong></span> <span class='ocrx_word' id='word_1_687' title='bbox 3489 5487 3556 5540; x_wconf 87' lang='lat' dir='ltr'><strong>ad</strong></span> 
     </span>
    </p>
   </div>
   <div class='ocr_carea' id='block_1_92' title="bbox 339 5550 3554 5622">
    <p class='ocr_par' dir='ltr' id='par_1_92' title="bbox 339 5550 3554 5622">
     <span class='ocr_line' id='line_1_93' title="bbox 339 5550 3554 5622; baseline 0.001 -20"><span class='ocrx_word' id='word_1_688' title='bbox 339 5550 672 5622; x_wconf 75' lang='lat' dir='ltr'><strong>excitandam</strong></span> <span class='ocrx_word' id='word_1_689' title='bbox 713 5552 933 5622; x_wconf 83' lang='lat' dir='ltr'><strong>legentis</strong></span> <span class='ocrx_word' id='word_1_690' title='bbox 961 5560 1190 5622; x_wconf 73' lang='lat' dir='ltr'><strong>mentem</strong></span> <span class='ocrx_word' id='word_1_691' title='bbox 1223 5553 1286 5602; x_wconf 88' lang='lat' dir='ltr'><strong>ad</strong></span> <span class='ocrx_word' id='word_1_692' title='bbox 1329 5551 1418 5622; x_wconf 80' lang='lat' dir='ltr'><strong>Dei</strong></span> <span class='ocrx_word' id='word_1_693' title='bbox 1448 5566 1679 5604; x_wconf 88' lang='lat' dir='ltr'><strong>amorem</strong></span> <span class='ocrx_word' id='word_1_694' title='bbox 1708 5552 1784 5622; x_wconf 80' lang='lat' dir='ltr'><strong>vel</strong></span> <span class='ocrx_word' id='word_1_695' title='bbox 1818 5551 2061 5622; x_wconf 78' lang='lat' dir='ltr'><strong>timorem</strong></span> <span class='ocrx_word' id='word_1_696' title='bbox 2094 5569 2187 5622; x_wconf 79' lang='lat' dir='ltr'><strong>ms.</strong></span> <span class='ocrx_word' id='word_1_697' title='bbox 2230 5551 2453 5603; x_wconf 72' lang='lat' dir='ltr'><strong>Val—lue.</strong></span> <span class='ocrx_word' id='word_1_698' title='bbox 2489 5551 2750 5620; x_wconf 84' lang='lat' dir='ltr'><strong>Incipiunt</strong></span> <span class='ocrx_word' id='word_1_699' title='bbox 2784 5550 3064 5608; x_wconf 37' lang='lat' dir='ltr'><strong>Oratio—nes</strong></span> <span class='ocrx_word' id='word_1_700' title='bbox 3105 5555 3215 5607; x_wconf 78' lang='lat' dir='ltr'><strong>sive</strong></span> <span class='ocrx_word' id='word_1_701' title='bbox 3255 5555 3554 5607; x_wconf 76' lang='lat' dir='ltr'><strong>Meditalio-</strong></span> 
     </span>
    </p>
   </div>
   <div class='ocr_carea' id='block_1_93' title="bbox 340 5619 3555 5692">
    <p class='ocr_par' dir='ltr' id='par_1_93' title="bbox 340 5619 3555 5692">
     <span class='ocr_line' id='line_1_94' title="bbox 340 5619 3555 5692; baseline 0.003 -24"><span class='ocrx_word' id='word_1_702' title='bbox 340 5632 436 5670; x_wconf 84' lang='lat' dir='ltr'><strong>nes</strong></span> <span class='ocrx_word' id='word_1_703' title='bbox 460 5620 701 5692; x_wconf 75' lang='lat' dir='ltr'><strong>editzeab</strong></span> <span class='ocrx_word' id='word_1_704' title='bbox 733 5619 984 5692; x_wconf 63' lang='lat' dir='ltr'><strong>Knselnio</strong></span> <span class='ocrx_word' id='word_1_705' title='bbox 1008 5620 1264 5692; x_wconf 87' lang='lat' dir='ltr'><strong>Cantuar.</strong></span> <span class='ocrx_word' id='word_1_706' title='bbox 1290 5620 1687 5687; x_wconf 80' lang='lat' dir='ltr'><strong>archiepiscopo</strong></span> <span class='ocrx_word' id='word_1_707' title='bbox 1765 5621 1828 5650; x_wconf 85' lang='grc'><strong>³¹¹</strong></span> <span class='ocrx_word' id='word_1_708' title='bbox 1855 5619 2082 5673; x_wconf 79' lang='lat' dir='ltr'><strong>Primam</strong></span> <span class='ocrx_word' id='word_1_709' title='bbox 2115 5620 2523 5685; x_wconf 82' lang='lat' dir='ltr'><strong>Meditationem,</strong></span> <span class='ocrx_word' id='word_1_710' title='bbox 2547 5619 2662 5688; x_wconf 68' lang='lat' dir='ltr'><strong>qua:</strong></span> <span class='ocrx_word' id='word_1_711' title='bbox 2694 5623 2890 5691; x_wconf 86' lang='lat' dir='ltr'><strong>incipit,</strong></span> <span class='ocrx_word' id='word_1_712' title='bbox 2939 5623 3158 5692; x_wconf 81' lang='lat' dir='ltr'><strong>Evigila,</strong></span> <span class='ocrx_word' id='word_1_713' title='bbox 3192 5625 3379 5676; x_wconf 81' lang='lat' dir='ltr'><strong>Anima</strong></span> <span class='ocrx_word' id='word_1_714' title='bbox 3415 5636 3555 5688; x_wconf 67' lang='lat' dir='ltr'><strong>mea,</strong></span> 
     </span>
    </p>
   </div>
   <div class='ocr_carea' id='block_1_94' title="bbox 339 5687 1424 5758">
    <p class='ocr_par' dir='ltr' id='par_1_94' title="bbox 339 5687 1424 5758">
     <span class='ocr_line' id='line_1_95' title="bbox 339 5687 1424 5758; baseline 0.003 -21"><span class='ocrx_word' id='word_1_715' title='bbox 339 5695 437 5738; x_wconf 72' lang='lat' dir='ltr'><strong>etc.</strong></span> <span class='ocrx_word' id='word_1_716' title='bbox 469 5687 519 5741; x_wconf 87' lang='lat' dir='ltr'><strong>in</strong></span> <span class='ocrx_word' id='word_1_717' title='bbox 546 5690 720 5752; x_wconf 82' lang='lat' dir='ltr'><strong>nullis,</strong></span> <span class='ocrx_word' id='word_1_718' title='bbox 753 5707 868 5758; x_wconf 68' lang='lat' dir='ltr'><strong>quur</strong></span> <span class='ocrx_word' id='word_1_719' title='bbox 897 5690 1070 5751; x_wconf 86' lang='lat' dir='ltr'><strong>Imbui,</strong></span> <span class='ocrx_word' id='word_1_720' title='bbox 1102 5705 1222 5741; x_wconf 82' lang='lat' dir='ltr'><strong>mss.</strong></span> <span class='ocrx_word' id='word_1_721' title='bbox 1264 5692 1424 5755; x_wconf 64' lang='lat' dir='ltr'><strong>rr,~cri</strong></span> 
     </span>
    </p>
   </div>
  </div>
