4190 6222
589 260 676 308 m

912 248 973 305 ς.
1013 247 1307 305 ΑΝεειιιι
1346 248 1692 306 CANTUAR.
1739 238 2054 305 ARCHIEP.
2104 246 2255 303 OPP.
2308 247 2501 298 PAltS.
2531 247 2572 297 Ιι
2618 272 2663 283 -
2691 244 3054 298 PAlliENET.
3099 246 3184 299 ET
3219 247 3461 305 ASCET.

3724 254 3825 308 7l2

572 354 820 429 uenator,
843 362 1223 429 conformetur,
1263 373 1323 417 ut
1363 363 1678 432 infatigab'li
1713 363 1904 418 all‘ectn
1936 377 2144 419 memor
2174 378 2219 435 Δ
2248 373 2368 412 cum
2421 357 2673 411 omnibus
2704 372 2823 431 qua:
2872 357 2926 411 in
2974 359 3052 413 eis
3081 368 3206 414 sunt
3233 375 3291 416 se
3320 362 3608 429 inclinant,
3640 379 3698 418 se
3728 366 3821 421 tibi

572 453 652 510 eis
687 454 804 519 Dei,
841 453 1105 523 intelligas
1140 448 1327 516 Deum,
1366 469 1516 507 atnes
1548 454 1744 519 Dcum’,
1778 464 1829 508 et
1863 463 1965 507 tuae
1990 444 2145 510 crea-

576 544 737 601 tionis
782 543 1111 612 dignitatem,
1142 558 1247 611 qua
1294 545 1361 596 nd
1392 544 1678 619 imaginem
1714 545 1802 598 Dei
1847 554 2024 599 creat-1
2061 559 2142 607 es;

576 632 1182 705 salubriter‘exprimas.
1211 633 1350 700 Quid
1378 635 1500 689 dico
1543 638 1609 688 ad
1654 638 1935 707 imaginem
1969 637 2060 691 Dei
2095 649 2147 692 te

574 737 693 778 esse
720 732 980 785 creatam,
1026 739 1169 785 eum,
1201 732 1337 777 teste
1378 725 1651 792 Apostolo,
1685 728 1794 794 ipza
1830 727 1919 781 Dei
1971 728 2145 796 imago

569 815 678 873 sis?
728 812 838 876 Vir,
886 815 1057 884 inquit
1100 814 1405 883 Apostolus,
1457 833 1559 868 non
1599 818 1747 869 debet
1785 817 1952 871 velare
1990 829 2143 887 ra;.ttt

568 920 743 967 stium,
772 920 887 957 cum
917 905 985 957 sit
1013 907 1182 974 imago
1203 914 1250 959 et
1281 904 1447 974 gloria
1472 906 1569 959 Dei
1596 906 1645 976 (I
1670 907 1789 961 Cor.
1820 925 1894 969 ιιι,
1924 910 1998 977 7).

639 993 702 1048 ll.
730 993 881 1059 Quod
902 994 973 1046 ad
998 995 1096 1047 hoc
1123 997 1249 1063 [neti
1274 996 1546 1059 strumam!
1572 996 1737 1048 Deum
1772 1000 1883 1051 sine
1898 998 2002 1065 ﬁne
2030 999 2145 1051 lau-

566 1087 844 1140 demus.-—
857 1083 1139 1139 Sulliciunt
1169 1099 1236 1138 ne
1263 1085 1356 1139 tibi
1385 1084 1499 1139 haec
1530 1094 1636 1138 tam
1660 1086 1921 1139 immensa
1946 1086 2144 1141 beneﬁ-

568 1173 651 1227 cia
666 1173 975 1227 Conditoris
997 1174 1063 1225 ad
1079 1173 1236 1241 juges
1258 1174 1555 1240 gratiarum
1571 1173 1809 1228 actiones
1826 1176 2141 1237 reddendas,

472 1252 475 1255 ’
567 1273 623 1316 et
638 1262 870 1317 debitum
886 1262 1121 1316 continui
1142 1263 1360 1327 altioris,
1381 1278 1500 1315 cum
1519 1263 1586 1316 de
1606 1263 1774 1317 nihilo
1789 1264 1868 1317 vel
1885 1267 2061 1332 potius
2078 1265 2145 1319 de

566 1353 679 1407 luto
708 1364 757 1407 te
782 1352 1095 1407 consideras
1132 1352 1252 1420 ejus
1280 1352 1524 1405 bonitate
1551 1354 1616 1406 ad
1642 1362 1843 1407 tantam
1874 1354 2145 1409 celsitudi-

516 1466 519 1467 ν
567 1458 687 1497 nem
721 1444 772 1497 in
808 1445 921 1512 ipso
952 1443 1279 1496 conditionis
1319 1444 1541 1496 exordio
1584 1443 1967 1497 sublimatum?
2003 1445 2142 1499 San-

565 1544 773 1587 ctorum
804 1534 968 1603 igitur
993 1534 1317 1587 sententiam
1343 1534 1395 1586 in
1431 1543 1573 1587 tuam
1600 1545 1855 1588 converte
1878 1534 2063 1596 vitam,
2090 1545 2144 1590 et

566 1623 635 1677 de
664 1634 850 1680 saneto
878 1624 1005 1690 quid
1029 1623 1239 1675 dicatur
1268 1623 1506 1674 attende.
1542 1623 1669 1687 Quae
1709 1636 1792 1677 cst
1830 1625 1995 1695 igitur
2024 1626 2140 1680 laus

2245 448 2610 502 habitaculum
2642 449 2901 517 praebuit,
2949 465 3103 503 suam
3149 450 3243 504 tibi
3293 453 3634 520 praesentiam
3668 470 3821 524 para-

2248 543 2354 589 tam
2391 536 2519 590 fecit
2550 537 2811 592 :doeente
2839 538 2980 591 enim
3005 540 3247 606 apostolo
3282 540 3470 605 Paulo,
3500 543 3555 594 in
3574 541 3677 609 illo
3700 544 3822 596 vivi-

2244 643 2381 689 mus,
2410 643 2675 680 movemur
2695 635 2744 680 et
2776 644 2954 680 nimus
2984 628 3134 697 (Art.
3162 644 3293 695 xm,
3325 630 3441 700 ‘28).
3472 630 3656 685 Dulcis
3686 632 3816 690 vita.

2246 727 2424 771 motus
2448 718 2712 783 amabilis,
2754 718 2987 786 optabile
3041 734 3179 773 esse.
3236 720 3374 787 Quid
3415 723 3560 775 enim
3614 719 3819 776 dulcius

2244 822 2406 876 «liram
2440 808 2490 861 in
2517 808 2606 862 illo
2635 811 2799 863 vitam
2844 810 3065 873 habere,
3089 810 3182 880 qni
3222 822 3305 866 est
3332 812 3443 881 ipsa
3485 813 3592 866 vita
3623 813 3819 868 beata?

2246 899 2383 965 Quid
2422 900 2704 962 amabilius
2729 915 2891 968 quam
2916 916 3130 954 omnem
3162 902 3453 957 voluntatis
3478 905 3559 960 vel
3592 906 3820 961 actionis

2248 997 2451 1042 nostra!
2480 998 2680 1043 motum
2713 991 2781 1043 ad
2810 989 2958 1043 illum
2985 1000 3038 1044 et
3064 990 3115 1044 in
3156 991 3244 1047 illo
3281 992 3518 1063 dirigere
3544 1034 3558 1057 ,
3598 995 3687 1062 qui
3720 1011 3818 1051 nos

2246 1088 2502 1149 perpetua
2532 1080 2816 1135 conﬁrmet
2837 1080 3166 1156 stabilitate?
3195 1082 3331 1149 Quid
3353 1086 3817 1155 OptabiliuSqnam

2248 1182 2378 1224 voto
2415 1181 2469 1224 et
2522 1172 2936 1226 conversatione
2970 1173 3173 1241 jngiter
3225 1173 3276 1225 in
3322 1173 3412 1226 illo
3446 1190 3582 1235 esse,
3623 1177 3675 1229 in
3714 1190 3819 1244 quo

2246 1258 2380 1325 solo,
2408 1257 2491 1312 vel
2520 1261 2695 1328 potius
2730 1261 2819 1328 qui
2850 1259 2997 1315 solus
3043 1271 3125 1315 est
3172 1275 3355 1313 verum
3387 1276 3525 1328 esse,
3554 1263 3672 1317 sine
3712 1278 3820 1332 quo

2247 1348 2373 1401 nulli
2406 1357 2580 1415 potest
2614 1350 2748 1401 bene
2771 1349 2931 1403 esse?
2960 1348 3094 1417 Ego,
3115 1351 3340 1414 ait,sum
3362 1350 3449 1419 qui
3471 1366 3586 1403 sum
3614 1349 3814 1433 (Εςίοιι.

2194 1455 2205 1461 -
2243 1452 2332 1500 ιιι,
2363 1436 2473 1505 Η).
2511 1436 2572 1489 Ει
2605 1436 2846 1506 pulchre.
2888 1437 3005 1505 ipse
3046 1440 3187 1501 enim
3216 1455 3340 1493 vere
3369 1439 3513 1493 solus
3535 1448 3634 1502 est,
3662 1434 3816 1508 cujus

2246 1525 2581 1579 immutabile
2636 1534 2896 1579 estesse.
2937 1525 3027 1579 Ille
3076 1527 3289 1597 itaque.
3329 1525 3482 1594 cujus
3526 1542 3647 1582 esse
3707 1537 3816 1583 tam

2245 1614 2534 1679 excellens,
2564 1623 2672 1667 tam
2722 1614 3071 1683 singulariter
3101 1628 3211 1683 est,
3246 1628 3304 1671 ut
3350 1618 3521 1673 solum
3565 1633 3687 1673 vere
3708 1604 3815 1683 sit;

563 1713 774 1768 sancti?
802 1713 879 1765 De
903 1712 1045 1766 omni
1090 1713 1246 1764 corde
1274 1728 1368 1763 suo
1398 1711 1629 1764 laudavit
1661 1714 1960 1767 Dominum.
2005 1718 2141 1771 Ecce
2174 1704 2215 1762 Β
2244 1705 2297 1759 in
2325 1704 2478 1772 cujus
2504 1706 2907 1775 comparatione
2955 1722 3113 1762 omne
3143 1724 3264 1764 esse
3294 1710 3428 1764 nihil
3458 1719 3571 1775 est,
3600 1724 3722 1765 cum
3766 1718 3821 1765 te

563 1805 630 1859 ad
652 1805 791 1874 quod
817 1815 999 1857 creata
1030 1820 1119 1869 es;
1157 1818 1283 1857 ecce
1312 1817 1446 1872 opus
1473 1803 1764 1858 famulatus
1795 1808 1887 1858 tui.
1916 1807 1982 1861 Ut
2011 1808 2139 1876 quid

502 1894 507 1899 ’
560 1895 703 1950 enim
752 1906 803 1950 te
843 1897 980 1948 Deus
1022 1904 1127 1948 tam
1178 1895 1439 1963 praeclaro
1489 1895 1814 1957 conditionis
1861 1897 2142 1965 privilegio

560 1972 895 2050 sublimaret,
917 1987 1100 2043 nisite
1131 1986 1242 2039 suis
1289 1986 1535 2040 laudibus
1565 1987 1933 2041 indesinenter
1963 1990 2138 2043 inten—

560 2072 687 2128 dere
717 2072 909 2128 vellet?
934 2073 1014 2127 Ad
1046 2073 1371 2128 laudandum
1408 2076 1571 2145 igitur
1609 2076 1953 2133 Conditorem
1990 2088 2137 2133 tuum

562 2171 748 2217 creata
777 2178 860 2227 es,
890 2172 949 2216 ut
999 2161 1115 2230 ejus
1165 2162 1413 2218 laudibus
1446 2181 1661 2234 vacans,
1693 2178 1746 2223 et
1785 2169 1873 2223 hie
1915 2157 2141 2240 justitia:

558 2253 758 2307 merito
788 2253 839 2306 iu
872 2253 1022 2308 illum
1053 2269 1269 2325 semper
1296 2255 1567 2324 proﬁcias,
1596 2268 1653 2311 et
1700 2258 1753 2312 in
1787 2259 1972 2314 futuro
2004 2246 2140 2317 bene

560 2344 733 2399 vivas.
759 2344 900 2399 Laus
925 2346 1068 2401 enim
1099 2345 1301 2416 ejus.et
1330 2348 1417 2402 hic
1440 2349 1741 2419 justitiam,
1786 2359 1838 2404 et
1868 2352 1936 2405 ibi
1967 2352 2139 2406 beati-

560 2433 799 2488 tudinem
829 2435 1033 2489 tribuit.
1065 2435 1170 2490 Sed
1196 2436 1238 2491 si
1282 2436 1490 2500 laudas,
1522 2453 1589 2492 ex
1615 2448 1727 2493 toto
1756 2442 1918 2494 corde
1956 2441 2134 2506 lamin,

555 2522 826 2590 diligendo
856 2523 1031 2577 lauda.
1066 2524 1189 2593 Hzec
1217 2533 1299 2579 est
1327 2528 1469 2577 enim
1499 2526 1705 2579 sanctis
1734 2526 1984 2581 laudandi
2017 2545 2141 2596 pro-

561 2609 735 2678 posita
759 2609 938 2678 regula
971 2609 1086 2679 {De
1105 2611 1247 2663 omni
1267 2612 1422 2662 corde
1442 2627 1536 2664 suo
1565 2613 1799 2665 laudavit
1825 2612 2103 2667 Dominum
2117 2632 2138 2679 ;

562 2707 610 2751 et
649 2697 828 2751 dilexit
875 2692 1041 2751 Deum
1093 2700 1183 2768 qui
1230 2699 1349 2768 fecit
1383 2699 1531 2753 illum
1580 2700 1766 2772 (Eccli.
1816 2709 1984 2770 X'Lvtt,
2020 2704 2135 2774 lO).

560 2784 744 2841 Lauda
771 2800 920 2856 ergo,
951 2797 1004 2840 et
1030 2803 1094 2841 ex
1123 2797 1233 2842 toto
1276 2788 1435 2841 corde
1472 2788 1652 2855 lauda,
1683 2799 1733 2843 et
1756 2806 1914 2860 quem
1935 2792 2139 2849 Jaudas

560 2877 751 2948 dilige;
806 2880 928 2947 quia
970 2881 1041 2932 .ad
1095 2880 1196 2933 hoc
1234 2878 1373 2933 facta
1397 2895 1456 2934 es
1502 2889 1560 2934 ut
1598 2880 1783 2934 laudes
1822 2890 1875 2934 et
1924 2882 2134 2952 diligas.

559 2965 769 3022 Laudat
792 2968 1151 3037 namque,sed
1183 2983 1248 3023 ex
1282 2978 1393 3023 toto
1421 2970 1582 3024 corde
1604 2985 1709 3024 non
1743 2969 1945 3034 laudat,
1969 2986 2129 3051 quem

562 3057 630 3112 ad
646 3057 1077 3139 ibenedicendum
1112 3058 1278 3113 Deum
1316 3074 1571 3128 prospera
1612 3061 1947 3127 demulcent;
1983 3039 2078 3118 sed
2101 3078 2131 3117 a
2160 3033 2201 3090 C

558 3138 909 3203 benedicendi
970 3163 1192 3202 munere
1240 3151 1465 3217 adversa
1520 3151 1877 3220 restringunt.
1930 3151 2136 3215 Laudat

559 3254 795 3310 quoque,
825 3240 918 3291 sed
966 3254 1069 3291 non
1107 3239 1297 3309 diligit,
1351 3240 1438 3308 qui
1473 3240 1524 3294 in
1572 3240 1665 3295 Dei
1706 3241 1950 3297 laudibus
1990 3244 2134 3299 aliud

564 3309 725 3395 quam
758 3328 926 3394 ipsum
958 3325 1224 3381 laudando
1247 3329 1494 3398 requirit.
1529 3309 1715 3383 Lauda
1760 3331 1949 3401 igitur,
1974 3342 2027 3387 et
2056 3333 2136 3386 di—

559 3432 666 3486 gne
694 3415 874 3481 lauda,
898 3428 954 3470 ut
982 3418 1124 3471 nulla
1164 3419 1215 3471 in
1259 3430 1308 3474 te
1338 3436 1463 3475 cura
1485 3464 1500 3489 ,
1537 3424 1679 3477 nulla
1712 3424 1960 3489 intentio,
1990 3424 2132 3478 nulla

561 3508 1014 3577 cogitatiotnulla
1060 3512 1361 3575 sollicitudo
1394 3516 1623 3580 mentis,
1654 3515 1706 3569 in
1732 3526 1990 3584 quantum
2038 3517 2131 3570 tibi

566 3599 737 3653 virtus
790 3600 1048 3667 suppetit,
1108 3618 1137 3652 a
1177 3600 1333 3655 laude
1385 3604 1495 3657 Dei“
1538 3607 1608 3659 sit
1661 3621 1853 3660 vacua.
1896 3607 1976 3659 Ab
2018 3608 2134 3676 ejus

562 3688 721 3743 laude
751 3689 892 3743 nulla
922 3700 973 3743 te
1013 3692 1135 3744 vita:
1180 3690 1337 3758 hujus
1367 3697 1697 3763 prosperitas
1727 3707 1963 3762 revocet,
1990 3698 2130 3751 nulla

562 3789 871 3851 compescat
898 3783 1213 3835 adversitas.
1241 3781 1333 3835 Sic
1354 3783 1495 3836 enim
1516 3800 1581 3839 ex
1621 3795 1730 3841 toto
1761 3766 1922 3842 corde
1942 3788 2130 3842 lauda-

562 3873 648 3928 bis
690 3873 997 3927 Dominum.
1049 3873 1177 3939 Sed,
1207 3888 1327 3926 cum
1352 3887 1416 3927 ex
1443 3879 1568 3939 toto
1593 3879 1753 3931 corde
1780 3894 1901 3933 eum
1949 3880 2131 3934 lauda-

560 3964 727 4028 veris,
751 3972 802 4018 et
832 3965 1059 4032 diligens
1082 3963 1417 4029 laudaveris,
1455 3964 1587 4017 nihil
1620 3952 1778 4020 abeo
1801 3967 1942 4023 aliud
1968 3984 2130 4038 quam

564 4056 737 4125 ipsum
780 4064 1021 4123 expetes,
1061 4064 1120 4106 ut
1157 4055 1270 4121 ipse
1307 4054 1378 4106 sit
1410 4052 1531 4108 linis
1561 4056 1811 4110 desiderii
1860 4060 1975 4123 tui,
2020 4062 2133 4127 ipse

560 4144 840 4215 pranninm
891 4144 1127 4206 laboris,
1181 4143 1291 4210 ipse
1338 4135 1585 4211 solatium
1631 4145 1789 4214 hujus
1833 4150 2133 4202 umbratilis

562 4236 702 4301 vitae,
732 4235 849 4309 ipse
877 4232 1144 4305 possessio
1171 4232 1315 4285 illius
1343 4231 1790 4304 bentlevitre.‘A,-l
1824 4234 1925 4286 hoc
1951 4235 2131 4302 itaque

2243 1796 2308 1849 ad
2352 1797 2723 1852 celsitudinem
2773 1790 3039 1852 creaverit
3066 1808 3121 1852 nt
3154 1808 3256 1853 tuae
3281 1800 3507 1870 gloriam
3540 1802 3819 1872 dignitatis

2243 1902 2341 1940 nec
2366 1887 2664 1957 intelligere
2698 1889 2893 1956 possis,
2948 1890 3037 1943 ubi
3073 1901 3123 1942 te
3154 1903 3277 1943 esse
3305 1891 3615 1945 constituit?
3656 1905 3819 1959 quem

2245 1975 2340 2030 tibi
2393 1979 2688 2032 mansionis
2745 1966 2921 2034 locum
2969 1983 3589 2051 prmliat'avit?Altende
3642 1984 3816 2051 ipsum

2206 2080 2218 2113 ’κ
2241 2067 2355 2121 suis
2390 2067 2443 2120 in
2489 2068 2775 2138 Evangelio
2803 2071 3070 2125 dicentem
3107 2090 3136 2125 :-
3159 2073 3363 2127 Manete
3389 2075 3441 2128 in
3473 2091 3584 2139 me,
3631 2084 3678 2128 et
3723 2090 3821 2145 ego

2242 2158 2297 2211 in
2334 2157 2474 2211 vobis
2519 2156 2700 2226 (Joan.
2734 2172 2820 2220 xv,
2851 2158 2943 2226 ι).
2977 2160 3021 2211 0
3050 2159 3439 2213 inaestimabilis
3471 2163 3709 2230 dignatio
3735 2201 3749 2226 ,
3784 2178 3819 2217 ο

2225 2249 2399 2303 ’beata
2422 2248 2651 2312 mansio,
2676 2264 2709 2303 ο
2735 2247 2967 2319 gloriosa
2999 2250 3350 2304 vicissitudo?
3379 2251 3590 2315 Quanta
3619 2254 3819 2323 digna-

2244 2339 2318 2392 tio
2350 2338 2665 2404 Creatoris,'
2688 2349 2745 2393 nt
2773 2339 2826 2393 in
2857 2354 2916 2393 se
2969 2355 3119 2393 suam
3150 2339 3277 2405 velit
3320 2341 3565 2395 habitare
3601 2353 3815 2397 creatu-

2241 2430 2391 2483 ram?
2418 2430 2587 2497 Quam
2619 2431 3178 2500 incomprehensibilis
3218 2431 3491 2485 beatitudo
3529 2441 3816 2502 creaturae,

2244 2521 2296 2572 in
2324 2536 2422 2574 suo
2451 2536 2669 2575 manere
2704 2521 2992 2576 Creatore?
3012 2520 3221 2586 Quanta
3249 2521 3529 2576 rationalis
3553 2535 3819 2579 creaturas

2242 2610 2540 2687 estggloria,
2573 2622 2679 2665 tam
2711 2611 2854 2666 felici
2888 2612 3259 2667 vicissitudine
3294 2600 3540 2668 Creatori
3588 2617 3814 2681 sociari;

2241 2708 2299 2752 ut
2330 2699 2444 2768 ipse
2476 2700 2527 2754 in
2554 2714 2641 2766 ea,
2671 2710 2726 2756 et
2754 2702 2866 2770 ipsa
2892 2701 2943 2793 in
2972 2716 3039 2756 eo
3071 2711 3250 2757 teneat
3279 2704 3647 2785 mansionem?
3677 2705 3816 2762 Tam
3881 2732 3885 2738 -

2240 2788 2567 2844 excellenter
2594 2803 2722 2860 ergo
2759 2788 2991 2855 creatos,
3032 2792 3084 2845 in
3114 2807 3174 2847 se
3206 2806 3304 2846 nos
3343 2808 3559 2848 manere
3600 2794 3816 2861 miseri-

2239 2877 2475 2933 corditer
2503 2878 2672 2933 voluit
2690 2896 2717 2945 ;-
2739 2895 2901 2949 super
2929 2878 3132 2947 omnia,
3184 2882 3325 2936 sicut
3352 2884 3589 2937 omnium
3622 2885 3817 2955 guber-

2238 2976 2428 3036 nator,
2479 2969 2595 3024 sine
2646 2969 3005 3025 sollicitudine
3063 2973 3335 3038 existens;
3388 2976 3567 3028 omnia
3598 3016 3613 3040 ,
3665 2976 3816 3042 velut

2236 3060 2474 3114 omnium
2504 3061 3064 3127 fundatnrntttm,sine
3087 3063 3267 3119 labore
3292 3067 3591 3131 sustinens;
3624 3070 3809 3123 omnia

2237 3151 2376 3205 sicut
2423 3153 2671 3207 omnibus
2727 3154 2888 3207 rebus
2937 3149 3325 3220 excellentior,
3382 3158 3499 3211 sine
3551 3161 3809 3229 superbia

2235 3243 2499 3297 excedens
2526 3259 2541 3308 ;
2578 3243 2779 3307 omnia,
2812 3243 2953 3296 velut
2986 3245 3075 3313 qui
3114 3246 3360 3300 universa
3390 3250 3654 3314 continet,
3687 3253 3811 3308 sine

2236 3330 2519 3388 diffusione
2568 3335 2965 3404 complectens;
2998 3337 3203 3411 omnia,
3254 3340 3393 3393 sient
3419 3342 3658 3397 omnium
3692 3342 3807 3413 ple-

2235 3422 2603 3488 nitudo,.sine
2631 3423 2714 3478 sui
2746 3426 3317 3497 angustiacmnpleus.
3358 3428 3458 3483 llic
3499 3444 3648 3502 ergo,
3681 3448 3808 3489 cum

2235 3526 2501 3579 nusquam
2539 3512 2717 3576 desit,
2759 3513 3092 3569 delectabile.
3119 3516 3260 3577 intra
3292 3531 3388 3571 nos
3432 3519 3533 3573 sibi
3579 3536 3805 3590 regnum

2233 3602 2427 3672 elegit,
2480 3602 2770 3673 Evangelio
2813 3606 3217 3660 demonstranle
3244 3645 3259 3668 ,
3309 3605 3397 3658 ubi
3420 3608 3667 3663 dicitur:
3702 3610 3815 3665 Rev

2233 3707 2389 3760 guunt
2423 3691 2515 3745 Dei
2548 3694 2687 3746 intra
2708 3711 2792 3747 eos
2813 3704 2885 3748 est
2909 3693 3059 3764 (an.
3090 3710 3225 3759 χιιι,
3249 3694 3361 3764 21).
3384 3694 3488 3748 Sed
3510 3698 3553 3749 si
3578 3683 3805 3768 regnum

2237 3775 2325 3838 Dei
2365 3787 2502 3839 intra
2541 3801 2640 3839 nos
2687 3795 2771 3839 est
2817 3794 2871 3840 ct
2918 3784 3056 3840 Deus
3104 3785 3156 3839 in
3210 3800 3308 3853 suo
3357 3780 3521 3855 regno
3550 3787 3803 3856 habitat,

2234 3891 2411 3930 nonne
2435 3879 2546 3946 ipse
2575 3878 2627 3929 in
2658 3876 2816 3932 nobis
2845 3866 3048 3943 hianet,
3080 3877 3233 3947 cujus
3263 3876 3400 3931 intra
3437 3893 3534 3933 nos
3577 3894 3803 3947 regnum

2232 3967 2356 4020 est?
2386 3967 2458 4021 lta
2491 3967 2650 4035 plane
2680 3985 2692 4021 :
2718 3969 2761 4023 Si
2788 3967 2930 4023 enim
2954 3968 3101 4021 Deus
3127 3969 3389 4037 sapientia
3418 3977 3515 4032 est,
3547 3978 3601 4024 et
3620 3972 3803 4026 anima

2226 4058 2360 4126 justi
2383 4060 2529 4112 sedes
2564 4068 2639 4112 est
2676 4060 2976 4128 sapientiw;
3008 4059 3099 4127 qui
3130 4074 3255 4114 vere
3282 4058 3459 4127 justus
3485 4069 3597 4123 est.
3627 4059 3802 4116 Deum

2235 4151 2286 4202 in
2318 4130 2375 4201 se
2404 4158 2710 4201 manentem
2740 4148 2923 4223 habet.
2964 4148 3230 4217 Templum
3257 4151 3393 4202 enim
3436 4149 3535 4204 Dei
3560 4162 3801 4205 sanctum

2232 4250 2330 4301 est,
2354 4240 2488 4306 quod
2511 4228 2632 4289 estis
2655 4254 2739 4290 vos
2766 4238 2814 4307 (I
2842 4238 3060 4300 Comm,
3088 4238 3199 4307 67),
3219 4241 3294 4299 ait
3320 4241 3625 4307 Apostolus.
3654 4242 3718 4297 Et
3744 4252 3803 4297 ιιι

561 4331 705 4383 facta
742 4345 820 4393 es,
858 4339 913 4381 nt
942 4342 1063 4382 eum
1090 4327 1209 4380 sine
1240 4328 1345 4380 line
1383 4325 1653 4381 collaudes
1680 4344 1693 4379 :
1720 4326 1859 4394 quod
1882 4335 2007 4379 tunc
2034 4326 2134 4377 uti-
2168 4363 2211 4416 D
2238 4326 2398 4395 igitur
2418 4326 2722 4378 sanctitatis
2742 4325 3557 4393 studioinfatigabiliterinsiste,
3577 4345 3641 4381 ne
3667 4326 3802 4384 tem-

561 4436 664 4489 que
691 4420 954 4487 intelliges
981 4418 1212 4486 plenius,
1238 4435 1360 4473 cum
1388 4419 1504 4487 ejus
1532 4417 1686 4471 beata
1730 4418 1933 4472 visione
1963 4416 2127 4471 subli-

559 4523 701 4566 mata
744 4510 950 4563 videbis
1003 4521 1051 4562 te
1108 4511 1219 4563 sola
1269 4521 1324 4564 et
1372 4511 1605 4581 gratuita
1658 4511 1896 4565 bonitate
1951 4500 2123 4576 illius,

560 4619 677 4658 enm
712 4617 815 4656 non
847 4616 1015 4667 esses,
1049 4601 1114 4655 de
1164 4603 1331 4656 nihilo
1378 4614 1485 4656 tam
1538 4598 1746 4661 beatam
1769 4645 1784 4669 ,
1817 4610 1871 4657 et
1915 4604 1980 4656 ad
2018 4612 2124 4654 tam

565 4694 877 4752 iueﬂ‘abilem
915 4687 1297 4774 beatitudinem
1331 4704 1588 4761 creatam,
1634 4688 1881 4748 voeatam
1903 4735 1918 4759 ,
1951 4694 2126 4762 .justi-

566 4782 773 4842 ﬁcatam
798 4821 814 4847 ,
855 4785 1228 4852 glorificatam.
1284 4786 1430 4840 Talis
1471 4802 1702 4856 namque
1746 4788 2128 4856 contemplatio

568 4872 945 4940 hilatigabilem
973 4878 1064 4932 tibi
1097 4892 1336 4932 amorem
1370 4880 1523 4932 dabit-
1555 4891 1676 4931 eum
1726 4878 1840 4931 sine
1875 4880 1980 4932 line
2010 4878 2128 4931 lau-

560 4964 755 5028 dandi,
791 4980 855 5017 cx
900 4980 1003 5033 quo
1029 5006 1043 5029 ,
1090 4978 1145 5021 et
1176 4984 1270 5036 per
1300 4983 1461 5036 quem
1489 5009 1502 5033 ,
1553 4978 1606 5021 et
1643 4969 1695 5020 in
1725 4984 1833 5036 quo
1870 4969 2034 5022 tantis
2071 4979 2139 5047 et-

562 5066 668 5124 tam
704 5054 1124 5111 immntabilibns
1154 5061 1307 5113 bonis
1334 5071 1386 5113 te
1410 5059 1772 5113 beatiﬁcatam
1803 5061 2077 5129 gaudebis.

628 5146 713 5201 Ill.
745 5144 897 5210 Quod
936 5148 1222 5217 ubicunque
1249 5167 1448 5215 sumus,
1480 5152 1534 5203 in
1558 5150 1648 5203 illo
1679 5150 2129 5215 vivimus,'move-

561 5262 697 5311 mur,
739 5253 787 5298 et
834 5259 1046 5307 sanius,
1089 5244 1211 5295 dum
1239 5246 1408 5314 ipsum
1440 5244 1597 5311 intrat
1624 5260 1718 5299 nos
1771 5246 2038 5298 habemus.
2060 5276 2129 5286 —

561 5335 667 5397 Sed
696 5337 765 5391 ab
790 5335 876 5390 illa
909 5335 1160 5389 felicitate
1180 5333 1399 5401 futura,
1438 5335 1906 5407 contemplationis
1937 5338 2160 5392 intuitu.

562 5426 835 5495 paululum
860 5429 1023 5503 etiam
1054 5427 1475 5497 magnitudinem
1500 5428 1707 5497 gratim,
1732 5444 1835 5498 qua
1866 5442 1916 5489 te
1944 5430 1997 5484 in
2027 5430 2127 5483 hac

564 5517 724 5571 etiam
752 5521 858 5575 vita
889 5519 1062 5592 fugaci
1086 5518 1613 5587 ditavit,consldera.
1634 5520 1748 5587 Ipse
1776 5522 1865 5589 qni
1896 5522 1947 5573 in
1978 5521 2129 5574 caelis

566 5610 804 5678 habitat,
831 5617 923 5683 qui
957 5617 1007 5671 in
1042 5613 1246 5688 angelis
1278 5620 1504 5684 regnat,
1549 5612 1631 5665 cui
1662 5611 1855 5665 coelum
1894 5620 1947 5677 et
1985 5608 2127 5692 terra

2233 4415 2377 4484 plntn
2399 4413 2493 4468 Dei
2515 4413 2729 4467 desinas
2744 4426 2883 4467 esse.
2897 4412 3014 4481 Ipse
3037 4413 3101 4465 de
3115 4412 3226 4465 suis
3243 4414 3369 4466 dicit
3384 4426 3399 4465 :
3416 4412 3726 4491 Inltnbilabo
3742 4420 3800 4473 in

2221 4494 2355 4571 illis,
2366 4517 2411 4559 et
2436 4503 2766 4557 inambulabo
2784 4502 2867 4572 (II
2887 4500 3202 4574 Cor.v1,l6).
3220 4500 3327 4555 Nec
3341 4502 3545 4571 dubites
3556 4543 3570 4564 ,
3584 4504 3802 4558 ubicun.

2229 4610 2333 4666 que
2349 4596 2541 4650 anima:
2565 4584 2761 4647 sancta:
2788 4591 3007 4656 iuerint,
3033 4606 3154 4645 eum
3187 4592 3237 4643 in
3283 4587 3387 4643 illis
3412 4605 3548 4644 esse.
3568 4590 3622 4644 Si
3648 4592 3798 4649 enim

2226 4698 2284 4758 et
2311 4699 2362 4742 tu
2388 4689 2443 4743 in
2474 4688 2723 4741 omnibus
2748 4684 3018 4747 membris,
3037 4699 3153 4753 quae
3178 4681 3664 4763 viviﬁcasgubique
3688 4694 3801 4763 tota

2228 4797 2316 4847 es;
2345 4788 2546 4851 quanto
2574 4784 2744 4855 magis
2771 4783 2911 4835 Deus
2938 4773 3133 4849 ubique
3159 4788 3298 4831 totus
3321 4760 3422 4846 cst',
3450 4778 3538 4845 qui
3570 4760 3799 4846 teipsatn

2229 4881 2282 4925 et
2311 4884 2504 4941 corpus
2540 4873 2777 4927 creavit?
2798 4872 3023 4925 Summa
3055 4870 3216 4938 igitur
3240 4867 3508 4937 diligentia
3550 4869 3802 4924 conside—

2234 4967 2458 5020 randum
2505 4972 2587 5020 eSt
2624 4982 2745 5021 cum
2778 4972 2979 5034 quanta
3014 4961 3220 5015 ratione
3251 4971 3302 5014 et
3333 4963 3633 5017 reverentia
3670 4976 3801 5017 sen-

2232 5071 2323 5111 sus
2350 5041 2562 5113 nostros
2594 5067 2647 5112 et
2676 5058 2916 5110 membra
2948 5051 3192 5121 corporis
3232 5046 3396 5105 nostri
3444 5064 3658 5121 movere
3704 5051 3800 5105 de-

2233 5147 2441 5212 bemus,
2472 5149 2665 5215 quibus
2697 5147 2959 5201 Divinitas
2988 5144 3123 5210 ipsa
3159 5140 3427 5210 pﬁesidet.
3461 5142 3657 5215 Demus
3696 5142 3800 5210 igi-

2235 5246 2339 5301 tur,
2370 5245 2428 5293 nt
2451 5241 2669 5309 dignum
2701 5248 2814 5303 est,
2848 5246 2994 5291 tanto
3026 5232 3370 5291 inliabitalori
3416 5246 3576 5289 omne
3616 5235 3796 5304 initae-

2232 5329 2367 5383 rium
2400 5331 2579 5385 cordis
2616 5330 2815 5393 nostri,
2848 5336 2908 5380 ut
2955 5324 3087 5379 nihil
3132 5325 3179 5379 ei
3213 5315 3483 5402 repugnet:
3516 5326 3571 5379 in
3601 5326 3795 5386 nobis;

2232 5424 2323 5476 sed
2354 5436 2542 5477 omnes
2566 5408 2955 5492 cogitationes,
2988 5420 3043 5470 et
3076 5416 3366 5471 voluntatis
3392 5413 3798 5478 motus,jomnia

2232 5515 2499 5582 verba,et
2524 5514 2776 5567 universa
2806 5524 2967 5580 opera
3000 5520 3187 5565 nostra
3218 5508 3363 5562 illius
3391 5516 3578 5561 nutum
3619 5502 3799 5557 atten-

2233 5606 2383 5668 dant,
2411 5603 2526 5673 ejus
2552 5604 2814 5660 voluntati
2846 5603 3169 5665 deserviant,
3198 5600 3265 5653 ad
3309 5592 3648 5652 rectitudinis
3677 5590 3798 5658 lets
