4190 6194
310 180 433 237 ῖ15“

1680 167 2211 255 ΜΕΜΤΛΤΙΟΝΕΞ.

3472 167 3576 219 7H

308 294 550 364 regulam
588 293 905 363 dirigantur.
958 289 1048 343 Sic
1100 290 1242 343 enim
1307 302 1429 341 vere
1482 303 1703 357 regnum
1761 288 1877 351 tfjlls
1914 292 1952 344 ,ι
1984 286 2046 337 lis
2104 285 2445 349 dispellsalnl'
2522 279 2903 333 ertlvsiaSIicm
2965 278 3181 332 fatnilizc
3230 277 3439 343 sensit,
3482 282 3573 347 qui

313 390 535 449 erimus,
564 397 621 440 et
653 387 764 455 ipse
790 385 843 437 in
874 382 1027 436 nobis
1055 381 1327 444 manebit,
1360 391 1411 434 et
1437 398 1534 436 nos
1564 382 1622 436 iu
1649 382 1738 434 illo
1772 396 1886 433 ma-

317 491 525 542 nentes,
550 479 685 532 bene
709 478 975 529 vivemus.

380 569 470 623 IV.
502 568 656 633 Quod
698 581 874 619 omnes
894 606 910 631 ,
953 564 1042 634 qui
1066 564 1118 617 in
1150 563 1356 618 Christo
1385 562 1633 631 baptizati
1666 578 1849 616 sumus
1873 603 1890 627 ,

316 662 576 717 Christum
603 658 971 710 induimus.——
992 654 1202 717 Excita.
1227 670 1411 724 quaaso
1445 663 1515 718 te,
1540 654 1718 707 anima
1750 668 1891 714 mea,

315 761 369 804 et
393 749 713 802 exardescat
751 745 891 815 ignis
939 743 1156 810 superni
1203 743 1406 797 amoris
1434 741 1486 796 in
1527 741 1732 796 inlimis
1765 740 1890 801 luis,

312 850 367 893 et
390 842 639 893 decorem
668 852 697 888 a
726 835 951 889 Domino
979 833 1089 887 Deo
1126 844 1216 887 tuo
1244 833 1337 887 tibi
1364 832 1621 887 collatum
1652 830 1889 900 pruden-

316 940 397 983 ter
442 926 768 994 intelligere.
825 921 1139 992 intelligens
1168 922 1353 990 dilige,
1405 921 1641 988 diligens
1690 929 1893 973 sanet-.1:

308 1015 742 1073 conversationis
775 1013 1055 1081 obsequiis
1083 1027 1367 1067 venerare.
1415 1011 1605 1066 Nonne
1654 1012 1769 1080 ipse
1799 1009 1891 1077 qui

316 1108 405 1162 tibi
450 1108 502 1160 in
530 1108 709 1175 seipso
756 1105 948 1158 tribuit
986 1103 1343 1167 mansionem,
1374 1114 1430 1157 et
1460 1104 1513 1157 in
1562 1114 1614 1157 te
1644 1106 1893 1172 dignatus

271 1206 395 1251 est
448 1198 737 1259 habitare,
793 1195 972 1265 seipse
1012 1196 1173 1251 vestit
1220 1206 1300 1258 te,
1365 1196 1541 1249 munit
1584 1203 1637 1249 et
1690 1192 1894 1247 ornat?

313 1286 596 1351 Quotquot,
623 1286 699 1342 ait
750 1285 1058 1356 Apostolus,
1101 1286 1157 1339 in
1200 1284 1408 1339 Christo
1457 1286 1706 1354 baptizati
1746 1286 1892 1349 estis,

308 1368 579 1431 Christum
606 1376 848 1431 induistis
884 1374 1028 1447 (Gal.
1051 1391 1138 1439 ιιι.
1176 1376 1290 1444 27).
1322 1376 1462 1443 Quid
1504 1375 1890 1448 igiturlaudis,

310 1464 473 1537 305
509 1467 638 1535 quid
682 1466 981 1537 gratiarum
1009 1468 1265 1533 actionis,
1292 1468 1342 1523 ei
1372 1470 1638 1537 condigne
1666 1469 1892 1533 tribues,

310 1560 398 1624 qui
452 1567 692 1612 tetanto
718 1558 939 1613 vestivit
987 1558 1207 1623 decore,
1242 1568 1392 1614 tanto
1438 1559 1751 1614 sublimavit
1798 1560 1894 1614 ho-

1995 372 2125 425 dixit
2160 390 2170 422 :
2204 362 2407 423 Omnes
2452 368 2741 422 Christiani
2792 370 2845 422 in
2890 368 3097 421 Christo
3149 384 3285 420 unus
3340 366 3577 420 Chnuus

1990 462 2193 515 simius.
2237 458 2347 514 Nec
2375 460 2593 525 mirntn,
2625 475 2746 513 cum
2781 460 2895 527 ipse
2922 460 2991 511 sit
3026 468 3203 527 caput,
3239 467 3293 511 et
3322 473 3419 510 nos
3458 472 3580 511 cor-

1992 572 2090 624 pus
2133 555 2284 624 ejus;
2317 556 2429 625 ipse
2462 569 2714 623 sponsus,
2748 553 2861 622 ipse
2888 567 3114 621 sponsa;
3147 567 3379 623 sponsus
3406 551 3457 605 iu
3497 542 3577 609 se.

1993 663 2189 717 sponsa
2221 649 2273 707 in
2295 648 2583 721 animabus
2611 647 2836 709 sanctis,
2863 661 2998 714 quas
3026 647 3125 699 sibi
3158 646 3345 699 :cterui
3375 646 3581 698 amoris

1994 730 2216 791 vinculo
2237 736 2480 790 meiavil.
2514 734 2660 790 Sicut
2682 752 2899 804 spartae,
2948 735 3141 804 inquit,
3176 737 3417 803 impomit
3448 736 3575 788 mihi

1993 826 2228 889 mitram,
2251 834 2298 877 et
2326 825 2459 878 sicut
2489 840 2728 893 sponsam
2759 826 2960 879 ornari!
2991 840 3072 876 me
3112 835 3433 877 ornamento.
3477 824 3577 878 llic

1995 916 2178 985 igitur,
2212 914 2390 969 anima
2421 914 2665 977 mea,hic
2691 930 2815 983 erga
2842 923 2893 967 te
2924 914 3132 968 revolve
3160 900 3416 967 beaeticia
3438 914 3573 983 ejus,

1995 1006 2231 1061 aceendc
2289 1006 2343 1060 in
2387 1004 2695 1075 dilectione,
2723 1004 2871 1072 ejus,
2901 1006 3198 1059 evardcsee
3224 1005 3274 1058 in
3310 1006 3577 1059 desideria

1995 1095 2168 1151 beata:
2209 1095 2684 1164 contemplationis
2721 1094 2855 1161 ejus.
2906 1095 3157 1149 Exclama
3190 1113 3319 1164 ergo
3364 1098 3580 1151 fortiter

1996 1186 2379 1241 ardentissimo
2406 1186 2494 1240 illo
2520 1187 2692 1239 intimi
2719 1186 2921 1239 amoris
2944 1184 3135 1241 aﬂectti
3159 1197 3213 1241 ct
3233 1198 3345 1241 tota
3378 1190 3430 1242 in
3460 1188 3579 1255 ejus

1996 1278 2319 1334 desiderium
2368 1278 2699 1346 liquefacta,
2768 1279 2819 1331 in
2886 1292 3067 1332 vocem
3133 1294 3348 1346 sponsa:
3402 1281 3575 1335 tidclis

1994 1384 2216 1440 erumpe
2250 1388 2262 1423 :
2292 1370 2573 1424 Osca/aur
2604 1387 2683 1423 me
2725 1372 2903 1423 oscqu
2930 1370 3037 1424 oris
3073 1372 3157 1423 sui
3204 1371 3380 1441 (Cant.
3412 1390 3464 1439 ι,
3496 1374 3573 1443 1).

1997 1459 2233 1517 Becedat
2261 1462 2329 1515 ab
2372 1460 2552 1514 animo
2582 1475 2701 1514 meo
2727 1460 2905 1515 omnis
2934 1461 3237 1522 delectatio,
3272 1480 3391 1531 quae
3420 1473 3573 1519 extra

1995 1549 2144 1605 illum
2182 1560 2294 1615 est;
2349 1550 2527 1605 nullus
2577 1552 2860 1621 praesentis
2911 1554 3030 1607 vine
3074 1552 3318 1621 alii-ctus,
3368 1556 3573 1611 nullum

309 1661 465 1704 nore.
507 1655 565 1700 nt
595 1645 993 1713 jimunilissimo
1021 1649 1202 1703 cordis
1232 1648 1406 1717 juhilo
1453 1650 1633 1704 dicere
1667 1648 1842 1719 possis
1872 1667 1885 1703 ;
1925 1634 1967 1688 Β
1995 1642 2123 1695 mihi
2148 1640 2399 1697 solatium
2430 1642 2757 1709 blandiatur,
2791 1644 2917 1698 dum
2956 1645 3084 1699 mihi
3133 1646 3248 1714 ejus
3288 1650 3573 1717 priesentia

310 1731 495 1786 Induit
535 1751 613 1788 nte
658 1735 913 1789 Dominus
964 1738 1262 1791 vestimento
1312 1738 1537 1801 salutis,
1586 1738 1888 1791 indumento

309 1822 509 1878 (axitia:
551 1827 895 1903 circumdedit
933 1829 1054 1882 me?
1078 1827 1215 1895 (Isa.
1257 1830 1509 1901 111,10.)
1547 1830 1766 1901 Angelis
1793 1830 1888 1889 Dei

309 1928 582 1989 summum
633 1918 886 1988 gaudium
929 1928 1031 1981 est,
1081 1919 1357 1974 Christum
1403 1920 1759 1989 contemplari
1795 1930 1889 1974 :et

310 2019 437 2061 cecc
470 2008 726 2063 immensa
763 2010 1076 2079 dignatione
1107 2026 1202 2064 sua
1258 2026 1315 2065 se
1344 2012 1435 2065 tibi
1475 2020 1682 2065 tantum
1730 2012 1885 2065 iniii-

309 2098 429 2161 nat,‘
479 2108 536 2152 ιιι
583 2100 771 2170 seipse
809 2112 863 2155 te
908 2093 1035 2154 velit
1083 2102 1291 2155 vestiri.
1339 2102 1495 2167 Quali
1528 2104 1843 2158 vestimento
1870 2144 1885 2167 ,
1912 2140 1935 2163 .

308 2194 416 2247 nisi
456 2208 525 2246 eo
554 2195 620 2248 de
644 2210 754 2263 quo
779 2194 1039 2263 gloriatur
1060 2194 1351 2263 Apostolus
1380 2196 1565 2250 dicens
1604 2208 1622 2247 :
1652 2195 1888 2251 Christus

312 2284 485 2351 [ortus
524 2296 596 2338 est
624 2286 769 2338 nobis
796 2304 827 2338 a
854 2285 961 2338 Deo
988 2286 1276 2353 sapientia,
1317 2296 1363 2339 et
1376 2286 1588 2355 justitia
1614 2297 1661 2340 et
1694 2289 1890 2341 sancti-

304 2374 600 2447 ﬁcatio?(l
636 2376 757 2429 Cor.
786 2393 833 2441 ι,
876 2376 990 2445 50.)
1036 2375 1241 2441 Quibus
1283 2379 1727 2432 vestimentorum
1758 2380 1884 2433 insi-

309 2464 454 2533 gniis
492 2476 541 2520 te
566 2456 736 2533 magis
761 2476 1002 2531 ornaret,
1035 2469 1197 2535 quam
1235 2475 1293 2521 ut
1324 2477 1375 2521 te
1400 2467 1735 2537 splendidam
1768 2469 1890 2523 red-

309 2558 468 2612 deret
498 2558 695 2611 amictu
739 2558 1039 2628 sapientiaa,
1068 2567 1391 2613 ornamento
1410 2557 1653 2625 justitize,
1681 2546 1889 2615 satisfa~

307 2647 516 2702 ctionis
545 2646 780 2702 decore?

384 2739 449 2792 Υ.
481 2737 633 2804 Quod
680 2755 864 2806 corpus
896 2738 1087 2793 Christi
1127 2755 1327 2793 sumus.
1363 2770 1433 2781 ——
1463 2740 1531 2795 Et
1555 2742 1682 2811 quid
1711 2742 1885 2797 dicam

309 2831 440 2899 quia
484 2843 546 2883 se
597 2827 691 2883 tibi
740 2828 989 2884 Christus
1040 2830 1421 2884 vestimentum
1475 2820 1773 2894 fecit,entn
1827 2848 1888 2888 se

310 2929 522 2975 tantum
570 2919 823 2982 univerit,
879 2931 938 2974 ut
975 2920 1026 2973 in
1060 2922 1266 2975 unitate
1313 2921 1567 2975 Ecclesia:
1609 2922 1676 2977 de
1722 2938 1886 2977 carne

280 3012 408 3067 'ena
443 3022 497 3066 te
545 3026 665 3065 esse
710 3010 978 3065 voluerit?
1022 3012 1161 3065 Audi
1220 3013 1534 3081 Apestolum
1590 3012 1887 3083 Scriptum:

313 3102 684 3157 testimonium
728 3100 1132 3171 exponentem:
1173 3100 1240 3155 Et
1287 3114 1438 3157 erunt
1490 3104 1594 3157 duo
1635 3104 1689 3156 in
1733 3119 1889 3157 carne

308 3208 442 3244 una.
472 3190 581 3260 Ego
602 3200 796 3253 mitem,
823 3189 1019 3259 inquit,
1047 3190 1162 3244 dico
1194 3193 1248 3245 in
1272 3193 1479 3245 Christo
1500 3202 1550 3246 et
1572 3194 1624 3245 in
1651 3192 1889 3248 Ecclesia

309 3281 534 3350 (Ephes.
561 3295 611 3343 v,
632 3279 745 3350 52).
781 3280 957 3348 Super
993 3280 1095 3335 hoc
1119 3296 1353 3349 quoque,
1384 3291 1585 3350 quanta
1616 3293 1665 3335 te
1690 3285 1889 3339 unione

305 3368 669 3438 copulaverit,
695 3368 1081 3437 contemplare.
1112 3370 1320 3439 Corpus
1340 3371 1539 3437 Christi
1570 3383 1621 3427 te
1659 3374 1890 3442 Aposto-

305 3458 399 3514 lus
425 3474 548 3512 esse
575 3458 853 3513 conllrmat
876 3475 893 3515 :
939 3456 1036 3511 Vos
1072 3460 1216 3523 estis,
1256 3460 1352 3522 ait,
1377 3475 1563 3529 corpus
1588 3460 1816 3527 Christi,
1840 3472 1889 3517 et

309 3548 547 3601 membra
571 3547 637 3600 de
660 3548 907 3600 membris
949 3548 998 3618 (Ι
1035 3546 1159 3601 Cor.
1209 3562 1318 3613 xu,
1348 3549 1460 3619 27).
1511 3550 1680 3604 Serva
1728 3552 1892 3622 igitur

310 3652 516 3705 corpus
544 3644 599 3690 et
623 3638 889 3701 membra,
916 3652 977 3692 es
1009 3638 1273 3708 dignitate
1296 3654 1400 3710 qua
1431 3640 1607 3705 decet,
1653 3656 1721 3695 ne
1749 3642 1793 3695 si
1822 3657 1890 3697 ea

310 3724 811 3801 quolibetlevitatis
827 3727 1007 3781 studio
1035 3728 1291 3793 injuriose
1316 3730 1661 3794 tractaveris,
1689 3742 1889 3799 quanto

310 3815 516 3885 potiori
552 3816 775 3885 praemio
803 3817 1167 3881 coronarcris,
1190 3818 1235 3871 si
1271 3832 1333 3871 ea
1361 3818 1521 3897 digne
1551 3826 1842 3876 traetasses
1865 3837 1881 3886 ;

319 3917 469 3963 tame
526 3905 733 3973 majori.
769 3905 1032 3976 supplicio
1090 3906 1414 3974 subjiciaris,
1446 3910 1492 3963 si
1533 3912 1615 3965 eis
1669 3911 1889 3981 indigne

313 3999 518 4052 abusus
566 3997 754 4053 lueris.
803 3997 956 4056 Oculi
1004 3997 1122 4063 tui,
1172 3998 1311 4053 oculi
1344 4000 1545 4054 Christi
1583 4001 1889 4056 sunt.'Non

314 4088 481 4159 igitur
503 4088 627 4147 licet
658 4090 752 4143 tibi
803 4088 990 4143 oculos
1016 4089 1219 4144 Christi
1267 4090 1335 4143 ad
1378 4090 1593 4159 aliquas
1618 4092 1889 4163 vanitates

306 4179 725 4247 conspiciendas
775 4178 1041 4246 dirigere,
1086 4178 1212 4247 quia
1255 4173 1502 4234 Utristus
1544 4190 1627 4235 est
1665 4182 1889 4247 veritas,

312 4270 400 4323 cui
435 4271 610 4324 omnis
636 4269 848 4323 vanitas
873 4270 1147 4323 contraria
1178 4279 1280 4323 est.
1300 4269 1374 4325 Os
1405 4281 1577 4335 tuum,
1604 4286 1667 4327 os
1682 4271 1884 4339 Christi

303 4372 417 4417 est.
446 4361 563 4417 Non
593 4364 776 4427 debes,
808 4380 914 4418 non
946 4365 1072 4418 dico
1099 4365 1166 4420 ad
1195 4366 1588 4432 detractiones,
1619 4382 1723 4420 non
1765 4368 1886 4422 dico

304 4456 381 4509 ad
426 4453 701 4506 mendacia
723 4491 738 4515 ,
770 4454 862 4507 sed
891 4467 993 4507 nec
1020 4454 1085 4505 ad
1115 4454 1320 4508 otiosos
1356 4470 1635 4527 sermones
1668 4472 1731 4509 os
1759 4474 1884 4524 ape-

298 4543 425 4595 rire
451 4581 467 4607 ,
523 4543 665 4611 quod
704 4544 773 4597 ad
811 4532 953 4597 solas
1000 4543 1181 4598 laudes
1237 4545 1329 4599 Dei
1378 4555 1433 4599 et
1477 4547 1885 4602 :edilicationem

314 4631 542 4696 proximi
571 4631 733 4687 debes
755 4632 990 4701 patulum
1013 4633 1228 4688 habere.
1259 4634 1349 4688 Sic
1368 4636 1434 4689 de
1457 4638 1666 4691 exteris
1688 4638 1885 4693 Christi

313 4720 573 4775 membris
603 4730 705 4774 tua:
726 4722 979 4775 custodia:
1012 4724 1313 4777 commissis
1352 4725 1607 4796 intellige.

394 4808 473 4863 Vl.
507 4810 657 4874 Quod
690 4828 849 4863 unum
876 4812 928 4864 in
952 4812 1158 4867 Christo
1186 4830 1391 4879 sumus,
1411 4826 1458 4868 ct
1486 4833 1601 4868 cum
1625 4819 1733 4885 ipso
1753 4835 1885 4871 unus

316 4895 554 4951 Christus
579 4916 778 4966 smnus.
800 4930 871 4939 -—
901 4901 1008 4956 Sed
1038 4904 1214 4955 adhuc
1235 4904 1397 4957 altius
1419 4920 1651 4974 agnosce
1684 4916 1885 4974 quanta

320 4993 392 5045 illi
416 4997 671 5047 societate
694 4994 959 5063 iungaris.
989 4994 1166 5061 ipsum
1192 4996 1476 5049 Dominum
1501 4996 1623 5050 andi
1650 5012 1751 5066 pro
1777 5000 1888 5052 suis

320 5081 533 5163 Patrem
558 5095 867 5137 exorantem
898 5101 914 5138 :
954 5083 1210 5151 Volo,ait,
1229 5097 1279 5138 ut
1306 5088 1436 5139 sicut
1459 5104 1553 5155 ego
1576 5098 1622 5140 et
1649 5098 1704 5140 tu
1727 5106 1885 5141 unum

322 5189 530 5239 sumus,
562 5177 635 5226 sic
668 5183 714 5227 et
749 5175 833 5227 isti
863 5176 916 5226 in
946 5175 1089 5227 nobis
1112 5191 1269 5227 unum
1284 5177 1385 5228 sint
1411 5174 1594 5245 (Ioan.
1615 5194 1745 5242 χιιι,
1770 5178 1883 5247 Si).

328 5261 459 5316 Sum
488 5279 584 5334 ego
613 5263 777 5318 Filius
803 5274 925 5317 tuus
956 5279 1051 5332 per
1086 5276 1363 5329 naturam;
1397 5266 1505 5319 sint
1532 5275 1588 5320 et
1609 5267 1681 5320 illi
1703 5269 1791 5321 lilii
1814 5270 1884 5321 tui

327 5364 382 5407 et
407 5354 600 5410 fratres
624 5357 725 5409 mei
749 5371 841 5425 per
863 5359 1109 5424 gratiam.
1126 5356 1333 5422 Quanta
1355 5358 1614 5411 celsitudo
1640 5358 1887 5413 estChri-

323 5444 554 5501 stiannm
580 5446 846 5499 hominem
874 5444 951 5497 sic
981 5446 1031 5497 in
1062 5446 1277 5499 Christo
1307 5446 1585 5513 prolicere,
1610 5456 1667 5499 ut
1697 5455 1752 5500 ct
1776 5450 1887 5517 ipse

325 5534 716 5602 quodannnodo
752 5533 996 5586 Christus
1025 5533 1266 5586 dicatur?
1293 5534 1441 5599 Quod
1482 5533 1571 5589 ille
1601 5548 1723 5591 vero
1753 5538 1885 5592 lide-

505 5630 774 5687 Ριιτιιοι..
824 5626 1088 5685 eLvtn.
1173 5611 1178 5617 '

1992 1731 2150 1789 beata
2199 1734 2513 1805 denegatur.
2543 1734 2663 1805 ipse
2708 1752 2792 1791 me
2833 1737 3121 1793 rbaritatis
3169 1739 3405 1794 brachiis
3459 1757 3576 1796 am-

1991 1823 2273 1893 plectatur,
2332 1825 2445 1895 ipse
2497 1840 2581 1879 me
2632 1840 2728 1881 ore
2785 1842 3033 1895 superna:
3085 1827 3227 1881 illius
3289 1831 3576 1885 sumitulis

1990 1915 2280 1979 osculetur,
2312 1916 2425 1985 ipse
2452 1930 2537 1972 me
2558 1912 2773 1986 eloquio
2808 1917 2897 1971 illo
2924 1915 3200 1985 incli‘abili,
3225 1934 3333 1989 quo
3366 1921 3574 1991 angelis

1989 2023 2086 2062 sua
2118 2016 2324 2063 secreta
2348 2005 3019 2078 manifestat,alloqnatur.
3048 1992 3171 2063 llaec
3195 2013 3266 2064 sit
3293 2013 3474 2081 sponsi
3502 2015 3571 2067 ad

1990 2114 2241 2168 sponsam
2292 2100 2501 2153 vic..ria
2555 2114 2873 2154 sermonum
2907 2100 3240 2164 vicissitudo,
3273 2111 3331 2155 ut
3364 2118 3463 2170 ego
3498 2103 3573 2159 illi

1993 2201 2161 2245 totum
2186 2206 2280 2245 cor
2307 2206 2499 2245 meum
2516 2192 2841 2259 expandam,
2870 2201 2923 2246 et
2954 2192 3067 2262 ipse
3098 2193 3226 2247 mihi
3252 2209 3362 2248 sua:
3384 2195 3571 2250 dulce-

1991 2282 2132 2337 dinis
2165 2290 2372 2337 secreta
2404 2282 2623 2336 revolet.
2651 2281 2744 2337 llis
2772 2282 2954 2351 itaque
2982 2284 3162 2337 anima
3186 2293 3241 2338 et
3264 2285 3573 2353 hujusmodi

1994 2373 2434 2429 meditationibus
2466 2382 2709 2444 vegetata
2734 2413 2750 2439 ,
2782 2375 2940 2442 pleno
2973 2375 3146 2429 sancti
3197 2376 3455 2431 desiderii
3484 2377 3569 2431 al-

1994 2465 2157 2530 fcetu,
2194 2479 2451 2534 sponsum
2506 2473 2655 2518 tuum
2713 2463 2866 2532 sequi
2918 2466 3203 2529 contende,
3237 2474 3292 2520 et
3336 2467 3424 2520 die
3470 2468 3517 2520 ei
3554 2488 3569 2521 :

1994 2555 2165 2610 Tro/te
2196 2572 2275 2608 me
2310 2564 2423 2623 post
2453 2564 2516 2614 te.
2556 2558 2825 2611 curramus
2857 2555 2910 2607 in
2941 2556 3156 2608 odorem
3192 2565 3573 2625 unguentorum

1991 2660 2202 2699 tuorttm
2240 2644 2419 2715 (Cant.
2455 2661 2492 2709 ι,
2520 2644 2599 2712 ὅ).
2650 2643 2754 2698 Sed
2798 2644 2903 2707 die,
2933 2653 2987 2697 et
3035 2643 3268 2698 ﬁdeliter
3299 2646 3421 2711 die,
3466 2663 3573 2701 non

1994 2736 2310 2790 trat'isitorio
2333 2750 2493 2798 sono,
2527 2735 2620 2790 sed
2647 2733 2967 2803 infatigabili
2992 2734 3286 2789 desiderio.
3321 2736 3411 2791 Sic
3454 2738 3570 2795 die.

1994 2836 2051 2879 ut
2074 2826 2341 2888 audiaris;
2385 2827 2466 2899 sic
2493 2825 2703 2889 attrahi
2723 2824 3073 2894 concupisce,
3098 2834 3158 2880 ut
3183 2828 3334 2895 sequi
3372 2830 3569 2897 possis.

1993 2917 2087 2972 Die
2125 2932 2255 2987 ergo
2301 2916 2648 2985 Redemptori
2680 2924 2735 2971 et
2778 2916 3045 2984 salvatori
3097 2926 3233 2971 tuo:
3280 2918 3448 2974 Truhe
3493 2939 3573 2976 me

1989 3016 2104 3076 post
2150 3016 2218 3061 te.
2255 3005 2370 3061 Non
2407 3007 2585 3061 trahat
2614 3006 2842 3061 dulcedo
2874 3005 3081 3074 saeculi,
3128 3008 3222 3063 sed
3276 3008 3455 3062 trahat
3485 3024 3573 3061 me

1992 3097 2235 3152 suavitas
2258 3097 2555 3153 beatissimi
2586 3098 2788 3152 amoris
2820 3096 2920 3151 tui.
2954 3095 3144 3153 Traxit
3169 3113 3256 3152 me
3283 3098 3571 3169 aliquando

1991 3186 2204 3243 vanitas
2235 3202 2386 3252 mea;
2412 3190 2506 3243 sel
2529 3185 2641 3255 jam
2672 3187 2853 3242 trahat
2877 3201 2963 3243 me
2994 3195 3104 3241 tam
3132 3196 3253 3257 post
3282 3203 3340 3243 se
3367 3190 3573 3243 veritas

1989 3278 2325 3341 tua.'l‘rahe,
2367 3279 2493 3347 quia
2546 3278 2789 3343 traxisti;
2848 3277 3060 3345 retine,
3093 3278 3220 3347 quia
3272 3278 3574 3349 apprehen-

1990 3368 2136 3423 disti.
2164 3367 2398 3422 Traxisti
2448 3368 2786 3432 redimendo,
2836 3369 2994 3424 trabe
3022 3368 3303 3425 salvando.
3334 3369 3571 3424 Traxiin

1991 3460 2321 3523 miserando,
2351 3460 2505 3514 trahe
2533 3459 2913 3514 beatiﬁcando.
2962 3459 3381 3529 Apprehendisti
3428 3460 3575 3515 inter

1988 3551 2239 3609 homines
2268 3565 2534 3618 apparens
2578 3565 2677 3620 pro
2730 3549 2887 3608 nobis
2936 3550 3099 3605 homo
3152 3550 3360 3617 factus,
3398 3551 3576 3606 retine

1987 3638 2127 3694 cailo
2148 3637 2441 3708 praesidens
2459 3654 2623 3707 super
2644 3638 2864 3709 angelos
2882 3639 3171 3695 exaltatus.
3200 3641 3347 3695 Tuus
3370 3656 3573 3705 sermo.

1992 3741 2080 3783 tua
2113 3727 2401 3798 promissio
2435 3738 2537 3783 est.
2582 3726 2887 3783 Promisisti
2915 3728 3131 3783 dicens:
3153 3728 3217 3781 Et
3239 3745 3333 3796 ego
3352 3714 3399 3783 ii
3428 3732 3575 3783 exat-

1988 3829 2129 3874 tatus
2162 3819 2313 3887 fuero
2341 3836 2375 3873 α
2396 3829 2558 3887 terra,
2582 3819 2758 3873 omnia
2785 3821 2992 3873 traham
3021 3821 3089 3874 ad
3113 3820 3361 3890 nteipsum
3387 3820 3572 3891 (Joan.

1989 3926 2089 3976 xu,
2126 3909 2239 3978 52).
2262 3909 2438 3965 Trahe
2464 3909 2625 3978 igitur
2641 3909 2753 3978 jam
2775 3918 3026 3978 potenter
3063 3912 3369 3977 exaltatus,
3405 3926 3565 3982 quem

1990 4000 2257 4055 attraxisti
2280 3986 2703 4063 misericorditer
2740 4000 3073 4054 humiliatus.
3097 4002 3425 4068 Ascendisti,
3448 4018 3573 4056 seu-

1988 4090 2155 4152 tiam;
2192 4105 2355 4160 super
2401 4090 2579 4144 omnia
2631 4105 2847 4159 regnas,
2879 4106 3191 4161 agnoscam.
3240 4090 3488 4160 Nunquid
3519 4104 3573 4148 te

1990 4195 2218 4250 regnare
2282 4195 2388 4234 non
2428 4180 2704 4252 agnoseo?
2753 4196 2990 4246 agnoseo
3023 4191 3209 4248 certe,
3260 4190 3315 4235 et
3368 4183 3573 4252 gratias

1990 4286 2112 4341 ago.
2152 4271 2258 4326 Sed
2291 4286 2583 4342 agnoscam
2622 4270 2861 4341 perfecte
2894 4272 3129 4325 amando
3167 4273 3308 4340 quod
3336 4288 3571 4343 agnosco

1996 4362 2081 4431 pie
2104 4361 2172 4416 de
2209 4370 2261 4417 te
2289 4362 2591 4417 sentiendo.
2620 4360 2923 4429 Agnoscam
2973 4361 3207 4415 videndo
3236 4362 3377 4432 quod
3407 4376 3570 4430 agno-

1995 4468 2089 4509 sco
2130 4453 2419 4509 credendo.
2467 4453 2592 4524 Liga
2647 4461 2826 4509 tecum
2866 4451 3324 4507 indissolubilibus
3368 4454 3572 4508 amoris

1994 4544 2234 4601 vinculis
2257 4543 2521 4601 desideria
2565 4546 2744 4599 cordis
2786 4544 2913 4611 mei,
2945 4546 3031 4598 ubi
3068 4554 3244 4599 tecum
3292 4554 3418 4598 sunt
3454 4546 3569 4614 pri-

1995 4636 2159 4691 mitiae
2212 4636 2432 4704 spiritus
2482 4634 2609 4689 mei.
2652 4634 2833 4688 Societ
2880 4650 2979 4687 nos
3028 4634 3208 4687 unitas
3260 4633 3569 4696 charitatis.

1993 4740 2130 4793 quos
2153 4723 2425 4793 cepulavit
2456 4723 2689 4777 Charitas
2732 4723 3133 4791 redemptionis.
3160 4721 3401 4776 Dilenisti
3423 4724 3567 4776 enim

1984 4831 2100 4878 sne,
2127 4814 2391 4868 tradidisti
2428 4814 2769 4881 temetipsum
2798 4827 2893 4881 pro
2932 4828 3035 4865 me.
3065 4812 3146 4865 Sit
3184 4812 3363 4879 itaque
3390 4821 3566 4866 tecum

1994 4906 2046 4956 in
2079 4902 2217 4958 coelo
2258 4901 2461 4971 iugiter
2506 4903 2731 4955 intentio
2784 4916 2925 4965 mea,
2976 4900 3045 4953 sit
3079 4915 3285 4953 mecum
3318 4901 3369 4951 in
3424 4910 3568 4953 terra

1993 4995 2248 5049 Contione
2268 4992 2533 5069 proiectio
2566 5000 2674 5061 tua.
2706 4989 2911 5057 Adjuva
2940 4990 3031 5059 ﬁtni
3072 4989 3274 5043 arnoris
3304 4990 3570 5042 desiderio

1993 5095 2332 5147 mstnantem,
2369 5084 2459 5151 qui
2499 5082 2731 5136 dilexisti
2784 5091 3240 5141 contemnentem.
3293 5080 3365 5133 Da
3418 5098 3569 5149 qua:-

1997 5175 2159 5237 reuti,
2201 5174 2290 5242 qui
2344 5185 2395 5226 te
2424 5173 2615 5225 dedisti
2656 5171 2937 5227 neSt-ienti.
2968 5171 3190 5239 Suscipe
3229 5170 3565 5235 rcdenntem,

1995 5264 2085 5333 qui
2136 5263 2398 5331 revocasti
2437 5263 2748 5331 fugientem.
2797 5260 3017 5327 l‘llgztnt
3071 5272 3128 5313 ιιι
3179 5260 3403 5333 diligat;
3458 5260 3566 5325 imo

1994 5356 2119 5423 quia
2152 5354 2363 5422 diligor,
2395 5354 2563 5421 magis
2595 5366 2657 5403 ac
2691 5350 2863 5417 magis
2895 5350 3130 5418 diligam,
3165 5359 3217 5400 ut
3251 5349 3421 5418 magis
3445 5348 3565 5401 dili-

1996 5461 2111 5515 gar.
2138 5443 2363 5510 Uniatnr
2393 5455 2563 5497 tecum
2593 5443 2851 5511 cogitatio
2885 5458 3021 5502 mea,
3065 5457 3166 5490 una
3197 5450 3251 5492 et
3274 5438 3562 5505 singularis

1993 5538 2065 5593 sit
2096 5547 2268 5592 tecum
2300 5535 2524 5590 intentio
2553 5550 2689 5599 mea,
2719 5537 2804 5589 ubi
2840 5546 3011 5589 tecum
3045 5548 3073 5583 a
3110 5540 3157 5582 te.
3202 5528 3561 5582 miscricordi-

3162 5621 3238 5677 ‘23
