4190 6200
636 166 740 224 715
931 165 989 219 S.
1036 161 1328 218 ANSELMI
1364 159 1704 214 CANTUAR.
1749 155 2061 213 AllClilEP.
2102 155 2211 209 ON

2304 153 2474 207 PARS
2531 155 2589 208 ιι.
2622 185 2690 193 —-
2728 153 3096 208 ΡΛΒᾹΖΝΕΤ.
3141 154 3223 207 ΕΤ
3262 152 3499 207 ASCET.
3757 153 3858 208 716

634 288 719 334 ter
767 283 1010 344 suscepta
1058 277 1216 329 beata
1258 274 1367 338 jam
1419 281 1606 338 regnat
1644 271 1942 323 substantia
1988 277 2190 320 nostra.
2228 275 2270 329 Α
2304 266 2562 320 benetieia
2595 267 2920 328 Conditoris,
2953 267 3145 334 quibus
3178 274 3228 318 te
3255 266 3415 319 nullis
3457 267 3857 323 intercurrenti-

624 370 942 425 Adbmream
968 366 1064 420 tibi
1097 361 1543 432 inseparabiliter,
1572 360 1786 414 adorent
1816 368 1863 410 te
1892 356 2200 423 infatigabi-
2301 358 2399 409 bus
2426 357 2631 409 meritis
2651 356 2980 415 subiimavit,
3009 366 3062 410 ct
3089 357 3152 408 ad
3178 357 3491 408 memoriam
3518 361 3857 414 rcvocamaia

626 459 766 522 liter,
800 455 1030 511 serviam
1069 455 1161 507 tibi
1197 460 1628 521 perseveranter,
1680 462 1916 516 quaeram
1971 455 2020 498 te
2065 445 2227 501 ηδε-τ
2304 445 2602 507 innumera,
2638 444 2836 512 quibus
2869 446 3105 509 epistle-ai
3155 445 3437 497 beneliriis
3479 457 3565 500 tua
3609 446 3861 514 itti'lutlas

628 552 767 613 liter,
800 546 1072 602 inveniam
1105 554 1158 598 te
1199 543 1449 604 feliciter,
1494 540 1792 609 possideam
1844 549 1893 591 te
1934 537 2199 590 aeternali-

628 652 730 694 ter.
771 639 863 692 llis
904 636 1269 698 sermonibus,
1299 649 1332 686 ο
1357 633 1532 686 anima
1576 644 1711 691 mea,
1745 628 1911 682 Deum
1943 626 2200 696 interpel-

551 787 557 795 η
629 732 788 786 Iando
821 728 1142 790 accendere,
1173 725 1528 786 inﬂammare,
1561 721 1877 782 cxardcscc,
1907 727 1962 772 et
2011 727 2120 771 tota
2148 717 2200 770 in

633 820 752 889 ejus
782 818 1052 874 desiderio
1089 817 1240 883 ignea
1267 811 1398 866 eliici
1427 812 1710 866 contende.

702 913 805 965 Vll.
829 907 1140 965 Rctractatio
1156 915 1480 974 peccatorum
1499 912 1810 965 nostrorum,
1827 900 1888 954 de
1904 900 2087 968 quibus
2110 915 2204 951 nos

627 1001 938 1056 conscientia
988 1008 1159 1049 nostra
1200 995 1315 1062 plus
1366 993 1660 1054 remordet,
1697 1007 1788 1058 per
1823 1007 1938 1060 qua:
1977 989 2203 1056 perdidi-

632 1105 746 1142 mus
773 1091 882 1140 Iiwc
910 1085 1190 1138 omnia.-—
1213 1082 1343 1136 Cutn
1372 1091 1547 1133 autem
1579 1077 1894 1131 consideras
1918 1078 1984 1131 ad
2007 1091 2124 1144 qum
2152 1081 2207 1128 et

631 1185 829 1247 quanta
859 1175 996 1229 bona
1033 1187 1129 1242 per
1177 1172 1293 1239 ejus
1343 1168 1573 1238 gratiam
1607 1166 1882 1236 proiecisti
1911 1205 1924 1230 ,
1967 1173 2202 1220 retracta

628 1271 791 1325 etiam
819 1282 937 1338 qua)
974 1274 1028 1321 et
1063 1271 1260 1334 quanta
1291 1263 1430 1315 bona
1469 1275 1565 1329 per
1604 1267 1747 1312 tuam
1787 1257 1997 1327 culpam
2029 1257 2208 1324 perdi-

632 1359 781 1426 disti,
807 1357 942 1413 etin
979 1370 1098 1425 qua:
1149 1352 1289 1407 mala
1328 1350 1502 1419 culpis
1539 1358 1754 1420 gravata
1798 1347 2068 1402 corruisti.
2105 1346 2208 1401 lico

632 1447 789 1506 volve
840 1442 1158 1514 suspiranda
1198 1440 1337 1495 mala
1367 1454 1486 1508 quae
1525 1437 1771 1507 nequiter
1798 1435 2003 1500 fecisti;
2043 1443 2097 1488 et
2124 1447 2208 1487 re-

636 1515 808 1615 cogita
872 1533 1136 1604 gemenda
1187 1531 1326 1585 bona
1379 1544 1499 1598 qua:
1555 1535 1772 1615 propter
1820 1526 2009 1615 eadem
2069 1524 2204 1615 mala

2304 534 2522 601 indigne
2547 534 2842 602 restiondit,
2881 543 2933 586 ct
2973 549 3219 601 magnum
3266 534 3500 586 dolorem
3541 536 3855 602 parturiens,

2304 625 2474 678 clama
2522 638 2536 676 :
2588 623 2724 690 Quid
2771 623 2906 676 feci?
2955 625 3119 677 Deum
3170 624 3512 686 exacerbavi,
3554 627 3859 679 Creatorem

2305 728 2481 766 meum
2511 715 2579 767 ad
2612 715 2943 767 iracundiam
2974 714 3283 783 provocari,
3318 716 3589 767 beneficiis
3615 716 3729 781 nitus
3765 718 3862 769 iur.

2307 801 2506 854 mensis
2529 802 2810 854 innumera
2839 802 2972 854 tnala
3001 803 3240 869 rependi.
3273 802 3411 868 Quid
3448 803 3580 856 l'eci?
3612 805 3714 856 Sed
3753 808 3863 859 lnrc

2306 888 2512 952 dicens,
2551 904 2650 942 cor
2690 899 2836 943 tuum
2885 892 3079 943 acerbe
3119 901 3360 955 contere,
3403 892 3631 959 gemitus
3659 894 3860 956 emitte,

2308 978 2573 1048 lacrymas
2623 979 2806 1035 funde.
2855 980 2909 1034 Si
2956 981 3100 1034 enim
3147 982 3235 1035 bic
3272 995 3375 1034 non
3407 983 3606 1051 ploras,
3649 986 3866 1051 quando

2307 1069 2579 1138 plorabis?
2604 1070 2658 1123 Si
2693 1079 2744 1124 te
2773 1072 2838 1124 ad
2867 1074 3331 1139 conepunctionem
3361 1087 3463 1125 non
3492 1074 3693 1126 excitat
3719 1089 3869 1127 aver-

2308 1161 2389 1214 sio
2412 1160 2589 1214 vultus
2613 1161 2704 1214 ὓςί
2730 1178 2758 1214 a
2792 1171 2866 1224 te,
2897 1178 3057 1230 quant
3084 1170 3171 1215 tua
3205 1170 3421 1230 peccata
3454 1161 3716 1227 fecerunt,
3740 1180 3865 1216 cons

2309 1253 2506 1322 fringat
2550 1253 2801 1306 duritiam
2851 1263 2995 1306 tuam
3051 1253 3130 1306 vel
3176 1252 3473 1308 enormitas
3521 1253 3866 1308 infcrnalium

2309 1342 2714 1409 suppliciorum,
2744 1355 2906 1409 quam
2935 1357 3096 1412 super
3124 1351 3174 1395 te
3203 1342 3389 1396 eadem
3419 1353 3638 1412 peccata
3673 1357 3869 1413 provoo

2309 1441 2584 1484 caverunt.
2624 1429 2753 1485 Redi
2787 1445 2934 1502 ergo,
2970 1433 3104 1497 redi,
3135 1433 3556 1501 praevaricatris,
3585 1436 3652 1487 ad
3675 1449 3788 1500 eor,
3816 1443 3893 1488 et.

2310 1520 2496 1588 pedem
2521 1520 2589 1594 ab
2617 1519 2802 1574 inferis
2824 1520 3069 1583 estralte,
3106 1533 3158 1575 ut
3190 1522 3370 1575 debita
3399 1521 3536 1576 tnala
3559 1523 3790 1576 evadere
3817 1531 3870 1576 et

635 1592 1016 1683 miserabiliter
1065 1617 1314 1673 amisisti.
1354 1592 1492 1682 ΩιιῘά
1532 1592 1676 1669 evltin-I
1709 1613 1832 1672 boui
1872 1609 2208 1680 prastantis-
2241 1592 2282 1648 η
2310 1604 2507 1660 amissa
2547 1592 2708 1670 bona,
2748 1609 2950 1677 quibus
2973 1607 3114 1674 justo
3153 1610 3411 1678 priveris,
3450 1610 3622 1680 possis
3653 1624 3874 1680 recupe-

637 1719 804 1772 simus
829 1722 953 1768 tuus
998 1709 1223 1778 creator
1253 1719 1349 1760 sua
1402 1701 1497 1758 tibi
1528 1717 1632 1758 non
1675 1701 1901 1757 contulit
1930 1699 2208 1758 bonitate?

637 1806 704 1864 Et
731 1803 858 1875 quid
892 1800 1018 1856 mali
1053 1808 1107 1854 tu
1136 1801 1185 1852 ei
1237 1810 1341 1850 non
1392 1793 1720 1863 rependisti,
1768 1789 2086 1846 exsecrabili
2119 1804 2210 1874 ve:

638 1879 820 1967 getata
871 1889 1193 1962 iniquitate?
1234 1887 1379 1958 Bona
1431 1884 1696 1954 perdens,
1731 1880 1869 1935 mala
1926 1878 2207 1943 meruisti;

643 1989 754 2042 imo
795 1985 935 2039 bona
970 1978 1274 2052 projiciens,
1328 1975 1467 2039 mala
1519 1973 1761 2044 elegisti;
1800 1980 1854 2024 et
1891 1970 2087 2024 amissa
2125 1969 2210 2023 vel

641 2076 821 2146 potius
851 2072 1058 2142 abiecta
1096 2068 1266 2140 gratia
1297 2064 1624 2129 Conditoris,
1667 2063 1802 2117 iram
1833 2060 1949 2129 ejus
1986 2059 2212 2114 misera-

643 2166 829 2223 biliter
858 2159 1156 2219 incurristi.
1189 2157 1302 2212 Non
1332 2166 1416 2210 est
1453 2155 1593 2210 unde
1638 2152 1912 2237 IG‘PMM
1958 2151 2214 2237 innoceo-

640 2267 775 2322 tem,
802 2267 926 2310 eum
947 2249 1210 2305 malorum
1252 2252 1465 2298 tuorum
1493 2235 1719 2295 caterva
1741 2245 1795 2293 te
1837 2237 1984 2291 velut
2006 2235 2215 2291 exercio

641 2354 734 2401 tus
763 2344 1059 2399 immensus
1108 2332 1442 2396 circumdet,
1482 2330 1610 2384 hinc
1660 2338 1950 2396 pravorum
1992 2338 2214 2396 operum

645 2432 842 2508 probra
862 2430 1160 2500 objiciens;
1185 2424 1334 2478 illinc
1362 2420 1632 2477 inutilium
1662 2427 1743 2508 et,
1764 2417 1906 2486 quod
1935 2415 2216 2470 damnabi-

646 2506 751 2582 lius
776 2531 891 2587 est,
932 2517 1359 2590 perniciosorum
1398 2511 1682 2590 verborum
1733 2506 2046 2560 immensam
2091 2517 2215 2557 con-

877 2575 1200 2679 pioferens;
1228 2599 1349 2655 inde
1382 2575 1644 2651 malarum
1690 2591 2218 2689 cogitationumuno-

654 2677 761 2758 lem
784 2677 1050 2755 inﬁnitam
1076 2699 1374 2748 ostentans.
1399 2685 1525 2752 Haec
1545 2691 1692 2746 sunt,
1706 2688 1924 2752 propter
1943 2692 2061 2748 qttte
2081 2677 2218 2731 bona

647 2785 1041 2850 inaestimabilis
1063 2779 1370 2853 perdidisti;
1402 2783 1621 2846 propter
1644 2774 1756 2826 tunc
1777 2767 2081 2824 Conditoris
2101 2779 2222 2836 gra-

2311 1707 2452 1746 rare.
2487 1694 2547 1748 Si
2583 1693 2726 1749 enim
2767 1696 2836 1748 ad
2876 1698 3012 1750 mala
3053 1706 3140 1750 tua
3187 1699 3467 1766 respicias,
3511 1699 3695 1753 otnnia
3729 1700 3872 1754 bona

2310 1797 2430 1851 quae
2474 1781 2567 1839 tibi
2616 1795 2742 1839 sunt
2766 1787 2833 1840 ab
2858 1802 2926 1855 co
2970 1789 3164 1841 collata
3208 1789 3508 1856 perdidisti.
3551 1789 3776 1858 Oportet
3819 1798 3880 1844 te

2313 1872 2477 1940 igitur
2517 1874 2586 1928 ad
2630 1889 2716 1938 ea,
2756 1882 2810 1928 et
2848 1876 3081 1930 maxime
3120 1877 3187 1931 de
3225 1877 3422 1945 quibus
3464 1887 3516 1931 te
3546 1878 3874 1933 conscientia

2312 1962 2530 2032 gravius
2558 1973 2802 2032 accusat,
2831 1978 3045 2036 semper
3081 1967 3270 2022 oculos
3315 1976 3644 2037 retorquere,
3687 1977 3744 2024 ut
3789 1970 3880 2024 ille

2312 2050 2500 2106 oculos
2535 2066 2664 2106 suos
2703 2063 2934 2107 avertat.
2978 2053 3112 2107 Nam
3152 2055 3198 2108 si
3245 2065 3301 2109 tu
3335 2045 3553 2123 p'etcata
3598 2066 3686 2109 tua
3713 2056 3879 2126 digna

2267 2139 2284 2159 ‘
2314 2140 2702 2196 satisfactionis
2723 2141 3020 2198 intentione
3049 2147 3270 2210 avertis,
3297 2192 3299 2194 .
3323 2145 3411 2200 ille
3430 2144 3498 2199 ab
3514 2146 3594 2201 eis
3624 2145 3878 2202 intuitum

2316 2233 2536 2287 ultionis
2569 2232 2788 2287 avertit.
2813 2232 2870 2287 Si
2911 2242 2966 2286 tu
2993 2233 3363 2297 obliv‘isceris,
3405 2234 3492 2288 ille
3531 2236 3877 2290 recordatur.

2387 2319 2522 2376 Vill.
2571 2319 2890 2374 Rctractatt'o
2976 2322 3260 2376 Dominicis
3325 2324 3727 2388 incarnationis,
3788 2340 3885 2394 per

2319 2425 2476 2479 quam
2517 2411 2934 2478 temperavimus
2976 2412 3086 2464 lucc
3122 2415 3318 2465 omnia.
3346 2440 3416 2451 —
3443 2411 3511 2465 Ut
3553 2412 3713 2482 igitur
3756 2415 3885 2469 inde

2319 2489 2586 2565 libereris,
2620 2501 2995 2555 miserationes
3033 2516 3159 2570 erga
3198 2510 3249 2556 te
3289 2503 3365 2555 tui
3395 2502 3770 2564 Redemptoris
3798 2515 3884 2558 at-

2324 2590 2502 2646 tende.
2537 2591 2697 2645 Certe
2721 2591 3000 2659 originalis
3037 2591 3241 2660 peccati
3286 2592 3478 2645 merito
3507 2603 3703 2646 caecata
3730 2609 3882 2655 cras,

2321 2681 2702 2736 sublimitatem
2761 2681 2836 2736 Ini
2890 2681 3197 2736 Conditoris
3251 2681 3432 2736 videre
3490 2698 3593 2736 non
3643 2692 3884 2753 poteras.

2325 2767 2673 2822 Peccatorum
2701 2769 2931 2823 nubibus
2958 2771 3314 2839 circumsepta
3343 2771 3394 2824 in
3436 2771 3661 2826 obscura
3692 2775 3887 2828 tende-

651 2883 726 2935 tia
757 2873 1007 2934 caruisti.
1039 2871 1164 2926 Haec
1199 2866 1439 2936 recogita
1469 2861 1762 2934 gemendo,
1785 2872 1938 2927 geme
1968 2855 2047 2911 cis
2074 2855 2211 2908 abre-

2325 2856 2441 2919 ιω,
2473 2866 2527 2909 et
2555 2857 2621 2909 ad
2654 2868 2886 2911 :eteruas
2919 2861 3164 2912 tenebras
3202 2860 3404 2929 rapidis
3440 2860 3689 2916 fluctibus
3725 2863 3890 2918 vitio-

652 2966 973 3030 nuntiando,
997 2956 1315 3024 abrenttntia
1340 2951 1686 3015 damnando;
1722 2950 1916 3004 damna
1949 2960 2032 3010 ea,
2058 2943 2221 2998 vitam

635 3043 709 3114 ἰιι
739 3057 933 3114 melius
955 3048 1350 3108 commutando.
1365 3045 1598 3099 Luctare
1622 3049 1796 3095 tecum
1820 3037 1875 3092 in
1901 3036 2082 3091 animo
2112 3042 2223 3096 tuo,

652 3165 728 3206 ne
766 3145 960 3202 amodo
1007 3141 1097 3196 vel
1142 3139 1208 3193 ad
1263 3141 1594 3191 momentum
1640 3127 1803 3183 alicui
1855 3123 2079 3178 vanitati
2132 3135 2225 3176 seu

660 3238 851 3300 corde,
883 3245 979 3290 seu
1013 3231 1192 3300 lingua
1215 3269 1231 3293 ,
1279 3228 1394 3282 sive
1422 3263 1437 3287 ,
1483 3219 1624 3291 quod
1657 3231 1880 3273 summa:
1923 3212 2229 3268 damnatio-

663 3333 746 3383 nis
773 3337 878 3390 est,
909 3335 1075 3392 opere
1123 3311 1402 3382 assensum
1445 3312 1705 3383 pmbess.
1748 3307 1835 3361 Sit
1875 3303 2226 3373 quotidiana,

658 3418 771 3474 imo
815 3411 1069 3470 continua
1108 3409 1165 3462 in
1191 3406 1370 3460 animo
1398 3411 1489 3455 tuo
1526 3399 1664 3463 n‘sa,
1696 3411 1764 3451 ne
1799 3393 2081 3476 quodlibet
2106 3404 2227 3445 cum

662 3507 809 3562 vitiis
838 3503 1010 3558 finitus
1042 3499 1298 3553 retineas.
1354 3491 1605 3545 Districte
1647 3485 1983 3553 temetipsam
2020 3491 2230 3545 semper

659 3596 934 3659 examina,
956 3595 1167 3647 secreta
1195 3585 1420 3647 discute,
1436 3589 1491 3636 et
1514 3576 1770 3648 quidquid
1798 3578 1851 3627 in
1879 3582 1930 3626 te
1941 3569 2230 3639 reprobum

665 3682 842 3759 205.
865 3677 1133 3738 inveneris
1149 3717 1164 3743 ,
1233 3673 1405 3745 rigida
1458 3663 1925 3759 animadversione
1953 3666 2190 3759 percute
2208 3696 2225 3719 ,

664 3746 969 3845 prosterno,
1003 3775 1242 3827 contere,
1270 3761 1530 3827 esstirpa,
1563 3755 1784 3845 projice,
1815 3749 1967 3845 etad
2004 3746 2229 3845 sibilum

672 3838 876 3936 iedige.
915 3860 1030 3916 Non
1062 3856 1156 3914 tibi
1179 3866 1394 3926 parcas,
1435 3863 1540 3904 non
1579 3848 1672 3936 tibi
1709 3838 2145 3936 blandiarispse-d

669 3927 958 4014 matutino,
1005 3948 1055 4002 id
1083 3953 1166 4001 est
1205 3943 1257 3998 in
1286 3935 1738 4006 contemplatione
1771 3929 1998 3986 extremi
2022 3927 2228 3997 iudicii,

669 4044 814 4115 quod
853 4039 1000 4095 nocti
1046 4031 1328 4107 praseutis
1366 4029 1492 4082 vim
1535 4035 1788 4094 tanquam
1836 4021 1923 4075 ius
1969 4018 2232 4115 matutina

671 4107 934 4198 succutit,
977 4126 1221 4185 interfice
1258 4134 1446 4178 omnes
1487 4123 1799 4188 peccatores
1837 4120 2016 4176 terrae,
2065 4107 2118 4164 id
2150 4115 2234 4162 est

670 4225 867 4282 delicta
931 4230 1096 4289 atque
1135 4219 1357 4286 peccata
1405 4202 1834 4263 conversationis
1871 4210 2126 4264 terrenas,
2173 4204 2234 4251 ut

675 4313 950 4384 disperdas
994 4288 1060 4365 de
1110 4304 1330 4361 civitate
1373 4297 1606 4359 Domini,
1643 4308 1808 4365 quam
1850 4288 2234 4384 interuetipsa

668 4381 1044 4462 illi—:cdiﬂcare
1087 4399 1275 4459 debes,
1308 4403 1495 4447 Omnes
1533 4393 1822 4458 operantes
1859 4381 2236 4452 iniquitatem,

675 4501 727 4555 il
742 4508 823 4553 est
836 4491 1126 4550 diabolicae
1147 4483 1538 4557 suggestiones,
1551 4476 1778 4534 odibiles
1789 4473 1900 4528 Deo
1928 4471 2237 4528 delectatio-

673 4607 794 4655 nes,
830 4583 1142 4641 mortiferas
1184 4589 1481 4634 consensus
1522 4580 1580 4628 et
1626 4582 1788 4640 opera
1833 4579 2108 4638 perversa.
2156 4563 2238 4618 Ab

677 4679 925 4734 omnibus
949 4673 1014 4728 iis
1043 4678 1300 4738 tanquam
1321 4665 1514 4720 civitas
1542 4661 1634 4716 Dei
1664 4659 1826 4715 debes
1850 4655 2154 4717 entttndari,
2179 4663 2239 4708 ut

680 4766 929 4840 placitam
957 4764 1010 4818 in
1035 4772 1086 4817 te
1114 4757 1446 4814 mansionem
1472 4751 1577 4807 sibi
1604 4751 1836 4818 Creatur
1859 4743 2118 4808 inveniat,
2130 4745 2238 4840 ob-

683 4836 866 4918 liueat,
899 4850 1188 4924 possideat.
1219 4846 1334 4902 Noli
1364 4859 1483 4900 esse
1511 4843 1577 4898 de
1601 4841 1730 4906 illis,
1751 4851 1977 4909 quorum
2009 4836 2240 4906 pertina-

682 4950 818 5002 ciam
863 4945 1002 4998 Deus
1041 4941 1152 5008 ipse
1174 4937 1386 4992 videtur
1420 4933 1692 5005 plangere,
1724 4931 1908 4984 dicens
1954 4945 1967 4980 :
2014 4924 2133 4985 Non
2167 4936 2240 4978 cst

683 5038 769 5108 qui
801 5033 1042 5104 recogitet
1067 5030 1120 5083 in
1150 5029 1302 5083 corde
1325 5041 1441 5090 suo,
1471 5033 1519 5078 et
1549 5024 1687 5075 dicat
1713 5033 1730 5074 :
1758 5019 1896 5085 Quid
1924 5016 2060 5084 feci?
2107 5014 2241 5108 (lsa.

680 5106 812 5186 svu,
867 5125 937 5191 l).
990 5119 1046 5176 Si
1096 5119 1450 5188 reprobautur
1495 5113 1595 5177 illi,
1642 5111 1766 5180 quia
1811 5123 1908 5178 pro
1961 5106 2243 5188 transactis

687 5214 839 5270 malis
887 5210 1207 5267 erubescere
1256 5215 1312 5260 et
1361 5221 1418 5260 se
1472 5199 1868 5273 reprehendere
1933 5197 2240 5256 noluerunt,

691 5315 814 5359 tune
863 5312 920 5356 ιιι
947 5302 1000 5356 in
1030 5301 1322 5355 electorum
1356 5306 1637 5346 numerum
1668 5302 1881 5350 curras,
1909 5285 2242 5355 temetipsam

688 5392 992 5454 convenire,
1019 5387 1331 5459 dijudicare,
1364 5397 1426 5436 ac
1455 5394 1640 5435 severa
1668 5376 1944 5447 disciplina
1977 5374 2245 5442 corrigere

691 5477 966 5549 negliges?
1020 5474 1249 5529 “evolve
1293 5471 1453 5541 igitur
1496 5466 1679 5522 scdulo
1719 5466 1950 5538 cogitatu
1986 5463 2242 5515 immensa

2328 2959 2443 2998 rum
2493 2944 2692 3013 agitata
2739 2943 3054 2999 festinabas.
3111 2946 3176 3000 Et
3223 2961 3351 3002 ecce
3395 2947 3890 3018 ltedemptortuos

2327 3034 2541 3086 creatis
2578 3033 2868 3088 luminibus
2911 3035 3191 3103 collyrium
3231 3047 3350 3094 sun
3376 3036 3763 3104 incarnationis
3791 3056 3889 3111 ap-

2325 3121 2522 3190 posuit,
2550 3129 2609 3175 ut
2627 3136 2746 3190 qua:
2774 3121 2939 3176 Deum
2972 3123 3024 3176 in
3047 3131 3255 3178 secreto
3274 3124 3570 3194 tnajcstatis
3598 3127 3888 3199 fulgentem

2326 3210 2511 3264 videre
2547 3226 2649 3266 non
2688 3221 2924 3281 poteras,
2966 3213 3132 3267 Deum
3180 3215 3231 3268 in
3275 3214 3495 3280 homine
3539 3229 3888 3288 apparentem

2326 3302 2624 3367 aspiceres,
2668 3300 2975 3369 aspicienth
3003 3317 3346 3372 agnosceres,
3383 3310 3726 3374 agnuscendo
3764 3311 3895 3365 dilio

2329 3402 2503 3457 geres,
2533 3389 2759 3457 diligens
2782 3404 2992 3444 summo
3019 3393 3285 3448 sterlioad
3309 3392 3428 3464 eius
3449 3396 3567 3465 glor
3589 3412 3675 3452 sm
3697 3415 3712 3462 ι
3732 3413 3892 3454 srvi--

2330 3479 2448 3532 nire
2476 3488 2777 3547 satageres.
2819 3479 3248 3545 lncarnattts‘est
3285 3491 3344 3538 Il
3375 3491 3430 3538 te
3473 3485 3541 3539 ad
3588 3486 3834 3557 spiritual
3857 3502 3890 3544 a

2331 3577 2635 3623 revocaret.
2661 3568 3030 3646 Mutabiiitatis
3058 3582 3160 3627 tua
3184 3563 3651 3646 partleepsfactus
3682 3587 3788 3644 est,
3831 3587 3893 3634 ιιι

2332 3667 2512 3712 testia:
2537 3645 3096 3716 incommutabilitstis
3131 3645 3446 3734 participem
3468 3663 3698 3722 faceret.
3728 3666 3887 3723 lncli-
3983 3701 3988 3705 -

2332 3747 2482 3802 navit
2507 3762 2569 3801 se
2598 3745 2664 3801 ad
2689 3747 2906 3805 humilia
2940 3759 3048 3814 tua,
3080 3758 3142 3806 ut
3165 3761 3220 3806 te
3244 3753 3564 3810 sublimarct
3586 3756 3652 3810 ad
3673 3758 3890 3813 escelsa

2329 3852 2447 3891 sua.
2475 3837 2550 3892 De
2573 3837 2902 3907 virginitatis
2920 3839 3229 3912 integritate
3255 3851 3416 3900 natus
3455 3854 3558 3913 est,
3587 3855 3649 3903 ut
3681 3863 3896 3918 prava.

2330 3926 2600 3982 ticatricis
2618 3935 2826 3982 natura:
2849 3939 3099 3999 corrupta
3128 3942 3367 3989 sanaret.
3395 3934 3758 3993 Circumcisus
3783 3948 3892 4004 est,

2333 4024 2388 4070 ιιι
2423 4016 2602 4070 omnia
2647 4027 2994 4086 peccatorum
3019 4018 3381 4094 vitiorumque
3410 4024 3675 4097 superﬂua
3718 4025 3893 4085 boeti-

2331 4117 2453 4160 nam
2479 4105 2795 4162 abscindere
2819 4123 2850 4161 a
2876 4123 2936 4162 se
2975 4110 3170 4166 debere
3193 4111 3436 4169 doceret.
3463 4114 3686 4173 oblatus
3713 4127 3800 4174 est
3837 4119 3892 4174 in

2269 4227 2312 4289 υ
2338 4179 2556 4289 temple,
2582 4205 2913 4289 _et_s_sancta
2945 4198 3102 4254 vidua
3133 4212 3436 4271 susceptus,
3475 4213 3534 4259 ιιι
3562 4205 3743 4263 ﬁdeles
3765 4198 3895 4266 suos

2337 4282 2371 4339 tl
2406 4298 2552 4338 mum
2582 4285 2674 4340 Dei
2701 4285 3065 4356 fnthntare,
3090 4298 3234 4345 etut
3247 4305 3370 4346 eum
3391 4306 3700 4352 mereantur
3722 4311 3819 4354 ιιι-ι
3852 4300 3901 4354 ι-

2336 4388 2486 4442 pere,
2551 4376 2732 4430 studio
2801 4378 3108 4434 sanctitatis
3178 4381 3459 4439 intendere
3521 4397 3783 4443 moueret.
3849 4389 3894 4444 Α

2338 4461 2593 4518 Simeone
2619 4478 2751 4519 sene
2780 4476 3060 4536 susceptus
3083 4477 3242 4538 atque
3279 4470 3527 4528 laudatus
3554 4482 3660 4540 cst,
3687 4483 3745 4529 ιιι
3770 4475 3897 4534 vita

2339 4553 2660 4623 gravitatem
2733 4563 2787 4610 et
2849 4571 3060 4610 morum
3114 4559 3483 4615 maturitatem
3541 4577 3605 4618 se
3672 4561 3896 4632 diligere

2341 4643 2688 4712 patefaceret.
2721 4645 3030 4714 Baptizatus
3075 4657 3180 4712 est,
3234 4657 3293 4702 ut
3337 4651 3508 4706 nostri
3554 4651 3897 4723 baptismatis

2340 4746 2680 4792 sacramenta
2743 4737 3131 4792 sanetillcaret.
3183 4737 3240 4793 In
3299 4737 3533 4797 Iordane
3573 4742 3674 4798 sub
3733 4757 3896 4799 statin

2337 4823 2562 4880 Joanis
2583 4839 2643 4880 se
2663 4825 2730 4879 ad
2753 4826 3076 4894 baptismum
3109 4828 3374 4884 inclinans
3399 4839 3681 4901 paternam
3705 4847 3897 4888 vocem

2341 4913 2564 4978 audivit,
2607 4923 2664 4969 et
2709 4912 2944 4984 Spiritus
2989 4916 3167 4970 sancti
3214 4917 3267 4971 in
3314 4917 3560 4974 columba
3605 4919 3894 4993 adventum

2343 5001 2602 5069 suscepit,
2631 5010 2689 5056 ut
2715 5017 2815 5057 nos
2852 5003 3066 5059 doceret
3095 5005 3147 5058 in
3175 5005 3481 5061 humilitate
3519 5009 3715 5063 mentis
3752 5006 3898 5077 (omn

2334 5106 2440 5160 .per
2488 5089 2777 5146 Jordanem
2824 5101 3040 5146 notatur
3087 5110 3100 5146 :
3148 5093 3396 5148 Jordanis
3442 5097 3587 5150 enim
3635 5096 3895 5150 descensio

2343 5197 2519 5234 eorum
2560 5180 2996 5253 interpretatur,)
3036 5183 3231 5237 debere
3259 5182 3572 5252 consistere,
3602 5185 3778 5255 ibique
3804 5199 3895 5240 su-

2345 5271 2495 5338 perni
2529 5270 2703 5324 Patris
2731 5271 2981 5324 honorari
3003 5270 3287 5338 colloquio,
3318 5273 3384 5328 de
3410 5287 3517 5342 quo
3540 5272 3735 5327 dicitur
3767 5273 3893 5342 quia

2346 5367 2460 5417 cum
2498 5365 2811 5433 simplicibus
2856 5364 3214 5434 sermocinatio
3258 5365 3370 5434 ejus
3417 5363 3599 5435 (Prov.
3637 5380 3717 5428 ιιι,
3767 5363 3923 5433 ὖὶκ,

2348 5468 2398 5511 cl
2451 5457 2680 5526 Spiritus
2721 5455 2890 5511 sancti
2947 5454 3228 5524 praesentia
3259 5454 3556 5518 sublitnari,
3606 5456 3692 5526 qui
3735 5465 3897 5522 super
