4190 6198
292 271 382 327 717

1627 254 2042 315 ΜΕῡΠΑΤΙΟΝ
2057 254 2160 312 ES.

3407 248 3513 309 718

287 381 508 436 humiles
548 377 858 450 requiescit.
903 373 971 430 Et
1003 373 1106 430 hoc
1143 373 1243 431 sub
1282 387 1442 430 manu
1474 372 1718 440 Joannis,
1743 375 1832 441 qui
1867 380 1910 436 Α
1940 371 2078 424 ditas
2099 364 2405 436 cupiditatis
2431 360 2750 419 mundanae?
2780 360 2843 416 Et
2873 360 2998 432 quid
3029 371 3110 416 cst
3143 361 3312 417 lutum
3339 361 3507 428 faecis,

286 474 378 527 Dei
405 471 574 544 gratia
603 471 830 533 dicitur;
864 475 921 521 ut
948 465 1122 522 eidem
1151 466 1344 538 gratiae
1377 463 1634 534 quidquid
1666 480 1693 516 a
1729 463 1836 517 Deo

285 563 626 636 percipimus,
674 576 781 615 non
811 558 1016 614 inostris
1040 559 1244 614 meritis
1287 557 1643 612 ascribamus.
1695 554 1837 620 Qua-

283 656 525 724 draginta
549 652 755 706 dierum
775 648 1041 721 completo
1061 648 1266 718 jejunio
1291 645 1562 722 diabolum
1587 661 1705 699 cum
1729 646 1840 699 suis

285 745 624 801 tentamentis
649 755 936 810 superans,
994 741 1239 810 angelico
1276 747 1358 792 est
1391 737 1689 790 ministerio
1726 735 1839 806 glo-

282 835 534 898 riﬂcatus,
563 833 797 888 edet-ens
833 847 930 886 nos
961 839 1074 885 toto
1104 830 1225 883 vita:
1264 825 1545 897 praesentis
1598 834 1838 894 tempore

282 922 666 978 delectationes
691 936 871 974 rerum
910 917 1278 988 temporalium
1325 913 1640 968 declinando
1680 929 1836 967 mun—

283 1015 402 1067 dum
428 1021 549 1066 eum
578 1026 675 1066 suo
709 1011 946 1079 principe
978 1009 1201 1077 pedibus
1240 1004 1438 1059 nostris
1473 1005 1833 1069 substernere,

279 1117 332 1153 et
353 1101 439 1154 sic
475 1101 732 1169 angelicis
771 1098 1035 1168 prasidiis
1069 1097 1409 1150 communiri.
1459 1093 1700 1161 Regnum
1742 1092 1832 1146 Dei

276 1197 616 1263 przedicando
638 1197 825 1250 diebus
846 1209 967 1248 cum
997 1192 1192 1262 populo
1220 1201 1606 1254 commoratur,
1632 1197 1685 1242 et
1707 1201 1836 1240 con-

277 1287 498 1343 ﬂuentes
545 1287 728 1342 turbas
781 1285 1057 1340 miraculis
1084 1294 1139 1339 et
1164 1284 1344 1376 verbis
1373 1283 1630 1346 aediﬁcat;
1663 1278 1842 1336 thCli-'

276 1380 374 1434 bus
405 1387 641 1434 montem
680 1377 1028 1448 frequentans
1061 1373 1397 1431 orationibus
1436 1384 1610 1438 vacat,
1641 1373 1829 1428 admo-

275 1485 406 1523 nens
435 1483 534 1524 nos
559 1482 657 1539 pro
686 1464 1036 1536 congruentia
1075 1463 1333 1534 temporis
1369 1478 1510 1518 nunc
1546 1460 1830 1531 proximis,

273 1560 416 1614 inter
449 1576 586 1629 quos
623 1559 874 1623 vivimus,
916 1558 1095 1614 verbis
1124 1565 1177 1611 et
1203 1553 1466 1626 exemplis
1491 1569 1588 1622 pro
1615 1549 1829 1606 modulo

269 1662 454 1706 nostro
488 1653 611 1705 vitae
646 1652 808 1705 vitam
847 1651 1248 1714 demonstrare;
1299 1663 1442 1702 nunc
1481 1644 1822 1700 solitudinem

269 1743 466 1797 mentis
493 1743 751 1796 adeuntes
797 1750 852 1796 et
895 1741 1150 1795 virtutum
1198 1748 1430 1793 montem
1484 1735 1834 1790 ascendentes
1866 1716 1904 1770 Β

265 1831 534 1888 dulcedini
606 1847 853 1902 superna:
922 1829 1392 1900 contemplationis
1456 1826 1696 1890 inhiare,
1776 1835 1830 1880 et

267 1923 620 1978 intentionem
648 1931 884 1977 nostram
917 1920 1235 1992 infatigabili
1267 1917 1460 1973 affectu
1499 1917 1552 1970 in
1598 1932 1828 1985 superna

265 2017 516 2086 dirigere.
550 2016 604 2070 In
636 2025 816 2071 monte
837 2031 1023 2070 coram
1045 2013 1224 2078 Petro,
1249 2021 1304 2068 et
1329 2011 1513 2074 Jacob,
1543 2020 1598 2064 et
1624 2009 1830 2066 Joanne

266 2106 702 2176 t-ransﬁgttratur,
746 2105 1026 2159 insinuans
1069 2102 1223 2157 nobis
1275 2099 1418 2170 quod
1473 2098 1516 2152 si
1577 2105 1828 2167 tauquam

266 2196 458 2251 Petrus
498 2197 609 2267 (qui
645 2210 926 2265 agnoscens
963 2191 1369 2264 interpretatur)
1408 2198 1645 2244 nostram
1680 2188 1831 2246 inﬁr-

263 2288 506 2341 mitatem
533 2286 802 2340 humiliter
829 2297 1146 2357 agnoscere,
1175 2285 1218 2338 si
1245 2284 1494 2337 vitiorum
1522 2280 1824 2349 supplanta-

259 2387 393 2431 tores
427 2376 594 2445 (quod
618 2374 850 2431 lacubus
879 2380 1059 2444 sonat)
1093 2373 1228 2438 ﬁeri,
1263 2374 1306 2428 si
1340 2371 1438 2425 Dei
1468 2371 1656 2440 gratiis
1684 2373 1826 2438 (qua:

259 2479 355 2534 per
380 2463 603 2520 Joannis
633 2464 1116 2534 n-otnen'innuitur)
1143 2462 1369 2517 ﬁdeliter
1390 2476 1486 2516 nos
1510 2459 1826 2515 submittere

258 2557 374 2612 stud
382 2556 711 2620 uerimus,ad
724 2555 845 2610 Jesu
859 2554 1078 2624 gloriam
1093 2551 1494 2621 contemplanda
1502 2567 1550 2606 nt
1568 2551 1710 2603 illum
1722 2564 1825 2603 cte-

259 2646 447 2701 icstem
473 2653 726 2710 montem,
741 2644 929 2699 eodem
946 2657 1069 2714 rege
1083 2652 1263 2696 nostro
1277 2642 1430 2704 duce,
1457 2639 1682 2694 feliciter
1696 2653 1824 2692 con-

250 2736 594 2792 scendemus.
617 2734 673 2788 lu
689 2734 944 2788 Bethania
959 2733 1122 2804 (quod
1135 2732 1319 2784 domus
1335 2730 1638 2784 obedientite
1657 2729 1826 2783 inter-

255 2827 522 2896 pretatur)
549 2825 808 2879 Lazarum
830 2824 1132 2889 suscitavit,
1162 2821 1449 2877 ostendens
1477 2835 1687 2884 omnes,
1730 2819 1820 2888 qui

255 2920 406 2974 bona:
421 2916 713 2972 voluntatis
733 2912 910 2970 studio
931 2915 1055 2970 huic
1084 2913 1281 2968 mundo
1305 2914 1596 2967 morientes
1625 2910 1676 2962 in
1701 2910 1822 2964 sinu

252 3006 577 3064 obedientim
601 3005 966 3074 requiescunt,
989 3004 1218 3058 invitam
1244 3012 1499 3056 aeternam
1516 3002 1661 3054 abeo
1674 3013 1821 3052 resu-

251 3097 551 3153 scitandos.
589 3094 798 3165 Corpus
824 3106 878 3149 et
903 3094 1217 3164 sanguinem
1241 3108 1396 3146 suum
1413 3089 1690 3159 discipulis
1709 3090 1818 3143 suis

254 3187 312 3243 in
333 3200 490 3244 omna
521 3188 750 3258 mystica
779 3184 999 3244 tradens
1028 3198 1213 3239 eorum
1253 3183 1414 3252 pedes
1445 3180 1719 3235 lmmiliter
1745 3178 1820 3232 la-

253 3277 355 3346 vit,
385 3276 585 3332 docens
614 3283 960 3332 sacrosancta
989 3273 1284 3326 ministeria
1323 3270 1534 3324 mundis
1567 3268 1818 3338 operibus

251 3375 306 3424 et
332 3365 419 3436 pia
454 3365 649 3422 mentis
679 3365 980 3420 humilitate
1009 3359 1818 3419 celebranda.-ltesurrectionis

251 3463 430 3513 sacra!
446 3454 618 3527 gloria
641 3453 1008 3511 sublim’andus
1032 3449 1263 3507 iudibria
1293 3449 1641 3521 perﬁdorum,
1664 3465 1818 3520 aspe-

251 3546 470 3605 rltatetu
495 3544 806 3610 verborum,
839 3543 1017 3600 erucis
1041 3539 1408 3613 approbriutn,
1449 3538 1590 3596 fellis
1622 3539 1818 3594 amari-

253 3621 515 3708 tudinem.
542 3643 595 3691 et
614 3633 680 3690 ad
703 3632 951 3690 ultimum
974 3640 1200 3688 mortem
1221 3631 1500 3694 sustinuit,
1521 3631 1817 3686 admonens

249 3739 381 3783 suos
406 3726 584 3797 utqui
613 3728 734 3795 post
767 3723 1096 3794 mortemiad
1125 3722 1348 3792 gloriam
1380 3721 1665 3792 pervenire
1689 3736 1815 3777 con-

250 3813 494 3880 tendunt,
531 3813 648 3872 vita
673 3813 948 3885 praesentis
969 3811 1246 3885 angustias
1272 3821 1326 3868 et
1355 3810 1584 3878 labores,
1615 3826 1817 3884 pravo-

246 3915 477 3979 rumque
526 3905 902 3980 oppressiones
935 3921 1037 3962 non
1069 3905 1240 3961 solum
1285 3918 1439 3973 equo
1477 3905 1655 3959 animo
1684 3905 1816 3959 tole-

245 4006 391 4062 rent,
422 3997 516 4051 sed
557 3997 736 4051 onmla
785 3994 941 4066 hujus
970 3994 1153 4050 mundi
1204 4007 1392 4064 aspera
1441 4009 1539 4064 pro
1582 3995 1816 4065 premite

247 4087 464 4142 internis
489 4095 690 4152 ament,
706 4093 958 4157 appetant
984 4092 1039 4139 et
1058 4089 1334 4157 gratanter
1349 4085 1656 4157 ειιεςίμὶειιιι.
1692 4085 1814 4142 llaec

245 4176 430 4247 itaque
459 4187 566 4231 tam
617 4180 896 4245 praeclara,
948 4179 1054 4232 tam
1087 4177 1345 4232 immensa
1395 4178 1468 4231 tui
1511 4177 1812 4234 Conditoris

246 4283 372 4338 erga
403 4280 454 4325 te
478 4266 734 4324 beneﬁcia
766 4269 810 4323 si
844 4269 1001 4341 digne
1033 4270 1289 4338 cogitare,
1320 4269 1365 4324 si
1394 4269 1581 4325 devote
1607 4269 1812 4340 amplea

1943 461 2044 516 nisi
2088 459 2224 515 fetor
2269 457 2501 511 carnalis
2528 455 2856 525 voluptatis?
2899 454 3021 510 llaec
3060 469 3125 510 en
3151 468 3203 511 ω
3253 463 3377 512 sunt
3406 454 3515 514 duo.

1945 550 2259 616 retinacula,
2291 548 2486 619 quibus
2525 548 2815 602 humanum
2865 561 3032 616 genus
3071 561 3141 601 ne
3183 548 3250 602 ad
3297 550 3510 606 beaLtm

1941 657 2183 710 superna:
2229 637 2692 708 contemplationis
2740 637 2918 691 tendat
2964 637 3295 703 libertatem,
3339 637 3514 694 ﬂenda

1939 735 2260 787 contritione
2305 733 2465 802 206
2501 730 2850 800 prmpedi'tur,
2899 731 3034 798 cupii
3058 731 3162 786 itas
3210 731 3413 787 scilicet
3456 741 3514 790 cl

1940 825 2203 894 voluptas.
2252 823 2388 878 Vere
2442 824 2583 877 enim
2641 823 2785 877 iacus
2833 822 3064 877 miseria:
3115 833 3196 878 cst
3245 823 3510 893 cupiditas

1939 919 2228 982 mundana,
2272 930 2389 985 qua}
2416 923 2646 968 mentem
2674 931 2830 985 quam
2873 929 2972 969 suo
3009 914 3242 968 dominio
3273 916 3509 984 subiicit,

1938 1024 2030 1077 per
2071 1009 2356 1062 innumera
2388 1005 2674 1069 desideria,
2709 1005 2850 1060 velut
2895 1005 3214 1089 quibusdam
3264 1006 3310 1062 \i
3338 1007 3507 1070 Icnlis,

1938 1101 1990 1154 in
2048 1099 2368 1170 profundum
2415 1099 2662 1152 vitiorum
2719 1097 2903 1162 trahit,
2955 1115 3052 1153 nec
3106 1113 3224 1152 eam
3273 1099 3508 1168 reipient

1937 1191 2096 1246 ullam
2123 1193 2319 1247 habere
2343 1190 2627 1260 permittit.
2663 1187 2810 1243 Mens
2849 1203 3076 1259 namque
3103 1188 3339 1245 immittis
3364 1191 3514 1260 cupi-

1935 1267 2126 1340 ditatis"
2145 1298 2398 1353 oppressa
2423 1282 2574 1353 jugo,
2615 1295 2797 1334 amore
2827 1295 3005 1335 rerum
3035 1281 3174 1334 visib
3195 1280 3326 1334 hum
3353 1290 3507 1336 extra

1933 1390 1993 1430 se
2018 1374 2305 1444 spargitur,
2335 1381 2389 1427 et
2418 1386 2513 1442 per
2550 1368 2791 1431 diversas
2816 1368 2975 1423 animi
3012 1368 3290 1440 passiones
3324 1379 3510 1440 rapta-

1936 1474 2037 1520 tur.
2073 1465 2361 1520 Devastant
2387 1463 2529 1518 illam
2552 1462 2704 1518 labor
2729 1466 2778 1517 in
2807 1463 3152 1532 acquirendo,
3185 1461 3426 1519 anxietas
3452 1464 3509 1521 in

1933 1555 2358 1625 multiplicando,
2391 1554 2644 1624 gaudium
2676 1554 2728 1607 in
2774 1553 3114 1622 possidendo,
3153 1554 3314 1608 timor
3343 1555 3506 1612 antit-

1933 1647 2099 1712 teudi,
2145 1646 2295 1702 dolor
2325 1662 2445 1700 cum
2472 1646 2738 1711 amiserit,
2773 1661 2872 1700 nec
2913 1645 2964 1698 in
3007 1645 3221 1715 quantis
3253 1645 3506 1716 periculis

1931 1741 2000 1794 sit
2028 1739 2244 1794 omnino
2267 1751 2385 1792 eam
2413 1738 2593 1792 videre
2623 1739 2960 1808 permittunt.
2994 1735 3091 1790 llic
3125 1747 3205 1792 est
3227 1737 3374 1793 lacrs
3406 1739 3506 1792 mi-

1931 1831 2103 1894 seriae,
2141 1844 2300 1900 quem
2352 1829 2514 1883 tantis
2564 1827 2721 1883 malis
2771 1832 3036 1883 mundana
3087 1831 3351 1899 cupiditas
3400 1846 3505 1885 non

1930 1921 2125 1975 desinit
2155 1921 2394 1990 implere.
2426 1920 2501 1974 De
2544 1920 2643 1974 hoc
2675 1920 2790 1973 lacu
2829 1919 3013 1974 beatus
3047 1920 3209 1974 David
3237 1936 3295 1974 se
3324 1928 3506 1991 gratu-

1930 2010 2152 2084 labatur
2184 2023 2448 2080 ereptum,
2486 2026 2606 2064 cum
2639 2013 2838 2081 gratias
2883 2027 3044 2079 agens
3087 2012 3414 2080 loqueretur,
3443 2022 3505 2068 et

1929 2105 2166 2160 diceret:
2201 2103 2398 2158 Eduxit
2436 2121 2513 2158 me
2553 2103 2615 2158 de
2639 2105 2756 2158 lacn
2806 2105 2931 2157 mie
2963 2105 3026 2157 ire
3053 2114 3098 2157 et
3134 2105 3197 2156 de
3225 2103 3332 2157 Iulo
3358 2104 3505 2173 [aris

1929 2197 2102 2266 (Psal.
2133 2212 2317 2257 χχχιχ.
2349 2197 2425 2264 3).
2456 2195 2592 2261 Quid
2638 2206 2720 2250 est
2765 2195 2932 2249 lutum
2983 2195 3063 2248 fani
3081 2195 3166 2250 is?
3211 2194 3505 2252 Delectatio

1929 2289 2218 2342 immundae
2279 2285 2585 2357 voluptatis.
2641 2285 2893 2340 Exi-larua
2947 2301 3076 2356 ergo
3126 2287 3334 2343 fortiter
3381 2302 3498 2342 cum

1927 2380 2082 2432 beato
2115 2377 2298 2443 David,
2328 2387 2385 2431 et
2410 2377 2494 2432 die
2534 2376 2777 2432 Creatori
2819 2386 2950 2432 tuo:
2985 2376 3142 2446 Ειὶμρ
3171 2393 3250 2431 ma
3279 2377 3342 2430 de
3367 2375 3498 2439 luto,

1926 2481 1979 2521 ut
2009 2485 2112 2522 non
2138 2468 2326 2537 inﬁgar
2351 2466 2522 2538 (Psal.
2555 2482 2744 2533 LXVIII,
2779 2467 2868 2537 15)
2918 2467 3087 2538 Terge
3111 2482 3205 2523 cor
3246 2473 3394 2521 tuum
3433 2467 3502 2522 ab

1925 2558 2068 2611 anni
2099 2558 2500 2626 inquinamento
2526 2556 2756 2610 carnalis
2793 2555 3182 2620 deliic'ationis,
3221 2556 3504 2627 cogitatio-

1924 2665 2020 2704 nes
2052 2650 2353 2703 immundas
2400 2649 2468 2704 ab
2513 2651 2696 2704 animo
2722 2660 2812 2704 tuo
2851 2649 3096 2713 exclude,
3141 2651 3184 2706 si
3218 2651 3376 2720 hujus
3403 2649 3500 2708 luti

1923 2742 2111 2796 sordes
2156 2741 2307 2810 cupis
2351 2740 2597 2795 evadere.
2642 2739 2748 2794 Sed
2799 2755 2918 2794 cum
2949 2737 3277 2810 pmnitendo,
3327 2742 3501 2797 conﬁ-

1925 2830 2106 2891 tendo,
2137 2828 2332 2893 ﬂendo,
2378 2837 2432 2882 et
2471 2836 2688 2884 sanctas
2722 2828 3074 2899 cegitationes
3102 2829 3253 2884 cordi
3283 2839 3374 2887 tuo
3414 2845 3501 2886 se-

1922 2916 2044 2971 dule
2078 2916 2370 2985 ingerendo
2401 2919 2663 2982 evaseris,
2705 2919 2827 2972 inde
2862 2935 2928 2973 ne
2959 2920 3203 2986 recidas;
3249 2919 3343 2978 sed
3373 2921 3502 2978 tutis

1923 3006 2234 3075 praecordiis
2255 3013 2387 3060 ante
2418 3005 2582 3060 Deum
2621 3006 2853 3074 suspira,
2889 3006 3003 3074 eius
3030 3007 3375 3063 clementiam
3403 3007 3500 3063 de~

1921 3110 2146 3162 precans
2183 3104 2240 3148 ut
2264 3103 2465 3150 statuat
2494 3110 2655 3165 supra
2687 3105 2895 3164 petram
2925 3096 3088 3166 pedes
3115 3109 3251 3161 tuos,
3287 3098 3342 3152 id
3383 3107 3494 3164 est,

1920 3183 2229 3239 aﬂ‘cCIiones
2253 3186 2434 3239 cordis
2487 3185 2562 3239 tui
2599 3186 2798 3240 Christi
2844 3186 3134 3242 viridibus
3168 3187 3383 3255 solidet,
3429 3194 3493 3244 Its

1918 3274 2145 3331 collocct
2189 3291 2247 3332 se
2289 3291 2440 3331 mens
2471 3286 2562 3330 tua
2609 3292 2768 3346 supra
2816 3277 3212 3334 firmamentum
3247 3277 3494 3348 iustitia,

1916 3373 2231 3419 constanter
2260 3365 2478 3421 Christo
2523 3365 2822 3429 adherens,
2856 3371 2922 3423 de
2949 3385 3056 3440 quo
3103 3369 3305 3426 diciLur
3351 3354 3496 3444 quod

1921 3451 2088 3520 factus
2106 3463 2182 3506 est
2212 3454 2355 3507 nobis
2379 3454 2696 3525 sapientia-tt
2727 3451 2856 3522 Deo,
2881 3466 2930 3510 et
2948 3457 3188 3528 justitia,
3224 3469 3275 3514 et
3298 3462 3495 3518 sanctit-

1916 3540 2092 3609 βιαιῖο
2122 3539 2170 3610 (1
2197 3541 2320 3596 Cor.
2346 3557 2392 3605 ι.
2420 3544 2530 3612 30).
2565 3542 2669 3599 Ora
2698 3546 2863 3600 etiam
2919 3559 2977 3601 ut
3026 3549 3222 3620 dirigat
3272 3565 3494 3619 gressus

1919 3640 2059 3695 tuos,
2116 3647 2184 3687 ne
2232 3632 2578 3689 reﬂectantur
2626 3634 2678 3692 in
2730 3637 2785 3694 vi
2813 3637 2899 3701 la;
2947 3637 3041 3697 sed
3100 3641 3153 3699 in
3211 3643 3495 3719 pIteceptis

1916 3719 2228 3778 cmlestibus
2271 3721 2545 3781 inﬂexibili
2581 3737 2725 3784 statu
2755 3731 3062 3800 proﬁciant,
3093 3745 3147 3790 et
3179 3737 3245 3792 ad
3276 3739 3490 3796 beatam

1914 3811 2224 3880 angelorum
2251 3814 2475 3882 patriam
2502 3823 2609 3871 tota
2636 3817 2931 3877 intentione
2953 3821 3226 3880 festinent.
3252 3825 3353 3882 Sed
3387 3828 3481 3884 tali

1916 3902 2210 3964 directione
2231 3901 2570 3972 sublimatus,
2585 3907 2689 3963 noli
2716 3923 2837 3966 esse
2866 3911 3022 3984 piger
3053 3913 3105 3970 in
3144 3913 3302 3974 laude
3325 3909 3492 3976 Crea-

1918 3996 2079 4061 toris;
2111 3997 2206 4052 sed
2231 3989 2361 4068 'ejus
2389 3999 2730 4058 clementiam
2759 4004 3024 4076 supplica,
3056 4018 3114 4064 ut
3146 4011 3405 4074 immittat
3432 4016 3487 4072 in

1915 4101 1976 4143 os
2005 4096 2154 4143 tuum
2202 4090 2474 4148 canticum
2512 4107 2730 4162 novum,
2756 4103 2816 4150 ut
2851 4097 3006 4170 digna
3053 4103 3337 4163 devotione
3362 4119 3488 4172 caro

1916 4193 2038 4272 nem
2064 4179 2172 4237 Deo
2205 4194 2387 4270 nostro
2427 4185 2701 4245 decantes.
2732 4189 2961 4262 Dignum
3005 4203 3089 4248 est
3115 4196 3259 4253 enim
3289 4212 3348 4254 ut
3389 4216 3488 4272 per

1911 4270 2037 4323 vitae
2079 4271 2371 4328 novitatem
2401 4273 2510 4330 Deo
2537 4277 2741 4333 sociata
2780 4283 2922 4338 cauti
2956 4301 3047 4342 υιιι
3079 4286 3133 4344 in
3166 4288 3282 4358 ejus
3316 4270 3489 4352 laudi—

246 4358 338 4453 ςιί,
365 4357 410 4411 οἱ
448 4355 648 4453 fervida
678 4357 941 4453 charitate
969 4357 1166 4413 imitari
1189 4358 1490 4453 studueris;
1517 4360 1812 4453 nonmodo
1833 4377 1886 4432 υ
1913 4361 2012 4418 bus
2040 4377 2257 4421 resoaes
2303 4380 2522 4453 novum,
2576 4376 2894 4443 contemptis
2939 4387 3178 4448 tempore
3195 4355 3341 4453 ilus,
3368 4385 3482 4444 sola

247 4448 384 4502 bona
408 4463 503 4518 per
536 4451 765 4519 primum
807 4459 1080 4521 parentem
1114 4449 1308 4503 amissa
1335 4450 1695 4517 recuperabis,
1721 4453 1810 4507 sed

247 4537 412 4593 multo
453 4539 658 4609 potiora
689 4553 785 4608 per
810 4538 1125 4593 iueﬂ'abilem
1161 4537 1456 4593 Salvatoris
1485 4538 1556 4592 tui
1582 4541 1807 4607 gratiam

242 4629 569 4684 atematiter
597 4628 910 4699 possidebis.
958 4627 1074 4698 ipse
1104 4643 1332 4698 namque
1384 4629 1522 4684 Deus
1554 4641 1674 4684 tuus
1715 4647 1811 4700 per

243 4716 630 4774 incarnationis
656 4720 966 4790 mysterium
995 4719 1167 4775 factus
1195 4719 1368 4776 frater
1390 4731 1531 4787 tuus,
1557 4721 1682 4791 quiJ
1714 4722 1805 4777 tibi

244 4807 615 4862 inenarrabilis
660 4808 835 4877 gaudii
865 4809 1186 4874 eausaverit,
1216 4810 1339 4865 dum
1371 4820 1615 4865 naturam
1648 4825 1809 4880 super

239 4911 457 4952 onmem
484 4907 783 4954 creaturam
812 4899 1009 4955 videris
1035 4901 1087 4956 in
1114 4916 1179 4957 eo
1199 4904 1520 4957 exaltatam!

311 4985 399 5040 lx.
431 4987 581 5053 Quod
608 4990 862 5043 orandum
886 4990 974 5056 sit,
999 5000 1052 5044 ut
1070 4994 1135 5045 de
1158 4991 1277 5044 lacu
1299 4992 1522 5046 miseria
1541 4993 1803 5061 eripiam,

241 5087 287 5130 et
311 5077 375 5132 de
409 5078 519 5132 luto
542 5079 778 5147 fwcis.—-
803 5081 940 5147 Quid
969 5098 1095 5152 ergo
1117 5082 1229 5152 jam
1267 5094 1454 5149 restat,
1483 5083 1583 5138 nisi
1628 5091 1704 5149 ut,
1738 5083 1802 5139 iis

242 5170 489 5227 omnibus
518 5174 672 5243 digne
701 5176 1073 5241 consideratis,
1119 5177 1290 5231 modis
1331 5176 1575 5230 omnibus
1599 5177 1667 5229 ad
1696 5177 1803 5230 ha:-

243 5260 521 5315 reditatem
577 5273 840 5318 lautorum
895 5267 1156 5320 bonorum
1214 5277 1442 5322 mentem
1485 5268 1796 5332 snecendas,

231 5348 518 5423 ipsumque
567 5355 654 5423 qui
704 5365 753 5408 te
779 5357 880 5409 alia
935 5358 1252 5425 possidenda
1283 5358 1504 5425 creavit,
1544 5349 1802 5412 continua-

1911 4462 2114 4513 zterna
2167 4449 2509 4526 desiderans;
2571 4477 2668 4520 nec
2715 4462 2828 4533 jam
2880 4467 3070 4526 liotore
3125 4449 3342 4542 pense,
3386 4481 3482 4536 sal

1911 4544 2358 4612 amerejustitiar.
2411 4549 2606 4608 ditinze
2653 4554 2752 4625 legi
2797 4559 3192 4624 obtemurans.
3246 4564 3358 4623 lloc
3393 4582 3483 4626 est

1907 4634 2049 4690 enim
2077 4637 2344 4693 canticum
2375 4655 2573 4696 novum
2604 4645 2712 4700 Deo
2741 4656 2866 4703 cant
2903 4664 2981 4714 re,
3015 4653 3215 4711 veteris
3245 4655 3479 4715 hominis

1907 4727 2087 4813 studia
2125 4741 2425 4798 conterere,
2461 4743 2518 4789 et
2564 4737 2687 4793 novi
2723 4740 2958 4798 tominls
2996 4742 3109 4800 vias
3148 4761 3280 4816 quas
3309 4746 3476 4806 Filius

1907 4817 2001 4875 Dei
2034 4821 2233 4878 mundo
2264 4823 2667 4893 demonstravit,
2726 4840 2838 4887 ιιι)
2884 4845 3077 4891 conatu
3115 4839 3316 4904 cordis,
3357 4841 3475 4898 solo

1905 4908 2176 5006 desiderio
2202 4913 2328 4969 vita:
2361 4913 3040 5006 pennanentiaiacedcre.
3079 4905 3304 4983 Carmen
3339 4944 3475 5006 quo-

1903 5012 2012 5067 que
2029 5000 2304 5068 decantat,
2329 5005 2423 5074 qui
2445 5006 2642 5075 gaudia
2672 5009 2760 5063 illa
2791 5013 2976 5081 patria:
3003 5013 3236 5072 emicans
3269 5018 3320 5073 in
3358 5000 3472 5076 nte‘

1904 5089 2072 5144 moria
2101 5106 2250 5162 puras
2283 5097 2478 5152 mentis
2507 5105 2758 5166 retentat,
2784 5111 2841 5158 et
2859 5104 2925 5158 ad
2959 5106 3170 5173 eadem,
3192 5108 3372 5167 consil
3389 5131 3471 5166 »ιμ-

1904 5179 1975 5233 tia
2023 5190 2225 5238 sancta
2267 5185 2391 5239 vita
2427 5186 2676 5244 snﬂnltus
2720 5199 2777 5246 et
2823 5207 3064 5263 supernae
3096 5196 3282 5269 gratiae
3323 5199 3467 5258 dono

1900 5269 2180 5338 subnixus,
2212 5275 2410 5343 satagit
2438 5280 2740 5345 pervenire.

1967 5357 2036 5413 Χ.
2083 5361 2803 5423 Considerutioxmiseriarum
2850 5372 3005 5441 hujus
3043 5374 3178 5427 vim.
3207 5404 3279 5415 —
3318 5354 3464 5436 Inter

241 5438 619 5535 supplicatione
643 5441 919 5510 deposcas,
949 5456 1004 5499 ut
1034 5456 1086 5499 te
1114 5448 1179 5501 de
1217 5446 1332 5500 lacu
1361 5447 1620 5512 miseriae,
1653 5456 1706 5501 et
1733 5448 1798 5502 de
1896 5447 2013 5502 haec
2064 5460 2242 5528 autem
2286 5453 2534 5508 miserias
2571 5457 2689 5510 vitae
2736 5438 3011 5527 praesentis
3066 5467 3350 5535 perpende,
3402 5477 3460 5523 et

243 5527 350 5626 tino
374 5528 519 5626 faecis
542 5534 754 5605 eripiat,
785 5546 838 5589 et
871 5545 1029 5592 tanta:
1057 5539 1402 5594 beatitudinis
1434 5553 1793 5602 possessorem
1893 5553 2016 5595 cum
2052 5527 2250 5612 quanta
2280 5545 2486 5604 cautela
2536 5546 2587 5601 ίη
2616 5561 2680 5602 ε,
2731 5552 2822 5608 um
2854 5527 3132 5609 vivendu'm
3163 5527 3236 5611 "su
3269 5527 3460 5626 pg”;-

241 5619 471 5684 eﬁiclat?
493 5622 628 5690 Quid
661 5635 741 5682 est
768 5638 944 5684 autem
986 5629 1132 5688 lacus
1163 5632 1408 5706 miseriae,
1444 5631 1543 5690 nisi
1570 5629 1791 5702 profun-

1894 5630 1985 5702 ειη
2028 5633 2188 5693 corde
2214 5634 2446 5697 m'olve.
2477 5636 2771 5698 Considera
2803 5650 2854 5700 te
2880 5646 2943 5703 de
2983 5645 3124 5704 illius
3156 5662 3274 5704 esse
3314 5661 3457 5709 can-
