4190 6208
686 187 790 244 7w

1062 191 1119 245 S.
1157 187 1452 244 ANSELMI
1491 190 1831 247 CANTUAR.
1863 189 2181 249 ARCHIEI’.
2225 194 2372 251 OPP.
2415 197 2594 254 PARS
2633 198 3134 256 Il.——PARIENET.
3168 202 3251 257 ET
3275 204 3517 262 ASCET.

3855 34 4137 120 rem

3827 211 3927 266 ’ῖξο

681 304 870 369 mliti,
901 304 966 359 de
989 322 1100 377 quo
1122 302 1400 372 Scriptura
1424 296 1589 359 dicit:
1613 303 1736 360 Viro
1773 308 1924 378 cujus
1947 307 2249 361 abscondita
2281 317 2325 370 Α
2356 321 2442 362 tua
2471 321 2741 364 exerceat.
2772 313 2841 367 lis
2883 314 3086 369 intenta
3124 330 3161 368 ~a
3188 331 3387 382 rerum,
3421 319 3669 374 nutiliun.
3704 325 3850 379 curis
3875 338 3926 382 ct

681 411 756 454 est
781 401 886 462 ria,
911 409 958 455 et
980 401 1323 462 circumdedit
1345 417 1462 454 eum
1487 401 1740 456 Dominus
1780 402 1999 455 tenebris
2023 399 2141 470 (Job
2169 416 2247 464 nt,

679 490 792 564 33).
834 493 971 549 Vere
1020 495 1159 550 enim
1211 494 1475 564 profunda
1509 494 1826 565 ignorantiae
1861 494 2098 547 caecitate
2147 493 2251 546 cir-

675 585 972 649 cumdaris,
1006 587 1096 656 qui
1136 588 1314 642 nescis
1352 589 1617 657 quomodo
1667 587 1806 640 Dens
1855 594 2042 655 penset
2087 598 2249 652 opera

679 685 792 740 tua,
842 687 898 732 et
925 675 1138 746 qualem
1189 678 1349 733 linem
1384 677 1461 732 sis
1491 675 1770 730 habiturus
1801 674 2034 745 ignoras.
2073 670 2247 728 Νρεεὲι

673 768 849 834 homo,
879 769 955 821 ait
983 766 1260 832 Salomon,
1293 779 1462 821 utrum
1493 767 1638 830 odio,
1663 784 1732 821 an
1753 782 1931 820 amore
1951 766 2139 834 dignus
2157 767 2244 828 sit,

672 858 763 911 sed
787 860 965 914 omnia
989 870 1260 914 servantur
1278 871 1439 921 usque
1461 861 1514 912 in
1531 858 1688 927 ﬁnem
1723 859 1919 910 incerta
1943 853 2142 924 (Eccle.
2167 871 2246 921 is,

673 946 751 1019 1).
785 948 930 1006 Pone
981 952 1032 1018 in
1076 950 1256 1005 animo
1284 959 1379 1006 tuo
1430 959 1483 1005 te
1529 951 1715 1005 videre
1767 948 2000 1018 aliquam
2053 946 2247 1001 vallem

672 1040 1008 1110 profundam,
1047 1043 1410 1105 tenebrosam.
1448 1058 1608 1098 omne
1651 1057 1822 1113 genus
1852 1051 2244 1096 tormentorum

671 1134 913 1200 infunde
951 1133 1254 1188 habentem.
1297 1134 1486 1202 Cogita
1534 1132 1766 1202 desuper
1797 1143 2012 1203 pontem
2055 1149 2243 1200 unum,

675 1222 835 1294 longo
858 1223 1037 1293 spatio
1065 1231 1366 1288 extentum,
1421 1223 1476 1276 in
1534 1223 1817 1278 latitudine
1849 1233 2055 1278 tantum
2083 1225 2247 1282 unius

665 1315 820 1387 pedis
868 1327 1176 1372 timusnram
1221 1322 1508 1369 tenentem.
1552 1313 1704 1369 llunc
1753 1314 1916 1385 igitur
1961 1323 2066 1370 tam
2115 1317 2245 1372 stri-

663 1414 835 1470 ctum,
881 1413 986 1457 tam
1028 1404 1213 1470 altum,
1245 1413 1353 1458 tam
1390 1403 1748 1472 periculosum
1777 1412 1999 1473 pontem
2043 1406 2086 1460 si
2119 1407 2242 1474 qui-

666 1499 794 1555 libet
827 1498 1058 1553 transire
1099 1507 1406 1569 cogeretur,
1455 1495 1607 1566 cujus
1631 1497 1770 1555 oculi
1823 1497 2141 1569 ligarentur,
2176 1514 2242 1553 ne

665 1605 886 1660 gressus
929 1590 1171 1655 videret;
1211 1590 1368 1662 cujus
1399 1606 1591 1646 manus
1638 1601 1785 1646 retro
1812 1592 2242 1662 constringeren-

2353 400 2772 468 cogitationibus
2815 417 2874 455 se
2905 414 3116 470 avocet,
3163 417 3216 461 et
3250 416 3412 463 totam
3453 424 3510 465 se
3545 409 3612 464 ad
3647 413 3759 468 haec
3789 417 3923 470 mala

2353 487 2622 558 fugienda,
2651 498 2705 545 et
2725 493 2789 546 ad
2809 501 3010 548 arterna
3035 497 3171 549 bona
3203 500 3554 566 capessenda,
3579 502 3752 558 sancti
3773 505 3923 559 timo-

2357 581 2431 635 ris
2461 591 2516 636 et
2536 583 2676 637 beati
2701 586 2902 639 amoris
2930 585 3053 655 igne
3084 573 3395 642 succendat.

2424 672 2511 727 XI.
2554 675 2628 727 De
2673 693 2910 744 corpore,
2935 688 3046 746 post
3096 677 3288 733 anima:
3320 680 3623 737 discessum.
3659 715 3730 725 --
3757 686 3842 740 Ad
3877 697 3928 742 te

2346 764 2457 834 jam
2489 766 2668 831 redeo,
2707 767 3014 822 dulcissime
3055 768 3301 836 Creator,
3335 780 3388 826 et
3415 772 3795 842 benignissime
3822 776 3867 830 Β
3900 806 3926 816 -

2351 857 2616 926 demptor,
2653 860 2913 914 t'orma:or
2956 869 3011 914 et
3047 859 3369 920 reformator
3406 879 3578 930 meus,
3629 868 3768 920 votis
3800 883 3922 937 sup-

2349 944 2539 1015 plicius
2588 957 2730 1002 tuam
2777 949 3070 1020 implorans
3141 953 3438 1022 pietatem,
3491 962 3549 1008 ut
3593 955 3788 1011 doceas
3833 975 3928 1012 cor

2349 1054 2527 1092 meum
2557 1039 2706 1094 vitali
2742 1040 2934 1096 timore
2973 1051 3028 1096 et
3055 1040 3278 1097 salutari
3313 1053 3546 1100 tremore
3575 1047 3923 1108 considerare

2347 1144 2380 1200 q
2420 1144 2506 1184 am
2553 1129 2714 1186 fetida
2758 1140 2814 1186 et
2837 1147 3000 1201 quam
3043 1120 3254 1203 lugubri
3295 1135 3606 1191 conditione
3635 1153 3766 1191 caro
3795 1153 3918 1192 mea

2347 1233 2468 1293 post
2515 1222 2744 1288 obitum,
2795 1225 2990 1295 spiritu
3045 1228 3188 1295 quod
3234 1226 3301 1280 ad
3355 1242 3594 1297 praesens
3643 1238 3926 1300 vegetatur

2347 1313 2600 1379 viduata,
2656 1313 2924 1390 putredini
2981 1324 3038 1370 et
3091 1316 3365 1371 vermibus
3428 1316 3668 1372 tradatur
3728 1334 3925 1372 consu-

2345 1390 2561 1458 menda.
2614 1403 2712 1460 Ubi
2745 1413 2873 1460 tunc
2907 1406 3032 1474 erit,
3059 1407 3104 1473 si
3135 1421 3240 1476 qua
3269 1409 3428 1462 modo
3457 1416 3560 1474 est,
3609 1409 3675 1462 de
3692 1425 3802 1479 qua
3832 1424 3923 1463 su-

2344 1493 2542 1561 perbit,
2600 1493 2942 1563 pulchritudo
2990 1494 3136 1565 ejus;
3198 1498 3500 1566 exquisita»,
3545 1498 3742 1568 quibus
3777 1513 3924 1553 nunc

2344 1581 2551 1648 deﬂuit,
2581 1583 2785 1638 delicia:
2837 1583 3009 1650 illius;
3053 1585 3262 1641 delicati
3311 1587 3500 1640 artus?
3549 1586 3738 1644 Nonne
3793 1598 3922 1641 tunc

669 1692 780 1745 tur,
811 1696 878 1737 ne
903 1680 986 1736 vel
1017 1681 1208 1736 baculo
1233 1661 1336 1737 iter
1351 1697 1504 1736 suum
1527 1682 1795 1754 palpando
1821 1697 2006 1754 regem
2026 1661 2238 1752 posset;
2275 1661 2315 1714 Β
2344 1689 2470 1728 vere
2503 1673 2810 1744 iinplebitnr
2865 1675 2916 1730 in
2964 1689 3027 1731 ea
3080 1675 3207 1731 illud
3258 1677 3673 1762 propheticum:
3738 1676 3921 1732 Omnis

661 1772 789 1845 quid
821 1773 1052 1838 timoris,
1095 1773 1290 1843 quidve
1319 1773 1578 1843 angustiae
1607 1782 1765 1843 putas
1790 1774 1841 1828 in
1869 1772 2051 1829 animo
2085 1789 2241 1844 gere-

661 1863 786 1919 ret?
817 1863 1045 1918 Essetne
1080 1863 1153 1917 illi
1181 1864 1376 1933 aliquis
1409 1864 1558 1919 locus
1609 1863 1827 1930 laetitizc,
1865 1864 2234 1935 jucunditatis,

660 1955 778 2011 sive
816 1952 1216 2017 lasciviaﬂNon
1241 1954 1387 2023 puto.
1419 1953 1736 2017 Auferretur
1767 1953 1943 2010 omnis
1966 1955 2235 2023 superbia,

660 2061 804 2101 vana
828 2045 998 2118 gloria
1032 2037 1349 2116 fugaretur,
1377 2046 1548 2101 solius
1576 2047 1770 2103 mortis
1800 2047 1851 2100 in
1880 2053 2060 2101 mente
2092 2054 2240 2100 tene-

658 2137 818 2192 brosa
861 2136 1032 2207 caligo
1085 2146 1410 2191 versaretur.
1483 2136 1671 2192 Adhuc
1717 2135 1888 2207 cogita
1941 2134 2238 2190 crudelium

658 2229 840 2284 avium
891 2239 1129 2284 monstra
1164 2229 1306 2282 circa
1343 2237 1558 2298 pontem
1597 2229 1897 2292 volitantia,
1929 2235 1985 2281 et
2015 2227 2067 2280 in
2115 2242 2237 2296 ιιι·οο

661 2319 886 2376 fundum
950 2329 1314 2376 transeuntem
1367 2320 1681 2390 pertrahere
1725 2319 2018 2390 cupientia,
2062 2333 2239 2373 nonne

657 2413 820 2472 timor
873 2397 1199 2486 augebitur?
1223 2413 1360 2480 Quid
1401 2415 1474 2478 si,
1507 2428 1573 2469 eo
1595 2421 1927 2478 transeunte,
1964 2403 2178 2482 semper
2207 2426 2236 2464 a

657 2503 767 2562 talo
793 2503 987 2559 tabula:
1025 2497 1456 2559 subtrahantur?
1503 2502 1752 2573 Nunquid
1782 2519 1890 2560 non
1937 2501 2235 2558 transeunti

654 2590 829 2661 major
850 2588 1154 2658 sollicitudo
1185 2589 1517 2645 incutietur?

726 2682 836 2738 Sed
887 2679 1194 2752 exemplum
1247 2679 1354 2754 tale
1379 2681 1505 2750 quid
1555 2681 1657 2737 sibi
1707 2682 1838 2737 velit
1890 2696 2133 2752 agnosce,
2184 2690 2238 2734 et

653 2784 895 2832 mentem
967 2783 1112 2827 tuam
1169 2773 1352 2828 divino
1409 2773 1600 2829 timore
1662 2773 1926 2830 sollicitus
1976 2771 2233 2842 astringe.

641 2859 858 2921 Vallem
909 2865 1227 2937 profundam
1280 2874 1334 2920 et
1363 2867 1726 2932 tenebrosam,
1778 2864 2048 2920 infernum
2081 2863 2233 2920 intel-

650 2958 781 3028 llge,
803 2960 922 3013 sine
954 2973 1202 3012 mensura
1235 2956 1578 3024 profundum,
1603 2966 1654 3010 et
1683 2956 1966 3012 tenebrosa
1993 2956 2231 3026 caligine

644 3048 987 3106 'horribiliter
1013 3047 1322 3112 obscurum.
1354 3046 1426 3101 lbi
1457 3062 1614 3102 omne
1639 3062 1808 3117 genus
1835 3041 2228 3102 tormentorum

651 3137 892 3195 confluit.
945 3135 1021 3192 lbi
1050 3152 1210 3192 omne
1241 3137 1382 3206 quod
1412 3125 1716 3203 demulcet,
1745 3139 1929 3202 abest;
1977 3147 2031 3193 et
2072 3154 2232 3192 omne

639 3229 794 3299 quod
840 3237 1006 3294 terret
1036 3235 1090 3280 et
1140 3229 1368 3292 cruciat,
1416 3237 1470 3282 et
1512 3229 1655 3298 quod
1701 3229 1981 3299 angustias
2010 3227 2231 3283 inferre

652 3326 850 3388 potest,
874 3327 1073 3386 przcsto
1098 3326 1199 3388 est.
1220 3315 1360 3371 Pons
1381 3317 1733 3388 periculosus,
1762 3319 1828 3373 de
1849 3333 1955 3387 quo
1977 3319 2067 3388 qui
2094 3319 2230 3374 male

653 3405 850 3464 transit
900 3405 1124 3461 inferius
1160 3406 1546 3476 przecipitatur,
1584 3409 1693 3462 vita
1740 3423 1980 3478 prmsens
2007 3419 2125 3475 est;
2176 3410 2227 3464 in

649 3510 753 3564 qua
779 3495 870 3566 qui
904 3495 1042 3548 male
1094 3497 1250 3558 vivit,
1283 3497 1352 3550 ab
1403 3496 1494 3550 illa
1530 3498 1731 3551 cadens
1784 3496 1850 3550 ad
1899 3498 2106 3552 inferna
2140 3499 2230 3554 de-

651 3586 880 3642 scendit.
907 3583 1126 3639 Tabulzc
1153 3600 1273 3654 quze
1301 3597 1419 3652 post
1450 3592 1790 3640 transeuntes
1814 3585 2228 3655 subtrahuntur,

649 3675 848 3749 singuli
876 3686 997 3732 sunt
1042 3676 1156 3732 dies
1204 3675 1324 3755 vitae
1355 3685 1590 3742 nostrae;
1640 3677 1730 3747 qni
1761 3677 1840 3732 sic
1875 3687 2227 3747 praetereunt,

651 3782 709 3829 ut
757 3787 1027 3842 nunquam
1062 3778 1422 3834 revertantur,
1456 3770 1551 3825 sed
1593 3766 1953 3825 diminutione
1989 3771 2070 3826 sui
2119 3788 2220 3826 nos

650 3875 866 3932 semper
893 3869 1087 3931 urgent
1115 3861 1178 3913 ad
1221 3859 1402 3924 ﬁnem,
1437 3867 1492 3914 et
1541 3860 1607 3916 ad
1638 3861 1923 3916 terminum
1973 3861 2229 3916 festinare

650 3951 996 4023 compellunt.
1025 3952 1164 4006 Aves
1185 3947 1328 4004 circa
1361 3957 1572 4019 pontem
1620 3951 1927 4016 volitantes,
1965 3962 2021 4006 et
2049 3961 2229 4006 trans-

649 4043 904 4103 euntibus
959 4042 1294 4104 insidiantes,
1334 4040 1549 4108 maligni
1582 4043 1806 4111 spiritus
1826 4052 1969 4106 sunt,
1998 4059 2227 4112 quorum

649 4139 810 4187 omne
852 4126 1087 4181 studium
1122 4133 1203 4176 cst
1251 4123 1494 4179 homines
1531 4140 1561 4177 a
1591 4134 1750 4178 rcctte
1773 4125 1888 4178 via:
1931 4133 2073 4178 statu
2100 4123 2230 4192 deji-

646 4232 796 4282 cere,
825 4226 880 4272 et
910 4215 978 4270 ad
1023 4211 1286 4284 profunda
1335 4213 1531 4269 inferni
1561 4213 1916 4284 przecipitare.
1974 4212 2081 4268 Nos
2119 4214 2217 4283 ipsi

2343 1782 2466 1819 caro
2490 1765 2689 1836 fenum,
2718 1777 2766 1820 et
2802 1769 2969 1822 omnis
3015 1767 3183 1839 gloria
3208 1769 3323 1841 ejus
3351 1780 3596 1840 tauquam
3626 1771 3725 1841 ﬂos
3771 1770 3923 1839 feni?

2354 1857 2488 1926 (lsa.
2522 1874 2607 1922 χι,
2640 1858 2719 1928 6.)
2764 1859 3093 1915 Claudentur
3129 1861 3270 1916 oculi
3299 1862 3366 1916 ad
3413 1861 3670 1916 interiora
3726 1862 3922 1932 capitis

2344 1947 2547 2014 reﬂexi,
2583 1963 2807 2017 quorum
2838 1964 2978 2018 saape
3018 1951 3170 2011 vanis
3194 1961 3248 2005 et
3275 1953 3593 2022 perniciosis
3629 1953 3923 2026 vagatioui-

2343 2041 2442 2094 bus
2473 2041 2798 2095 delectabar.
2827 2041 3087 2098 iacebunt
3114 2044 3397 2099 horrendis
3420 2045 3653 2099 tenebris
3677 2047 3923 2112 obducti,

2340 2129 2432 2200 qui
2457 2131 2620 2186 modo
2647 2148 2745 2203 pro
2771 2131 2891 2187 luce
2932 2134 3200 2188 vanitates
3223 2135 3458 2205 gaudent
3485 2137 3720 2190 haurire.
3753 2135 3914 2191 Pate-

2343 2222 2470 2277 bunt
2508 2239 2665 2279 aures
2697 2224 2969 2281 vermibus
3009 2239 3131 2279 mox
3166 2226 3451 2294 replendic,
3490 2241 3610 2296 quze
3657 2241 3800 2282 nunc
3828 2229 3921 2282 de-

2343 2313 2626 2368 tractionis
2651 2328 2813 2368 voces
2839 2323 2894 2368 et
2939 2314 3224 2370 sazculares
3249 2331 3493 2372 rumores
3519 2317 3811 2373 damnabili
3833 2317 3921 2388 ju-

2340 2405 2614 2459 cunditate
2649 2407 2970 2476 suscipiunt.
3003 2407 3351 2478 Stringentur
3379 2408 3566 2463 dentes
3596 2394 3922 2476 misprabilié

2343 2505 2423 2550 ter
2449 2496 2710 2561 obserati,
2738 2511 2874 2565 quos
2900 2496 3060 2552 solvit
3100 2497 3358 2553 edacitas.
3385 2497 3707 2554 Putresccut
3736 2516 3917 2567 nares,

2339 2601 2461 2656 quae
2504 2602 2648 2642 nunc
2675 2587 2842 2642 variis
2870 2588 3125 2643 odoribus
3151 2587 3506 2644 delectantur.
3550 2588 3814 2659 Squalere
3839 2577 3931 2645 fc?

2339 2678 2450 2732 tido
2479 2675 2614 2730 labia
2649 2677 2959 2742 horrebunt,
3009 2694 3130 2746 qua:
3154 2679 3322 2734 stulto
3360 2680 3631 2734 cachinno
3663 2680 3916 2750 fre-jucu-

2341 2779 2422 2826 ter
2443 2770 2658 2827 dissolvi
2687 2771 3011 2841 gaudebant.
3038 2770 3311 2842 Ligabitur
3332 2772 3508 2846 lingua
3539 2775 3717 2829 tahit'a
3740 2777 3914 2840 sanie,

2347 2877 2470 2930 quae
2526 2877 2669 2931 saepe
2729 2861 2920 2916 inanes
2967 2861 3175 2916 fabulas
3216 2861 3542 2932 proferebat.
3604 2865 3917 2921 Arctahitnr

2339 2963 2542 3021 guttur,
2594 2961 2646 3007 et
2676 2964 2861 3007 venter
2903 2954 3235 3008 saturabitur
3283 2957 3574 3019 vermibus,
3615 2957 3707 3026 qui
3742 2957 3910 3012 variis

2288 3039 2302 3060 ‘
2332 3043 2474 3095 escis
2498 3042 2691 3096 crebro
2719 3043 2936 3097 distenti
2981 3054 3126 3098 sunt.
3173 3044 3310 3111 Quid
3339 3059 3759 3111 commemorem
3796 3048 3908 3101 sin-

2334 3130 2493 3199 gula?
2536 3129 2670 3184 Tota
2699 3132 2786 3184 illa
2817 3133 3136 3200 compositio
3173 3134 3434 3203 corporis,
3485 3134 3637 3204 cujus
3664 3133 3909 3201 sanitati,

2334 3220 2486 3289 cujus
2508 3223 2892 3284 commoditati,
2928 3221 3080 3290 cujus
3115 3223 3373 3290 voluptati
3413 3226 3591 3278 omnis
3614 3239 3753 3293 pene
3779 3239 3910 3279 cura

2333 3312 2493 3382 207
2511 3313 2774 3382 invigilat,
2807 3314 2857 3366 iu
2876 3315 3236 3382 putredincm,
3262 3315 3312 3368 in
3338 3331 3599 3380 vcrmem,
3628 3326 3906 3385 postremo

2335 3405 2385 3457 in
2416 3403 2837 3471 ahjectissimum
2887 3404 3157 3473 pulverem
3202 3405 3551 3475 (Ιίεδο1ιάιιιιντ
3578 3405 3674 3460 Ubi
3723 3410 3908 3462 cervis

2332 3496 2553 3550 erecta?
2589 3495 2686 3551 Ubi
2729 3497 2987 3565 jactantia
3040 3497 3344 3562 verborum,
3374 3490 3596 3554 ornat'us
3644 3501 3900 3567 vestium,

2335 3588 2567 3641 Varietas
2615 3587 2973 3641 deiiciat‘ultt?
3033 3587 3194 3648 Velut.
3233 3590 3500 3643 somnium
3548 3602 3906 3658 evanuerunt,

2329 3679 2510 3732 omnia
2557 3677 2778 3748 ulterius
2808 3669 2911 3731 non
2957 3679 3192 3734 reditura
3223 3680 3569 3747 transibruut,
3609 3692 3662 3736 et
3702 3671 3908 3737 satiato.

2334 3786 2447 3825 rem
2479 3771 2562 3825 sui
2596 3771 2958 3826 miserrinunu
2989 3773 3340 3840 reliquerunt.

2403 3861 2516 3915 XII.
2557 3860 2634 3914 De
2675 3863 2852 3916 anima
2880 3879 2911 3916 α
2940 3878 3151 3930 corpore
3191 3873 3450 3932 separata.
3483 3892 3552 3902 —
3579 3862 3721 3919 Deus
3746 3865 3906 3932 bone,

2332 3953 2460 4021 quid
2487 3963 2570 4006 est
2597 3953 2737 4020 quod
2771 3952 3020 4006 intueor?
3059 3953 3196 4008 Ecce
3224 3953 3458 4007 occurrit
3496 3954 3658 4008 timor
3690 3957 3905 4021 timori,

2331 4044 2484 4098 dolor
2508 4046 2698 4099 dolori.
2726 4043 2854 4098 Post
2877 4045 3271 4112 separationem
3297 4044 3377 4098 sui
3404 4062 3433 4097 a
3461 4060 3709 4116 corpore,
3731 4063 3906 4101 nonne

2331 4135 2510 4189 anima
2551 4151 2580 4187 a
2617 4135 2958 4189 multitudine
3004 4133 3400 4190 occursantium
3440 4136 3772 4202 danuonum,
3814 4140 3902 4208 qui

2332 4227 2446 4294 ejus
2493 4229 2869 4282 accusationes
2911 4221 3275 4299 exaggerent,
3321 4228 3804 4295 circumfuudctur,
3851 4238 3904 4285 ct

649 4318 998 4367 transeuntes
1024 4321 1231 4371 sumus,
1263 4305 1576 4376 ignorantia:
1605 4307 1833 4377 caligine
1860 4307 2008 4371 czcci,
2038 4317 2091 4361 et
2120 4306 2223 4360 dif-

2338 4335 2499 4388 usque
2547 4321 2612 4372 ad
2662 4322 2936 4374 minimam
2980 4320 3360 4391 negligentiam
3413 4322 3480 4375 de
3513 4324 3763 4378 omnibus
3808 4340 3901 4378 cx-

649 4401 889 4458 ftcultate
917 4399 1054 4454 bene
1086 4397 1342 4467 operandi
1375 4390 1520 4452 velut
1551 4399 1697 4468 gravi
1731 4406 1922 4453 catena
1956 4399 2121 4468 ligati,
2161 4412 2228 4452 ne

652 4493 852 4549 liberos
882 4489 948 4544 ad
973 4490 1136 4543 Deum
1167 4499 1368 4545 sanctas
1400 4489 1524 4543 vita:
1550 4504 1767 4560 gressus
1799 4489 2030 4558 dirigere
2059 4489 2230 4558 possi-

651 4599 789 4639 mus.
821 4582 1050 4636 Attende
1095 4581 1256 4650 igitur
1299 4582 1344 4636 si
1382 4597 1489 4636 non
1519 4596 1728 4636 sunnno
1771 4581 1950 4636 studio
1996 4581 2048 4635 in
2082 4591 2230 4637 tanto

647 4674 963 4732 discrimine
993 4673 1084 4727 tibi
1118 4674 1183 4728 ad
1225 4673 1537 4729 Creatorem
1569 4683 1720 4728 tuum
1769 4674 2108 4729 clamandum
2138 4678 2228 4739 sit,

648 4765 883 4836 quoejus
914 4765 1378 4836 munitaprzcsidio
1409 4767 1552 4822 inter
1572 4766 2231 4822 adversariorumturmas

653 4858 972 4912 tiducialiter
995 4867 1180 4912 cantes
1202 4875 1215 4910 :
1244 4857 1492 4910 Dominus
1516 4857 1832 4918 illuminatio
1851 4874 1987 4921 mea,
2011 4869 2056 4910 et
2087 4859 2229 4912 salus

651 4970 786 5018 nica,
805 4971 952 5024 quem
976 4953 1199 5006 timebo?
1224 4950 1392 5023 (Psal.
1413 4968 1522 5014 sis,
1540 4953 1615 5022 1.)
1641 4951 1964 5006 llluminatio
1988 4952 2230 5007 videlicet

653 5056 838 5104 contra
854 5046 1166 5110 cmeitatern;
1185 5043 1329 5099 salus
1343 5054 1528 5098 contra
1543 5042 1931 5098 difﬁcultatem.
1951 5043 2073 5102 "me
2087 5046 2228 5099 enim

651 5140 756 5196 duo
787 5137 925 5193 mala
973 5144 1115 5201 sunt,
1160 5138 1210 5193 in
1252 5137 1447 5205 quibus
1481 5137 1686 5204 primus
1720 5151 1916 5205 parens
1951 5152 2052 5190 nos
2082 5137 2229 5206 deje-

651 5234 746 5299 cit,
772 5232 1070 5304 ignorantia
1114 5240 1168 5283 et
1220 5229 1543 5292 dillicultas,
1581 5237 1638 5284 ut
1665 5245 1762 5294 uec
1797 5245 1903 5298 quo
1935 5231 2224 5295 tendimus,

655 5340 753 5379 nec
791 5325 914 5393 quid
944 5321 1208 5392 agendum
1245 5321 1313 5372 sit
1345 5321 1660 5385 videamus;
1715 5331 1769 5374 et
1803 5337 1923 5374 cum
1955 5337 2018 5376 ex
2050 5321 2226 5389 aliqua

654 5426 807 5485 parte
859 5415 1171 5477 viderimus,
1214 5411 1525 5466 difﬁcultate
1575 5413 1851 5481 prmpediti
1906 5427 2003 5467 nec
2053 5414 2227 5482 ipsum

653 5507 792 5575 quod
831 5513 977 5559 recte
1017 5505 1279 5564 novimus,
1308 5501 1528 5568 implere
1564 5503 1854 5570 possimus.
1899 5503 2026 5556 ll;cc
2059 5506 2227 5558 medi-

656 5607 786 5662 tare,
820 5598 993 5651 anima
1021 5611 1156 5661 mea,
1189 5596 1298 5649 lucc
1317 5595 1522 5661 cogita;
1559 5595 1606 5645 in
1638 5595 1699 5647 iis
1722 5597 1959 5663 quotidie
1989 5612 2045 5652 se
2070 5614 2222 5652 mens

2332 4412 2604 4480 quiretur?
2637 4411 2825 4465 Veniet
2855 4412 3106 4481 princeps
3141 4412 3322 4466 mundi
3359 4412 3517 4480 hujus
3549 4429 3670 4468 cum
3702 4414 3898 4470 satelli-

2334 4506 2476 4560 tibus
2499 4504 2610 4558 suis
2641 4503 2820 4557 lurore
2851 4503 3068 4556 rabidus
3088 4543 3102 4567 ,
3130 4503 3351 4558 callidus
3384 4504 3448 4557 ad
3478 4505 3592 4559 circ
3615 4507 3900 4561 unvenieu-

2333 4598 2488 4664 dum,
2525 4597 2588 4649 ad
2634 4594 2992 4650 mentiendum
3037 4609 3258 4662 proous,
3301 4595 3596 4651 malevolus
3630 4599 3696 4650 ad
3742 4612 3896 4652 arcu-
3937 4586 3939 4588 ’

2332 4689 2554 4740 sandum
2586 4726 2602 4749 ,
2655 4701 2988 4756 qumcuthue
3035 4696 3208 4756 potest
3258 4698 3445 4741 contra
3497 4702 3614 4742 eant
3664 4704 3788 4743 vera
3835 4693 3915 4742 ρι’

2333 4779 2653 4847 perpetratis
2690 4778 2844 4854 malis
2875 4777 3184 4844 proferens,
3216 4780 3380 4834 multa
3413 4780 3542 4834 falsa
3572 4780 3894 4852 confingens.

2332 4873 2375 4924 0
2416 4871 2688 4927 tremenda
2730 4872 2881 4935 hora,
2916 4886 2947 4926 o
2975 4887 3199 4925 exatnen
3233 4872 3545 4927 horridum!
3581 4871 3714 4927 llinc
3736 4873 3893 4944 judcs

2333 4960 2608 5014 districtus
2642 4961 2706 5012 ad
2735 4960 3124 5026 judicandum;
3158 4961 3282 5016 inde
3320 4962 3614 5016 adversarii
3646 4976 3896 5032 procaces

2333 5051 2399 5104 ad
2429 5051 2812 5105 accusandum.
2843 5053 3017 5105 Stabit
3042 5054 3220 5105 anima
3249 5052 3359 5108 sola
3393 5052 3509 5108 sine
3544 5053 3891 5116 consolatore,

2334 5143 2454 5196 inde
2490 5142 2736 5196 solatium
2783 5144 2953 5198 solum
2980 5145 3227 5212 capiens,
3263 5144 3307 5198 si
3337 5158 3455 5198 eam
3487 5145 3743 5200 bonorum
3774 5156 3892 5213 ope-

2334 5250 2451 5286 rum
2492 5234 2816 5287 conscientia
2849 5233 3105 5287 defendit.
3148 5233 3253 5287 Sed
3292 5235 3342 5286 in
3387 5244 3529 5287 tanta
3561 5234 3890 5288 districtione

2334 5323 2419 5376 ubi
2453 5324 2632 5376 omnia
2662 5325 2801 5376 nuda
2835 5315 3198 5392 apparebunt,
3227 5326 3341 5393 quis
3365 5326 3676 5394 gloriabitur
3699 5335 3890 5378 castum

2332 5431 2384 5467 se
2405 5414 2592 5467 habere
2630 5415 2758 5469 cor?
2795 5414 2853 5467 Si
2882 5415 3057 5482 justus
3106 5416 3188 5467 vix
3226 5416 3534 5480 salvabitur,
3575 5425 3809 5484 peccator
3842 5422 3887 5466 ct

2334 5508 2523 5576 impius
2575 5509 2967 5575 ubiparcbunt?
3017 5509 3063 5578 (Ι
3120 5509 3260 5562 Petr.
3303 5527 3390 5571 tv,
3444 5510 3551 5577 18.)
3601 5510 3747 5564 Tunc
3780 5507 3886 5560 lau-

2335 5601 2571 5653 dantium
2626 5599 2762 5652 labia
2799 5601 3080 5653 (ressaltrnl
3116 5643 3128 5664 ,
3187 5600 3518 5653 adulatorum
3569 5601 3740 5668 lingua
3787 5611 3888 5688 non

3849 5987 4063 6139 η]
