4190 6198
292 299 398 358 721

1675 291 2206 352 ΜΕΝΤΑἸΊΟἉΕΞ.

3451 296 3556 354 722

293 416 541 490 proderit
569 460 583 484 ,
629 427 764 472 vana
801 416 967 486 gloria
1012 415 1283 470 seductrix
1328 412 1645 485 probabitur
1689 414 1876 467 fuisse.
1909 415 1956 472 Α
1987 425 2187 462 corona
2229 408 2466 478 rmlcstis
2514 409 2896 474 tinumdabit,
2947 419 2998 464 et
3036 409 3351 481 patiendum
3398 413 3558 480 gloria

297 511 495 582 Fugiet
535 511 712 581 inepta
747 509 965 573 laetitia,
995 507 1316 579 dignitatum
1337 522 1526 578 pompa
1567 503 1872 575 fugabitur,

303 601 526 658 honoris
564 600 788 674 ambitio
820 599 973 668 plena
1022 598 1352 668 deceptionis
1379 597 1540 652 fuisse
1578 583 1868 650 videbitur.

311 691 470 746 Beata
507 689 593 744 illa
629 672 830 755 anima,
864 695 1026 759 quam
1063 688 1115 743 in
1155 687 1245 742 tali
1275 687 1584 742 discrimine
1625 686 1881 739 innocen-

305 784 392 836 tia:
453 780 786 836 conscientia
820 781 1074 852 protegit,
1106 779 1412 834 sanctitatis
1466 778 1723 832 memoria
1781 779 1874 831 de-

298 867 502 945 fendit;
540 874 721 942 quani'
736 871 913 928 adhuc
943 871 996 926 iu
1026 883 1190 926 carne
1218 872 1447 940 positam
1484 871 1585 939 pia:
1619 885 1881 939 compun-

277 961 497 1017 ctiouis
535 963 675 1017 unda
717 962 914 1032 smpius
955 961 1162 1028 abluit,
1210 959 1564 1016 confessionis
1602 959 1876 1030 diligentia

299 1051 608 1120 decoravit,
651 1053 979 1123 sacratiegis
1017 1055 1293 1110 meditatio
1321 1053 1681 1118 illuminavit;
1715 1070 1876 1124 quam

296 1142 573 1213 humilitas
596 1145 801 1212 mitem,
840 1145 1181 1217 tranquillam
1209 1145 1490 1215 patientia,
1514 1145 1818 1201 obedientia
1847 1161 1877 1200 a

296 1239 514 1309 prppria
545 1237 824 1293 voluntate
853 1230 1079 1297 vacuam
1122 1236 1371 1302 reddidit,
1403 1248 1457 1292 et
1496 1236 1777 1292 cliaritatis
1812 1236 1877 1289 ad

293 1330 474 1385 omnis
493 1329 710 1386 virtutis
730 1329 1050 1385 exercitium
1074 1328 1336 1384 fervidam
1358 1330 1504 1384 fecit.
1529 1325 1675 1383 Talis
1697 1328 1876 1381 anima

295 1421 633 1479 tremendam
670 1422 819 1477 illam
852 1422 1041 1477 horam
1081 1437 1188 1478 non
1230 1421 1576 1489 formidabit,
1627 1437 1717 1475 nec
1753 1436 1877 1473 con-

291 1513 546 1584 fundetur
571 1527 688 1567 eum
730 1513 967 1584 loquetur
1010 1514 1233 1567 inimicis
1274 1514 1384 1567 suis
1425 1512 1479 1566 in
1519 1521 1667 1578 porta
1699 1507 1873 1580 (Psul.

265 1619 478 1670 .cxxvi,
507 1605 585 1675 ϐ).
617 1593 925 1662 Sociabitur
950 1605 1092 1661 enim
1123 1605 1248 1672 illis,
1279 1605 1344 1661 de
1371 1605 1568 1676 quibus
1596 1602 1879 1673 Scriptura

289 1682 422 1751 dicit
454 1715 467 1750 :
498 1694 630 1751 Cum
666 1696 866 1751 dederit
891 1696 1094 1750 dilectis
1123 1696 1232 1750 suis
1260 1697 1538 1775 somnum,
1577 1709 1692 1749 ecce
1717 1694 1878 1748 latere-

290 1790 438 1844 ditas
473 1787 681 1842 Domini
708 1787 898 1858 (Ibid.,
926 1788 1006 1858 ι).

361 1875 501 1933 XIII.
544 1875 868 1932 Retractatio
911 1877 1015 1931 diei
1049 1877 1280 1947 iudicii,
1319 1876 1408 1931 ubi
1459 1876 1596 1931 iia'tli
1639 1874 1710 1929 ad
1745 1874 1876 1928 sini-

287 1980 456 2025 stram
488 1957 893 2025 constituentur.
921 2000 992 2010 —
1016 1968 1135 2025 Iam
1163 1984 1292 2024 vero
1321 1969 1389 2025 de
1422 1977 1630 2024 terrore
1665 1961 1754 2022 illo
1778 1981 1875 2021 es—

285 2058 450 2114 tremi
475 2057 663 2128 iudicii
696 2058 818 2128 quis
850 2057 1031 2114 dicere
1063 2057 1264 2128 aliquid
1290 2057 1498 2122 valeat,
1528 2055 1616 2110 ubi
1648 2070 1777 2124 oves
1806 2056 1874 2109 ad

283 2147 599 2217 dexteram,
640 2150 776 2204 liiedi
817 2149 884 2204 ad
922 2149 1197 2205 sinistram
1232 2150 1573 2205 statuentur?
1605 2148 1736 2215 Quis
1767 2157 1874 2202 tre-

282 2254 411 2295 mor
433 2240 570 2304 erit,
599 2224 696 2294 ubi
725 2231 954 2298 virtutes
993 2240 1252 2296 celerum
1289 2241 1696 2296 movebuntur?
1741 2238 1872 2305 Qua:

281 2346 473 2388 rerum
503 2331 771 2402 confusio,
803 2333 894 2404 qui
935 2321 1185 2406 gemitus,
1221 2334 1314 2405 qui
1352 2335 1616 2388 clamores
1659 2332 1869 2386 ululan-

283 2421 459 2488 tiusn,
490 2416 743 2476 cum’vox
780 2422 868 2477 illa
911 2422 1166 2479 terribilis
1201 2422 1595 2494 negligentibus
1635 2437 1872 2491 Oppone-

281 2520 372 2565 tur
402 2512 418 2563 ἑ
447 2508 705 2565 Discedite
730 2528 762 2565 et
791 2527 873 2565 me
891 2551 910 2576 ,
954 2510 1264 2578 maledicti;
1307 2513 1360 2567 in
1385 2513 1555 2582 ignem
1581 2505 1881 2566 internum."

281 2597 506 2672 (ﬂuuit.
539 2614 665 2667 xxv,
691 2599 807 2672 Il.)
839 2601 980 2658 Vere
1007 2602 1122 2657 dies
1149 2602 1245 2658 ira:
1273 2602 1386 2657 dies
1411 2601 1533 2668 illa,
1559 2602 1676 2656 dies
1707 2602 1871 2656 tribu-

282 2691 505 2748 bt.ionis
544 2701 598 2746 et
630 2693 922 2764 angustiae,
965 2693 1080 2750 dies
1113 2693 1320 2750 nebulae
1360 2701 1416 2748 et
1453 2693 1717 2757 turbinis,
1756 2693 1870 2748 dies

281 2780 427 2837 tubae
453 2789 514 2836 et
538 2782 830 2853 clangoris.
866 2783 1002 2838 Vere
1029 2789 1157 2838 tune
1183 2798 1286 2838 vos
1323 2783 1427 2837 diei
1457 2773 1671 2845 amara,
1701 2781 1871 2836 tribu-

281 2871 486 2928 labitur
524 2874 594 2928 ibi
642 2874 815 2930 fortis.
848 2873 984 2940 Quia
1013 2865 1106 2945 qui
1147 2886 1328 2928 mente
1365 2874 1594 2943 superba
1629 2872 1866 2927 divinam

278 2963 616 3019 voluntatem
637 2973 1064 3020 contemnentes
1075 2964 1234 3019 modo
1255 2963 1321 3021 de
1344 2965 1722 3035 prosecutione
1743 2977 1868 3030 pro-
1893 3005 1909 3034 ς,

278 3045 740 3128 μείω,νοιυηιειιὶε
781 3058 1108 3129 gloriantur,
1133 3064 1260 3112 tunc
1296 3068 1586 3128 perpetuus
1614 3056 1758 3126 ignis
1787 3055 1864 3110 in-

278 3148 482 3213 volvet,
505 3149 595 3220 qui
619 3154 893 3222 nunquam
910 3133 1307 3220 esstinguetur.
1323 3162 1378 3204 et
1399 3149 1594 3203 vermis
1617 3149 1866 3217 depascct

276 3240 370 3312 qui
394 3255 506 3295 non
530 3240 811 3304 morietur,
833 3251 893 3296 et
911 3230 1167 3297 ascendet
1195 3239 1373 3296 iunius
1401 3241 1658 3296 tormenti
1680 3255 1865 3296 eorum

277 3321 332 3384 in
362 3329 560 3384 mula
589 3330 928 3384 mulorum.
1179 3339 1181 3342 ’

347 3418 492 3479 XIV.
525 3419 850 3475 Retraetatio
875 3419 1080 3492 gaudii,
1105 3422 1197 3475 ubi
1225 3437 1340 3476 ores
1365 3422 1436 3475 ad
1462 3422 1728 3476 dextemm
1759 3432 1874 3476 sta-‘

275 3519 515 3566 tuentur.
539 3499 728 3566 —Ilis
769 3519 950 3566 autem
989 3511 1334 3582 lugentibus,
1374 3523 1429 3567 et
1465 3528 1574 3582 pra:
1615 3512 1862 3582 angustia

273 3602 507 3672 spiritus
530 3601 676 3656 diros
695 3601 876 3657 cordis
902 3602 1108 3673 rugitus
1132 3601 1526 3670 emittentibus,
1548 3604 1677 3674 quid
1704 3612 1867 3673 putas

272 3693 462 3763 gaudii
489 3703 542 3748 et
570 3693 954 3749 exsultationis
979 3694 1084 3749 erit
1120 3695 1294 3749 beatis
1331 3695 1469 3760 illis,
1517 3695 1608 3764 qui
1637 3695 1704 3749 ad
1734 3690 1869 3749 des?

273 3793 451 3838 terant
484 3774 581 3837 Dei
606 3777 882 3838 constituti
914 3798 1099 3838 vocem
1131 3783 1278 3839 illam
1315 3783 1680 3840 felicissimam
1712 3785 1863 3839 audi-

274 3873 380 3928 turi
417 3880 587 3941 sunt,
615 3889 718 3943 qua
747 3875 956 3931 dicetur
979 3874 1082 3931 illis
1109 3892 1122 3929 :
1165 3873 1363 3944 Venite,
1396 3876 1648 3932 benedicti
1681 3877 1860 3934 Patris

269 3962 398 4028 nisi,
423 3963 689 4032 possidete
718 3980 930 4034 regnum
954 3966 1091 4035 quod
1123 3965 1264 4019 vobis
1289 3977 1530 4035 paratum
1554 3979 1630 4022 est
1657 3969 1722 4020 ab
1753 3971 1863 4023 ori-

268 4053 390 4123 giiie
421 4054 634 4108 mundi!
665 4053 881 4124 (Mittit.
913 4071 1038 4123 xxv,
1065 4056 1180 4128 34.)
1219 4057 1371 4115 Tunc
1395 4073 1521 4114 vere
1535 4075 1648 4117 .vox
1679 4062 1859 4115 exsul-

271 4143 498 4199 tatiouis
534 4152 588 4198 et
625 4143 812 4202 salutis
859 4138 1157 4203 morabitur
1202 4147 1256 4202 in
1297 4144 1646 4205 tabernaculo
1681 4150 1857 4221 iustae

270 4249 419 4291 l’lltll.
475 4235 629 4293 Tunc
676 4237 936 4294 Dominus
983 4239 1265 4296 humilium
1301 4242 1472 4313 eriget
1514 4252 1713 4314 caput,
1764 4246 1857 4316 qui

268 4327 436 4385 modo
464 4343 562 4397 pro
590 4343 656 4384 eo
687 4329 819 4384 viles
846 4339 902 4385 et
947 4330 1143 4401 abjecti
1173 4347 1294 4388 esse
1335 4350 1440 4390 non
1472 4335 1853 4406 dedignantur.

240 4431 244 4436 '
269 4416 576 4474 Medebitur
601 4421 856 4476 contritis
884 4422 1046 4477 corde
1063 4462 1079 4488 ,
1107 4432 1163 4478 et
1192 4426 1469 4493 perpetuis
1495 4428 1706 4498 gaudiis
1726 4444 1854 4484 con-

265 4507 537 4561 solabitur
580 4524 678 4579 pro
721 4511 804 4565 sui
850 4511 1118 4568 desiderio
1165 4513 1219 4568 in
1268 4513 1370 4569 bac
1413 4516 1862 4586 peregrinatione“

261 4595 538 4664 Ingentes.
571 4599 866 4670 Apparebit
893 4601 1161 4661 inell'abile
1196 4604 1476 4674 praemium
1501 4620 1720 4673 eorum,
1751 4608 1845 4677 qui

265 4702 367 4757 pro
412 4690 496 4746 sui
541 4690 853 4747 Conditoris
893 4709 1078 4750 amore
1120 4695 1368 4765 proprias
1416 4711 1477 4752 se
1521 4695 1847 4753 lietabuntur

263 4780 534 4850 abiecisse
568 4783 894 4840 voluntates.
930 4785 988 4840 In
1019 4786 1108 4842 illa
1148 4786 1237 4842 die
1263 4788 1631 4844 obedientium
1664 4791 1844 4859 capita

1907 1764 1949 1818 B

1987 501 2336 556 inenarrabili
2378 502 2662 571 splendore
2703 502 2940 570 fulgebit.
2984 501 3056 557 Ibi
3097 504 3337 557 cliaiitas
3370 503 3568 556 milites

1984 611 2110 649 suos
2139 594 2448 665 angelorum
2490 595 2747 647 societate
2783 596 3009 656 (litabit,
3050 605 3104 650 et
3134 595 3314 651 cordis
3355 596 3568 666 puritas

1984 695 2253 741 amatores
2285 701 2417 741 suos
2451 686 2764 740 Conditoris
2805 685 3110 741 felicissima
3150 689 3357 743 visione
3389 689 3559 749 beati-

1985 778 2185 831 ticabit.
2218 776 2369 830 Tunc
2397 779 2642 832 Ostendet
2674 793 2732 834 se
2771 779 2911 833 Deus
2939 763 3187 834 omnibus
3213 780 3576 845 dilectoribus

1983 869 2125 934 suis,
2154 877 2209 923 et
2237 877 2437 923 aeterna
2467 870 2758 925 securitate
2787 870 2839 924 in
2876 880 3192 940 perpetuum
3229 872 3562 926 sublimabit.

1981 959 2138 1015 Tunc
2166 975 2294 1015 vere
2319 962 2388 1015 ab
2420 961 2606 1014 electis
2638 963 2887 1016 omnibus
2915 954 3223 1018 cantabitur
3253 981 3265 1017 :
3301 961 3448 1016 Beati
3472 962 3562 1032 qui

1983 1051 2216 1103 habitant
2245 1052 2298 1103 in
2330 1055 2484 1104 domo
2512 1061 2622 1114 tua,
2663 1049 2905 1114 Domine,
2944 1051 2998 1105 in
3028 1052 3220 1106 stt-cuia
3251 1051 3564 1117 stecslcnunt

1921 1149 1924 1152 ’
1983 1144 2272 1198 laudabunt
2311 1156 2360 1197 te
2387 1141 2560 1212 (Psnl.
2602 1159 2837 1209 Lxmtt,
2871 1143 2948 1228 ὅ).
2987 1143 3152 1212 Cujus
3189 1145 3362 1199 laudis
3401 1144 3568 1215 partis

1984 1236 2130 1306 cipes
2164 1251 2260 1290 nos
2289 1238 2468 1289 facere
2500 1236 2766 1304 dignetur,
2798 1237 2888 1306 qui
2917 1252 3041 1292 cum
3074 1236 3234 1291 Patre
3266 1247 3321 1291 et
3355 1236 3566 1307 Spiritu

1949 1368 1955 1374 .
1983 1337 2173 1380 sancto
2201 1327 2334 1380 sivit
2359 1335 2414 1380 et
2452 1335 2638 1397 regnat
2667 1326 2808 1381 Dens
2831 1342 2930 1398 per
2956 1327 3136 1382 omnia
3169 1326 3362 1382 Stecula
3390 1341 3564 1382 saecu-

1983 1417 2176 1472 lorum.
2206 1416 2398 1472 Amen.

2476 1507 2851 1564 MEDI'I‘ATIO
2888 1507 2928 1563 Il
2969 1510 3056 1562 ³³⁸.

2057 1601 2132 1655 De
2153 1603 2354 1656 terrore
2370 1602 2585 1673 jutlicii,
2614 1605 2687 1655 ad
2712 1602 3046 1656 excitandum
3073 1601 3126 1655 in
3153 1617 3207 1654 se
3227 1601 3490 1656 timorem.

2054 1691 2244 1746 Terret
2289 1707 2373 1746 me
2412 1691 2482 1723 ³¹¹
2516 1691 2624 1745 vita
2671 1707 2788 1745 mea
2822 1689 2911 1754 ³⁸³,
2935 1691 3059 1759 quia
3107 1688 3395 1758 diiigeuter
3439 1689 3560 1746 dis-

1976 1797 2155 1846 cussa,
2197 1791 2415 1852 apparet
2452 1779 2584 1835 milii
2620 1788 2728 1834 tota
2768 1790 2856 1834 ant
2891 1789 3167 1850 peceatum
3201 1779 3294 1845 ³⁸⁵,
3324 1788 3416 1834 aut
3454 1789 3565 1837 ste-

1977 1875 2146 1929 rilitas
2183 1874 2296 1945 fere
2332 1883 2440 1930 tota
2484 1874 2588 1927 vita
2625 1888 2773 1936 mea,
2806 1883 2862 1928 et
2897 1875 2940 1928 si
2984 1874 3111 1945 quid
3162 1872 3368 1928 fructus
3403 1872 3456 1928 in
3498 1886 3562 1928 ea

1976 1967 2205 2035 vitietur,
2244 1953 2322 2023 sic
2357 1977 2442 2022 est
2479 1976 2570 2021 aut
2614 1965 2924 2024 simulatum
2951 2006 2966 2030 ,
3002 1973 3094 2019 aut
3138 1963 3514 2035 imperfectum
3541 2005 3559 2030 ,

1973 2067 2065 2112 aut
2094 2057 2274 2128 aliquo
2305 2059 2463 2113 modo
2495 2067 2834 2129 corruptum,
2878 2065 2936 2110 ut
2973 2057 3144 2126 possit
3169 2063 3260 2110 aut
3297 2072 3401 2111 non
3439 2056 3556 2126 pla-

1971 2165 2118 2216 cere,
2147 2160 2236 2206 aut
2270 2151 2559 2221 displicere
2590 2149 2720 2206 Deo.
2755 2150 2926 2221 Ergo,
2956 2165 2990 2204 ο
3015 2157 3288 2219 peccator,
3320 2148 3433 2204 vita
3465 2155 3559 2204 tua

1967 2241 2081 2310 jam
2111 2245 2214 2296 neu
2249 2241 2364 2296 fere
2402 2250 2534 2303 tota,
2567 2241 2662 2296 sed
2691 2251 2840 2296 certe
2873 2251 2984 2294 tota
3012 2247 3114 2294 aut
3149 2239 3219 2270 ³⁸⁸
3249 2240 3302 2294 in
3335 2247 3560 2309 peccato

1969 2340 2076 2395 est,
2106 2340 2161 2387 ot
2193 2331 2516 2386 damnabilis
2544 2326 2648 2398 ¹¹⁷;
2692 2340 2787 2385 aut
2825 2330 3195 2396 infructuosa,
3226 2339 3282 2384 et
3312 2338 3560 2384 contem-

1971 2422 2194 2488 ptibilis.
2223 2419 2330 2476 Sed
2359 2420 2490 2490 quid
2518 2433 2713 2491 separo
2735 2419 3134 2476 infructuosam
3166 2437 3196 2474 a
3229 2417 3562 2497 damnabili?

1974 2511 2190 2583 Utique,
2217 2513 2260 2568 si
2287 2523 2372 2568 est
2397 2512 2726 2568 infructuosa
2747 2553 2760 2575 ,
2787 2520 2871 2568 est
2892 2521 2947 2567 et
2966 2512 3308 2567 damnabilis.
3335 2509 3561 2567 Constat

1971 2605 2116 2660 enim
2155 2612 2210 2659 et
2248 2619 2434 2658 verum
2469 2613 2552 2672 est
2592 2605 2739 2674 quod
2775 2603 2990 2660 Veritas
3019 2603 3158 2658 dixit
3195 2619 3210 2657 :
3253 2602 3437 2658 Omnis
3485 2601 3557 2635 ⁸⁸⁸

1971 2696 2150 2759 urbor,
2177 2713 2296 2769 qua:
2321 2713 2424 2750 non
2450 2695 2578 2766 [dcit
2605 2696 2835 2765 fructum
2854 2698 3079 2762 bonum,
3108 2695 3403 2760 excidet",
3430 2703 3479 2750 et
3501 2696 3577 2750 iis.

1970 2789 2138 2857 igneus
2175 2789 2406 2842 mittetur
2429 2787 2745 2857 (lanium,
2779 2785 2890 2857 10).
2928 2786 3188 2862 Denique,
3219 2785 3266 2841 si
3296 2777 3436 2856 quid
3454 2801 3558 2856 ago
3659 2859 3664 2864 Ξ

1970 2877 2134 2943 utile,
2173 2893 2394 2946 prorsus
2424 2877 2736 2933 nullatenus
2783 2877 2911 2932 illud
2949 2891 3240 2947 compenso
3283 2875 3558 2933 alimentis

1970 2954 2235 3048 corporis,
2261 2968 2458 3039 quibus
2482 2968 2695 3023 abutor.
2725 2967 2830 3024 Sed
2849 2969 2974 3039 quis
3001 2968 3171 3040 pascit
3198 2983 3382 3038 pecus.
3407 2966 3555 3038 quod

1943 3125 1946 3128 ξ
1974 3074 2073 3115 nec
2113 3068 2319 3114 tantum
2357 3060 2613 3130 prodest,
2647 3069 2910 3130 quantum
2942 3059 3260 3114 consumit?
3285 3069 3341 3114 et
3373 3069 3556 3114 tamen
3621 3113 3630 3128 ,_

1972 3157 2026 3202 tu
2073 3149 2355 3220 benignius
2393 3149 2580 3215 Deus,
2621 3157 2675 3202 tu
2715 3148 2890 3203 nutris
2916 3188 2932 3212 ,
2979 3157 3037 3202 et
3077 3156 3358 3218 exspectas
3402 3156 3554 3202 tuutu

1969 3240 2211 3295 inutilem
2251 3255 2521 3302 vermem,
2567 3248 2625 3295 et
2667 3239 2738 3271 ³⁸⁸
2777 3238 3033 3294 fetentem
3077 3247 3418 3308 peccatorem
3459 3237 3549 3292 ³³⁸.

1967 3331 2138 3398 Quam
2198 3331 2529 3386 tolerabilius
2581 3330 2735 3387 canis
2792 3331 2969 3400 putris
3023 3327 3154 3384 fetet
3203 3329 3549 3395 hominibus,

1965 3439 2128 3494 quam
2173 3425 2352 3478 anima
2413 3424 2684 3493 peccatrix
2739 3424 2881 3488 Deo;
2929 3431 3092 3493 quam
3130 3423 3398 3482 infelicius
3448 3425 3550 3479 ista

1967 3513 2106 3578 Deo,
2137 3528 2298 3584 quam
2337 3513 2430 3568 ille
2457 3513 2794 3568 hominibus!
2830 3512 2944 3567 IIeu
2977 3528 3081 3567 non
3115 3513 3422 3578 hominem,
3453 3515 3550 3571 sed

1962 3605 2310 3676 opprobrium
2340 3606 2616 3660 hominum
2651 3605 2744 3672 ⁸ἰ,
2771 3604 2935 3660 vilius
2963 3619 3178 3674 pecore,
3209 3603 3362 3675 pejus
3388 3606 3551 3660 cada-

1969 3711 2108 3750 vere.
2148 3693 2333 3749 Taedet
2360 3694 2596 3748 animam
2628 3710 2802 3749 meam
2845 3695 2970 3748 vitae
3004 3709 3165 3762 mea;
3195 3694 3384 3751 vivere
3418 3709 3556 3753 eruo

1963 3788 2125 3842 beseo
2148 3827 2164 3852 ,
2201 3789 2336 3843 mori
2387 3787 2732 3858 pertimesco.
2771 3786 2910 3855 Quid
2949 3802 3081 3858 ergo
3125 3796 3294 3843 restat
3339 3787 3474 3852 tibi,
3510 3803 3547 3843 ο

1963 3888 2236 3948 peccator,
2264 3880 2367 3935 nisi
2393 3887 2453 3933 ut
2483 3880 2535 3933 in
2571 3887 2678 3934 tota
2707 3878 2812 3932 vita
2845 3887 2932 3931 tua
2964 3877 3144 3948 plores
3179 3884 3347 3932 totam
3375 3879 3557 3952 vitam.

1964 3966 2132 4037 tuam,
2161 3981 2219 4027 ut
2248 3973 2361 4042 ipsa
2403 3981 2513 4027 tota
2545 3987 2604 4026 se
2629 3971 2804 4041 ploret
2833 3971 3042 4046 totam?

2033 4063 2138 4118 Sed
2163 4072 2248 4118 est
2272 4063 2323 4118 in
2347 4063 2452 4118 hoc
2474 4046 2690 4132 quoque
2716 4060 2895 4116 anima
2920 4074 3038 4114 mea
3069 4059 3139 4092 m
3163 4059 3544 4116 miserabiliter

1962 4153 2224 4222 mirabilis
2262 4162 2317 4209 et
2362 4151 2682 4207 mirabiliter
2711 4151 3066 4216 miserabilis,
3102 4150 3230 4221 quia
3269 4165 3374 4206 non
3422 4160 3546 4206 tan-

1962 4253 2076 4297 tum
2101 4243 2246 4298 dolet
2267 4251 2533 4312 quantum
2561 4256 2621 4298 se
2647 4241 2855 4304 noscit;
2887 4243 2981 4295 sed
3019 4240 3097 4296 sic
3119 4255 3309 4295 secura
3340 4247 3537 4310 torpet,

1960 4332 2107 4385 velut
2142 4331 2270 4401 quid
2307 4331 2542 4401 patiatur
2574 4331 2802 4400 ignoret.
2836 4328 2882 4384 0
2918 4331 3096 4384 anima
3137 4329 3365 4398 sterilis,
3405 4330 3536 4400 quid

1960 4419 2120 4488 agis?
2167 4419 2296 4489 quid
2347 4427 2557 4490 torpes,
2600 4419 2777 4475 anima
2827 4418 3133 4488 peccatrix?
3179 4417 3303 4472 Dies
3349 4417 3536 4488 judicii

1959 4514 2124 4576 venit,
2149 4510 2304 4578 juxta
2332 4518 2415 4566 est
2451 4511 2565 4565 dies
2596 4509 2804 4565 Domini
2835 4523 3088 4575 magnus,
3113 4510 3265 4579 juxta
3297 4516 3352 4564 et
3380 4508 3536 4564 velox

1955 4605 2150 4669 nimis.
2176 4605 2292 4660 dies
2322 4605 2416 4660 ira:
2442 4603 2558 4658 dies
2598 4603 2716 4670 illa,
2746 4604 2861 4660 dies
2888 4603 3250 4658 tribulationis
3280 4611 3335 4658 et
3369 4613 3536 4672 angu-

1955 4695 2104 4761 stiae,
2142 4695 2256 4750 dies
2292 4693 2616 4750 calamitatis
2645 4702 2702 4748 et
2740 4694 3000 4758 miseriae,
3033 4693 3148 4748 dies
3188 4692 3530 4748 tenebrarum

1934 4801 2009 4845 .et
2045 4786 2324 4857 caliginis,
2365 4787 2479 4843 dies
2509 4785 2717 4842 nebula:
2756 4794 2810 4842 et
2850 4785 3110 4852 turbinis,
3150 4785 3267 4841 dies
3303 4785 3441 4840 tubae
3478 4793 3534 4839 ct

1566 4897 1800 4955 VARUE
1834 4898 2234 4966 LECTIONES.

335 4985 407 5017 ⁸⁸³
463 4984 670 5039 Collata
734 4995 807 5040 est
851 5003 968 5040 cum
1011 4991 1314 5053 pra’nototis
1364 5002 1488 5045 mss.
1558 4989 1691 5046 Vict.
1757 4993 1960 5050 Timon.
2030 4994 2151 5048 Bec.
2221 4992 2381 5054 Corb.
2457 4991 2715 5047 Val-lite.
2777 5003 2826 5048 et
2885 4991 3230 5048 Floriacensi.
3289 4992 3363 5047 De
3423 5000 3529 5049 ter-

267 5055 744 5135 rpreijitiliciimd
793 5058 1154 5135 mentiendum
1221 5061 1506 5135 timorem;
1539 5079 1656 5129 qua:
1704 5063 1840 5118 alios
1886 5067 2214 5128 inscribitur,
2263 5062 2435 5135 Liber
2472 5063 2714 5135 Aniiseriae
2773 5063 3003 5119 hominis
3049 5061 3349 5135 nisaflgrli.
3401 5063 3528 5126 ltiti,

262 5122 543 5178 Meditatio
596 5125 662 5179 ad
715 5127 1056 5180 excitandum
1117 5128 1362 5183 timorem
1420 5122 1562 5185 Dei.'
1599 5149 1724 5185 mss.
1777 5135 1906 5189 alia.
1965 5136 2151 5190 Oratio
2201 5122 2274 5188 ad
2331 5125 2712 5187 concitandum
2764 5135 3008 5188 timorem
3108 5132 3177 5163 ⁸¹³
3226 5129 3415 5186 Terret
3440 5122 3526 5189 me

263 5208 387 5246 mss.
451 5192 588 5247 Vict.
629 5195 715 5248 16.
749 5206 797 5248 et
836 5195 990 5250 ϐου-ὸ.
1047 5197 1168 5252 166.
1201 5195 1390 5253 ἰωάθι
1445 5215 1530 5254 me

1646 5203 1714 5234 ³³³
1757 5202 1874 5256 Vita
1938 5221 2054 5258 mea
2095 5220 2219 5256 nias.
2262 5201 2393 5257 Vict.
2437 5201 2524 5257 16.
2582 5202 2702 5257 Dec.
2744 5201 2810 5256 O.
2862 5202 3016 5258 Corb.
3053 5202 3173 5257 160.
3215 5200 3448 5256 Val-lue.
3478 5213 3524 5256 et

266 5258 417 5342 Flor.
444 5263 554 5342 vita
581 5280 698 5317 mea
726 5274 833 5318 tota
910 5266 978 5342 ’_"
1011 5267 1135 5322 Mihi
1167 5279 1461 5342 peccatunl
1488 5287 1612 5324 mss.
1642 5271 1764 5326 Bec.
1800 5272 1935 5328 Vict.
1979 5274 2115 5327 Tim.
2156 5271 2391 5327 Val-inc.
2421 5284 2469 5327 et
2506 5271 2654 5328 Flor.
2685 5273 2812 5327 milii
2845 5282 3234 5342 autpeccatum
3311 5270 3523 5342 mlita

264 5331 491 5414 anulis"
521 5331 774 5414 ferul-om
804 5345 898 5414 aut
928 5336 979 5388 in
1004 5354 1127 5414 mss.
1169 5331 1293 5391 Βεε.
1327 5350 1375 5414 et
1421 5339 1556 5392 Tim.
1587 5342 1694 5394 vita
1735 5359 1844 5414 non
1879 5354 1966 5397 tua
1993 5361 2097 5398 non
2119 5343 2230 5412 jam
2260 5342 2533 5414 fereitnta,
2574 5343 2666 5396 sed
2688 5352 2836 5396 certe
2866 5331 2973 5414 tota
3003 5352 3097 5396 aut
3128 5344 3178 5395 in
3206 5359 3330 5414 mss.
3360 5340 3521 5414 Core.

274 5395 511 5475 Υμιίζυε.
551 5412 597 5456 et
622 5401 774 5456 Flor.
809 5406 916 5457 vita
945 5415 1032 5460 tua
1064 5407 1174 5475 jam
1219 5424 1321 5462 non
1352 5409 1462 5463 fere
1493 5418 1623 5472 tota.
1653 5412 1744 5466 sed
1789 5395 2326 5468 certeitot—a-autinm
2350 5395 2442 5444 ’³¹⁷
2471 5395 2930 5466 Ᾱὶιιίέὶειιιηίῶἰιίε
2964 5395 3092 5468 mss.
3123 5423 3175 5465 et
3199 5410 3524 5466 damnabilis

263 5467 332 5500 ³⁸⁸
383 5469 582 5524 Verum
615 5487 736 5526 esse
784 5467 1158 5550 ipiotLveri'tas
1191 5477 1280 5532 Dei
1341 5479 1473 5550 dixit
1507 5497 1518 5531 :
1551 5467 1750 5535 omnes
1778 5467 2123 5536 manserunt
2153 5491 2254 5542 est.
2278 5483 2417 5550 quod
2448 5484 2646 5535 veritas
2683 5482 2854 5536 dixit:
2888 5467 3082 5536 Omnis
3149 5483 3216 5512 "’
3246 5480 3438 5550 Verum
3464 5491 3521 5534 et

263 5553 390 5621 tim:
423 5553 660 5621 vermem
686 5551 774 5621 e_t_
811 5543 880 5574 ³¹⁰
913 5543 952 5596 F
957 5557 1211 5621 intentem
1254 5549 1486 5621 peccatis
1515 5550 1818 5621 niss.__Virt.
1851 5552 1936 5604 16.
1974 5553 2128 5606 Corb.
2163 5543 2366 5607 160.3»
2417 5551 2566 5607 Flon
2596 5553 2869 5606 [intentem
2900 5563 3249 5621 peceatorem
3275 5549 3372 5621 A’“
3407 5548 3523 5619 Ου-

266 5609 545 5693 probrium
575 5611 807 5693 beluinis
854 5631 976 5693 mss.
1019 5615 1150 5670 Vict.
1184 5609 1424 5693 3.'Coi~_b.
1452 5620 1587 5693 A160.
1637 5618 1863 5674 Val-luc.
1914 5639 1962 5676 et
2015 5621 2161 5673 Flor.
2201 5623 2548 5693 oppi‘obt'ittttt
2596 5622 2872 5677 hominum
2900 5609 3010 5680 'ms.
3070 5619 3205 5671 Vict.-
3238 5617 3318 5674 ιϐ.
3344 5609 3516 5680 omit.

265 5673 504 5734 hominis
573 5681 639 5714 ³²²
663 5683 717 5736 lu
748 5681 845 5740 liae
871 5684 1045 5740 anima
1072 5704 1183 5742 lllt:.t
1220 5706 1338 5742 mss.
1370 5691 1419 5745 iu
1450 5691 1546 5746 hoc
1578 5708 1786 5762 «pioque
1818 5673 1989 5746 anima
2019 5709 2134 5757 lilL‘il
