  <div class='ocr_page' id='page_1' title='image "/cluster/home/n/w/nwhite01/storage/ocr_20150623/158/uva.x000829800/369.png"; bbox 0 0 4190 6188; ppageno 0'>
   <div class='ocr_carea' id='block_1_1' title="bbox 476 254 3741 328">
    <p class='ocr_par' dir='ltr' id='par_1_1' title="bbox 476 254 3741 328">
     <span class='ocr_line' id='line_1_1' title="bbox 476 254 3741 328; baseline -0.002 0"><span class='ocrx_word' id='word_1_1' title='bbox 476 268 575 328; x_wconf 74' lang='grc' dir='ltr'><strong>τδι</strong></span> <span class='ocrx_word' id='word_1_2' title='bbox 842 261 903 323; x_wconf 87' lang='lat' dir='ltr'><strong>S.</strong></span> <span class='ocrx_word' id='word_1_3' title='bbox 946 261 1246 324; x_wconf 64' lang='lat' dir='ltr'><strong>ANSELMI</strong></span> <span class='ocrx_word' id='word_1_4' title='bbox 1278 258 1630 318; x_wconf 64' lang='lat' dir='ltr'><strong>CANTHAR.</strong></span> <span class='ocrx_word' id='word_1_5' title='bbox 1670 256 1988 316; x_wconf 66' lang='lat' dir='ltr'><strong>.iBClllEP.</strong></span> <span class='ocrx_word' id='word_1_6' title='bbox 2013 254 2163 313; x_wconf 61' lang='lat' dir='ltr'><strong>OPPo.</strong></span> <span class='ocrx_word' id='word_1_7' title='bbox 2200 255 2383 312; x_wconf 75' lang='lat' dir='ltr'><strong>PARS</strong></span> <span class='ocrx_word' id='word_1_8' title='bbox 2412 255 2475 311; x_wconf 81' lang='lat' dir='ltr'><strong>ll.</strong></span> <span class='ocrx_word' id='word_1_9' title='bbox 2516 284 2583 297; x_wconf 89' lang='lat'><strong>-</strong></span> <span class='ocrx_word' id='word_1_10' title='bbox 2606 254 2978 314; x_wconf 64' lang='lat' dir='ltr'><strong>PARJSNET.</strong></span> <span class='ocrx_word' id='word_1_11' title='bbox 3015 258 3101 313; x_wconf 80' lang='lat' dir='ltr'><strong>ET</strong></span> <span class='ocrx_word' id='word_1_12' title='bbox 3131 258 3374 317; x_wconf 74' lang='lat' dir='ltr'><strong>ASCET.</strong></span> <span class='ocrx_word' id='word_1_13' title='bbox 3628 260 3741 320; x_wconf 67' lang='lat'><strong>73!</strong></span> 
     </span>
    </p>
   </div>
   <div class='ocr_carea' id='block_1_2' title="bbox 479 371 3742 453">
    <p class='ocr_par' dir='ltr' id='par_1_2' title="bbox 479 371 3742 453">
     <span class='ocr_line' id='line_1_2' title="bbox 479 371 3742 453; baseline 0.001 -18"><span class='ocrx_word' id='word_1_14' title='bbox 479 381 661 453; x_wconf 73' lang='lat' dir='ltr'><strong>gentia</strong></span> <span class='ocrx_word' id='word_1_15' title='bbox 710 379 923 439; x_wconf 81' lang='lat' dir='ltr'><strong>videas.</strong></span> <span class='ocrx_word' id='word_1_16' title='bbox 951 380 1016 436; x_wconf 78' lang='lat' dir='ltr'><strong>Et</strong></span> <span class='ocrx_word' id='word_1_17' title='bbox 1061 378 1225 434; x_wconf 84' lang='lat' dir='ltr'><strong>credo</strong></span> <span class='ocrx_word' id='word_1_18' title='bbox 1278 377 1407 448; x_wconf 99' lang='lat' dir='ltr'><strong>quia</strong></span> <span class='ocrx_word' id='word_1_19' title='bbox 1427 377 1471 432; x_wconf 88' lang='lat' dir='ltr'><strong>si</strong></span> <span class='ocrx_word' id='word_1_20' title='bbox 1504 377 1607 432; x_wconf 90' lang='lat' dir='ltr'><strong>hoc</strong></span> <span class='ocrx_word' id='word_1_21' title='bbox 1633 376 1847 433; x_wconf 79' lang='lat' dir='ltr'><strong>assidue</strong></span> <span class='ocrx_word' id='word_1_22' title='bbox 1900 374 2055 439; x_wconf 84' lang='lat' dir='ltr'><strong>facis,</strong></span> <span class='ocrx_word' id='word_1_23' title='bbox 2086 371 2132 431; x_wconf 82' lang='grc' dir='ltr'><strong>Δ</strong></span> <span class='ocrx_word' id='word_1_24' title='bbox 2160 373 2373 441; x_wconf 83' lang='lat' dir='ltr'><strong>invoca,</strong></span> <span class='ocrx_word' id='word_1_25' title='bbox 2429 391 2498 431; x_wconf 91' lang='lat' dir='ltr'><strong>ne</strong></span> <span class='ocrx_word' id='word_1_26' title='bbox 2538 375 2655 445; x_wconf 85' lang='lat' dir='ltr'><strong>eius</strong></span> <span class='ocrx_word' id='word_1_27' title='bbox 2692 376 2919 434; x_wconf 77' lang='lat' dir='ltr'><strong>fallaciis</strong></span> <span class='ocrx_word' id='word_1_28' title='bbox 2949 386 3005 434; x_wconf 90' lang='lat' dir='ltr'><strong>et</strong></span> <span class='ocrx_word' id='word_1_29' title='bbox 3033 380 3446 452; x_wconf 81' lang='lat' dir='ltr'><strong>deceptionibus</strong></span> <span class='ocrx_word' id='word_1_30' title='bbox 3476 388 3529 437; x_wconf 90' lang='lat' dir='ltr'><strong>te</strong></span> <span class='ocrx_word' id='word_1_31' title='bbox 3550 381 3742 438; x_wconf 83' lang='lat' dir='ltr'><strong>seduci</strong></span> 
     </span>
    </p>
   </div>
   <div class='ocr_carea' id='block_1_3' title="bbox 483 465 3745 546">
    <p class='ocr_par' dir='ltr' id='par_1_3' title="bbox 483 465 3745 546">
     <span class='ocr_line' id='line_1_3' title="bbox 483 465 3745 546; baseline -0.001 -15"><span class='ocrx_word' id='word_1_32' title='bbox 483 476 790 546; x_wconf 71' lang='lat' dir='ltr'><strong>horumque</strong></span> <span class='ocrx_word' id='word_1_33' title='bbox 828 470 1296 541; x_wconf 72' lang='lat' dir='ltr'><strong>recordationibus</strong></span> <span class='ocrx_word' id='word_1_34' title='bbox 1324 468 1479 540; x_wconf 87' lang='lat' dir='ltr'><strong>quasi</strong></span> <span class='ocrx_word' id='word_1_35' title='bbox 1524 467 1717 523; x_wconf 88' lang='lat' dir='ltr'><strong>ferreis</strong></span> <span class='ocrx_word' id='word_1_36' title='bbox 1741 466 1949 522; x_wconf 87' lang='lat' dir='ltr'><strong>malleis</strong></span> <span class='ocrx_word' id='word_1_37' title='bbox 1970 465 2066 521; x_wconf 83' lang='lat' dir='ltr'><strong>du-</strong></span> <span class='ocrx_word' id='word_1_38' title='bbox 2163 468 2461 538; x_wconf 71' lang='lat' dir='ltr'><strong>permittat.</strong></span> <span class='ocrx_word' id='word_1_39' title='bbox 2524 467 2671 540; x_wconf 87' lang='lat' dir='ltr'><strong>Fuge</strong></span> <span class='ocrx_word' id='word_1_40' title='bbox 2729 471 2829 525; x_wconf 86' lang='lat' dir='ltr'><strong>sub</strong></span> <span class='ocrx_word' id='word_1_41' title='bbox 2873 472 3062 527; x_wconf 88' lang='lat' dir='ltr'><strong>umbra</strong></span> <span class='ocrx_word' id='word_1_42' title='bbox 3109 472 3319 538; x_wconf 71' lang='lat' dir='ltr'><strong>alarum</strong></span> <span class='ocrx_word' id='word_1_43' title='bbox 3362 470 3481 543; x_wconf 87' lang='lat' dir='ltr'><strong>eius</strong></span> <span class='ocrx_word' id='word_1_44' title='bbox 3522 490 3555 529; x_wconf 91' lang='lat' dir='ltr'><strong>a</strong></span> <span class='ocrx_word' id='word_1_45' title='bbox 3604 473 3745 529; x_wconf 80' lang='lat' dir='ltr'><strong>facie</strong></span> 
     </span>
    </p>
   </div>
   <div class='ocr_carea' id='block_1_4' title="bbox 479 558 3749 637">
    <p class='ocr_par' dir='ltr' id='par_1_4' title="bbox 479 558 3749 637">
     <span class='ocr_line' id='line_1_4' title="bbox 479 558 3749 637; baseline 0 -14"><span class='ocrx_word' id='word_1_46' title='bbox 479 575 663 626; x_wconf 82' lang='lat' dir='ltr'><strong>rtttam</strong></span> <span class='ocrx_word' id='word_1_47' title='bbox 688 563 919 636; x_wconf 85' lang='lat' dir='ltr'><strong>pectoris</strong></span> <span class='ocrx_word' id='word_1_48' title='bbox 946 561 1018 617; x_wconf 93' lang='lat' dir='ltr'><strong>tui</strong></span> <span class='ocrx_word' id='word_1_49' title='bbox 1048 560 1265 618; x_wconf 84' lang='lat' dir='ltr'><strong>assidue</strong></span> <span class='ocrx_word' id='word_1_50' title='bbox 1291 559 1596 623; x_wconf 85' lang='lat' dir='ltr'><strong>contundis,</strong></span> <span class='ocrx_word' id='word_1_51' title='bbox 1621 558 1723 615; x_wconf 94' lang='lat' dir='ltr'><strong>nisi</strong></span> <span class='ocrx_word' id='word_1_52' title='bbox 1754 559 1942 615; x_wconf 86' lang='lat' dir='ltr'><strong>insana</strong></span> <span class='ocrx_word' id='word_1_53' title='bbox 1963 558 2069 625; x_wconf 81' lang='lat' dir='ltr'><strong>sis,</strong></span> <span class='ocrx_word' id='word_1_54' title='bbox 2166 560 2453 631; x_wconf 91' lang='lat' dir='ltr'><strong>impiorum</strong></span> <span class='ocrx_word' id='word_1_55' title='bbox 2486 560 2577 631; x_wconf 90' lang='lat' dir='ltr'><strong>qui</strong></span> <span class='ocrx_word' id='word_1_56' title='bbox 2603 569 2654 618; x_wconf 89' lang='lat' dir='ltr'><strong>te</strong></span> <span class='ocrx_word' id='word_1_57' title='bbox 2677 563 2914 635; x_wconf 82' lang='lat' dir='ltr'><strong>allligunt</strong></span> <span class='ocrx_word' id='word_1_58' title='bbox 2944 562 3117 632; x_wconf 79' lang='lat' dir='ltr'><strong>(Psal.</strong></span> <span class='ocrx_word' id='word_1_59' title='bbox 3158 583 3269 634; x_wconf 69' lang='lat' dir='ltr'><strong>avt,</strong></span> <span class='ocrx_word' id='word_1_60' title='bbox 3291 566 3383 634; x_wconf 44' lang='lat'><strong>8).,</strong></span> <span class='ocrx_word' id='word_1_61' title='bbox 3415 567 3505 637; x_wconf 91' lang='lat' dir='ltr'><strong>qui</strong></span> <span class='ocrx_word' id='word_1_62' title='bbox 3544 576 3594 623; x_wconf 88' lang='lat' dir='ltr'><strong>te</strong></span> <span class='ocrx_word' id='word_1_63' title='bbox 3613 566 3749 624; x_wconf 53' lang='lat' dir='ltr'><strong>alni.</strong></span> 
     </span>
    </p>
   </div>
   <div class='ocr_carea' id='block_1_5' title="bbox 482 649 2063 722">
    <p class='ocr_par' dir='ltr' id='par_1_5' title="bbox 482 649 2063 722">
     <span class='ocr_line' id='line_1_5' title="bbox 482 649 2063 722; baseline -0.01 -10"><span class='ocrx_word' id='word_1_64' title='bbox 482 671 547 712; x_wconf 80' lang='lat' dir='ltr'><strong>ea</strong></span> <span class='ocrx_word' id='word_1_65' title='bbox 566 656 751 718; x_wconf 84' lang='lat' dir='ltr'><strong>facies,</strong></span> <span class='ocrx_word' id='word_1_66' title='bbox 788 653 931 709; x_wconf 88' lang='lat' dir='ltr'><strong>unde</strong></span> <span class='ocrx_word' id='word_1_67' title='bbox 956 650 1269 709; x_wconf 90' lang='lat' dir='ltr'><strong>felicitatem</strong></span> <span class='ocrx_word' id='word_1_68' title='bbox 1290 660 1343 707; x_wconf 90' lang='lat' dir='ltr'><strong>et</strong></span> <span class='ocrx_word' id='word_1_69' title='bbox 1364 650 1558 722; x_wconf 81' lang='lat' dir='ltr'><strong>gaudia</strong></span> <span class='ocrx_word' id='word_1_70' title='bbox 1614 649 1846 719; x_wconf 78' lang='lat' dir='ltr'><strong>recipias</strong></span> <span class='ocrx_word' id='word_1_71' title='bbox 1869 649 1973 714; x_wconf 66' lang='grc' dir='ltr'>δ’δς</span> <span class='ocrx_word' id='word_1_72' title='bbox 1998 664 2063 703; x_wconf 76' lang='lat' dir='ltr'><strong>ea</strong></span> 
     </span>
    </p>
   </div>
   <div class='ocr_carea' id='block_1_6' title="bbox 486 741 2063 809">
    <p class='ocr_par' dir='ltr' id='par_1_6' title="bbox 486 741 2063 809">
     <span class='ocr_line' id='line_1_6' title="bbox 486 741 2063 809; baseline -0.003 -7"><span class='ocrx_word' id='word_1_73' title='bbox 486 760 614 803; x_wconf 79' lang='lat' dir='ltr'><strong>rem</strong></span> <span class='ocrx_word' id='word_1_74' title='bbox 632 746 893 809; x_wconf 87' lang='lat' dir='ltr'><strong>dimittes.</strong></span> <span class='ocrx_word' id='word_1_75' title='bbox 916 744 1059 801; x_wconf 90' lang='lat' dir='ltr'><strong>unde</strong></span> <span class='ocrx_word' id='word_1_76' title='bbox 1084 750 1351 802; x_wconf 83' lang='lat' dir='ltr'><strong>tormenta</strong></span> <span class='ocrx_word' id='word_1_77' title='bbox 1367 750 1425 798; x_wconf 92' lang='lat' dir='ltr'><strong>et</strong></span> <span class='ocrx_word' id='word_1_78' title='bbox 1444 741 1720 797; x_wconf 82' lang='lat' dir='ltr'><strong>tristitiam</strong></span> <span class='ocrx_word' id='word_1_79' title='bbox 1747 742 2063 797; x_wconf 87' lang='lat' dir='ltr'><strong>merebaris.</strong></span> 
     </span>
    </p>
   </div>
   <div class='ocr_carea' id='block_1_7' title="bbox 2166 652 3747 723">
    <p class='ocr_par' dir='ltr' id='par_1_7' title="bbox 2166 652 3747 723">
     <span class='ocr_line' id='line_1_7' title="bbox 2166 652 3747 723; baseline 0.004 -17"><span class='ocrx_word' id='word_1_80' title='bbox 2166 661 2306 706; x_wconf 90' lang='lat' dir='ltr'><strong>ctam</strong></span> <span class='ocrx_word' id='word_1_81' title='bbox 2334 660 2390 707; x_wconf 87' lang='lat' dir='ltr'><strong>et</strong></span> <span class='ocrx_word' id='word_1_82' title='bbox 2414 652 2809 723; x_wconf 86' lang='lat' dir='ltr'><strong>supplantatam</strong></span> <span class='ocrx_word' id='word_1_83' title='bbox 2851 654 2919 711; x_wconf 84' lang='lat' dir='ltr'><strong>ad</strong></span> <span class='ocrx_word' id='word_1_84' title='bbox 2972 664 3205 711; x_wconf 90' lang='lat' dir='ltr'><strong>mortem</strong></span> <span class='ocrx_word' id='word_1_85' title='bbox 3243 668 3301 712; x_wconf 89' lang='lat' dir='ltr'><strong>et</strong></span> <span class='ocrx_word' id='word_1_86' title='bbox 3342 658 3411 711; x_wconf 85' lang='lat' dir='ltr'><strong>ad</strong></span> <span class='ocrx_word' id='word_1_87' title='bbox 3464 656 3747 712; x_wconf 84' lang='lat' dir='ltr'><strong>interitum</strong></span> 
     </span>
    </p>
   </div>
   <div class='ocr_carea' id='block_1_8' title="bbox 2166 742 3751 817">
    <p class='ocr_par' dir='ltr' id='par_1_8' title="bbox 2166 742 3751 817">
     <span class='ocr_line' id='line_1_8' title="bbox 2166 742 3751 817; baseline 0.005 -20"><span class='ocrx_word' id='word_1_88' title='bbox 2166 742 2480 813; x_wconf 75' lang='lat' dir='ltr'><strong>pertrahere</strong></span> <span class='ocrx_word' id='word_1_89' title='bbox 2497 752 2771 817; x_wconf 76' lang='lat' dir='ltr'><strong>satagunt.</strong></span> <span class='ocrx_word' id='word_1_90' title='bbox 2803 745 3033 802; x_wconf 83' lang='lat' dir='ltr'><strong>Creator</strong></span> <span class='ocrx_word' id='word_1_91' title='bbox 3086 756 3227 811; x_wconf 83' lang='lat' dir='ltr'><strong>tuus.</strong></span> <span class='ocrx_word' id='word_1_92' title='bbox 3255 757 3311 803; x_wconf 90' lang='lat' dir='ltr'><strong>et</strong></span> <span class='ocrx_word' id='word_1_93' title='bbox 3336 748 3599 804; x_wconf 79' lang='lat' dir='ltr'><strong>Dominus</strong></span> <span class='ocrx_word' id='word_1_94' title='bbox 3626 758 3751 805; x_wconf 89' lang='lat' dir='ltr'><strong>tnns</strong></span> 
     </span>
    </p>
   </div>
   <div class='ocr_carea' id='block_1_9' title="bbox 550 833 3750 909">
    <p class='ocr_par' dir='ltr' id='par_1_9' title="bbox 550 833 3750 909">
     <span class='ocr_line' id='line_1_9' title="bbox 550 833 3750 909; baseline -0.001 -12"><span class='ocrx_word' id='word_1_95' title='bbox 550 837 776 909; x_wconf 79' lang='lat' dir='ltr'><strong>Propter</strong></span> <span class='ocrx_word' id='word_1_96' title='bbox 810 838 917 894; x_wconf 86' lang='lat' dir='ltr'><strong>hoc</strong></span> <span class='ocrx_word' id='word_1_97' title='bbox 946 837 1035 901; x_wconf 66' lang='grc' dir='ltr'><strong>δ”.</strong></span> <span class='ocrx_word' id='word_1_98' title='bbox 1060 836 1260 893; x_wconf 79' lang='lat' dir='ltr'><strong>iterum</strong></span> <span class='ocrx_word' id='word_1_99' title='bbox 1290 844 1454 906; x_wconf 84' lang='lat' dir='ltr'><strong>atque</strong></span> <span class='ocrx_word' id='word_1_100' title='bbox 1483 833 1683 890; x_wconf 88' lang='lat' dir='ltr'><strong>iterum</strong></span> <span class='ocrx_word' id='word_1_101' title='bbox 1702 834 1978 890; x_wconf 83' lang='lat' dir='ltr'><strong>admoneo</strong></span> <span class='ocrx_word' id='word_1_102' title='bbox 2007 845 2067 891; x_wconf 89' lang='lat' dir='ltr'><strong>ut</strong></span> <span class='ocrx_word' id='word_1_103' title='bbox 2164 834 2290 907; x_wconf 85' lang='lat' dir='ltr'><strong>plus</strong></span> <span class='ocrx_word' id='word_1_104' title='bbox 2333 843 2417 890; x_wconf 86' lang='lat' dir='ltr'><strong>est</strong></span> <span class='ocrx_word' id='word_1_105' title='bbox 2446 834 2569 906; x_wconf 87' lang='lat' dir='ltr'><strong>pius</strong></span> <span class='ocrx_word' id='word_1_106' title='bbox 2615 844 2671 891; x_wconf 87' lang='lat' dir='ltr'><strong>et</strong></span> <span class='ocrx_word' id='word_1_107' title='bbox 2729 836 3044 893; x_wconf 78' lang='lat' dir='ltr'><strong>misericors</strong></span> <span class='ocrx_word' id='word_1_108' title='bbox 3098 853 3260 908; x_wconf 86' lang='lat' dir='ltr'><strong>quam</strong></span> <span class='ocrx_word' id='word_1_109' title='bbox 3311 837 3433 893; x_wconf 46' lang='lat' dir='ltr'><strong>dici.</strong></span> <span class='ocrx_word' id='word_1_110' title='bbox 3470 837 3750 894; x_wconf 69' lang='lat' dir='ltr'><strong>veletiam</strong></span> 
     </span>
    </p>
   </div>
   <div class='ocr_carea' id='block_1_10' title="bbox 479 924 2067 997">
    <p class='ocr_par' dir='ltr' id='par_1_10' title="bbox 479 924 2067 997">
     <span class='ocr_line' id='line_1_10' title="bbox 479 924 2067 997; baseline -0.002 -11"><span class='ocrx_word' id='word_1_111' title='bbox 479 930 599 986; x_wconf 89' lang='lat' dir='ltr'><strong>sine</strong></span> <span class='ocrx_word' id='word_1_112' title='bbox 629 925 1039 988; x_wconf 86' lang='lat' dir='ltr'><strong>intermissione</strong></span> <span class='ocrx_word' id='word_1_113' title='bbox 1080 926 1385 984; x_wconf 84' lang='lat' dir='ltr'><strong>recorderis</strong></span> <span class='ocrx_word' id='word_1_114' title='bbox 1407 940 1568 996; x_wconf 89' lang='lat' dir='ltr'><strong>quam</strong></span> <span class='ocrx_word' id='word_1_115' title='bbox 1619 924 1797 982; x_wconf 86' lang='lat' dir='ltr'><strong>dulcis</strong></span> <span class='ocrx_word' id='word_1_116' title='bbox 1821 934 1877 981; x_wconf 94' lang='lat' dir='ltr'><strong>et</strong></span> <span class='ocrx_word' id='word_1_117' title='bbox 1901 941 2067 997; x_wconf 85' lang='lat' dir='ltr'><strong>quam</strong></span> 
     </span>
    </p>
   </div>
   <div class='ocr_carea' id='block_1_11' title="bbox 480 1015 2070 1091">
    <p class='ocr_par' dir='ltr' id='par_1_11' title="bbox 480 1015 2070 1091">
     <span class='ocr_line' id='line_1_11' title="bbox 480 1015 2070 1091; baseline -0.001 -15"><span class='ocrx_word' id='word_1_118' title='bbox 480 1022 656 1079; x_wconf 86' lang='lat' dir='ltr'><strong>bonus</strong></span> <span class='ocrx_word' id='word_1_119' title='bbox 701 1020 774 1075; x_wconf 86' lang='lat' dir='ltr'><strong>sit</strong></span> <span class='ocrx_word' id='word_1_120' title='bbox 794 1034 918 1091; x_wconf 82' lang='lat' dir='ltr'><strong>erga</strong></span> <span class='ocrx_word' id='word_1_121' title='bbox 961 1027 1014 1075; x_wconf 77' lang='lat' dir='ltr'><strong>te</strong></span> <span class='ocrx_word' id='word_1_122' title='bbox 1046 1017 1438 1085; x_wconf 75' lang='lat' dir='ltr'><strong>Creatortuus,</strong></span> <span class='ocrx_word' id='word_1_123' title='bbox 1474 1025 1675 1089; x_wconf 81' lang='lat' dir='ltr'><strong>quanta</strong></span> <span class='ocrx_word' id='word_1_124' title='bbox 1710 1018 1925 1074; x_wconf 79' lang='lat' dir='ltr'><strong>bonitas</strong></span> <span class='ocrx_word' id='word_1_125' title='bbox 1946 1015 2070 1086; x_wconf 84' lang='lat' dir='ltr'><strong>ejus</strong></span> 
     </span>
    </p>
   </div>
   <div class='ocr_carea' id='block_1_12' title="bbox 484 1108 2071 1181">
    <p class='ocr_par' dir='ltr' id='par_1_12' title="bbox 484 1108 2071 1181">
     <span class='ocr_line' id='line_1_12' title="bbox 484 1108 2071 1181; baseline -0.001 -14"><span class='ocrx_word' id='word_1_126' title='bbox 484 1111 668 1176; x_wconf 85' lang='lat' dir='ltr'><strong>fuerit,</strong></span> <span class='ocrx_word' id='word_1_127' title='bbox 697 1110 838 1181; x_wconf 89' lang='lat' dir='ltr'><strong>quod</strong></span> <span class='ocrx_word' id='word_1_128' title='bbox 862 1117 914 1166; x_wconf 90' lang='lat' dir='ltr'><strong>te</strong></span> <span class='ocrx_word' id='word_1_129' title='bbox 950 1124 1074 1167; x_wconf 88' lang='lat' dir='ltr'><strong>cum</strong></span> <span class='ocrx_word' id='word_1_130' title='bbox 1128 1124 1253 1165; x_wconf 12' lang='lat' dir='ltr'><strong>none</strong></span> <span class='ocrx_word' id='word_1_131' title='bbox 1278 1124 1429 1165; x_wconf 85' lang='lat' dir='ltr'><strong>esses</strong></span> <span class='ocrx_word' id='word_1_132' title='bbox 1470 1108 1715 1174; x_wconf 87' lang='lat' dir='ltr'><strong>creavit;</strong></span> <span class='ocrx_word' id='word_1_133' title='bbox 1750 1117 1805 1164; x_wconf 88' lang='lat' dir='ltr'><strong>et</strong></span> <span class='ocrx_word' id='word_1_134' title='bbox 1830 1109 1975 1180; x_wconf 89' lang='lat' dir='ltr'><strong>quod</strong></span> <span class='ocrx_word' id='word_1_135' title='bbox 2017 1117 2071 1166; x_wconf 87' lang='lat' dir='ltr'><strong>te</strong></span> 
     </span>
    </p>
   </div>
   <div class='ocr_carea' id='block_1_13' title="bbox 483 1192 2070 1273">
    <p class='ocr_par' dir='ltr' id='par_1_13' title="bbox 483 1192 2070 1273">
     <span class='ocr_line' id='line_1_13' title="bbox 483 1192 2070 1273; baseline -0.003 -16"><span class='ocrx_word' id='word_1_136' title='bbox 483 1217 591 1258; x_wconf 93' lang='lat' dir='ltr'><strong>non</strong></span> <span class='ocrx_word' id='word_1_137' title='bbox 621 1214 789 1273; x_wconf 78' lang='lat' dir='ltr'><strong>pecus</strong></span> <span class='ocrx_word' id='word_1_138' title='bbox 849 1209 945 1256; x_wconf 87' lang='lat' dir='ltr'><strong>aut</strong></span> <span class='ocrx_word' id='word_1_139' title='bbox 1004 1209 1309 1256; x_wconf 81' lang='lat' dir='ltr'><strong>creaturam</strong></span> <span class='ocrx_word' id='word_1_140' title='bbox 1367 1198 1763 1264; x_wconf 82' lang='lat' dir='ltr'><strong>insensibiletn,</strong></span> <span class='ocrx_word' id='word_1_141' title='bbox 1816 1199 1908 1255; x_wconf 82' lang='lat' dir='ltr'><strong>sed</strong></span> <span class='ocrx_word' id='word_1_142' title='bbox 1949 1192 2070 1253; x_wconf 86' lang='lat' dir='ltr'><strong>eam</strong></span> 
     </span>
    </p>
   </div>
   <div class='ocr_carea' id='block_1_14' title="bbox 484 1291 2073 1364">
    <p class='ocr_par' dir='ltr' id='par_1_14' title="bbox 484 1291 2073 1364">
     <span class='ocr_line' id='line_1_14' title="bbox 484 1291 2073 1364; baseline -0.003 -13"><span class='ocrx_word' id='word_1_143' title='bbox 484 1305 795 1351; x_wconf 84' lang='lat' dir='ltr'><strong>creaturam</strong></span> <span class='ocrx_word' id='word_1_144' title='bbox 828 1293 975 1359; x_wconf 79' lang='lat' dir='ltr'><strong>fecit,</strong></span> <span class='ocrx_word' id='word_1_145' title='bbox 1008 1309 1130 1364; x_wconf 63' lang='lat' dir='ltr'><strong>quae</strong></span> <span class='ocrx_word' id='word_1_146' title='bbox 1180 1308 1303 1350; x_wconf 91' lang='lat' dir='ltr'><strong>eum</strong></span> <span class='ocrx_word' id='word_1_147' title='bbox 1358 1307 1546 1363; x_wconf 81' lang='lat' dir='ltr'><strong>posses</strong></span> <span class='ocrx_word' id='word_1_148' title='bbox 1582 1291 1652 1325; x_wconf 70' lang='grc' dir='ltr'><strong>δ”</strong></span> <span class='ocrx_word' id='word_1_149' title='bbox 1681 1292 1983 1361; x_wconf 75' lang='lat' dir='ltr'><strong>intelligere</strong></span> <span class='ocrx_word' id='word_1_150' title='bbox 2016 1300 2073 1346; x_wconf 81' lang='lat' dir='ltr'><strong>et</strong></span> 
     </span>
    </p>
   </div>
   <div class='ocr_carea' id='block_1_15' title="bbox 484 1366 2072 1451">
    <p class='ocr_par' dir='ltr' id='par_1_15' title="bbox 484 1366 2072 1451">
     <span class='ocr_line' id='line_1_15' title="bbox 484 1366 2072 1451; baseline -0.001 -10"><span class='ocrx_word' id='word_1_151' title='bbox 484 1400 697 1451; x_wconf 79' lang='lat' dir='ltr'><strong>amare.</strong></span> <span class='ocrx_word' id='word_1_152' title='bbox 726 1395 785 1441; x_wconf 90' lang='lat' dir='ltr'><strong>et</strong></span> <span class='ocrx_word' id='word_1_153' title='bbox 806 1400 929 1441; x_wconf 91' lang='lat' dir='ltr'><strong>cum</strong></span> <span class='ocrx_word' id='word_1_154' title='bbox 958 1400 1025 1441; x_wconf 91' lang='lat' dir='ltr'><strong>eo</strong></span> <span class='ocrx_word' id='word_1_155' title='bbox 1048 1400 1199 1441; x_wconf 84' lang='lat' dir='ltr'><strong>suam</strong></span> <span class='ocrx_word' id='word_1_156' title='bbox 1226 1384 1589 1443; x_wconf 68' lang='lat' dir='ltr'><strong>mternitatem</strong></span> <span class='ocrx_word' id='word_1_157' title='bbox 1621 1392 1827 1441; x_wconf 65' lang='lat' dir='ltr'><strong>aeterna</strong></span> <span class='ocrx_word' id='word_1_158' title='bbox 1857 1394 1913 1440; x_wconf 84' lang='lat' dir='ltr'><strong>et</strong></span> <span class='ocrx_word' id='word_1_159' title='bbox 1940 1366 2072 1441; x_wconf 76' lang='lat' dir='ltr'><strong>felix</strong></span> 
     </span>
    </p>
   </div>
   <div class='ocr_carea' id='block_1_16' title="bbox 484 1474 2073 1548">
    <p class='ocr_par' dir='ltr' id='par_1_16' title="bbox 484 1474 2073 1548">
     <span class='ocr_line' id='line_1_16' title="bbox 484 1474 2073 1548; baseline -0.002 -16"><span class='ocrx_word' id='word_1_160' title='bbox 484 1477 792 1548; x_wconf 77' lang='lat' dir='ltr'><strong>possidere,</strong></span> <span class='ocrx_word' id='word_1_161' title='bbox 839 1485 895 1532; x_wconf 90' lang='lat' dir='ltr'><strong>et</strong></span> <span class='ocrx_word' id='word_1_162' title='bbox 946 1475 1089 1546; x_wconf 89' lang='lat' dir='ltr'><strong>quod</strong></span> <span class='ocrx_word' id='word_1_163' title='bbox 1140 1476 1195 1531; x_wconf 92' lang='lat' dir='ltr'><strong>iu</strong></span> <span class='ocrx_word' id='word_1_164' title='bbox 1253 1484 1462 1530; x_wconf 87' lang='lat' dir='ltr'><strong>tantum</strong></span> <span class='ocrx_word' id='word_1_165' title='bbox 1508 1484 1560 1531; x_wconf 87' lang='lat' dir='ltr'><strong>te</strong></span> <span class='ocrx_word' id='word_1_166' title='bbox 1600 1474 1790 1530; x_wconf 77' lang='lat' dir='ltr'><strong>dilexit</strong></span> <span class='ocrx_word' id='word_1_167' title='bbox 1831 1482 1909 1541; x_wconf 91' lang='lat' dir='ltr'><strong>ut,</strong></span> <span class='ocrx_word' id='word_1_168' title='bbox 1949 1489 2073 1529; x_wconf 82' lang='lat' dir='ltr'><strong>cum</strong></span> 
     </span>
    </p>
   </div>
   <div class='ocr_carea' id='block_1_17' title="bbox 488 1563 2073 1630">
    <p class='ocr_par' dir='ltr' id='par_1_17' title="bbox 488 1563 2073 1630">
     <span class='ocr_line' id='line_1_17' title="bbox 488 1563 2073 1630; baseline -0.001 -9"><span class='ocrx_word' id='word_1_169' title='bbox 488 1576 541 1621; x_wconf 87' lang='lat' dir='ltr'><strong>te</strong></span> <span class='ocrx_word' id='word_1_170' title='bbox 569 1567 739 1622; x_wconf 87' lang='lat' dir='ltr'><strong>multa</strong></span> <span class='ocrx_word' id='word_1_171' title='bbox 774 1575 967 1621; x_wconf 90' lang='lat' dir='ltr'><strong>contra</strong></span> <span class='ocrx_word' id='word_1_172' title='bbox 992 1581 1147 1622; x_wconf 88' lang='lat' dir='ltr'><strong>suam</strong></span> <span class='ocrx_word' id='word_1_173' title='bbox 1201 1563 1539 1622; x_wconf 74' lang='lat' dir='ltr'><strong>voluntatem</strong></span> <span class='ocrx_word' id='word_1_174' title='bbox 1592 1574 1838 1620; x_wconf 70' lang='lat' dir='ltr'><strong>acturam</strong></span> <span class='ocrx_word' id='word_1_175' title='bbox 1886 1564 2073 1630; x_wconf 87' lang='lat' dir='ltr'><strong>sciret,</strong></span> 
     </span>
    </p>
   </div>
   <div class='ocr_carea' id='block_1_18' title="bbox 489 1654 2070 1722">
    <p class='ocr_par' dir='ltr' id='par_1_18' title="bbox 489 1654 2070 1722">
     <span class='ocr_line' id='line_1_18' title="bbox 489 1654 2070 1722; baseline -0.001 -10"><span class='ocrx_word' id='word_1_176' title='bbox 489 1655 665 1713; x_wconf 87' lang='lat' dir='ltr'><strong>noluit</strong></span> <span class='ocrx_word' id='word_1_177' title='bbox 696 1666 748 1713; x_wconf 84' lang='lat' dir='ltr'><strong>te</strong></span> <span class='ocrx_word' id='word_1_178' title='bbox 782 1671 886 1715; x_wconf 88' lang='lat' dir='ltr'><strong>non</strong></span> <span class='ocrx_word' id='word_1_179' title='bbox 922 1654 1123 1722; x_wconf 86' lang='lat' dir='ltr'><strong>facere,</strong></span> <span class='ocrx_word' id='word_1_180' title='bbox 1162 1655 1257 1711; x_wconf 84' lang='lat' dir='ltr'><strong>sed</strong></span> <span class='ocrx_word' id='word_1_181' title='bbox 1283 1663 1336 1710; x_wconf 86' lang='lat' dir='ltr'><strong>te</strong></span> <span class='ocrx_word' id='word_1_182' title='bbox 1367 1655 1535 1710; x_wconf 79' lang='lat' dir='ltr'><strong>voluit</strong></span> <span class='ocrx_word' id='word_1_183' title='bbox 1569 1655 1770 1720; x_wconf 82' lang='lat' dir='ltr'><strong>facere,</strong></span> <span class='ocrx_word' id='word_1_184' title='bbox 1807 1663 1862 1710; x_wconf 89' lang='lat' dir='ltr'><strong>et</strong></span> <span class='ocrx_word' id='word_1_185' title='bbox 1901 1669 2024 1711; x_wconf 83' lang='lat' dir='ltr'><strong>esse</strong></span> <span class='ocrx_word' id='word_1_186' title='bbox 2052 1670 2070 1721; x_wconf 89' lang='lat'><strong>;</strong></span> 
     </span>
    </p>
   </div>
   <div class='ocr_carea' id='block_1_19' title="bbox 2167 923 3754 1000">
    <p class='ocr_par' dir='ltr' id='par_1_19' title="bbox 2167 923 3754 1000">
     <span class='ocr_line' id='line_1_19' title="bbox 2167 923 3754 1000; baseline 0.001 -20"><span class='ocrx_word' id='word_1_187' title='bbox 2167 923 2466 995; x_wconf 72' lang='lat' dir='ltr'><strong>excogitari</strong></span> <span class='ocrx_word' id='word_1_188' title='bbox 2512 924 2730 995; x_wconf 87' lang='lat' dir='ltr'><strong>possit:</strong></span> <span class='ocrx_word' id='word_1_189' title='bbox 2775 925 2918 982; x_wconf 88' lang='lat' dir='ltr'><strong>unde</strong></span> <span class='ocrx_word' id='word_1_190' title='bbox 2969 926 3187 990; x_wconf 75' lang='lat' dir='ltr'><strong>nullum,</strong></span> <span class='ocrx_word' id='word_1_191' title='bbox 3240 926 3342 983; x_wconf 89' lang='lat' dir='ltr'><strong>nisi</strong></span> <span class='ocrx_word' id='word_1_192' title='bbox 3410 942 3523 984; x_wconf 83' lang='lat' dir='ltr'><strong>sua</strong></span> <span class='ocrx_word' id='word_1_193' title='bbox 3555 940 3754 1000; x_wconf 79' lang='lat' dir='ltr'><strong>magna</strong></span> 
     </span>
    </p>
   </div>
   <div class='ocr_carea' id='block_1_20' title="bbox 2168 1015 3317 1089">
    <p class='ocr_par' dir='ltr' id='par_1_20' title="bbox 2168 1015 3317 1089">
     <span class='ocr_line' id='line_1_20' title="bbox 2168 1015 3317 1089; baseline 0.002 -18"><span class='ocrx_word' id='word_1_194' title='bbox 2168 1015 2325 1086; x_wconf 87' lang='lat' dir='ltr'><strong>culpa</strong></span> <span class='ocrx_word' id='word_1_195' title='bbox 2356 1030 2560 1085; x_wconf 81' lang='lat' dir='ltr'><strong>suaque</strong></span> <span class='ocrx_word' id='word_1_196' title='bbox 2582 1030 2776 1088; x_wconf 84' lang='lat' dir='ltr'><strong>magna</strong></span> <span class='ocrx_word' id='word_1_197' title='bbox 2803 1016 3087 1088; x_wconf 84' lang='lat' dir='ltr'><strong>iniquitate</strong></span> <span class='ocrx_word' id='word_1_198' title='bbox 3119 1019 3317 1089; x_wconf 74' lang='lat' dir='ltr'><strong>perdit.</strong></span> 
     </span>
    </p>
   </div>
   <div class='ocr_carea' id='block_1_21' title="bbox 2240 1107 3754 1183">
    <p class='ocr_par' dir='ltr' id='par_1_21' title="bbox 2240 1107 3754 1183">
     <span class='ocr_line' id='line_1_21' title="bbox 2240 1107 3754 1183; baseline -0.003 -16"><span class='ocrx_word' id='word_1_199' title='bbox 2240 1110 2403 1168; x_wconf 81' lang='lat' dir='ltr'><strong>Pater</strong></span> <span class='ocrx_word' id='word_1_200' title='bbox 2423 1120 2479 1167; x_wconf 91' lang='lat' dir='ltr'><strong>et</strong></span> <span class='ocrx_word' id='word_1_201' title='bbox 2509 1118 2685 1167; x_wconf 83' lang='lat' dir='ltr'><strong>mater</strong></span> <span class='ocrx_word' id='word_1_202' title='bbox 2716 1108 3173 1183; x_wconf 76' lang='lat' dir='ltr'><strong>carnalessolent</strong></span> <span class='ocrx_word' id='word_1_203' title='bbox 3197 1122 3447 1180; x_wconf 87' lang='lat' dir='ltr'><strong>magnam</strong></span> <span class='ocrx_word' id='word_1_204' title='bbox 3495 1107 3754 1179; x_wconf 80' lang='lat' dir='ltr'><strong>pietatem</strong></span> 
     </span>
    </p>
   </div>
   <div class='ocr_carea' id='block_1_22' title="bbox 2172 1200 3761 1276">
    <p class='ocr_par' dir='ltr' id='par_1_22' title="bbox 2172 1200 3761 1276">
     <span class='ocr_line' id='line_1_22' title="bbox 2172 1200 3761 1276; baseline -0.002 -16"><span class='ocrx_word' id='word_1_205' title='bbox 2172 1204 2377 1260; x_wconf 85' lang='lat' dir='ltr'><strong>habere</strong></span> <span class='ocrx_word' id='word_1_206' title='bbox 2412 1204 2480 1259; x_wconf 89' lang='lat' dir='ltr'><strong>de</strong></span> <span class='ocrx_word' id='word_1_207' title='bbox 2508 1204 2612 1260; x_wconf 85' lang='lat' dir='ltr'><strong>illis</strong></span> <span class='ocrx_word' id='word_1_208' title='bbox 2634 1218 2769 1274; x_wconf 88' lang='lat' dir='ltr'><strong>quos</strong></span> <span class='ocrx_word' id='word_1_209' title='bbox 2796 1212 3138 1276; x_wconf 85' lang='lat' dir='ltr'><strong>genuerunt;</strong></span> <span class='ocrx_word' id='word_1_210' title='bbox 3176 1210 3234 1260; x_wconf 90' lang='lat' dir='ltr'><strong>et</strong></span> <span class='ocrx_word' id='word_1_211' title='bbox 3254 1202 3299 1259; x_wconf 92' lang='lat' dir='ltr'><strong>si</strong></span> <span class='ocrx_word' id='word_1_212' title='bbox 3323 1202 3442 1259; x_wconf 86' lang='lat' dir='ltr'><strong>illos</strong></span> <span class='ocrx_word' id='word_1_213' title='bbox 3462 1202 3643 1272; x_wconf 86' lang='lat' dir='ltr'><strong>aliquo</strong></span> <span class='ocrx_word' id='word_1_214' title='bbox 3681 1200 3761 1235; x_wconf 71' lang='grc'><strong>⁵³⁸</strong></span> 
     </span>
    </p>
   </div>
   <div class='ocr_carea' id='block_1_23' title="bbox 2173 1288 3758 1366">
    <p class='ocr_par' dir='ltr' id='par_1_23' title="bbox 2173 1288 3758 1366">
     <span class='ocr_line' id='line_1_23' title="bbox 2173 1288 3758 1366; baseline -0.001 -15"><span class='ocrx_word' id='word_1_215' title='bbox 2173 1296 2379 1362; x_wconf 86' lang='lat' dir='ltr'><strong>dolore,</strong></span> <span class='ocrx_word' id='word_1_216' title='bbox 2425 1295 2511 1352; x_wconf 84' lang='lat' dir='ltr'><strong>vel</strong></span> <span class='ocrx_word' id='word_1_217' title='bbox 2564 1288 2745 1365; x_wconf 82' lang='lat' dir='ltr'><strong>aliqua</strong></span> <span class='ocrx_word' id='word_1_218' title='bbox 2793 1295 3061 1366; x_wconf 84' lang='lat' dir='ltr'><strong>corporali</strong></span> <span class='ocrx_word' id='word_1_219' title='bbox 3106 1295 3323 1351; x_wconf 75' lang='lat' dir='ltr'><strong>tristitia</strong></span> <span class='ocrx_word' id='word_1_220' title='bbox 3362 1294 3500 1350; x_wconf 70' lang='lat' dir='ltr'><strong>adici</strong></span> <span class='ocrx_word' id='word_1_221' title='bbox 3540 1294 3758 1365; x_wconf 88' lang='lat' dir='ltr'><strong>conspi-</strong></span> 
     </span>
    </p>
   </div>
   <div class='ocr_carea' id='block_1_24' title="bbox 2173 1388 3755 1461">
    <p class='ocr_par' dir='ltr' id='par_1_24' title="bbox 2173 1388 3755 1461">
     <span class='ocr_line' id='line_1_24' title="bbox 2173 1388 3755 1461; baseline 0.003 -20"><span class='ocrx_word' id='word_1_222' title='bbox 2173 1388 2345 1459; x_wconf 83' lang='lat' dir='ltr'><strong>ciunt,</strong></span> <span class='ocrx_word' id='word_1_223' title='bbox 2377 1402 2435 1443; x_wconf 84' lang='lat' dir='ltr'><strong>se</strong></span> <span class='ocrx_word' id='word_1_224' title='bbox 2462 1402 2697 1459; x_wconf 83' lang='lat' dir='ltr'><strong>suasque</strong></span> <span class='ocrx_word' id='word_1_225' title='bbox 2724 1403 2831 1454; x_wconf 84' lang='lat' dir='ltr'><strong>res,</strong></span> <span class='ocrx_word' id='word_1_226' title='bbox 2859 1389 2905 1444; x_wconf 86' lang='lat' dir='ltr'><strong>si</strong></span> <span class='ocrx_word' id='word_1_227' title='bbox 2948 1389 3023 1444; x_wconf 83' lang='lat' dir='ltr'><strong>ita</strong></span> <span class='ocrx_word' id='word_1_228' title='bbox 3045 1389 3185 1444; x_wconf 88' lang='lat' dir='ltr'><strong>ratio</strong></span> <span class='ocrx_word' id='word_1_229' title='bbox 3214 1388 3405 1461; x_wconf 72' lang='grc' dir='ltr'><strong>θιὶεἱι,</strong></span> <span class='ocrx_word' id='word_1_230' title='bbox 3434 1404 3532 1460; x_wconf 89' lang='lat' dir='ltr'><strong>pro</strong></span> <span class='ocrx_word' id='word_1_231' title='bbox 3560 1403 3755 1445; x_wconf 84' lang='lat' dir='ltr'><strong>eorum</strong></span> 
     </span>
    </p>
   </div>
   <div class='ocr_carea' id='block_1_25' title="bbox 2175 1460 3756 1551">
    <p class='ocr_par' dir='ltr' id='par_1_25' title="bbox 2175 1460 3756 1551">
     <span class='ocr_line' id='line_1_25' title="bbox 2175 1460 3756 1551; baseline 0.001 -18"><span class='ocrx_word' id='word_1_232' title='bbox 2175 1460 2553 1550; x_wconf 66' lang='lat' dir='ltr'><strong>recuperanda</strong></span> <span class='ocrx_word' id='word_1_233' title='bbox 2593 1480 2855 1551; x_wconf 81' lang='lat' dir='ltr'><strong>sospitate</strong></span> <span class='ocrx_word' id='word_1_234' title='bbox 2909 1479 3142 1537; x_wconf 77' lang='lat' dir='ltr'><strong>libenter</strong></span> <span class='ocrx_word' id='word_1_235' title='bbox 3204 1480 3539 1551; x_wconf 78' lang='lat' dir='ltr'><strong>impendunt.</strong></span> <span class='ocrx_word' id='word_1_236' title='bbox 3591 1478 3756 1535; x_wconf 75' lang='lat' dir='ltr'><strong>Multa</strong></span> 
     </span>
    </p>
   </div>
   <div class='ocr_carea' id='block_1_26' title="bbox 2174 1557 3761 1649">
    <p class='ocr_par' dir='ltr' id='par_1_26' title="bbox 2174 1557 3761 1649">
     <span class='ocr_line' id='line_1_26' title="bbox 2174 1557 3761 1649; baseline 0 -24"><span class='ocrx_word' id='word_1_237' title='bbox 2174 1570 2349 1649; x_wconf 71' lang='lat' dir='ltr'><strong>etiam</strong></span> <span class='ocrx_word' id='word_1_238' title='bbox 2381 1569 2639 1649; x_wconf 75' lang='lat' dir='ltr'><strong>animalia</strong></span> <span class='ocrx_word' id='word_1_239' title='bbox 2671 1585 2769 1640; x_wconf 80' lang='lat' dir='ltr'><strong>pro</strong></span> <span class='ocrx_word' id='word_1_240' title='bbox 2796 1557 2997 1625; x_wconf 74' lang='lat' dir='ltr'><strong>fetibus</strong></span> <span class='ocrx_word' id='word_1_241' title='bbox 3022 1569 3138 1623; x_wconf 78' lang='lat' dir='ltr'><strong>suis</strong></span> <span class='ocrx_word' id='word_1_242' title='bbox 3170 1568 3366 1639; x_wconf 76' lang='lat' dir='ltr'><strong>saepius</strong></span> <span class='ocrx_word' id='word_1_243' title='bbox 3408 1578 3637 1624; x_wconf 83' lang='lat' dir='ltr'><strong>mortem</strong></span> <span class='ocrx_word' id='word_1_244' title='bbox 3663 1582 3761 1625; x_wconf 79' lang='lat' dir='ltr'><strong>ex-</strong></span> 
     </span>
    </p>
   </div>
   <div class='ocr_carea' id='block_1_27' title="bbox 2176 1646 3759 1731">
    <p class='ocr_par' dir='ltr' id='par_1_27' title="bbox 2176 1646 3759 1731">
     <span class='ocr_line' id='line_1_27' title="bbox 2176 1646 3759 1731; baseline 0 -14"><span class='ocrx_word' id='word_1_245' title='bbox 2176 1646 2356 1731; x_wconf 78' lang='lat' dir='ltr'><strong>cipere</strong></span> <span class='ocrx_word' id='word_1_246' title='bbox 2403 1676 2511 1717; x_wconf 88' lang='lat' dir='ltr'><strong>non</strong></span> <span class='ocrx_word' id='word_1_247' title='bbox 2566 1646 2913 1727; x_wconf 84' lang='lat' dir='ltr'><strong>metuunt,ct</strong></span> <span class='ocrx_word' id='word_1_248' title='bbox 2936 1669 2997 1714; x_wconf 91' lang='lat' dir='ltr'><strong>ut</strong></span> <span class='ocrx_word' id='word_1_249' title='bbox 3034 1660 3135 1731; x_wconf 84' lang='lat' dir='ltr'><strong>ipsi</strong></span> <span class='ocrx_word' id='word_1_250' title='bbox 3196 1659 3335 1716; x_wconf 88' lang='lat' dir='ltr'><strong>fetus</strong></span> <span class='ocrx_word' id='word_1_251' title='bbox 3377 1660 3460 1716; x_wconf 89' lang='lat' dir='ltr'><strong>sui</strong></span> <span class='ocrx_word' id='word_1_252' title='bbox 3526 1670 3759 1717; x_wconf 84' lang='lat' dir='ltr'><strong>mortem</strong></span> 
     </span>
    </p>
   </div>
   <div class='ocr_carea' id='block_1_28' title="bbox 486 1746 3747 1825">
    <p class='ocr_par' dir='ltr' id='par_1_28' title="bbox 486 1746 3747 1825">
     <span class='ocr_line' id='line_1_28' title="bbox 486 1746 3747 1825; baseline -0.002 -17"><span class='ocrx_word' id='word_1_253' title='bbox 486 1759 543 1808; x_wconf 87' lang='lat' dir='ltr'><strong>et</strong></span> <span class='ocrx_word' id='word_1_254' title='bbox 569 1750 712 1821; x_wconf 83' lang='lat' dir='ltr'><strong>quod</strong></span> <span class='ocrx_word' id='word_1_255' title='bbox 750 1757 806 1805; x_wconf 90' lang='lat' dir='ltr'><strong>te</strong></span> <span class='ocrx_word' id='word_1_256' title='bbox 851 1763 975 1807; x_wconf 88' lang='lat' dir='ltr'><strong>cum</strong></span> <span class='ocrx_word' id='word_1_257' title='bbox 1026 1755 1179 1803; x_wconf 80' lang='lat' dir='ltr'><strong>tanta</strong></span> <span class='ocrx_word' id='word_1_258' title='bbox 1241 1747 1677 1825; x_wconf 85' lang='lat' dir='ltr'><strong>mansuetudine,</strong></span> <span class='ocrx_word' id='word_1_259' title='bbox 1729 1756 1789 1803; x_wconf 91' lang='lat' dir='ltr'><strong>ut</strong></span> <span class='ocrx_word' id='word_1_260' title='bbox 1830 1749 1952 1817; x_wconf 91' lang='lat' dir='ltr'><strong>pius</strong></span> <span class='ocrx_word' id='word_1_261' title='bbox 2011 1761 2077 1803; x_wconf 88' lang='lat' dir='ltr'><strong>ac</strong></span> <span class='ocrx_word' id='word_1_262' title='bbox 2105 1746 2152 1807; x_wconf 77' lang='grc' dir='ltr'><strong>Β</strong></span> <span class='ocrx_word' id='word_1_263' title='bbox 2179 1752 2432 1818; x_wconf 84' lang='lat' dir='ltr'><strong>evadant,</strong></span> <span class='ocrx_word' id='word_1_264' title='bbox 2468 1754 2703 1807; x_wconf 78' lang='lat' dir='ltr'><strong>mortem‘</strong></span> <span class='ocrx_word' id='word_1_265' title='bbox 2742 1749 2857 1821; x_wconf 85' lang='lat' dir='ltr'><strong>ipsa</strong></span> <span class='ocrx_word' id='word_1_266' title='bbox 2894 1749 3196 1805; x_wconf 87' lang='lat' dir='ltr'><strong>incurrunt.</strong></span> <span class='ocrx_word' id='word_1_267' title='bbox 3245 1748 3397 1806; x_wconf 84' lang='lat' dir='ltr'><strong>Unde</strong></span> <span class='ocrx_word' id='word_1_268' title='bbox 3440 1754 3571 1805; x_wconf 78' lang='lat' dir='ltr'><strong>vero</strong></span> <span class='ocrx_word' id='word_1_269' title='bbox 3617 1747 3747 1817; x_wconf 84' lang='lat' dir='ltr'><strong>illis,</strong></span> 
     </span>
    </p>
   </div>
   <div class='ocr_carea' id='block_1_29' title="bbox 492 1836 2073 1910">
    <p class='ocr_par' dir='ltr' id='par_1_29' title="bbox 492 1836 2073 1910">
     <span class='ocr_line' id='line_1_29' title="bbox 492 1836 2073 1910; baseline -0.002 -13"><span class='ocrx_word' id='word_1_270' title='bbox 492 1840 805 1907; x_wconf 80' lang='lat' dir='ltr'><strong>misericors</strong></span> <span class='ocrx_word' id='word_1_271' title='bbox 847 1840 1026 1907; x_wconf 86' lang='lat' dir='ltr'><strong>adhuc</strong></span> <span class='ocrx_word' id='word_1_272' title='bbox 1052 1838 1276 1910; x_wconf 86' lang='lat' dir='ltr'><strong>patitur,</strong></span> <span class='ocrx_word' id='word_1_273' title='bbox 1322 1846 1646 1907; x_wconf 76' lang='lat' dir='ltr'><strong>exspectans</strong></span> <span class='ocrx_word' id='word_1_274' title='bbox 1687 1836 1836 1891; x_wconf 84' lang='lat' dir='ltr'><strong>tuam</strong></span> <span class='ocrx_word' id='word_1_275' title='bbox 1883 1850 2073 1894; x_wconf 85' lang='lat' dir='ltr'><strong>emen-</strong></span> 
     </span>
    </p>
   </div>
   <div class='ocr_carea' id='block_1_30' title="bbox 492 1922 2071 2000">
    <p class='ocr_par' dir='ltr' id='par_1_30' title="bbox 492 1922 2071 2000">
     <span class='ocr_line' id='line_1_30' title="bbox 492 1922 2071 2000; baseline -0.003 -15"><span class='ocrx_word' id='word_1_276' title='bbox 492 1931 792 1987; x_wconf 90' lang='lat' dir='ltr'><strong>dationem.</strong></span> <span class='ocrx_word' id='word_1_277' title='bbox 818 1922 1116 2000; x_wconf 75' lang='lat' dir='ltr'><strong>Exspectat</strong></span> <span class='ocrx_word' id='word_1_278' title='bbox 1140 1943 1270 1985; x_wconf 86' lang='lat' dir='ltr'><strong>vero</strong></span> <span class='ocrx_word' id='word_1_279' title='bbox 1291 1926 1521 1984; x_wconf 87' lang='lat' dir='ltr'><strong>Creator</strong></span> <span class='ocrx_word' id='word_1_280' title='bbox 1570 1936 1714 1995; x_wconf 86' lang='lat' dir='ltr'><strong>tuus,</strong></span> <span class='ocrx_word' id='word_1_281' title='bbox 1773 1934 2071 1997; x_wconf 79' lang='lat' dir='ltr'><strong>exspectat,</strong></span> 
     </span>
    </p>
   </div>
   <div class='ocr_carea' id='block_1_31' title="bbox 488 2010 2073 2088">
    <p class='ocr_par' dir='ltr' id='par_1_31' title="bbox 488 2010 2073 2088">
     <span class='ocr_line' id='line_1_31' title="bbox 488 2010 2073 2088; baseline -0.003 -12"><span class='ocrx_word' id='word_1_282' title='bbox 488 2020 649 2077; x_wconf 76' lang='lat' dir='ltr'><strong>sicut.</strong></span> <span class='ocrx_word' id='word_1_283' title='bbox 675 2020 807 2088; x_wconf 82' lang='lat' dir='ltr'><strong>dixi,</strong></span> <span class='ocrx_word' id='word_1_284' title='bbox 853 2028 1000 2073; x_wconf 89' lang='lat' dir='ltr'><strong>tuam</strong></span> <span class='ocrx_word' id='word_1_285' title='bbox 1031 2017 1449 2081; x_wconf 87' lang='lat' dir='ltr'><strong>correctionem,</strong></span> <span class='ocrx_word' id='word_1_286' title='bbox 1489 2015 1618 2087; x_wconf 88' lang='lat' dir='ltr'><strong>quia</strong></span> <span class='ocrx_word' id='word_1_287' title='bbox 1663 2010 1748 2071; x_wconf 89' lang='lat' dir='ltr'><strong>cui</strong></span> <span class='ocrx_word' id='word_1_288' title='bbox 1774 2015 1972 2085; x_wconf 87' lang='lat' dir='ltr'><strong>placuit</strong></span> <span class='ocrx_word' id='word_1_289' title='bbox 2001 2023 2073 2081; x_wconf 85' lang='lat' dir='ltr'><strong>te,</strong></span> 
     </span>
    </p>
   </div>
   <div class='ocr_carea' id='block_1_32' title="bbox 490 2106 2078 2177">
    <p class='ocr_par' dir='ltr' id='par_1_32' title="bbox 490 2106 2078 2177">
     <span class='ocr_line' id='line_1_32' title="bbox 490 2106 2078 2177; baseline -0.004 -8"><span class='ocrx_word' id='word_1_290' title='bbox 490 2128 614 2170; x_wconf 85' lang='lat' dir='ltr'><strong>cum</strong></span> <span class='ocrx_word' id='word_1_291' title='bbox 664 2127 771 2169; x_wconf 92' lang='lat' dir='ltr'><strong>non</strong></span> <span class='ocrx_word' id='word_1_292' title='bbox 820 2125 990 2175; x_wconf 86' lang='lat' dir='ltr'><strong>esses,</strong></span> <span class='ocrx_word' id='word_1_293' title='bbox 1044 2109 1245 2174; x_wconf 86' lang='lat' dir='ltr'><strong>facere,</strong></span> <span class='ocrx_word' id='word_1_294' title='bbox 1298 2107 1447 2163; x_wconf 89' lang='lat' dir='ltr'><strong>nullo</strong></span> <span class='ocrx_word' id='word_1_295' title='bbox 1502 2106 1662 2162; x_wconf 88' lang='lat' dir='ltr'><strong>modo</strong></span> <span class='ocrx_word' id='word_1_296' title='bbox 1706 2106 1994 2177; x_wconf 83' lang='lat' dir='ltr'><strong>aliquando</strong></span> <span class='ocrx_word' id='word_1_297' title='bbox 2028 2116 2078 2162; x_wconf 89' lang='lat' dir='ltr'><strong>te</strong></span> 
     </span>
    </p>
   </div>
   <div class='ocr_carea' id='block_1_33' title="bbox 487 2198 2078 2275">
    <p class='ocr_par' dir='ltr' id='par_1_33' title="bbox 487 2198 2078 2275">
     <span class='ocr_line' id='line_1_33' title="bbox 487 2198 2078 2275; baseline -0.004 -15"><span class='ocrx_word' id='word_1_298' title='bbox 487 2203 641 2275; x_wconf 85' lang='lat' dir='ltr'><strong>cupit</strong></span> <span class='ocrx_word' id='word_1_299' title='bbox 694 2201 1081 2274; x_wconf 88' lang='lat' dir='ltr'><strong>perdere;sed</strong></span> <span class='ocrx_word' id='word_1_300' title='bbox 1124 2200 1193 2255; x_wconf 90' lang='lat' dir='ltr'><strong>ad</strong></span> <span class='ocrx_word' id='word_1_301' title='bbox 1222 2214 1376 2254; x_wconf 87' lang='lat' dir='ltr'><strong>suam</strong></span> <span class='ocrx_word' id='word_1_302' title='bbox 1426 2198 1724 2269; x_wconf 80' lang='lat' dir='ltr'><strong>piissimam</strong></span> <span class='ocrx_word' id='word_1_303' title='bbox 1773 2198 2078 2261; x_wconf 82' lang='lat' dir='ltr'><strong>misericor-</strong></span> 
     </span>
    </p>
   </div>
   <div class='ocr_carea' id='block_1_34' title="bbox 491 2294 2081 2369">
    <p class='ocr_par' dir='ltr' id='par_1_34' title="bbox 491 2294 2081 2369">
     <span class='ocr_line' id='line_1_34' title="bbox 491 2294 2081 2369; baseline -0.006 -14"><span class='ocrx_word' id='word_1_304' title='bbox 491 2300 636 2356; x_wconf 85' lang='lat' dir='ltr'><strong>diam</strong></span> <span class='ocrx_word' id='word_1_305' title='bbox 666 2301 864 2363; x_wconf 82' lang='lat' dir='ltr'><strong>redire,</strong></span> <span class='ocrx_word' id='word_1_306' title='bbox 894 2308 950 2356; x_wconf 85' lang='lat' dir='ltr'><strong>et</strong></span> <span class='ocrx_word' id='word_1_307' title='bbox 981 2300 1075 2355; x_wconf 87' lang='lat' dir='ltr'><strong>tibi</strong></span> <span class='ocrx_word' id='word_1_308' title='bbox 1100 2314 1199 2369; x_wconf 88' lang='lat' dir='ltr'><strong>per</strong></span> <span class='ocrx_word' id='word_1_309' title='bbox 1226 2312 1410 2355; x_wconf 83' lang='lat' dir='ltr'><strong>veram</strong></span> <span class='ocrx_word' id='word_1_310' title='bbox 1436 2294 1812 2367; x_wconf 68' lang='lat' dir='ltr'><strong>pmnilentiam</strong></span> <span class='ocrx_word' id='word_1_311' title='bbox 1840 2300 2081 2363; x_wconf 68' lang='lat' dir='ltr'><strong>purgata:</strong></span> 
     </span>
    </p>
   </div>
   <div class='ocr_carea' id='block_1_35' title="bbox 491 2383 2083 2465">
    <p class='ocr_par' dir='ltr' id='par_1_35' title="bbox 491 2383 2083 2465">
     <span class='ocr_line' id='line_1_35' title="bbox 491 2383 2083 2465; baseline -0.007 -19"><span class='ocrx_word' id='word_1_312' title='bbox 491 2396 549 2445; x_wconf 85' lang='lat' dir='ltr'><strong>et</strong></span> <span class='ocrx_word' id='word_1_313' title='bbox 578 2389 903 2455; x_wconf 65' lang='lat' dir='ltr'><strong>emendatae,</strong></span> <span class='ocrx_word' id='word_1_314' title='bbox 945 2398 1162 2444; x_wconf 67' lang='lat' dir='ltr'><strong>aeterna:</strong></span> <span class='ocrx_word' id='word_1_315' title='bbox 1205 2388 1331 2442; x_wconf 81' lang='lat' dir='ltr'><strong>vitae</strong></span> <span class='ocrx_word' id='word_1_316' title='bbox 1374 2383 1713 2449; x_wconf 86' lang='lat' dir='ltr'><strong>felicitatem,</strong></span> <span class='ocrx_word' id='word_1_317' title='bbox 1765 2396 1928 2465; x_wconf 72' lang='lat' dir='ltr'><strong>quam</strong></span> <span class='ocrx_word' id='word_1_318' title='bbox 1986 2396 2083 2451; x_wconf 83' lang='lat' dir='ltr'><strong>per</strong></span> 
     </span>
    </p>
   </div>
   <div class='ocr_carea' id='block_1_36' title="bbox 495 2475 1463 2550">
    <p class='ocr_par' dir='ltr' id='par_1_36' title="bbox 495 2475 1463 2550">
     <span class='ocr_line' id='line_1_36' title="bbox 495 2475 1463 2550; baseline -0.003 -18"><span class='ocrx_word' id='word_1_319' title='bbox 495 2482 779 2550; x_wconf 86' lang='lat' dir='ltr'><strong>peccatum</strong></span> <span class='ocrx_word' id='word_1_320' title='bbox 807 2476 1091 2543; x_wconf 83' lang='lat' dir='ltr'><strong>amiseras,</strong></span> <span class='ocrx_word' id='word_1_321' title='bbox 1123 2476 1352 2531; x_wconf 84' lang='lat' dir='ltr'><strong>reddere</strong></span> <span class='ocrx_word' id='word_1_322' title='bbox 1371 2475 1463 2529; x_wconf 80' lang='lat'><strong>“&quot;.</strong></span> 
     </span>
    </p>
   </div>
   <div class='ocr_carea' id='block_1_37' title="bbox 560 2563 2080 2643">
    <p class='ocr_par' dir='ltr' id='par_1_37' title="bbox 560 2563 2080 2643">
     <span class='ocr_line' id='line_1_37' title="bbox 560 2563 2080 2643; baseline -0.003 -21"><span class='ocrx_word' id='word_1_323' title='bbox 560 2567 747 2640; x_wconf 83' lang='lat' dir='ltr'><strong>Cogita</strong></span> <span class='ocrx_word' id='word_1_324' title='bbox 765 2582 917 2643; x_wconf 86' lang='lat' dir='ltr'><strong>ergo,</strong></span> <span class='ocrx_word' id='word_1_325' title='bbox 945 2579 1000 2623; x_wconf 88' lang='lat' dir='ltr'><strong>et</strong></span> <span class='ocrx_word' id='word_1_326' title='bbox 1018 2566 1249 2639; x_wconf 81' lang='lat' dir='ltr'><strong>recogita</strong></span> <span class='ocrx_word' id='word_1_327' title='bbox 1277 2575 1480 2621; x_wconf 87' lang='lat' dir='ltr'><strong>tantam</strong></span> <span class='ocrx_word' id='word_1_328' title='bbox 1517 2580 1642 2633; x_wconf 79' lang='lat' dir='ltr'><strong>erga</strong></span> <span class='ocrx_word' id='word_1_329' title='bbox 1674 2573 1725 2619; x_wconf 91' lang='lat' dir='ltr'><strong>te</strong></span> <span class='ocrx_word' id='word_1_330' title='bbox 1749 2564 1823 2619; x_wconf 92' lang='lat' dir='ltr'><strong>tui</strong></span> <span class='ocrx_word' id='word_1_331' title='bbox 1856 2563 2080 2619; x_wconf 83' lang='lat' dir='ltr'><strong>Creato-</strong></span> 
     </span>
    </p>
   </div>
   <div class='ocr_carea' id='block_1_38' title="bbox 491 2656 2086 2730">
    <p class='ocr_par' dir='ltr' id='par_1_38' title="bbox 491 2656 2086 2730">
     <span class='ocr_line' id='line_1_38' title="bbox 491 2656 2086 2730; baseline -0.004 -16"><span class='ocrx_word' id='word_1_332' title='bbox 491 2660 571 2714; x_wconf 89' lang='lat' dir='ltr'><strong>ris</strong></span> <span class='ocrx_word' id='word_1_333' title='bbox 619 2659 1030 2730; x_wconf 82' lang='lat' dir='ltr'><strong>beuignitatem,</strong></span> <span class='ocrx_word' id='word_1_334' title='bbox 1076 2667 1131 2712; x_wconf 89' lang='lat' dir='ltr'><strong>et</strong></span> <span class='ocrx_word' id='word_1_335' title='bbox 1156 2658 1303 2728; x_wconf 85' lang='lat' dir='ltr'><strong>erige</strong></span> <span class='ocrx_word' id='word_1_336' title='bbox 1342 2665 1411 2721; x_wconf 86' lang='lat' dir='ltr'><strong>te,</strong></span> <span class='ocrx_word' id='word_1_337' title='bbox 1463 2656 1603 2711; x_wconf 89' lang='lat' dir='ltr'><strong>sicut</strong></span> <span class='ocrx_word' id='word_1_338' title='bbox 1655 2662 1864 2710; x_wconf 89' lang='lat' dir='ltr'><strong>rectum</strong></span> <span class='ocrx_word' id='word_1_339' title='bbox 1901 2660 2005 2717; x_wconf 88' lang='lat' dir='ltr'><strong>est,</strong></span> <span class='ocrx_word' id='word_1_340' title='bbox 2032 2660 2086 2707; x_wconf 88' lang='lat' dir='ltr'><strong>et</strong></span> 
     </span>
    </p>
   </div>
   <div class='ocr_carea' id='block_1_39' title="bbox 491 2746 2082 2817">
    <p class='ocr_par' dir='ltr' id='par_1_39' title="bbox 491 2746 2082 2817">
     <span class='ocr_line' id='line_1_39' title="bbox 491 2746 2082 2817; baseline -0.005 -11"><span class='ocrx_word' id='word_1_341' title='bbox 491 2764 685 2806; x_wconf 86' lang='lat' dir='ltr'><strong>omnes</strong></span> <span class='ocrx_word' id='word_1_342' title='bbox 737 2762 927 2803; x_wconf 87' lang='lat' dir='ltr'><strong>sensus</strong></span> <span class='ocrx_word' id='word_1_343' title='bbox 974 2757 1094 2803; x_wconf 88' lang='lat' dir='ltr'><strong>tuos</strong></span> <span class='ocrx_word' id='word_1_344' title='bbox 1124 2749 1191 2803; x_wconf 88' lang='lat' dir='ltr'><strong>ad</strong></span> <span class='ocrx_word' id='word_1_345' title='bbox 1213 2748 1331 2817; x_wconf 83' lang='lat' dir='ltr'><strong>ejus</strong></span> <span class='ocrx_word' id='word_1_346' title='bbox 1372 2746 1692 2803; x_wconf 74' lang='lat' dir='ltr'><strong>ineffabilem</strong></span> <span class='ocrx_word' id='word_1_347' title='bbox 1721 2746 2082 2801; x_wconf 85' lang='lat' dir='ltr'><strong>dilectionem.</strong></span> 
     </span>
    </p>
   </div>
   <div class='ocr_carea' id='block_1_40' title="bbox 496 2833 2086 2908">
    <p class='ocr_par' dir='ltr' id='par_1_40' title="bbox 496 2833 2086 2908">
     <span class='ocr_line' id='line_1_40' title="bbox 496 2833 2086 2908; baseline -0.004 -14"><span class='ocrx_word' id='word_1_348' title='bbox 496 2839 667 2895; x_wconf 74' lang='lat' dir='ltr'><strong>Amor</strong></span> <span class='ocrx_word' id='word_1_349' title='bbox 692 2837 839 2895; x_wconf 89' lang='lat' dir='ltr'><strong>enim</strong></span> <span class='ocrx_word' id='word_1_350' title='bbox 865 2838 1007 2893; x_wconf 87' lang='lat' dir='ltr'><strong>illius</strong></span> <span class='ocrx_word' id='word_1_351' title='bbox 1030 2838 1097 2870; x_wconf 77' lang='lat'><strong>“&#39;</strong></span> <span class='ocrx_word' id='word_1_352' title='bbox 1131 2838 1331 2893; x_wconf 86' lang='lat' dir='ltr'><strong>nullam</strong></span> <span class='ocrx_word' id='word_1_353' title='bbox 1361 2838 1562 2908; x_wconf 84' lang='lat' dir='ltr'><strong>patitur</strong></span> <span class='ocrx_word' id='word_1_354' title='bbox 1590 2838 1843 2892; x_wconf 87' lang='lat' dir='ltr'><strong>vitiorum</strong></span> <span class='ocrx_word' id='word_1_355' title='bbox 1868 2833 2086 2890; x_wconf 64' lang='lat' dir='ltr'><strong>foeditao</strong></span> 
     </span>
    </p>
   </div>
   <div class='ocr_carea' id='block_1_41' title="bbox 499 2925 2089 3003">
    <p class='ocr_par' dir='ltr' id='par_1_41' title="bbox 499 2925 2089 3003">
     <span class='ocr_line' id='line_1_41' title="bbox 499 2925 2089 3003; baseline -0.006 -14"><span class='ocrx_word' id='word_1_356' title='bbox 499 2941 635 2996; x_wconf 85' lang='lat' dir='ltr'><strong>tem,</strong></span> <span class='ocrx_word' id='word_1_357' title='bbox 698 2931 898 3003; x_wconf 84' lang='lat' dir='ltr'><strong>nullam</strong></span> <span class='ocrx_word' id='word_1_358' title='bbox 944 2932 1214 2987; x_wconf 85' lang='lat' dir='ltr'><strong>consentit</strong></span> <span class='ocrx_word' id='word_1_359' title='bbox 1257 2944 1441 2985; x_wconf 85' lang='lat' dir='ltr'><strong>secum</strong></span> <span class='ocrx_word' id='word_1_360' title='bbox 1472 2944 1593 2985; x_wconf 89' lang='lat' dir='ltr'><strong>esse</strong></span> <span class='ocrx_word' id='word_1_361' title='bbox 1620 2927 1918 2984; x_wconf 86' lang='lat' dir='ltr'><strong>carnalium</strong></span> <span class='ocrx_word' id='word_1_362' title='bbox 1948 2925 2089 2981; x_wconf 87' lang='lat' dir='ltr'><strong>desi-</strong></span> 
     </span>
    </p>
   </div>
   <div class='ocr_carea' id='block_1_42' title="bbox 498 3018 2080 3091">
    <p class='ocr_par' dir='ltr' id='par_1_42' title="bbox 498 3018 2080 3091">
     <span class='ocr_line' id='line_1_42' title="bbox 498 3018 2080 3091; baseline -0.004 -15"><span class='ocrx_word' id='word_1_363' title='bbox 498 3023 776 3078; x_wconf 87' lang='lat' dir='ltr'><strong>deriorum</strong></span> <span class='ocrx_word' id='word_1_364' title='bbox 808 3022 1160 3091; x_wconf 78' lang='lat' dir='ltr'><strong>voluptatem.</strong></span> <span class='ocrx_word' id='word_1_365' title='bbox 1209 3020 1313 3077; x_wconf 85' lang='lat' dir='ltr'><strong>Ubi</strong></span> <span class='ocrx_word' id='word_1_366' title='bbox 1355 3035 1509 3075; x_wconf 87' lang='lat' dir='ltr'><strong>amor</strong></span> <span class='ocrx_word' id='word_1_367' title='bbox 1556 3018 1675 3087; x_wconf 84' lang='lat' dir='ltr'><strong>ejus</strong></span> <span class='ocrx_word' id='word_1_368' title='bbox 1707 3025 2080 3081; x_wconf 83' lang='lat' dir='ltr'><strong>conversatur,</strong></span> 
     </span>
    </p>
   </div>
   <div class='ocr_carea' id='block_1_43' title="bbox 2173 1836 3773 1912">
    <p class='ocr_par' dir='ltr' id='par_1_43' title="bbox 2173 1836 3773 1912">
     <span class='ocr_line' id='line_1_43' title="bbox 2173 1836 3773 1912; baseline 0 -16"><span class='ocrx_word' id='word_1_369' title='bbox 2173 1841 2317 1898; x_wconf 88' lang='lat' dir='ltr'><strong>unde</strong></span> <span class='ocrx_word' id='word_1_370' title='bbox 2346 1841 2417 1874; x_wconf 72' lang='grc'><strong>⁸³⁸</strong></span> <span class='ocrx_word' id='word_1_371' title='bbox 2444 1850 2531 1898; x_wconf 89' lang='lat' dir='ltr'><strong>est</strong></span> <span class='ocrx_word' id='word_1_372' title='bbox 2573 1841 2663 1896; x_wconf 90' lang='lat' dir='ltr'><strong>illa</strong></span> <span class='ocrx_word' id='word_1_373' title='bbox 2718 1839 2981 1897; x_wconf 86' lang='lat' dir='ltr'><strong>naturalis</strong></span> <span class='ocrx_word' id='word_1_374' title='bbox 3006 1840 3202 1911; x_wconf 82' lang='lat' dir='ltr'><strong>pietas,</strong></span> <span class='ocrx_word' id='word_1_375' title='bbox 3257 1839 3360 1895; x_wconf 88' lang='lat' dir='ltr'><strong>nisi</strong></span> <span class='ocrx_word' id='word_1_376' title='bbox 3415 1836 3626 1903; x_wconf 79' lang='lat' dir='ltr'><strong>abillo</strong></span> <span class='ocrx_word' id='word_1_377' title='bbox 3666 1840 3773 1912; x_wconf 75' lang='lat' dir='ltr'><strong>qui</strong></span> 
     </span>
    </p>
   </div>
   <div class='ocr_carea' id='block_1_44' title="bbox 2175 1929 3765 2004">
    <p class='ocr_par' dir='ltr' id='par_1_44' title="bbox 2175 1929 3765 2004">
     <span class='ocr_line' id='line_1_44' title="bbox 2175 1929 3765 2004; baseline -0.001 -17"><span class='ocrx_word' id='word_1_378' title='bbox 2175 1932 2296 1988; x_wconf 92' lang='lat' dir='ltr'><strong>fons</strong></span> <span class='ocrx_word' id='word_1_379' title='bbox 2313 1941 2407 1988; x_wconf 81' lang='lat' dir='ltr'><strong>est</strong></span> <span class='ocrx_word' id='word_1_380' title='bbox 2424 1931 2661 2004; x_wconf 87' lang='lat' dir='ltr'><strong>pietatis,</strong></span> <span class='ocrx_word' id='word_1_381' title='bbox 2680 1930 2772 2003; x_wconf 90' lang='lat' dir='ltr'><strong>qui</strong></span> <span class='ocrx_word' id='word_1_382' title='bbox 2802 1946 2909 1985; x_wconf 91' lang='lat' dir='ltr'><strong>non</strong></span> <span class='ocrx_word' id='word_1_383' title='bbox 2938 1929 3052 1985; x_wconf 88' lang='lat' dir='ltr'><strong>vult</strong></span> <span class='ocrx_word' id='word_1_384' title='bbox 3076 1930 3241 1985; x_wconf 88' lang='lat' dir='ltr'><strong>ullum</strong></span> <span class='ocrx_word' id='word_1_385' title='bbox 3264 1930 3461 2001; x_wconf 87' lang='lat' dir='ltr'><strong>perire,</strong></span> <span class='ocrx_word' id='word_1_386' title='bbox 3488 1943 3590 1986; x_wconf 85' lang='lat' dir='ltr'><strong>nec</strong></span> <span class='ocrx_word' id='word_1_387' title='bbox 3610 1930 3765 1985; x_wconf 65' lang='lat' dir='ltr'><strong>lata-</strong></span> 
     </span>
    </p>
   </div>
   <div class='ocr_carea' id='block_1_45' title="bbox 2177 2019 3762 2095">
    <p class='ocr_par' dir='ltr' id='par_1_45' title="bbox 2177 2019 3762 2095">
     <span class='ocr_line' id='line_1_45' title="bbox 2177 2019 3762 2095; baseline -0.003 -16"><span class='ocrx_word' id='word_1_388' title='bbox 2177 2033 2266 2079; x_wconf 90' lang='lat' dir='ltr'><strong>tur</strong></span> <span class='ocrx_word' id='word_1_389' title='bbox 2290 2026 2342 2079; x_wconf 93' lang='lat' dir='ltr'><strong>in</strong></span> <span class='ocrx_word' id='word_1_390' title='bbox 2369 2023 2675 2095; x_wconf 88' lang='lat' dir='ltr'><strong>perditione</strong></span> <span class='ocrx_word' id='word_1_391' title='bbox 2696 2021 3041 2078; x_wconf 88' lang='lat' dir='ltr'><strong>morientium</strong></span> <span class='ocrx_word' id='word_1_392' title='bbox 3062 2022 3086 2075; x_wconf 73' lang='grc' dir='ltr'><strong><em>τ</em></strong></span> <span class='ocrx_word' id='word_1_393' title='bbox 3115 2019 3345 2077; x_wconf 88' lang='lat' dir='ltr'><strong>Creator</strong></span> <span class='ocrx_word' id='word_1_394' title='bbox 3368 2021 3534 2092; x_wconf 87' lang='lat' dir='ltr'><strong>igitur</strong></span> <span class='ocrx_word' id='word_1_395' title='bbox 3557 2029 3762 2084; x_wconf 79' lang='lat' dir='ltr'><strong>noster.</strong></span> 
     </span>
    </p>
   </div>
   <div class='ocr_carea' id='block_1_46' title="bbox 2178 2111 3768 2184">
    <p class='ocr_par' dir='ltr' id='par_1_46' title="bbox 2178 2111 3768 2184">
     <span class='ocr_line' id='line_1_46' title="bbox 2178 2111 3768 2184; baseline -0.001 -14"><span class='ocrx_word' id='word_1_396' title='bbox 2178 2116 2299 2171; x_wconf 89' lang='lat' dir='ltr'><strong>fons</strong></span> <span class='ocrx_word' id='word_1_397' title='bbox 2327 2114 2568 2184; x_wconf 88' lang='lat' dir='ltr'><strong>pietatis,</strong></span> <span class='ocrx_word' id='word_1_398' title='bbox 2600 2113 2725 2169; x_wconf 89' lang='lat' dir='ltr'><strong>fons</strong></span> <span class='ocrx_word' id='word_1_399' title='bbox 2776 2111 3185 2176; x_wconf 65' lang='lat' dir='ltr'><strong>misericordiae,</strong></span> <span class='ocrx_word' id='word_1_400' title='bbox 3239 2126 3402 2183; x_wconf 88' lang='lat' dir='ltr'><strong>super</strong></span> <span class='ocrx_word' id='word_1_401' title='bbox 3434 2113 3616 2168; x_wconf 87' lang='lat' dir='ltr'><strong>omnia</strong></span> <span class='ocrx_word' id='word_1_402' title='bbox 3644 2112 3768 2168; x_wconf 65' lang='lat' dir='ltr'><strong>duh</strong></span> 
     </span>
    </p>
   </div>
   <div class='ocr_carea' id='block_1_47' title="bbox 2182 2201 3766 2272">
    <p class='ocr_par' dir='ltr' id='par_1_47' title="bbox 2182 2201 3766 2272">
     <span class='ocr_line' id='line_1_47' title="bbox 2182 2201 3766 2272; baseline -0.003 -11"><span class='ocrx_word' id='word_1_403' title='bbox 2182 2207 2261 2261; x_wconf 90' lang='lat' dir='ltr'><strong>cis</strong></span> <span class='ocrx_word' id='word_1_404' title='bbox 2286 2214 2337 2259; x_wconf 91' lang='lat' dir='ltr'><strong>et</strong></span> <span class='ocrx_word' id='word_1_405' title='bbox 2369 2202 2643 2269; x_wconf 81' lang='lat' dir='ltr'><strong>amabilis,</strong></span> <span class='ocrx_word' id='word_1_406' title='bbox 2676 2218 2798 2260; x_wconf 92' lang='lat' dir='ltr'><strong>cum</strong></span> <span class='ocrx_word' id='word_1_407' title='bbox 2843 2216 2941 2257; x_wconf 87' lang='lat' dir='ltr'><strong>nos</strong></span> <span class='ocrx_word' id='word_1_408' title='bbox 2967 2201 3237 2272; x_wconf 80' lang='lat' dir='ltr'><strong>conspicit</strong></span> <span class='ocrx_word' id='word_1_409' title='bbox 3265 2212 3570 2263; x_wconf 83' lang='lat' dir='ltr'><strong>creaturam</strong></span> <span class='ocrx_word' id='word_1_410' title='bbox 3609 2217 3766 2261; x_wconf 86' lang='lat' dir='ltr'><strong>suam</strong></span> 
     </span>
    </p>
   </div>
   <div class='ocr_carea' id='block_1_48' title="bbox 2180 2292 3767 2366">
    <p class='ocr_par' dir='ltr' id='par_1_48' title="bbox 2180 2292 3767 2366">
     <span class='ocr_line' id='line_1_48' title="bbox 2180 2292 3767 2366; baseline -0.001 -16"><span class='ocrx_word' id='word_1_411' title='bbox 2180 2295 2362 2365; x_wconf 89' lang='lat' dir='ltr'><strong>aliquo</strong></span> <span class='ocrx_word' id='word_1_412' title='bbox 2393 2293 2648 2366; x_wconf 87' lang='lat' dir='ltr'><strong>contagio</strong></span> <span class='ocrx_word' id='word_1_413' title='bbox 2674 2294 2882 2363; x_wconf 81' lang='lat' dir='ltr'><strong>peccati</strong></span> <span class='ocrx_word' id='word_1_414' title='bbox 2912 2293 3234 2357; x_wconf 76' lang='lat' dir='ltr'><strong>maculatos,</strong></span> <span class='ocrx_word' id='word_1_415' title='bbox 3255 2292 3341 2348; x_wconf 82' lang='lat' dir='ltr'><strong>vel</strong></span> <span class='ocrx_word' id='word_1_416' title='bbox 3366 2293 3533 2348; x_wconf 88' lang='lat' dir='ltr'><strong>etiam</strong></span> <span class='ocrx_word' id='word_1_417' title='bbox 3556 2296 3767 2366; x_wconf 82' lang='lat' dir='ltr'><strong>magnis</strong></span> 
     </span>
    </p>
   </div>
   <div class='ocr_carea' id='block_1_49' title="bbox 2181 2382 3772 2457">
    <p class='ocr_par' dir='ltr' id='par_1_49' title="bbox 2181 2382 3772 2457">
     <span class='ocr_line' id='line_1_49' title="bbox 2181 2382 3772 2457; baseline -0.002 -16"><span class='ocrx_word' id='word_1_418' title='bbox 2181 2385 2472 2457; x_wconf 87' lang='lat' dir='ltr'><strong>multisque</strong></span> <span class='ocrx_word' id='word_1_419' title='bbox 2492 2384 2809 2439; x_wconf 80' lang='lat' dir='ltr'><strong>vulneribus</strong></span> <span class='ocrx_word' id='word_1_420' title='bbox 2848 2383 3145 2440; x_wconf 74' lang='lat' dir='ltr'><strong>criminum</strong></span> <span class='ocrx_word' id='word_1_421' title='bbox 3189 2382 3300 2439; x_wconf 75' lang='lat' dir='ltr'><strong>fere</strong></span> <span class='ocrx_word' id='word_1_422' title='bbox 3322 2398 3494 2454; x_wconf 87' lang='lat' dir='ltr'><strong>usque</strong></span> <span class='ocrx_word' id='word_1_423' title='bbox 3523 2384 3599 2439; x_wconf 85' lang='lat' dir='ltr'><strong>ad</strong></span> <span class='ocrx_word' id='word_1_424' title='bbox 3621 2398 3772 2439; x_wconf 87' lang='lat' dir='ltr'><strong>mor-</strong></span> 
     </span>
    </p>
   </div>
   <div class='ocr_carea' id='block_1_50' title="bbox 2186 2473 3768 2545">
    <p class='ocr_par' dir='ltr' id='par_1_50' title="bbox 2186 2473 3768 2545">
     <span class='ocr_line' id='line_1_50' title="bbox 2186 2473 3768 2545; baseline -0.004 -10"><span class='ocrx_word' id='word_1_425' title='bbox 2186 2478 2496 2541; x_wconf 72' lang='lat' dir='ltr'><strong>temlaesos.</strong></span> <span class='ocrx_word' id='word_1_426' title='bbox 2553 2479 2722 2545; x_wconf 82' lang='lat' dir='ltr'><strong>multo</strong></span> <span class='ocrx_word' id='word_1_427' title='bbox 2773 2474 2967 2545; x_wconf 85' lang='lat' dir='ltr'><strong>magis,</strong></span> <span class='ocrx_word' id='word_1_428' title='bbox 3017 2473 3394 2545; x_wconf 84' lang='lat' dir='ltr'><strong>maioremque</strong></span> <span class='ocrx_word' id='word_1_429' title='bbox 3432 2473 3768 2545; x_wconf 76' lang='lat' dir='ltr'><strong>diligentiam</strong></span> 
     </span>
    </p>
   </div>
   <div class='ocr_carea' id='block_1_51' title="bbox 2184 2565 3765 2637">
    <p class='ocr_par' dir='ltr' id='par_1_51' title="bbox 2184 2565 3765 2637">
     <span class='ocr_line' id='line_1_51' title="bbox 2184 2565 3765 2637; baseline -0.003 -13"><span class='ocrx_word' id='word_1_430' title='bbox 2184 2571 2405 2625; x_wconf 83' lang='lat' dir='ltr'><strong>adhibet</strong></span> <span class='ocrx_word' id='word_1_431' title='bbox 2432 2570 2580 2624; x_wconf 88' lang='lat' dir='ltr'><strong>circa</strong></span> <span class='ocrx_word' id='word_1_432' title='bbox 2609 2583 2706 2623; x_wconf 88' lang='lat' dir='ltr'><strong>nos</strong></span> <span class='ocrx_word' id='word_1_433' title='bbox 2746 2566 2971 2623; x_wconf 85' lang='lat' dir='ltr'><strong>curandi</strong></span> <span class='ocrx_word' id='word_1_434' title='bbox 3003 2574 3230 2637; x_wconf 83' lang='lat' dir='ltr'><strong>peccata</strong></span> <span class='ocrx_word' id='word_1_435' title='bbox 3282 2574 3491 2631; x_wconf 87' lang='lat' dir='ltr'><strong>nostra,</strong></span> <span class='ocrx_word' id='word_1_436' title='bbox 3540 2565 3765 2621; x_wconf 75' lang='lat' dir='ltr'><strong>sanandi</strong></span> 
     </span>
    </p>
   </div>
   <div class='ocr_carea' id='block_1_52' title="bbox 2186 2650 3775 2726">
    <p class='ocr_par' dir='ltr' id='par_1_52' title="bbox 2186 2650 3775 2726">
     <span class='ocr_line' id='line_1_52' title="bbox 2186 2650 3775 2726; baseline -0.003 -11"><span class='ocrx_word' id='word_1_437' title='bbox 2186 2659 2553 2715; x_wconf 83' lang='lat' dir='ltr'><strong>infirmitatem</strong></span> <span class='ocrx_word' id='word_1_438' title='bbox 2580 2664 2846 2720; x_wconf 87' lang='lat' dir='ltr'><strong>nostram,</strong></span> <span class='ocrx_word' id='word_1_439' title='bbox 2906 2655 3197 2712; x_wconf 88' lang='lat' dir='ltr'><strong>mundandi</strong></span> <span class='ocrx_word' id='word_1_440' title='bbox 3257 2654 3461 2726; x_wconf 85' lang='lat' dir='ltr'><strong>lepram</strong></span> <span class='ocrx_word' id='word_1_441' title='bbox 3502 2663 3555 2711; x_wconf 85' lang='lat' dir='ltr'><strong>et</strong></span> <span class='ocrx_word' id='word_1_442' title='bbox 3580 2650 3775 2711; x_wconf 78' lang='lat' dir='ltr'><strong>sordes</strong></span> 
     </span>
    </p>
   </div>
   <div class='ocr_carea' id='block_1_53' title="bbox 2186 2743 3771 2816">
    <p class='ocr_par' dir='ltr' id='par_1_53' title="bbox 2186 2743 3771 2816">
     <span class='ocr_line' id='line_1_53' title="bbox 2186 2743 3771 2816; baseline -0.003 -11"><span class='ocrx_word' id='word_1_443' title='bbox 2186 2748 2479 2805; x_wconf 87' lang='lat' dir='ltr'><strong>criminum</strong></span> <span class='ocrx_word' id='word_1_444' title='bbox 2507 2756 2837 2813; x_wconf 88' lang='lat' dir='ltr'><strong>nostrorum,</strong></span> <span class='ocrx_word' id='word_1_445' title='bbox 2872 2746 3137 2802; x_wconf 83' lang='lat' dir='ltr'><strong>vanitates</strong></span> <span class='ocrx_word' id='word_1_446' title='bbox 3156 2754 3212 2802; x_wconf 89' lang='lat' dir='ltr'><strong>et</strong></span> <span class='ocrx_word' id='word_1_447' title='bbox 3238 2743 3512 2816; x_wconf 78' lang='lat' dir='ltr'><strong>pulverem</strong></span> <span class='ocrx_word' id='word_1_448' title='bbox 3560 2744 3771 2815; x_wconf 80' lang='lat' dir='ltr'><strong>cogita-</strong></span> 
     </span>
    </p>
   </div>
   <div class='ocr_carea' id='block_1_54' title="bbox 2191 2837 3775 2909">
    <p class='ocr_par' dir='ltr' id='par_1_54' title="bbox 2191 2837 3775 2909">
     <span class='ocr_line' id='line_1_54' title="bbox 2191 2837 3775 2909; baseline -0.003 -14"><span class='ocrx_word' id='word_1_449' title='bbox 2191 2842 2394 2896; x_wconf 89' lang='lat' dir='ltr'><strong>tionum</strong></span> <span class='ocrx_word' id='word_1_450' title='bbox 2424 2850 2757 2904; x_wconf 83' lang='lat' dir='ltr'><strong>nostrarum,</strong></span> <span class='ocrx_word' id='word_1_451' title='bbox 2803 2855 2964 2909; x_wconf 87' lang='lat' dir='ltr'><strong>quam</strong></span> <span class='ocrx_word' id='word_1_452' title='bbox 3006 2845 3163 2908; x_wconf 89' lang='lat' dir='ltr'><strong>pater</strong></span> <span class='ocrx_word' id='word_1_453' title='bbox 3188 2837 3442 2902; x_wconf 88' lang='lat' dir='ltr'><strong>carnalis,</strong></span> <span class='ocrx_word' id='word_1_454' title='bbox 3471 2837 3554 2892; x_wconf 89' lang='lat' dir='ltr'><strong>vel</strong></span> <span class='ocrx_word' id='word_1_455' title='bbox 3580 2852 3775 2907; x_wconf 75' lang='lat' dir='ltr'><strong>pecus,</strong></span> 
     </span>
    </p>
   </div>
   <div class='ocr_carea' id='block_1_55' title="bbox 2188 2928 3770 2990">
    <p class='ocr_par' dir='ltr' id='par_1_55' title="bbox 2188 2928 3770 2990">
     <span class='ocr_line' id='line_1_55' title="bbox 2188 2928 3770 2990; baseline -0.002 -2"><span class='ocrx_word' id='word_1_456' title='bbox 2188 2934 2445 2990; x_wconf 83' lang='lat' dir='ltr'><strong>adhibeat</strong></span> <span class='ocrx_word' id='word_1_457' title='bbox 2472 2932 2617 2987; x_wconf 88' lang='lat' dir='ltr'><strong>circa</strong></span> <span class='ocrx_word' id='word_1_458' title='bbox 2644 2946 2836 2988; x_wconf 81' lang='lat' dir='ltr'><strong>curam</strong></span> <span class='ocrx_word' id='word_1_459' title='bbox 2866 2930 3105 2987; x_wconf 86' lang='lat' dir='ltr'><strong>filiorum</strong></span> <span class='ocrx_word' id='word_1_460' title='bbox 3142 2928 3227 2985; x_wconf 87' lang='lat' dir='ltr'><strong>vel</strong></span> <span class='ocrx_word' id='word_1_461' title='bbox 3280 2928 3487 2985; x_wconf 82' lang='lat' dir='ltr'><strong>fetuum</strong></span> <span class='ocrx_word' id='word_1_462' title='bbox 3524 2944 3770 2985; x_wconf 90' lang='lat' dir='ltr'><strong>suorum.</strong></span> 
     </span>
    </p>
   </div>
   <div class='ocr_carea' id='block_1_56' title="bbox 2192 3020 3773 3088">
    <p class='ocr_par' dir='ltr' id='par_1_56' title="bbox 2192 3020 3773 3088">
     <span class='ocr_line' id='line_1_56' title="bbox 2192 3020 3773 3088; baseline -0.003 -8"><span class='ocrx_word' id='word_1_463' title='bbox 2192 3026 2301 3080; x_wconf 81' lang='lat' dir='ltr'><strong>Nec</strong></span> <span class='ocrx_word' id='word_1_464' title='bbox 2347 3024 2541 3080; x_wconf 73' lang='lat' dir='ltr'><strong>sufficit</strong></span> <span class='ocrx_word' id='word_1_465' title='bbox 2599 3024 2649 3079; x_wconf 90' lang='lat' dir='ltr'><strong>ei</strong></span> <span class='ocrx_word' id='word_1_466' title='bbox 2698 3022 3073 3079; x_wconf 87' lang='lat' dir='ltr'><strong>tantummodo</strong></span> <span class='ocrx_word' id='word_1_467' title='bbox 3139 3036 3338 3077; x_wconf 83' lang='lat' dir='ltr'><strong>sanare</strong></span> <span class='ocrx_word' id='word_1_468' title='bbox 3396 3020 3773 3088; x_wconf 73' lang='lat' dir='ltr'><strong>infirmitatem</strong></span> 
     </span>
    </p>
   </div>
   <div class='ocr_carea' id='block_1_57' title="bbox 498 3105 3783 3183">
    <p class='ocr_par' dir='ltr' id='par_1_57' title="bbox 498 3105 3783 3183">
     <span class='ocr_line' id='line_1_57' title="bbox 498 3105 3783 3183; baseline -0.003 -14"><span class='ocrx_word' id='word_1_469' title='bbox 498 3113 571 3169; x_wconf 83' lang='lat' dir='ltr'><strong>ibi</strong></span> <span class='ocrx_word' id='word_1_470' title='bbox 596 3122 679 3169; x_wconf 87' lang='lat' dir='ltr'><strong>est</strong></span> <span class='ocrx_word' id='word_1_471' title='bbox 704 3128 915 3169; x_wconf 86' lang='lat' dir='ltr'><strong>summa</strong></span> <span class='ocrx_word' id='word_1_472' title='bbox 949 3127 1076 3183; x_wconf 80' lang='lat' dir='ltr'><strong>pax,</strong></span> <span class='ocrx_word' id='word_1_473' title='bbox 1123 3126 1337 3167; x_wconf 89' lang='lat' dir='ltr'><strong>summa</strong></span> <span class='ocrx_word' id='word_1_474' title='bbox 1387 3109 1773 3180; x_wconf 81' lang='lat' dir='ltr'><strong>tranquillitas,</strong></span> <span class='ocrx_word' id='word_1_475' title='bbox 1800 3116 1856 3164; x_wconf 91' lang='lat' dir='ltr'><strong>et</strong></span> <span class='ocrx_word' id='word_1_476' title='bbox 1890 3122 2081 3176; x_wconf 84' lang='lat' dir='ltr'><strong>magna</strong></span> <span class='ocrx_word' id='word_1_477' title='bbox 2112 3105 2157 3166; x_wconf 90' lang='lat' dir='ltr'><strong><em>C</em></strong></span> <span class='ocrx_word' id='word_1_478' title='bbox 2191 3124 2457 3178; x_wconf 80' lang='lat' dir='ltr'><strong>nostram,</strong></span> <span class='ocrx_word' id='word_1_479' title='bbox 2483 3121 2539 3167; x_wconf 85' lang='lat' dir='ltr'><strong>et</strong></span> <span class='ocrx_word' id='word_1_480' title='bbox 2590 3112 2671 3167; x_wconf 88' lang='lat' dir='ltr'><strong>sic</strong></span> <span class='ocrx_word' id='word_1_481' title='bbox 2702 3126 2803 3167; x_wconf 84' lang='lat' dir='ltr'><strong>nos</strong></span> <span class='ocrx_word' id='word_1_482' title='bbox 2859 3111 3167 3175; x_wconf 75' lang='lat' dir='ltr'><strong>dimittere;</strong></span> <span class='ocrx_word' id='word_1_483' title='bbox 3203 3109 3300 3166; x_wconf 88' lang='lat' dir='ltr'><strong>sed</strong></span> <span class='ocrx_word' id='word_1_484' title='bbox 3346 3120 3569 3165; x_wconf 89' lang='lat' dir='ltr'><strong>sanatos</strong></span> <span class='ocrx_word' id='word_1_485' title='bbox 3618 3111 3783 3166; x_wconf 62' lang='lat' dir='ltr'><strong>fanti.</strong></span> 
     </span>
    </p>
   </div>
   <div class='ocr_carea' id='block_1_58' title="bbox 498 3196 2092 3270">
    <p class='ocr_par' dir='ltr' id='par_1_58' title="bbox 498 3196 2092 3270">
     <span class='ocr_line' id='line_1_58' title="bbox 498 3196 2092 3270; baseline -0.004 -12"><span class='ocrx_word' id='word_1_486' title='bbox 498 3204 737 3261; x_wconf 76' lang='lat' dir='ltr'><strong>facilitas</strong></span> <span class='ocrx_word' id='word_1_487' title='bbox 772 3205 843 3237; x_wconf 73' lang='grc'><strong>⁵⁸⁸</strong></span> <span class='ocrx_word' id='word_1_488' title='bbox 874 3205 1055 3259; x_wconf 88' lang='lat' dir='ltr'><strong>omnia</strong></span> <span class='ocrx_word' id='word_1_489' title='bbox 1090 3203 1175 3258; x_wconf 87' lang='lat' dir='ltr'><strong>illa</strong></span> <span class='ocrx_word' id='word_1_490' title='bbox 1225 3202 1455 3259; x_wconf 87' lang='lat' dir='ltr'><strong>faciendi</strong></span> <span class='ocrx_word' id='word_1_491' title='bbox 1484 3212 1538 3258; x_wconf 90' lang='lat' dir='ltr'><strong>et</strong></span> <span class='ocrx_word' id='word_1_492' title='bbox 1566 3199 1857 3270; x_wconf 79' lang='lat' dir='ltr'><strong>cogitandi,</strong></span> <span class='ocrx_word' id='word_1_493' title='bbox 1892 3196 2092 3269; x_wconf 79' lang='lat' dir='ltr'><strong>quibus</strong></span> 
     </span>
    </p>
   </div>
   <div class='ocr_carea' id='block_1_59' title="bbox 502 3286 2089 3368">
    <p class='ocr_par' dir='ltr' id='par_1_59' title="bbox 502 3286 2089 3368">
     <span class='ocr_line' id='line_1_59' title="bbox 502 3286 2089 3368; baseline -0.004 -17"><span class='ocrx_word' id='word_1_494' title='bbox 502 3294 823 3368; x_wconf 86' lang='lat' dir='ltr'><strong>acquiratur</strong></span> <span class='ocrx_word' id='word_1_495' title='bbox 849 3306 1048 3351; x_wconf 70' lang='lat' dir='ltr'><strong>aeterna</strong></span> <span class='ocrx_word' id='word_1_496' title='bbox 1108 3297 1353 3353; x_wconf 81' lang='lat' dir='ltr'><strong>felicitas.</strong></span> <span class='ocrx_word' id='word_1_497' title='bbox 1390 3295 1443 3350; x_wconf 91' lang='lat' dir='ltr'><strong>lu</strong></span> <span class='ocrx_word' id='word_1_498' title='bbox 1483 3294 1735 3349; x_wconf 88' lang='lat' dir='ltr'><strong>omnibus</strong></span> <span class='ocrx_word' id='word_1_499' title='bbox 1785 3286 2089 3347; x_wconf 90' lang='lat' dir='ltr'><strong>actionibus</strong></span> 
     </span>
    </p>
   </div>
   <div class='ocr_carea' id='block_1_60' title="bbox 499 3372 2093 3460">
    <p class='ocr_par' dir='ltr' id='par_1_60' title="bbox 499 3372 2093 3460">
     <span class='ocr_line' id='line_1_60' title="bbox 499 3372 2093 3460; baseline -0.004 -16"><span class='ocrx_word' id='word_1_500' title='bbox 499 3399 558 3445; x_wconf 86' lang='lat' dir='ltr'><strong>et</strong></span> <span class='ocrx_word' id='word_1_501' title='bbox 595 3389 648 3443; x_wconf 92' lang='lat' dir='ltr'><strong>in</strong></span> <span class='ocrx_word' id='word_1_502' title='bbox 680 3391 933 3446; x_wconf 89' lang='lat' dir='ltr'><strong>omnibus</strong></span> <span class='ocrx_word' id='word_1_503' title='bbox 961 3390 1380 3460; x_wconf 77' lang='lat' dir='ltr'><strong>cogitationibus</strong></span> <span class='ocrx_word' id='word_1_504' title='bbox 1406 3372 1509 3443; x_wconf 86' lang='lat' dir='ltr'><strong>tuis</strong></span> <span class='ocrx_word' id='word_1_505' title='bbox 1539 3388 1681 3445; x_wconf 90' lang='lat' dir='ltr'><strong>scias</strong></span> <span class='ocrx_word' id='word_1_506' title='bbox 1710 3386 1783 3418; x_wconf 76' lang='lat'><strong>“°</strong></span> <span class='ocrx_word' id='word_1_507' title='bbox 1809 3392 1907 3455; x_wconf 81' lang='lat' dir='ltr'><strong>pro</strong></span> <span class='ocrx_word' id='word_1_508' title='bbox 1935 3393 2093 3441; x_wconf 86' lang='lat' dir='ltr'><strong>certo</strong></span> 
     </span>
    </p>
   </div>
   <div class='ocr_carea' id='block_1_61' title="bbox 500 3478 2086 3552">
    <p class='ocr_par' dir='ltr' id='par_1_61' title="bbox 500 3478 2086 3552">
     <span class='ocr_line' id='line_1_61' title="bbox 500 3478 2086 3552; baseline -0.005 -15"><span class='ocrx_word' id='word_1_509' title='bbox 500 3480 639 3538; x_wconf 86' lang='lat' dir='ltr'><strong>duos</strong></span> <span class='ocrx_word' id='word_1_510' title='bbox 671 3481 739 3513; x_wconf 75' lang='lat'>“&#39;</span> <span class='ocrx_word' id='word_1_511' title='bbox 768 3496 889 3537; x_wconf 85' lang='lat' dir='ltr'><strong>esse</strong></span> <span class='ocrx_word' id='word_1_512' title='bbox 922 3492 1240 3552; x_wconf 64' lang='lat' dir='ltr'><strong>praesentes,</strong></span> <span class='ocrx_word' id='word_1_513' title='bbox 1283 3496 1448 3535; x_wconf 91' lang='lat' dir='ltr'><strong>unum</strong></span> <span class='ocrx_word' id='word_1_514' title='bbox 1496 3480 1754 3543; x_wconf 84' lang='lat' dir='ltr'><strong>amicum,</strong></span> <span class='ocrx_word' id='word_1_515' title='bbox 1780 3487 1834 3534; x_wconf 85' lang='lat' dir='ltr'><strong>et</strong></span> <span class='ocrx_word' id='word_1_516' title='bbox 1858 3478 2086 3532; x_wconf 85' lang='lat' dir='ltr'><strong>alterum</strong></span> 
     </span>
    </p>
   </div>
   <div class='ocr_carea' id='block_1_62' title="bbox 502 3571 2089 3640">
    <p class='ocr_par' dir='ltr' id='par_1_62' title="bbox 502 3571 2089 3640">
     <span class='ocr_line' id='line_1_62' title="bbox 502 3571 2089 3640; baseline -0.004 -9"><span class='ocrx_word' id='word_1_517' title='bbox 502 3574 781 3631; x_wconf 83' lang='lat' dir='ltr'><strong>inimicum</strong></span> <span class='ocrx_word' id='word_1_518' title='bbox 817 3585 985 3629; x_wconf 87' lang='lat' dir='ltr'><strong>tuum.</strong></span> <span class='ocrx_word' id='word_1_519' title='bbox 1022 3574 1246 3631; x_wconf 84' lang='lat' dir='ltr'><strong>Amicus</strong></span> <span class='ocrx_word' id='word_1_520' title='bbox 1292 3584 1414 3629; x_wconf 90' lang='lat' dir='ltr'><strong>tuus</strong></span> <span class='ocrx_word' id='word_1_521' title='bbox 1462 3584 1548 3629; x_wconf 84' lang='lat' dir='ltr'><strong>est</strong></span> <span class='ocrx_word' id='word_1_522' title='bbox 1570 3574 1796 3629; x_wconf 88' lang='lat' dir='ltr'><strong>Creator</strong></span> <span class='ocrx_word' id='word_1_523' title='bbox 1827 3581 1971 3635; x_wconf 86' lang='lat' dir='ltr'><strong>tuus,</strong></span> <span class='ocrx_word' id='word_1_524' title='bbox 1999 3571 2089 3640; x_wconf 81' lang='lat' dir='ltr'><strong>qui</strong></span> 
     </span>
    </p>
   </div>
   <div class='ocr_carea' id='block_1_63' title="bbox 499 3660 2092 3741">
    <p class='ocr_par' dir='ltr' id='par_1_63' title="bbox 499 3660 2092 3741">
     <span class='ocr_line' id='line_1_63' title="bbox 499 3660 2092 3741; baseline -0.004 -19"><span class='ocrx_word' id='word_1_525' title='bbox 499 3667 569 3741; x_wconf 86' lang='lat' dir='ltr'><strong>de</strong></span> <span class='ocrx_word' id='word_1_526' title='bbox 597 3667 705 3723; x_wconf 89' lang='lat' dir='ltr'><strong>tuis</strong></span> <span class='ocrx_word' id='word_1_527' title='bbox 731 3667 887 3722; x_wconf 87' lang='lat' dir='ltr'><strong>bonis</strong></span> <span class='ocrx_word' id='word_1_528' title='bbox 934 3660 1192 3736; x_wconf 82' lang='lat' dir='ltr'><strong>operibus</strong></span> <span class='ocrx_word' id='word_1_529' title='bbox 1221 3665 1421 3736; x_wconf 89' lang='lat' dir='ltr'><strong>gaudet</strong></span> <span class='ocrx_word' id='word_1_530' title='bbox 1447 3681 1463 3730; x_wconf 91' lang='lat'><strong>;</strong></span> <span class='ocrx_word' id='word_1_531' title='bbox 1498 3664 1747 3717; x_wconf 87' lang='lat' dir='ltr'><strong>inimicus</strong></span> <span class='ocrx_word' id='word_1_532' title='bbox 1766 3671 1944 3716; x_wconf 88' lang='lat' dir='ltr'><strong>autem</strong></span> <span class='ocrx_word' id='word_1_533' title='bbox 1970 3670 2092 3715; x_wconf 90' lang='lat' dir='ltr'><strong>tuus</strong></span> 
     </span>
    </p>
   </div>
   <div class='ocr_carea' id='block_1_64' title="bbox 503 3752 2087 3827">
    <p class='ocr_par' dir='ltr' id='par_1_64' title="bbox 503 3752 2087 3827">
     <span class='ocr_line' id='line_1_64' title="bbox 503 3752 2087 3827; baseline -0.002 -16"><span class='ocrx_word' id='word_1_534' title='bbox 503 3758 771 3822; x_wconf 80' lang='lat' dir='ltr'><strong>diabolus,</strong></span> <span class='ocrx_word' id='word_1_535' title='bbox 802 3759 893 3827; x_wconf 90' lang='lat' dir='ltr'><strong>qui</strong></span> <span class='ocrx_word' id='word_1_536' title='bbox 925 3758 991 3812; x_wconf 89' lang='lat' dir='ltr'><strong>de</strong></span> <span class='ocrx_word' id='word_1_537' title='bbox 1018 3758 1228 3814; x_wconf 86' lang='lat' dir='ltr'><strong>eisdem</strong></span> <span class='ocrx_word' id='word_1_538' title='bbox 1266 3756 1369 3812; x_wconf 89' lang='lat' dir='ltr'><strong>tuis</strong></span> <span class='ocrx_word' id='word_1_539' title='bbox 1422 3752 1579 3811; x_wconf 89' lang='lat' dir='ltr'><strong>bouis</strong></span> <span class='ocrx_word' id='word_1_540' title='bbox 1622 3754 1878 3823; x_wconf 90' lang='lat' dir='ltr'><strong>operibus</strong></span> <span class='ocrx_word' id='word_1_541' title='bbox 1924 3752 2087 3822; x_wconf 82' lang='lat' dir='ltr'><strong>luget.</strong></span> 
     </span>
    </p>
   </div>
   <div class='ocr_carea' id='block_1_65' title="bbox 504 3836 2093 3915">
    <p class='ocr_par' dir='ltr' id='par_1_65' title="bbox 504 3836 2093 3915">
     <span class='ocr_line' id='line_1_65' title="bbox 504 3836 2093 3915; baseline -0.002 -13"><span class='ocrx_word' id='word_1_542' title='bbox 504 3847 826 3903; x_wconf 75' lang='lat' dir='ltr'><strong>Econtrario</strong></span> <span class='ocrx_word' id='word_1_543' title='bbox 886 3847 1135 3903; x_wconf 86' lang='lat' dir='ltr'><strong>diabolus</strong></span> <span class='ocrx_word' id='word_1_544' title='bbox 1165 3848 1260 3902; x_wconf 89' lang='lat' dir='ltr'><strong>tibi</strong></span> <span class='ocrx_word' id='word_1_545' title='bbox 1304 3850 1519 3915; x_wconf 80' lang='lat' dir='ltr'><strong>seniper</strong></span> <span class='ocrx_word' id='word_1_546' title='bbox 1549 3836 1830 3909; x_wconf 71' lang='lat' dir='ltr'><strong>insidians,</strong></span> <span class='ocrx_word' id='word_1_547' title='bbox 1881 3844 2093 3899; x_wconf 68' lang='lat' dir='ltr'><strong>laetatur</strong></span> 
     </span>
    </p>
   </div>
   <div class='ocr_carea' id='block_1_66' title="bbox 504 3935 2089 4007">
    <p class='ocr_par' dir='ltr' id='par_1_66' title="bbox 504 3935 2089 4007">
     <span class='ocr_line' id='line_1_66' title="bbox 504 3935 2089 4007; baseline -0.002 -14"><span class='ocrx_word' id='word_1_548' title='bbox 504 3939 549 3993; x_wconf 92' lang='lat' dir='ltr'><strong>si</strong></span> <span class='ocrx_word' id='word_1_549' title='bbox 576 3948 627 3993; x_wconf 86' lang='lat' dir='ltr'><strong>te</strong></span> <span class='ocrx_word' id='word_1_550' title='bbox 655 3939 854 3993; x_wconf 87' lang='lat' dir='ltr'><strong>viderit</strong></span> <span class='ocrx_word' id='word_1_551' title='bbox 904 3939 1043 3991; x_wconf 76' lang='lat' dir='ltr'><strong>mala</strong></span> <span class='ocrx_word' id='word_1_552' title='bbox 1066 3952 1231 4006; x_wconf 89' lang='lat' dir='ltr'><strong>opera</strong></span> <span class='ocrx_word' id='word_1_553' title='bbox 1282 3937 1483 4002; x_wconf 83' lang='lat' dir='ltr'><strong>facere,</strong></span> <span class='ocrx_word' id='word_1_554' title='bbox 1518 3935 1777 4005; x_wconf 87' lang='lat' dir='ltr'><strong>vanisque</strong></span> <span class='ocrx_word' id='word_1_555' title='bbox 1803 3936 2089 4007; x_wconf 71' lang='lat' dir='ltr'><strong>cogitatio~</strong></span> 
     </span>
    </p>
   </div>
   <div class='ocr_carea' id='block_1_67' title="bbox 502 4012 2093 4097">
    <p class='ocr_par' dir='ltr' id='par_1_67' title="bbox 502 4012 2093 4097">
     <span class='ocr_line' id='line_1_67' title="bbox 502 4012 2093 4097; baseline -0.001 -15"><span class='ocrx_word' id='word_1_556' title='bbox 502 4012 661 4083; x_wconf 83' lang='lat' dir='ltr'><strong>nibus</strong></span> <span class='ocrx_word' id='word_1_557' title='bbox 691 4028 761 4059; x_wconf 75' lang='lat'><strong>“&#39;</strong></span> <span class='ocrx_word' id='word_1_558' title='bbox 784 4036 837 4081; x_wconf 90' lang='lat' dir='ltr'><strong>et</strong></span> <span class='ocrx_word' id='word_1_559' title='bbox 866 4027 1048 4082; x_wconf 86' lang='lat' dir='ltr'><strong>stultis</strong></span> <span class='ocrx_word' id='word_1_560' title='bbox 1095 4041 1317 4097; x_wconf 78' lang='lat' dir='ltr'><strong>Operam</strong></span> <span class='ocrx_word' id='word_1_561' title='bbox 1364 4027 1512 4089; x_wconf 85' lang='lat' dir='ltr'><strong>dare,</strong></span> <span class='ocrx_word' id='word_1_562' title='bbox 1554 4025 1697 4081; x_wconf 89' lang='lat' dir='ltr'><strong>unde</strong></span> <span class='ocrx_word' id='word_1_563' title='bbox 1739 4033 1797 4079; x_wconf 80' lang='lat' dir='ltr'><strong>te</strong></span> <span class='ocrx_word' id='word_1_564' title='bbox 1821 4025 1999 4080; x_wconf 87' lang='lat' dir='ltr'><strong>valeat</strong></span> <span class='ocrx_word' id='word_1_565' title='bbox 2023 4025 2093 4058; x_wconf 76' lang='grc'><strong>⁸³³</strong></span> 
     </span>
    </p>
   </div>
   <div class='ocr_carea' id='block_1_68' title="bbox 504 4119 2094 4192">
    <p class='ocr_par' dir='ltr' id='par_1_68' title="bbox 504 4119 2094 4192">
     <span class='ocr_line' id='line_1_68' title="bbox 504 4119 2094 4192; baseline -0.002 -16"><span class='ocrx_word' id='word_1_566' title='bbox 504 4133 632 4177; x_wconf 85' lang='lat' dir='ltr'><strong>ante</strong></span> <span class='ocrx_word' id='word_1_567' title='bbox 680 4137 973 4192; x_wconf 88' lang='lat' dir='ltr'><strong>supernum</strong></span> <span class='ocrx_word' id='word_1_568' title='bbox 1025 4119 1272 4177; x_wconf 82' lang='lat' dir='ltr'><strong>Judicem</strong></span> <span class='ocrx_word' id='word_1_569' title='bbox 1337 4136 1616 4186; x_wconf 89' lang='lat' dir='ltr'><strong>accusare,</strong></span> <span class='ocrx_word' id='word_1_570' title='bbox 1681 4128 1990 4175; x_wconf 83' lang='lat' dir='ltr'><strong>accusatam</strong></span> <span class='ocrx_word' id='word_1_571' title='bbox 2038 4126 2094 4174; x_wconf 88' lang='lat' dir='ltr'><strong>et</strong></span> 
     </span>
    </p>
   </div>
   <div class='ocr_carea' id='block_1_69' title="bbox 505 4211 2094 4283">
    <p class='ocr_par' dir='ltr' id='par_1_69' title="bbox 505 4211 2094 4283">
     <span class='ocr_line' id='line_1_69' title="bbox 505 4211 2094 4283; baseline -0.001 -15"><span class='ocrx_word' id='word_1_572' title='bbox 505 4214 819 4281; x_wconf 83' lang='lat' dir='ltr'><strong>dainuatam</strong></span> <span class='ocrx_word' id='word_1_573' title='bbox 847 4228 1030 4269; x_wconf 88' lang='lat' dir='ltr'><strong>secum</strong></span> <span class='ocrx_word' id='word_1_574' title='bbox 1060 4217 1127 4268; x_wconf 88' lang='lat' dir='ltr'><strong>ad</strong></span> <span class='ocrx_word' id='word_1_575' title='bbox 1168 4213 1525 4283; x_wconf 85' lang='lat' dir='ltr'><strong>perditionem</strong></span> <span class='ocrx_word' id='word_1_576' title='bbox 1570 4213 1806 4267; x_wconf 83' lang='lat' dir='ltr'><strong>trahere.</strong></span> <span class='ocrx_word' id='word_1_577' title='bbox 1840 4211 2094 4267; x_wconf 79' lang='lat' dir='ltr'><strong>Diabolus</strong></span> 
     </span>
    </p>
   </div>
   <div class='ocr_carea' id='block_1_70' title="bbox 504 4301 2091 4376">
    <p class='ocr_par' dir='ltr' id='par_1_70' title="bbox 504 4301 2091 4376">
     <span class='ocr_line' id='line_1_70' title="bbox 504 4301 2091 4376; baseline -0.001 -18"><span class='ocrx_word' id='word_1_578' title='bbox 504 4309 571 4363; x_wconf 74' lang='lat' dir='ltr'><strong>de</strong></span> <span class='ocrx_word' id='word_1_579' title='bbox 598 4306 897 4376; x_wconf 88' lang='lat' dir='ltr'><strong>perditione</strong></span> <span class='ocrx_word' id='word_1_580' title='bbox 930 4304 1167 4360; x_wconf 81' lang='lat' dir='ltr'><strong>fidelium</strong></span> <span class='ocrx_word' id='word_1_581' title='bbox 1207 4319 1424 4374; x_wconf 81' lang='lat' dir='ltr'><strong>semper</strong></span> <span class='ocrx_word' id='word_1_582' title='bbox 1469 4304 1717 4373; x_wconf 85' lang='lat' dir='ltr'><strong>cupidus,</strong></span> <span class='ocrx_word' id='word_1_583' title='bbox 1758 4317 1869 4360; x_wconf 76' lang='lat' dir='ltr'><strong>non</strong></span> <span class='ocrx_word' id='word_1_584' title='bbox 1919 4301 2091 4358; x_wconf 84' lang='lat' dir='ltr'><strong>solum</strong></span> 
     </span>
    </p>
   </div>
   <div class='ocr_carea' id='block_1_71' title="bbox 506 4392 2089 4464">
    <p class='ocr_par' dir='ltr' id='par_1_71' title="bbox 506 4392 2089 4464">
     <span class='ocr_line' id='line_1_71' title="bbox 506 4392 2089 4464; baseline -0.003 -13"><span class='ocrx_word' id='word_1_585' title='bbox 506 4397 627 4451; x_wconf 85' lang='lat' dir='ltr'><strong>illus</strong></span> <span class='ocrx_word' id='word_1_586' title='bbox 672 4397 737 4451; x_wconf 86' lang='lat' dir='ltr'><strong>de</strong></span> <span class='ocrx_word' id='word_1_587' title='bbox 790 4395 949 4451; x_wconf 83' lang='lat' dir='ltr'><strong>malis</strong></span> <span class='ocrx_word' id='word_1_588' title='bbox 996 4395 1250 4464; x_wconf 88' lang='lat' dir='ltr'><strong>operibus</strong></span> <span class='ocrx_word' id='word_1_589' title='bbox 1282 4410 1401 4463; x_wconf 80' lang='lat' dir='ltr'><strong>qua:</strong></span> <span class='ocrx_word' id='word_1_590' title='bbox 1452 4392 1657 4448; x_wconf 74' lang='lat' dir='ltr'><strong>faciunt</strong></span> <span class='ocrx_word' id='word_1_591' title='bbox 1705 4401 1950 4460; x_wconf 82' lang='lat' dir='ltr'><strong>accusat,</strong></span> <span class='ocrx_word' id='word_1_592' title='bbox 1999 4393 2089 4447; x_wconf 89' lang='lat' dir='ltr'><strong>sed</strong></span> 
     </span>
    </p>
   </div>
   <div class='ocr_carea' id='block_1_72' title="bbox 2191 3202 3773 3273">
    <p class='ocr_par' dir='ltr' id='par_1_72' title="bbox 2191 3202 3773 3273">
     <span class='ocr_line' id='line_1_72' title="bbox 2191 3202 3773 3273; baseline -0.002 -13"><span class='ocrx_word' id='word_1_593' title='bbox 2191 3206 2513 3261; x_wconf 85' lang='lat' dir='ltr'><strong>liarissimos</strong></span> <span class='ocrx_word' id='word_1_594' title='bbox 2544 3203 2649 3260; x_wconf 86' lang='lat' dir='ltr'><strong>sibi</strong></span> <span class='ocrx_word' id='word_1_595' title='bbox 2682 3219 2779 3259; x_wconf 83' lang='lat' dir='ltr'><strong>nos</strong></span> <span class='ocrx_word' id='word_1_596' title='bbox 2806 3202 3034 3271; x_wconf 87' lang='lat' dir='ltr'><strong>faciens,</strong></span> <span class='ocrx_word' id='word_1_597' title='bbox 3064 3203 3299 3259; x_wconf 89' lang='lat' dir='ltr'><strong>dulciter</strong></span> <span class='ocrx_word' id='word_1_598' title='bbox 3352 3203 3511 3273; x_wconf 83' lang='lat' dir='ltr'><strong>quasi</strong></span> <span class='ocrx_word' id='word_1_599' title='bbox 3558 3202 3773 3257; x_wconf 80' lang='lat' dir='ltr'><strong>charis-</strong></span> 
     </span>
    </p>
   </div>
   <div class='ocr_carea' id='block_1_73' title="bbox 2193 3291 3773 3363">
    <p class='ocr_par' dir='ltr' id='par_1_73' title="bbox 2193 3291 3773 3363">
     <span class='ocr_line' id='line_1_73' title="bbox 2193 3291 3773 3363; baseline -0.001 -13"><span class='ocrx_word' id='word_1_600' title='bbox 2193 3296 2359 3350; x_wconf 79' lang='lat' dir='ltr'><strong>siutos</strong></span> <span class='ocrx_word' id='word_1_601' title='bbox 2404 3295 2541 3349; x_wconf 80' lang='lat' dir='ltr'><strong>filios</strong></span> <span class='ocrx_word' id='word_1_602' title='bbox 2587 3308 2715 3348; x_wconf 87' lang='lat' dir='ltr'><strong>suos</strong></span> <span class='ocrx_word' id='word_1_603' title='bbox 2777 3302 2964 3361; x_wconf 88' lang='lat' dir='ltr'><strong>postea</strong></span> <span class='ocrx_word' id='word_1_604' title='bbox 3004 3293 3380 3362; x_wconf 87' lang='lat' dir='ltr'><strong>amplectitur;</strong></span> <span class='ocrx_word' id='word_1_605' title='bbox 3432 3291 3773 3363; x_wconf 84' lang='lat' dir='ltr'><strong>amplectens</strong></span> 
     </span>
    </p>
   </div>
   <div class='ocr_carea' id='block_1_74' title="bbox 2190 3383 3778 3453">
    <p class='ocr_par' dir='ltr' id='par_1_74' title="bbox 2190 3383 3778 3453">
     <span class='ocr_line' id='line_1_74' title="bbox 2190 3383 3778 3453; baseline -0.002 -14"><span class='ocrx_word' id='word_1_606' title='bbox 2190 3396 2245 3439; x_wconf 90' lang='lat' dir='ltr'><strong>et</strong></span> <span class='ocrx_word' id='word_1_607' title='bbox 2292 3384 2544 3440; x_wconf 89' lang='lat' dir='ltr'><strong>osculans</strong></span> <span class='ocrx_word' id='word_1_608' title='bbox 2594 3383 2662 3439; x_wconf 83' lang='lat' dir='ltr'><strong>de</strong></span> <span class='ocrx_word' id='word_1_609' title='bbox 2712 3383 2857 3437; x_wconf 91' lang='lat' dir='ltr'><strong>omni</strong></span> <span class='ocrx_word' id='word_1_610' title='bbox 2910 3383 3173 3453; x_wconf 83' lang='lat' dir='ltr'><strong>languore</strong></span> <span class='ocrx_word' id='word_1_611' title='bbox 3216 3392 3275 3439; x_wconf 86' lang='lat' dir='ltr'><strong>et</strong></span> <span class='ocrx_word' id='word_1_612' title='bbox 3331 3383 3481 3453; x_wconf 86' lang='lat' dir='ltr'><strong>lepra</strong></span> <span class='ocrx_word' id='word_1_613' title='bbox 3540 3384 3778 3449; x_wconf 78' lang='lat' dir='ltr'><strong>peccati,</strong></span> 
     </span>
    </p>
   </div>
   <div class='ocr_carea' id='block_1_75' title="bbox 2191 3473 3779 3547">
    <p class='ocr_par' dir='ltr' id='par_1_75' title="bbox 2191 3473 3779 3547">
     <span class='ocr_line' id='line_1_75' title="bbox 2191 3473 3779 3547; baseline 0.001 -18"><span class='ocrx_word' id='word_1_614' title='bbox 2191 3492 2352 3547; x_wconf 86' lang='lat' dir='ltr'><strong>quam</strong></span> <span class='ocrx_word' id='word_1_615' title='bbox 2391 3490 2489 3547; x_wconf 88' lang='lat' dir='ltr'><strong>per</strong></span> <span class='ocrx_word' id='word_1_616' title='bbox 2532 3474 2814 3531; x_wconf 88' lang='lat' dir='ltr'><strong>stultitiam</strong></span> <span class='ocrx_word' id='word_1_617' title='bbox 2863 3473 3215 3539; x_wconf 90' lang='lat' dir='ltr'><strong>incurrimus,</strong></span> <span class='ocrx_word' id='word_1_618' title='bbox 3270 3474 3480 3545; x_wconf 81' lang='lat' dir='ltr'><strong>mitigat</strong></span> <span class='ocrx_word' id='word_1_619' title='bbox 3506 3484 3561 3530; x_wconf 92' lang='lat' dir='ltr'><strong>et</strong></span> <span class='ocrx_word' id='word_1_620' title='bbox 3584 3489 3779 3531; x_wconf 80' lang='lat' dir='ltr'><strong>conso-</strong></span> 
     </span>
    </p>
   </div>
   <div class='ocr_carea' id='block_1_76' title="bbox 2193 3561 3779 3634">
    <p class='ocr_par' dir='ltr' id='par_1_76' title="bbox 2193 3561 3779 3634">
     <span class='ocr_line' id='line_1_76' title="bbox 2193 3561 3779 3634; baseline 0.002 -17"><span class='ocrx_word' id='word_1_621' title='bbox 2193 3566 2335 3619; x_wconf 88' lang='lat' dir='ltr'><strong>latnr</strong></span> <span class='ocrx_word' id='word_1_622' title='bbox 2371 3582 2386 3631; x_wconf 89' lang='lat'><strong>;</strong></span> <span class='ocrx_word' id='word_1_623' title='bbox 2418 3573 2473 3619; x_wconf 91' lang='lat' dir='ltr'><strong>et</strong></span> <span class='ocrx_word' id='word_1_624' title='bbox 2493 3563 2732 3619; x_wconf 87' lang='lat' dir='ltr'><strong>omnium</strong></span> <span class='ocrx_word' id='word_1_625' title='bbox 2758 3561 3089 3632; x_wconf 74' lang='lat' dir='ltr'><strong>iniuriarum</strong></span> <span class='ocrx_word' id='word_1_626' title='bbox 3135 3578 3271 3634; x_wconf 88' lang='lat' dir='ltr'><strong>quas</strong></span> <span class='ocrx_word' id='word_1_627' title='bbox 3292 3564 3341 3619; x_wconf 90' lang='lat' dir='ltr'><strong>ei</strong></span> <span class='ocrx_word' id='word_1_628' title='bbox 3372 3563 3620 3628; x_wconf 89' lang='lat' dir='ltr'><strong>fecimus,</strong></span> <span class='ocrx_word' id='word_1_629' title='bbox 3648 3579 3779 3621; x_wconf 82' lang='lat' dir='ltr'><strong>eum</strong></span> 
     </span>
    </p>
   </div>
   <div class='ocr_carea' id='block_1_77' title="bbox 2194 3654 3779 3725">
    <p class='ocr_par' dir='ltr' id='par_1_77' title="bbox 2194 3654 3779 3725">
     <span class='ocr_line' id='line_1_77' title="bbox 2194 3654 3779 3725; baseline -0.001 -14"><span class='ocrx_word' id='word_1_630' title='bbox 2194 3658 2249 3712; x_wconf 89' lang='lat' dir='ltr'><strong>in</strong></span> <span class='ocrx_word' id='word_1_631' title='bbox 2280 3656 2391 3711; x_wconf 89' lang='lat' dir='ltr'><strong>suis</strong></span> <span class='ocrx_word' id='word_1_632' title='bbox 2418 3654 2702 3725; x_wconf 68' lang='lat' dir='ltr'><strong>praeceptis</strong></span> <span class='ocrx_word' id='word_1_633' title='bbox 2751 3661 3097 3723; x_wconf 85' lang='lat' dir='ltr'><strong>spernentes,</strong></span> <span class='ocrx_word' id='word_1_634' title='bbox 3144 3655 3367 3711; x_wconf 85' lang='lat' dir='ltr'><strong>omnino</strong></span> <span class='ocrx_word' id='word_1_635' title='bbox 3416 3654 3779 3710; x_wconf 88' lang='lat' dir='ltr'><strong>obliviscitur.</strong></span> 
     </span>
    </p>
   </div>
   <div class='ocr_carea' id='block_1_78' title="bbox 2192 3740 3781 3815">
    <p class='ocr_par' dir='ltr' id='par_1_78' title="bbox 2192 3740 3781 3815">
     <span class='ocr_line' id='line_1_78' title="bbox 2192 3740 3781 3815; baseline 0.003 -18"><span class='ocrx_word' id='word_1_636' title='bbox 2192 3744 2350 3815; x_wconf 68' lang='lat'><strong>211</strong></span> <span class='ocrx_word' id='word_1_637' title='bbox 2381 3740 2620 3815; x_wconf 82' lang='lat' dir='ltr'><strong>llonorat</strong></span> <span class='ocrx_word' id='word_1_638' title='bbox 2634 3757 2733 3797; x_wconf 85' lang='lat' dir='ltr'><strong>nos</strong></span> <span class='ocrx_word' id='word_1_639' title='bbox 2762 3743 2814 3797; x_wconf 92' lang='lat' dir='ltr'><strong>in</strong></span> <span class='ocrx_word' id='word_1_640' title='bbox 2845 3742 3098 3812; x_wconf 66' lang='lat' dir='ltr'><strong>prtesenti</strong></span> <span class='ocrx_word' id='word_1_641' title='bbox 3117 3742 3246 3808; x_wconf 88' lang='lat' dir='ltr'><strong>vita,</strong></span> <span class='ocrx_word' id='word_1_642' title='bbox 3265 3750 3489 3800; x_wconf 87' lang='lat' dir='ltr'><strong>coronat</strong></span> <span class='ocrx_word' id='word_1_643' title='bbox 3507 3758 3603 3799; x_wconf 89' lang='lat' dir='ltr'><strong>nos</strong></span> <span class='ocrx_word' id='word_1_644' title='bbox 3624 3744 3677 3799; x_wconf 77' lang='lat' dir='ltr'><strong>in</strong></span> <span class='ocrx_word' id='word_1_645' title='bbox 3694 3745 3781 3801; x_wconf 61' lang='lat' dir='ltr'><strong>fu;</strong></span> 
     </span>
    </p>
   </div>
   <div class='ocr_carea' id='block_1_79' title="bbox 2194 3828 3842 3906">
    <p class='ocr_par' dir='ltr' id='par_1_79' title="bbox 2194 3828 3842 3906">
     <span class='ocr_line' id='line_1_79' title="bbox 2194 3828 3842 3906; baseline -0.001 -15"><span class='ocrx_word' id='word_1_646' title='bbox 2194 3847 2337 3902; x_wconf 90' lang='lat' dir='ltr'><strong>tura,</strong></span> <span class='ocrx_word' id='word_1_647' title='bbox 2353 3828 2481 3891; x_wconf 85' lang='lat' dir='ltr'><strong>facit</strong></span> <span class='ocrx_word' id='word_1_648' title='bbox 2506 3850 2604 3891; x_wconf 90' lang='lat' dir='ltr'><strong>nos</strong></span> <span class='ocrx_word' id='word_1_649' title='bbox 2628 3849 2802 3905; x_wconf 83' lang='lat' dir='ltr'><strong>reges.</strong></span> <span class='ocrx_word' id='word_1_650' title='bbox 2821 3834 2949 3888; x_wconf 88' lang='lat' dir='ltr'><strong>facit</strong></span> <span class='ocrx_word' id='word_1_651' title='bbox 2966 3835 3204 3889; x_wconf 81' lang='lat' dir='ltr'><strong>animum</strong></span> <span class='ocrx_word' id='word_1_652' title='bbox 3222 3846 3460 3890; x_wconf 86' lang='lat' dir='ltr'><strong>nostram</strong></span> <span class='ocrx_word' id='word_1_653' title='bbox 3492 3836 3771 3906; x_wconf 81' lang='lat' dir='ltr'><strong>reginam;</strong></span> <span class='ocrx_word' id='word_1_654' title='bbox 3832 3848 3842 3856; x_wconf 82' lang='lat'><strong>‘</strong></span> 
     </span>
    </p>
   </div>
   <div class='ocr_carea' id='block_1_80' title="bbox 2193 3921 3781 3997">
    <p class='ocr_par' dir='ltr' id='par_1_80' title="bbox 2193 3921 3781 3997">
     <span class='ocr_line' id='line_1_80' title="bbox 2193 3921 3781 3997; baseline 0.001 -14"><span class='ocrx_word' id='word_1_655' title='bbox 2193 3928 2336 3983; x_wconf 88' lang='lat' dir='ltr'><strong>unde</strong></span> <span class='ocrx_word' id='word_1_656' title='bbox 2357 3943 2453 3983; x_wconf 90' lang='lat' dir='ltr'><strong>nos</strong></span> <span class='ocrx_word' id='word_1_657' title='bbox 2474 3942 2648 3997; x_wconf 83' lang='lat' dir='ltr'><strong>rcges,</strong></span> <span class='ocrx_word' id='word_1_658' title='bbox 2676 3925 2787 3994; x_wconf 83' lang='lat' dir='ltr'><strong>iant</strong></span> <span class='ocrx_word' id='word_1_659' title='bbox 2826 3925 3016 3992; x_wconf 78' lang='lat' dir='ltr'><strong>factos,</strong></span> <span class='ocrx_word' id='word_1_660' title='bbox 3045 3921 3301 3982; x_wconf 64' lang='lat' dir='ltr'><strong>admonet</strong></span> <span class='ocrx_word' id='word_1_661' title='bbox 3340 3928 3391 3983; x_wconf 91' lang='lat' dir='ltr'><strong>in</strong></span> <span class='ocrx_word' id='word_1_662' title='bbox 3429 3927 3636 3997; x_wconf 87' lang='lat' dir='ltr'><strong>psalmo</strong></span> <span class='ocrx_word' id='word_1_663' title='bbox 3664 3942 3683 3983; x_wconf 88' lang='lat'><strong>:</strong></span> <span class='ocrx_word' id='word_1_664' title='bbox 3709 3924 3781 3985; x_wconf 77' lang='lat' dir='ltr'><strong>Et</strong></span> 
     </span>
    </p>
   </div>
   <div class='ocr_carea' id='block_1_81' title="bbox 2194 4005 3775 4103">
    <p class='ocr_par' dir='ltr' id='par_1_81' title="bbox 2194 4005 3775 4103">
     <span class='ocr_line' id='line_1_81' title="bbox 2194 4005 3775 4103; baseline 0.003 -33"><span class='ocrx_word' id='word_1_665' title='bbox 2194 4035 2331 4072; x_wconf 83' lang='lat' dir='ltr'><strong>nunc</strong></span> <span class='ocrx_word' id='word_1_666' title='bbox 2354 4033 2496 4089; x_wconf 86' lang='lat' dir='ltr'><strong>reges</strong></span> <span class='ocrx_word' id='word_1_667' title='bbox 2520 4016 2814 4103; x_wconf 60' lang='lat' dir='ltr'><strong>iptelligile,</strong></span> <span class='ocrx_word' id='word_1_668' title='bbox 2841 4016 3121 4071; x_wconf 78' lang='lat' dir='ltr'><strong>erudimirti</strong></span> <span class='ocrx_word' id='word_1_669' title='bbox 3156 4017 3246 4088; x_wconf 81' lang='lat' dir='ltr'><strong>qui</strong></span> <span class='ocrx_word' id='word_1_670' title='bbox 3277 4018 3539 4088; x_wconf 77' lang='lat' dir='ltr'><strong>judicatia</strong></span> <span class='ocrx_word' id='word_1_671' title='bbox 3570 4005 3775 4075; x_wconf 62' lang='lat' dir='ltr'><strong>utram</strong></span> 
     </span>
    </p>
   </div>
   <div class='ocr_carea' id='block_1_82' title="bbox 2195 4107 3777 4182">
    <p class='ocr_par' dir='ltr' id='par_1_82' title="bbox 2195 4107 3777 4182">
     <span class='ocr_line' id='line_1_82' title="bbox 2195 4107 3777 4182; baseline 0.002 -19"><span class='ocrx_word' id='word_1_672' title='bbox 2195 4109 2368 4182; x_wconf 82' lang='lat' dir='ltr'><strong>(Psal.</strong></span> <span class='ocrx_word' id='word_1_673' title='bbox 2413 4109 2618 4178; x_wconf 67' lang='lat'><strong>&quot;.10).</strong></span> <span class='ocrx_word' id='word_1_674' title='bbox 2650 4107 2803 4164; x_wconf 83' lang='lat' dir='ltr'><strong>Tunc</strong></span> <span class='ocrx_word' id='word_1_675' title='bbox 2851 4124 2977 4165; x_wconf 87' lang='lat' dir='ltr'><strong>vere</strong></span> <span class='ocrx_word' id='word_1_676' title='bbox 3022 4123 3179 4179; x_wconf 84' lang='lat' dir='ltr'><strong>reges</strong></span> <span class='ocrx_word' id='word_1_677' title='bbox 3211 4122 3427 4174; x_wconf 79' lang='lat' dir='ltr'><strong>sumus,</strong></span> <span class='ocrx_word' id='word_1_678' title='bbox 3467 4108 3511 4163; x_wconf 91' lang='lat' dir='ltr'><strong>si</strong></span> <span class='ocrx_word' id='word_1_679' title='bbox 3554 4118 3777 4166; x_wconf 78' lang='lat' dir='ltr'><strong>nostros</strong></span> 
     </span>
    </p>
   </div>
   <div class='ocr_carea' id='block_1_83' title="bbox 2194 4198 3780 4269">
    <p class='ocr_par' dir='ltr' id='par_1_83' title="bbox 2194 4198 3780 4269">
     <span class='ocr_line' id='line_1_83' title="bbox 2194 4198 3780 4269; baseline 0 -12"><span class='ocrx_word' id='word_1_680' title='bbox 2194 4200 2741 4257; x_wconf 81' lang='lat' dir='ltr'><strong>motusiuordinatos</strong></span> <span class='ocrx_word' id='word_1_681' title='bbox 2782 4200 3041 4269; x_wconf 83' lang='lat' dir='ltr'><strong>regimus,</strong></span> <span class='ocrx_word' id='word_1_682' title='bbox 3087 4213 3289 4269; x_wconf 85' lang='lat' dir='ltr'><strong>eosque</strong></span> <span class='ocrx_word' id='word_1_683' title='bbox 3322 4198 3391 4253; x_wconf 89' lang='lat' dir='ltr'><strong>ad</strong></span> <span class='ocrx_word' id='word_1_684' title='bbox 3431 4199 3780 4257; x_wconf 73' lang='lat' dir='ltr'><strong>rationemet</strong></span> 
     </span>
    </p>
   </div>
   <div class='ocr_carea' id='block_1_84' title="bbox 2194 4281 3783 4353">
    <p class='ocr_par' dir='ltr' id='par_1_84' title="bbox 2194 4281 3783 4353">
     <span class='ocr_line' id='line_1_84' title="bbox 2194 4281 3783 4353; baseline -0.001 -6"><span class='ocrx_word' id='word_1_685' title='bbox 2194 4293 2262 4348; x_wconf 89' lang='lat' dir='ltr'><strong>ad</strong></span> <span class='ocrx_word' id='word_1_686' title='bbox 2288 4291 2615 4353; x_wconf 87' lang='lat' dir='ltr'><strong>voluntatem</strong></span> <span class='ocrx_word' id='word_1_687' title='bbox 2638 4292 2805 4347; x_wconf 87' lang='lat' dir='ltr'><strong>nostri</strong></span> <span class='ocrx_word' id='word_1_688' title='bbox 2832 4290 3105 4347; x_wconf 88' lang='lat' dir='ltr'><strong>Creatoris</strong></span> <span class='ocrx_word' id='word_1_689' title='bbox 3127 4303 3466 4344; x_wconf 87' lang='lat' dir='ltr'><strong>revocamus.</strong></span> <span class='ocrx_word' id='word_1_690' title='bbox 3488 4281 3783 4350; x_wconf 76' lang='lat' dir='ltr'><strong>Erudimur</strong></span> 
     </span>
    </p>
   </div>
   <div class='ocr_carea' id='block_1_85' title="bbox 2194 4380 3783 4451">
    <p class='ocr_par' dir='ltr' id='par_1_85' title="bbox 2194 4380 3783 4451">
     <span class='ocr_line' id='line_1_85' title="bbox 2194 4380 3783 4451; baseline -0.003 -12"><span class='ocrx_word' id='word_1_691' title='bbox 2194 4400 2345 4448; x_wconf 89' lang='lat' dir='ltr'><strong>vero,</strong></span> <span class='ocrx_word' id='word_1_692' title='bbox 2361 4398 2482 4438; x_wconf 90' lang='lat' dir='ltr'><strong>cum</strong></span> <span class='ocrx_word' id='word_1_693' title='bbox 2509 4392 2707 4437; x_wconf 87' lang='lat' dir='ltr'><strong>terram</strong></span> <span class='ocrx_word' id='word_1_694' title='bbox 2728 4381 3062 4451; x_wconf 89' lang='lat' dir='ltr'><strong>iudicamus,</strong></span> <span class='ocrx_word' id='word_1_695' title='bbox 3081 4380 3247 4445; x_wconf 88' lang='lat' dir='ltr'><strong>idest,</strong></span> <span class='ocrx_word' id='word_1_696' title='bbox 3269 4395 3393 4434; x_wconf 89' lang='lat' dir='ltr'><strong>cum</strong></span> <span class='ocrx_word' id='word_1_697' title='bbox 3415 4394 3509 4434; x_wconf 90' lang='lat' dir='ltr'><strong>cor</strong></span> <span class='ocrx_word' id='word_1_698' title='bbox 3533 4390 3783 4435; x_wconf 84' lang='lat' dir='ltr'><strong>nostrum</strong></span> 
     </span>
    </p>
   </div>
   <div class='ocr_carea' id='block_1_86' title="bbox 503 4457 3787 4557">
    <p class='ocr_par' dir='ltr' id='par_1_86' title="bbox 503 4457 3787 4557">
     <span class='ocr_line' id='line_1_86' title="bbox 503 4457 3787 4557; baseline -0.005 -12"><span class='ocrx_word' id='word_1_699' title='bbox 503 4497 559 4545; x_wconf 87' lang='lat' dir='ltr'><strong>ct</strong></span> <span class='ocrx_word' id='word_1_700' title='bbox 583 4488 821 4557; x_wconf 70' lang='lat' dir='ltr'><strong>ipsorum</strong></span> <span class='ocrx_word' id='word_1_701' title='bbox 870 4485 1177 4551; x_wconf 81' lang='lat' dir='ltr'><strong>benefacta,</strong></span> <span class='ocrx_word' id='word_1_702' title='bbox 1230 4470 1763 4554; x_wconf 36' lang='lat' dir='ltr'><strong>beneque‘cogitata,</strong></span> <span class='ocrx_word' id='word_1_703' title='bbox 1813 4457 1975 4539; x_wconf 80' lang='lat' dir='ltr'><strong>etiam</strong></span> <span class='ocrx_word' id='word_1_704' title='bbox 2008 4485 2093 4539; x_wconf 74' lang='lat' dir='ltr'><strong>itz-</strong></span> <span class='ocrx_word' id='word_1_705' title='bbox 2122 4457 2170 4519; x_wconf 77' lang='grc' dir='ltr'><strong>Ῐ)</strong></span> <span class='ocrx_word' id='word_1_706' title='bbox 2198 4478 2240 4534; x_wconf 88' lang='lat' dir='ltr'><strong>si</strong></span> <span class='ocrx_word' id='word_1_707' title='bbox 2272 4488 2483 4531; x_wconf 88' lang='lat' dir='ltr'><strong>terrena</strong></span> <span class='ocrx_word' id='word_1_708' title='bbox 2517 4472 2831 4527; x_wconf 86' lang='lat' dir='ltr'><strong>desiderare</strong></span> <span class='ocrx_word' id='word_1_709' title='bbox 2864 4470 2931 4503; x_wconf 70' lang='grc'><strong>⁸³⁷</strong></span> <span class='ocrx_word' id='word_1_710' title='bbox 2970 4470 3355 4539; x_wconf 87' lang='lat' dir='ltr'><strong>conspicimus,</strong></span> <span class='ocrx_word' id='word_1_711' title='bbox 3394 4481 3605 4527; x_wconf 85' lang='lat' dir='ltr'><strong>terrena</strong></span> <span class='ocrx_word' id='word_1_712' title='bbox 3647 4483 3787 4528; x_wconf 50' lang='lat' dir='ltr'><strong>ron-</strong></span> 
     </span>
    </p>
   </div>
   <div class='ocr_carea' id='block_1_87' title="bbox 500 4573 2088 4646">
    <p class='ocr_par' dir='ltr' id='par_1_87' title="bbox 500 4573 2088 4646">
     <span class='ocr_line' id='line_1_87' title="bbox 500 4573 2088 4646; baseline -0.002 -14"><span class='ocrx_word' id='word_1_713' title='bbox 500 4578 645 4646; x_wconf 87' lang='lat' dir='ltr'><strong>iuste</strong></span> <span class='ocrx_word' id='word_1_714' title='bbox 674 4578 743 4609; x_wconf 64' lang='lat' dir='ltr'>m</span> <span class='ocrx_word' id='word_1_715' title='bbox 770 4577 1076 4632; x_wconf 88' lang='lat' dir='ltr'><strong>accusando</strong></span> <span class='ocrx_word' id='word_1_716' title='bbox 1109 4574 1379 4630; x_wconf 88' lang='lat' dir='ltr'><strong>maculare</strong></span> <span class='ocrx_word' id='word_1_717' title='bbox 1416 4583 1603 4630; x_wconf 88' lang='lat' dir='ltr'><strong>teutat.</strong></span> <span class='ocrx_word' id='word_1_718' title='bbox 1630 4573 1708 4628; x_wconf 89' lang='lat' dir='ltr'><strong>Tu</strong></span> <span class='ocrx_word' id='word_1_719' title='bbox 1743 4588 1871 4628; x_wconf 86' lang='lat' dir='ltr'><strong>vero</strong></span> <span class='ocrx_word' id='word_1_720' title='bbox 1898 4583 2088 4629; x_wconf 86' lang='lat' dir='ltr'><strong>contra</strong></span> 
     </span>
    </p>
   </div>
   <div class='ocr_carea' id='block_1_88' title="bbox 506 4656 2093 4738">
    <p class='ocr_par' dir='ltr' id='par_1_88' title="bbox 506 4656 2093 4738">
     <span class='ocr_line' id='line_1_88' title="bbox 506 4656 2093 4738; baseline -0.002 -14"><span class='ocrx_word' id='word_1_721' title='bbox 506 4669 625 4738; x_wconf 83' lang='lat' dir='ltr'><strong>eius</strong></span> <span class='ocrx_word' id='word_1_722' title='bbox 678 4669 905 4725; x_wconf 88' lang='lat' dir='ltr'><strong>subtiles</strong></span> <span class='ocrx_word' id='word_1_723' title='bbox 973 4668 1236 4732; x_wconf 85' lang='lat' dir='ltr'><strong>fallacias,</strong></span> <span class='ocrx_word' id='word_1_724' title='bbox 1307 4656 1604 4737; x_wconf 63' lang='lat' dir='ltr'><strong>contrariae</strong></span> <span class='ocrx_word' id='word_1_725' title='bbox 1660 4665 1778 4736; x_wconf 88' lang='lat' dir='ltr'><strong>eius</strong></span> <span class='ocrx_word' id='word_1_726' title='bbox 1824 4666 2093 4721; x_wconf 88' lang='lat' dir='ltr'><strong>versutias</strong></span> 
     </span>
    </p>
   </div>
   <div class='ocr_carea' id='block_1_89' title="bbox 509 4757 2096 4829">
    <p class='ocr_par' dir='ltr' id='par_1_89' title="bbox 509 4757 2096 4829">
     <span class='ocr_line' id='line_1_89' title="bbox 509 4757 2096 4829; baseline -0.001 -14"><span class='ocrx_word' id='word_1_727' title='bbox 509 4760 691 4816; x_wconf 79' lang='lat' dir='ltr'><strong>multis</strong></span> <span class='ocrx_word' id='word_1_728' title='bbox 729 4760 1142 4829; x_wconf 84' lang='lat' dir='ltr'><strong>deceptionibus</strong></span> <span class='ocrx_word' id='word_1_729' title='bbox 1174 4759 1380 4829; x_wconf 90' lang='lat' dir='ltr'><strong>plenas,</strong></span> <span class='ocrx_word' id='word_1_730' title='bbox 1427 4767 1544 4813; x_wconf 85' lang='lat' dir='ltr'><strong>esto</strong></span> <span class='ocrx_word' id='word_1_731' title='bbox 1570 4766 1754 4822; x_wconf 84' lang='lat' dir='ltr'><strong>cauta,</strong></span> <span class='ocrx_word' id='word_1_732' title='bbox 1802 4766 1920 4813; x_wconf 88' lang='lat' dir='ltr'><strong>esto</strong></span> <span class='ocrx_word' id='word_1_733' title='bbox 1948 4757 2096 4813; x_wconf 85' lang='lat' dir='ltr'><strong>solli-</strong></span> 
     </span>
    </p>
   </div>
   <div class='ocr_carea' id='block_1_90' title="bbox 510 4850 2091 4922">
    <p class='ocr_par' dir='ltr' id='par_1_90' title="bbox 510 4850 2091 4922">
     <span class='ocr_line' id='line_1_90' title="bbox 510 4850 2091 4922; baseline -0.002 -13"><span class='ocrx_word' id='word_1_734' title='bbox 510 4854 636 4921; x_wconf 68' lang='lat' dir='ltr'><strong>cita,</strong></span> <span class='ocrx_word' id='word_1_735' title='bbox 667 4860 923 4922; x_wconf 79' lang='lat' dir='ltr'><strong>tuumqtte</strong></span> <span class='ocrx_word' id='word_1_736' title='bbox 952 4852 1265 4907; x_wconf 86' lang='lat' dir='ltr'><strong>Creatorem</strong></span> <span class='ocrx_word' id='word_1_737' title='bbox 1306 4861 1358 4906; x_wconf 89' lang='lat' dir='ltr'><strong>ct</strong></span> <span class='ocrx_word' id='word_1_738' title='bbox 1391 4851 1764 4907; x_wconf 86' lang='lat' dir='ltr'><strong>dulcissimum</strong></span> <span class='ocrx_word' id='word_1_739' title='bbox 1802 4850 2091 4906; x_wconf 90' lang='lat' dir='ltr'><strong>Dominum</strong></span> 
     </span>
    </p>
   </div>
   <div class='ocr_carea' id='block_1_91' title="bbox 2198 4559 3786 4631">
    <p class='ocr_par' dir='ltr' id='par_1_91' title="bbox 2198 4559 3786 4631">
     <span class='ocr_line' id='line_1_91' title="bbox 2198 4559 3786 4631; baseline -0.005 -8"><span class='ocrx_word' id='word_1_740' title='bbox 2198 4580 2439 4625; x_wconf 86' lang='lat' dir='ltr'><strong>temnere</strong></span> <span class='ocrx_word' id='word_1_741' title='bbox 2470 4574 2526 4620; x_wconf 89' lang='lat' dir='ltr'><strong>et</strong></span> <span class='ocrx_word' id='word_1_742' title='bbox 2573 4563 2816 4619; x_wconf 79' lang='lat' dir='ltr'><strong>ccelestia</strong></span> <span class='ocrx_word' id='word_1_743' title='bbox 2860 4578 3045 4617; x_wconf 86' lang='lat' dir='ltr'><strong>amare</strong></span> <span class='ocrx_word' id='word_1_744' title='bbox 3066 4561 3456 4631; x_wconf 86' lang='lat' dir='ltr'><strong>compellimus.</strong></span> <span class='ocrx_word' id='word_1_745' title='bbox 3487 4560 3571 4614; x_wconf 84' lang='lat' dir='ltr'><strong>Fit</strong></span> <span class='ocrx_word' id='word_1_746' title='bbox 3598 4559 3786 4615; x_wconf 80' lang='lat' dir='ltr'><strong>anima</strong></span> 
     </span>
    </p>
   </div>
   <div class='ocr_carea' id='block_1_92' title="bbox 2198 4650 3784 4729">
    <p class='ocr_par' dir='ltr' id='par_1_92' title="bbox 2198 4650 3784 4729">
     <span class='ocr_line' id='line_1_92' title="bbox 2198 4650 3784 4729; baseline -0.008 -13"><span class='ocrx_word' id='word_1_747' title='bbox 2198 4663 2267 4695; x_wconf 71' lang='grc'><strong>⁸³⁸</strong></span> <span class='ocrx_word' id='word_1_748' title='bbox 2292 4669 2474 4715; x_wconf 87' lang='lat' dir='ltr'><strong>nostra</strong></span> <span class='ocrx_word' id='word_1_749' title='bbox 2506 4657 2713 4729; x_wconf 82' lang='lat' dir='ltr'><strong>regina,</strong></span> <span class='ocrx_word' id='word_1_750' title='bbox 2750 4654 2877 4724; x_wconf 85' lang='lat' dir='ltr'><strong>quia</strong></span> <span class='ocrx_word' id='word_1_751' title='bbox 2910 4654 3077 4707; x_wconf 88' lang='lat' dir='ltr'><strong>variis</strong></span> <span class='ocrx_word' id='word_1_752' title='bbox 3103 4652 3171 4684; x_wconf 70' lang='grc' dir='ltr'><strong>δ”</strong></span> <span class='ocrx_word' id='word_1_753' title='bbox 3211 4652 3453 4707; x_wconf 86' lang='lat' dir='ltr'><strong>vestibus</strong></span> <span class='ocrx_word' id='word_1_754' title='bbox 3486 4652 3695 4713; x_wconf 88' lang='lat' dir='ltr'><strong>induta,</strong></span> <span class='ocrx_word' id='word_1_755' title='bbox 3727 4650 3784 4704; x_wconf 89' lang='lat' dir='ltr'><strong>id</strong></span> 
     </span>
    </p>
   </div>
   <div class='ocr_carea' id='block_1_93' title="bbox 2197 4742 3786 4811">
    <p class='ocr_par' dir='ltr' id='par_1_93' title="bbox 2197 4742 3786 4811">
     <span class='ocr_line' id='line_1_93' title="bbox 2197 4742 3786 4811; baseline -0.009 -2"><span class='ocrx_word' id='word_1_756' title='bbox 2197 4763 2282 4810; x_wconf 76' lang='lat' dir='ltr'><strong>est</strong></span> <span class='ocrx_word' id='word_1_757' title='bbox 2308 4751 2476 4806; x_wconf 87' lang='lat' dir='ltr'><strong>variis</strong></span> <span class='ocrx_word' id='word_1_758' title='bbox 2515 4748 2779 4804; x_wconf 86' lang='lat' dir='ltr'><strong>virtutum</strong></span> <span class='ocrx_word' id='word_1_759' title='bbox 2822 4745 2979 4801; x_wconf 91' lang='lat' dir='ltr'><strong>donis</strong></span> <span class='ocrx_word' id='word_1_760' title='bbox 3008 4745 3286 4807; x_wconf 85' lang='lat' dir='ltr'><strong>decorata,</strong></span> <span class='ocrx_word' id='word_1_761' title='bbox 3319 4742 3541 4798; x_wconf 84' lang='lat' dir='ltr'><strong>Christo</strong></span> <span class='ocrx_word' id='word_1_762' title='bbox 3578 4754 3786 4811; x_wconf 88' lang='lat' dir='ltr'><strong>sponso</strong></span> 
     </span>
    </p>
   </div>
   <div class='ocr_carea' id='block_1_94' title="bbox 2200 4833 3785 4915">
    <p class='ocr_par' dir='ltr' id='par_1_94' title="bbox 2200 4833 3785 4915">
     <span class='ocr_line' id='line_1_94' title="bbox 2200 4833 3785 4915; baseline -0.01 -12"><span class='ocrx_word' id='word_1_763' title='bbox 2200 4863 2297 4904; x_wconf 88' lang='lat' dir='ltr'><strong>suo</strong></span> <span class='ocrx_word' id='word_1_764' title='bbox 2323 4842 2415 4915; x_wconf 90' lang='lat' dir='ltr'><strong>qui</strong></span> <span class='ocrx_word' id='word_1_765' title='bbox 2445 4842 2501 4896; x_wconf 89' lang='lat' dir='ltr'><strong>in</strong></span> <span class='ocrx_word' id='word_1_766' title='bbox 2539 4838 2692 4895; x_wconf 70' lang='lat' dir='ltr'><strong>oculis</strong></span> <span class='ocrx_word' id='word_1_767' title='bbox 2735 4845 2840 4904; x_wconf 89' lang='lat' dir='ltr'><strong>est,</strong></span> <span class='ocrx_word' id='word_1_768' title='bbox 2868 4836 3095 4907; x_wconf 89' lang='lat' dir='ltr'><strong>perenni</strong></span> <span class='ocrx_word' id='word_1_769' title='bbox 3141 4842 3468 4892; x_wconf 81' lang='lat' dir='ltr'><strong>menteactu</strong></span> <span class='ocrx_word' id='word_1_770' title='bbox 3497 4842 3553 4889; x_wconf 89' lang='lat' dir='ltr'><strong>et</strong></span> <span class='ocrx_word' id='word_1_771' title='bbox 3592 4833 3785 4889; x_wconf 81' lang='lat' dir='ltr'><strong>habitu</strong></span> 
     </span>
    </p>
   </div>
   <div class='ocr_carea' id='block_1_95' title="bbox 1822 4976 2082 5038">
    <p class='ocr_par' dir='ltr' id='par_1_95' title="bbox 1822 4982 2056 5038">
     <span class='ocr_line' id='line_1_95' title="bbox 1822 4982 2056 5038; baseline 0.004 -1"><span class='ocrx_word' id='word_1_772' title='bbox 1822 4982 2056 5038; x_wconf 61' lang='lat' dir='ltr'><strong>VARIJE</strong></span> 
     </span>
    </p>
   </div>
   <div class='ocr_carea' id='block_1_96' title="bbox 2185 4976 3727 5038">
    <p class='ocr_par' dir='ltr' id='par_1_96' title="bbox 2185 4976 3727 5036">
     <span class='ocr_line' id='line_1_96' title="bbox 2185 4976 3727 5036; baseline -0.005 -1"><span class='ocrx_word' id='word_1_773' title='bbox 2185 4976 2483 5036; x_wconf 67' lang='lat' dir='ltr'><strong>STIONES.</strong></span> <span class='ocrx_word' id='word_1_774' title='bbox 3688 4980 3727 5011; x_wconf 70' lang='lat'><em>“</em></span> 
     </span>
    </p>
   </div>
   <div class='ocr_carea' id='block_1_97' title="bbox 583 5077 3781 5165">
    <p class='ocr_par' dir='ltr' id='par_1_97' title="bbox 583 5077 3781 5165">
     <span class='ocr_line' id='line_1_97' title="bbox 583 5077 3781 5165; baseline -0.001 -16"><span class='ocrx_word' id='word_1_775' title='bbox 583 5096 649 5127; x_wconf 66' lang='lat' dir='ltr'><strong>m</strong></span> <span class='ocrx_word' id='word_1_776' title='bbox 707 5095 907 5149; x_wconf 76' lang='lat' dir='ltr'><strong>Gaudia</strong></span> <span class='ocrx_word' id='word_1_777' title='bbox 953 5093 1182 5164; x_wconf 85' lang='lat' dir='ltr'><strong>recipies</strong></span> <span class='ocrx_word' id='word_1_778' title='bbox 1239 5112 1363 5150; x_wconf 76' lang='lat' dir='ltr'><strong>tuas.</strong></span> <span class='ocrx_word' id='word_1_779' title='bbox 1411 5096 1603 5165; x_wconf 64' lang='lat' dir='ltr'><strong>gaudia</strong></span> <span class='ocrx_word' id='word_1_780' title='bbox 1637 5094 1869 5159; x_wconf 80' lang='lat' dir='ltr'><strong>recipias</strong></span> <span class='ocrx_word' id='word_1_781' title='bbox 1972 5094 2042 5126; x_wconf 72' lang='grc'><strong>’⁸³³</strong></span> <span class='ocrx_word' id='word_1_782' title='bbox 2090 5094 2296 5146; x_wconf 74' lang='lat' dir='ltr'><strong>Przeter</strong></span> <span class='ocrx_word' id='word_1_783' title='bbox 2340 5093 2441 5143; x_wconf 82' lang='lat' dir='ltr'><strong>hoc</strong></span> <span class='ocrx_word' id='word_1_784' title='bbox 2474 5103 2614 5165; x_wconf 50' lang='lat' dir='ltr'><strong>ut“:</strong></span> <span class='ocrx_word' id='word_1_785' title='bbox 2672 5092 2871 5164; x_wconf 62' lang='grc' dir='ltr'><strong>ρι’ῐῐξιυν</strong></span> <span class='ocrx_word' id='word_1_786' title='bbox 2923 5083 3188 5165; x_wconf 47' lang='grc' dir='ltr'><strong>ἰκαξμζη-</strong></span> <span class='ocrx_word' id='word_1_787' title='bbox 3248 5077 3515 5165; x_wconf 15' lang='grc' dir='ltr'><strong>νομίζω-ν</strong></span> <span class='ocrx_word' id='word_1_788' title='bbox 3548 5086 3781 5165; x_wconf 5' lang='lat' dir='ltr'><strong>per!)er</strong></span> 
     </span>
    </p>
   </div>
   <div class='ocr_carea' id='block_1_98' title="bbox 519 5150 3785 5235">
    <p class='ocr_par' dir='ltr' id='par_1_98' title="bbox 519 5150 3785 5235">
     <span class='ocr_line' id='line_1_98' title="bbox 519 5150 3785 5235; baseline -0.003 -14"><span class='ocrx_word' id='word_1_789' title='bbox 519 5168 637 5222; x_wconf 68' lang='lat' dir='ltr'><strong>lituo</strong></span> <span class='ocrx_word' id='word_1_790' title='bbox 731 5166 801 5196; x_wconf 78' lang='lat'>“‘</span> <span class='ocrx_word' id='word_1_791' title='bbox 854 5166 1005 5232; x_wconf 80' lang='lat' dir='ltr'><strong>Quod</strong></span> <span class='ocrx_word' id='word_1_792' title='bbox 1060 5150 1162 5219; x_wconf 76' lang='lat' dir='ltr'><strong>non</strong></span> <span class='ocrx_word' id='word_1_793' title='bbox 1194 5182 1382 5235; x_wconf 86' lang='lat' dir='ltr'><strong>posses</strong></span> <span class='ocrx_word' id='word_1_794' title='bbox 1413 5150 1535 5218; x_wconf 52' lang='lat' dir='ltr'><strong>“ms.</strong></span> <span class='ocrx_word' id='word_1_795' title='bbox 1578 5165 1710 5219; x_wconf 83' lang='lat' dir='ltr'><strong>Vict.</strong></span> <span class='ocrx_word' id='word_1_796' title='bbox 1748 5150 1802 5219; x_wconf 73' lang='lat'><strong>3.</strong></span> <span class='ocrx_word' id='word_1_797' title='bbox 1841 5150 1958 5234; x_wconf 74' lang='lat' dir='ltr'><strong>qum</strong></span> <span class='ocrx_word' id='word_1_798' title='bbox 2012 5180 2138 5219; x_wconf 88' lang='lat' dir='ltr'><strong>eum</strong></span> <span class='ocrx_word' id='word_1_799' title='bbox 2189 5170 2371 5235; x_wconf 78' lang='lat' dir='ltr'><strong>posset</strong></span> <span class='ocrx_word' id='word_1_800' title='bbox 2472 5158 2537 5235; x_wconf 61' lang='grc' dir='ltr'><strong>δξτ</strong></span> <span class='ocrx_word' id='word_1_801' title='bbox 2570 5150 2887 5235; x_wconf 59' lang='lat' dir='ltr'><strong>_f\tlilserﬁs.</strong></span> <span class='ocrx_word' id='word_1_802' title='bbox 2946 5152 3133 5205; x_wconf 55' lang='grc' dir='ltr'><strong>1³8(ίάοι</strong></span> <span class='ocrx_word' id='word_1_803' title='bbox 3154 5150 3785 5235; x_wconf 36' lang='grc' dir='ltr'><strong>Ιηδιξλθξηὶξθξςθλθνμτῴ</strong></span> 
     </span>
    </p>
   </div>
   <div class='ocr_carea' id='block_1_99' title="bbox 514 5218 3791 5304">
    <p class='ocr_par' dir='ltr' id='par_1_99' title="bbox 514 5218 3791 5304">
     <span class='ocr_line' id='line_1_99' title="bbox 514 5218 3791 5304; baseline -0.005 -15"><span class='ocrx_word' id='word_1_804' title='bbox 514 5218 643 5293; x_wconf 73' lang='lat' dir='ltr'><strong>dere</strong></span> <span class='ocrx_word' id='word_1_805' title='bbox 738 5235 821 5285; x_wconf 61' lang='lat'><strong>“1</strong></span> <span class='ocrx_word' id='word_1_806' title='bbox 856 5218 1022 5289; x_wconf 15' lang='lat' dir='ltr'><strong>thﬁoﬁr</strong></span> <span class='ocrx_word' id='word_1_807' title='bbox 1059 5218 1383 5304; x_wconf 46' lang='lat' dir='ltr'><strong>verorjllius</strong></span> <span class='ocrx_word' id='word_1_808' title='bbox 1413 5252 1540 5288; x_wconf 82' lang='lat' dir='ltr'><strong>mss.</strong></span> <span class='ocrx_word' id='word_1_809' title='bbox 1578 5250 1731 5289; x_wconf 82' lang='lat' dir='ltr'><strong>amor</strong></span> <span class='ocrx_word' id='word_1_810' title='bbox 1760 5218 1917 5290; x_wconf 58' lang='lat' dir='ltr'><strong>enim</strong></span> <span class='ocrx_word' id='word_1_811' title='bbox 1949 5218 2089 5289; x_wconf 78' lang='lat' dir='ltr'><strong>illius</strong></span> <span class='ocrx_word' id='word_1_812' title='bbox 2152 5218 2233 5265; x_wconf 54' lang='grc'><strong>³⁵³</strong></span> <span class='ocrx_word' id='word_1_813' title='bbox 2272 5232 2463 5304; x_wconf 73' lang='lat' dir='ltr'><strong>Magna</strong></span> <span class='ocrx_word' id='word_1_814' title='bbox 2497 5226 2744 5304; x_wconf 72' lang='lat' dir='ltr'><strong>fmlicitas</strong></span> <span class='ocrx_word' id='word_1_815' title='bbox 2772 5219 3383 5304; x_wconf 47' lang='lat' dir='ltr'><strong>msshmagnafacilitas</strong></span> <span class='ocrx_word' id='word_1_816' title='bbox 3452 5218 3523 5304; x_wconf 61' lang='grc' dir='ltr'><strong>δξθ</strong></span> <span class='ocrx_word' id='word_1_817' title='bbox 3544 5218 3791 5304; x_wconf 37' lang='lat' dir='ltr'><strong>actioni-</strong></span> 
     </span>
    </p>
   </div>
   <div class='ocr_carea' id='block_1_100' title="bbox 522 5289 3756 5375">
    <p class='ocr_par' dir='ltr' id='par_1_100' title="bbox 522 5289 3756 5375">
     <span class='ocr_line' id='line_1_100' title="bbox 522 5289 3756 5375; baseline -0.006 -15"><span class='ocrx_word' id='word_1_818' title='bbox 522 5289 764 5361; x_wconf 40' lang='lat' dir='ltr'><strong>bus—tuis</strong></span> <span class='ocrx_word' id='word_1_819' title='bbox 790 5305 936 5361; x_wconf 88' lang='lat' dir='ltr'><strong>scias</strong></span> <span class='ocrx_word' id='word_1_820' title='bbox 962 5322 1088 5360; x_wconf 84' lang='lat' dir='ltr'><strong>mss.</strong></span> <span class='ocrx_word' id='word_1_821' title='bbox 1108 5289 1423 5361; x_wconf 64' lang='lat' dir='ltr'><strong>actionibus</strong></span> <span class='ocrx_word' id='word_1_822' title='bbox 1455 5306 1580 5368; x_wconf 86' lang='lat' dir='ltr'><strong>tuis,</strong></span> <span class='ocrx_word' id='word_1_823' title='bbox 1629 5305 1680 5359; x_wconf 90' lang='lat' dir='ltr'><strong>in</strong></span> <span class='ocrx_word' id='word_1_824' title='bbox 1712 5308 1962 5361; x_wconf 73' lang='lat' dir='ltr'><strong>euntibus</strong></span> <span class='ocrx_word' id='word_1_825' title='bbox 1992 5289 2564 5375; x_wconf 76' lang='lat' dir='ltr'><strong>cogitationihustuis,</strong></span> <span class='ocrx_word' id='word_1_826' title='bbox 2589 5295 2728 5375; x_wconf 77' lang='lat' dir='ltr'><strong>scias</strong></span> <span class='ocrx_word' id='word_1_827' title='bbox 2896 5289 3187 5375; x_wconf 42' lang='lat' dir='ltr'><strong>Ere—certo</strong></span> <span class='ocrx_word' id='word_1_828' title='bbox 3221 5289 3599 5375; x_wconf 12' lang='lat' dir='ltr'><strong>seniperidttos</strong></span> 
     </span>
    </p>
   </div>
   <div class='ocr_carea' id='block_1_101' title="bbox 520 5358 3791 5443">
    <p class='ocr_par' dir='ltr' id='par_1_101' title="bbox 520 5358 3791 5443">
     <span class='ocr_line' id='line_1_101' title="bbox 520 5358 3791 5443; baseline -0.005 -13"><span class='ocrx_word' id='word_1_829' title='bbox 794 5358 1365 5443; x_wconf 32' lang='lat' dir='ltr'><strong>sempcrw&quot;’h\’anis</strong></span> <span class='ocrx_word' id='word_1_830' title='bbox 1391 5358 1809 5443; x_wconf 54' lang='lat' dir='ltr'><strong>cogitationibus</strong></span> <span class='ocrx_word' id='word_1_831' title='bbox 1848 5358 1971 5429; x_wconf 70' lang='lat' dir='ltr'><strong>mss.</strong></span> <span class='ocrx_word' id='word_1_832' title='bbox 2004 5358 2269 5440; x_wconf 57' lang='lat' dir='ltr'><strong>vacuisque</strong></span> <span class='ocrx_word' id='word_1_833' title='bbox 2307 5358 2867 5443; x_wconf 50' lang='lat' dir='ltr'><strong>cogitationibusnf&quot;</strong></span> <span class='ocrx_word' id='word_1_834' title='bbox 2900 5362 3051 5443; x_wconf 53' lang='lat' dir='ltr'><strong>Unde</strong></span> <span class='ocrx_word' id='word_1_835' title='bbox 3078 5361 3249 5414; x_wconf 79' lang='lat' dir='ltr'><strong>valeat</strong></span> <span class='ocrx_word' id='word_1_836' title='bbox 3282 5374 3403 5443; x_wconf 47' lang='lat' dir='ltr'><strong>mu.</strong></span> <span class='ocrx_word' id='word_1_837' title='bbox 3446 5358 3587 5443; x_wconf 50' lang='lat' dir='ltr'><strong>lingit}</strong></span> <span class='ocrx_word' id='word_1_838' title='bbox 3618 5367 3668 5415; x_wconf 74' lang='grc' dir='ltr'>ω</span> <span class='ocrx_word' id='word_1_839' title='bbox 3693 5373 3791 5443; x_wconf 55' lang='grc' dir='ltr'><strong>ξξο</strong></span> 
     </span>
    </p>
   </div>
   <div class='ocr_carea' id='block_1_102' title="bbox 519 5428 3793 5516">
    <p class='ocr_par' dir='ltr' id='par_1_102' title="bbox 519 5428 3793 5516">
     <span class='ocr_line' id='line_1_102' title="bbox 519 5428 3793 5516; baseline -0.005 -17"><span class='ocrx_word' id='word_1_840' title='bbox 802 5428 1055 5516; x_wconf 54' lang='lat' dir='ltr'><strong>cogitata</strong></span> <span class='ocrx_word' id='word_1_841' title='bbox 1085 5428 1437 5513; x_wconf 68' lang='lat' dir='ltr'><strong>ininsteinss.</strong></span> <span class='ocrx_word' id='word_1_842' title='bbox 1458 5428 1696 5513; x_wconf 47' lang='lat' dir='ltr'><strong>rogitato</strong></span> <span class='ocrx_word' id='word_1_843' title='bbox 1724 5428 2149 5516; x_wconf 23' lang='lat' dir='ltr'><strong>etiamdinjuste</strong></span> <span class='ocrx_word' id='word_1_844' title='bbox 2186 5428 2455 5516; x_wconf 47' lang='lat' dir='ltr'><strong>3&#39;°_At:si</strong></span> <span class='ocrx_word' id='word_1_845' title='bbox 2487 5434 2949 5516; x_wconf 44' lang='lat' dir='ltr'><strong>aliquos-illorum</strong></span> <span class='ocrx_word' id='word_1_846' title='bbox 2984 5432 3163 5499; x_wconf 85' lang='lat' dir='ltr'><strong>aliquo</strong></span> <span class='ocrx_word' id='word_1_847' title='bbox 3194 5446 3319 5516; x_wconf 44' lang='lat'><strong>11.138.</strong></span> <span class='ocrx_word' id='word_1_848' title='bbox 3351 5439 3404 5483; x_wconf 87' lang='lat' dir='ltr'><strong>et</strong></span> <span class='ocrx_word' id='word_1_849' title='bbox 3432 5428 3641 5516; x_wconf 48' lang='lat' dir='ltr'><strong>siuill‘os</strong></span> <span class='ocrx_word' id='word_1_850' title='bbox 3678 5428 3793 5516; x_wconf 56' lang='lat' dir='ltr'><strong>ali:</strong></span> 
     </span>
    </p>
   </div>
   <div class='ocr_carea' id='block_1_103' title="bbox 523 5494 3788 5583">
    <p class='ocr_par' dir='ltr' id='par_1_103' title="bbox 523 5494 3788 5583">
     <span class='ocr_line' id='line_1_103' title="bbox 523 5494 3788 5583; baseline -0.005 -18"><span class='ocrx_word' id='word_1_851' title='bbox 523 5533 632 5583; x_wconf 85' lang='lat' dir='ltr'><strong>quo</strong></span> <span class='ocrx_word' id='word_1_852' title='bbox 705 5516 779 5547; x_wconf 74' lang='lat'><strong>&quot;&#39;</strong></span> <span class='ocrx_word' id='word_1_853' title='bbox 1674 5494 2187 5583; x_wconf 22' lang='lat' dir='ltr'><strong>“vero-villis,unde</strong></span> <span class='ocrx_word' id='word_1_854' title='bbox 2262 5512 2327 5542; x_wconf 73' lang='grc'><strong>⁵³⁷</strong></span> <span class='ocrx_word' id='word_1_855' title='bbox 2362 5508 2416 5562; x_wconf 82' lang='lat' dir='ltr'><strong>Si</strong></span> <span class='ocrx_word' id='word_1_856' title='bbox 2458 5494 2657 5583; x_wconf 65' lang='lat' dir='ltr'><strong>terram</strong></span> <span class='ocrx_word' id='word_1_857' title='bbox 2694 5505 3003 5583; x_wconf 62' lang='lat' dir='ltr'><strong>(lesitlerare</strong></span> <span class='ocrx_word' id='word_1_858' title='bbox 3042 5494 3165 5581; x_wconf 54' lang='lat' dir='ltr'><strong>nias.</strong></span> <span class='ocrx_word' id='word_1_859' title='bbox 3212 5496 3443 5583; x_wconf 44' lang='lat' dir='ltr'><strong>Victznet</strong></span> <span class='ocrx_word' id='word_1_860' title='bbox 3490 5494 3700 5583; x_wconf 35' lang='lat' dir='ltr'><strong>{aliis},</strong></span> <span class='ocrx_word' id='word_1_861' title='bbox 3738 5497 3788 5583; x_wconf 44' lang='lat' dir='ltr'><strong>ei</strong></span> 
     </span>
    </p>
   </div>
   <div class='ocr_carea' id='block_1_104' title="bbox 518 5565 3788 5709">
    <p class='ocr_par' dir='ltr' id='par_1_104' title="bbox 518 5565 3788 5709">
     <span class='ocr_line' id='line_1_104' title="bbox 518 5565 3788 5709; baseline -0.006 -69"><span class='ocrx_word' id='word_1_862' title='bbox 518 5565 744 5709; x_wconf 43' lang='lat' dir='ltr'><strong>‘t&#39;er&#39;rena.</strong></span> <span class='ocrx_word' id='word_1_863' title='bbox 772 5565 1116 5666; x_wconf 50' lang='lat' dir='ltr'><strong>desiderare</strong></span> <span class='ocrx_word' id='word_1_864' title='bbox 1162 5565 1309 5641; x_wconf 42' lang='lat' dir='ltr'><strong>“Si</strong></span> <span class='ocrx_word' id='word_1_865' title='bbox 1337 5565 1663 5641; x_wconf 42' lang='lat' dir='ltr'><strong>adiuuate.</strong></span> <span class='ocrx_word' id='word_1_866' title='bbox 1707 5565 1837 5639; x_wconf 58' lang='lat' dir='ltr'><strong>l&#39;irf.</strong></span> <span class='ocrx_word' id='word_1_867' title='bbox 1871 5565 1935 5638; x_wconf 70' lang='lat' dir='ltr'><strong>et</strong></span> <span class='ocrx_word' id='word_1_868' title='bbox 1961 5565 2257 5639; x_wconf 42' lang='lat' dir='ltr'><strong>l’ltf-luc—flt</strong></span> <span class='ocrx_word' id='word_1_869' title='bbox 2285 5590 2459 5637; x_wconf 82' lang='lat' dir='ltr'><strong>autem</strong></span> <span class='ocrx_word' id='word_1_870' title='bbox 2483 5578 2657 5634; x_wconf 83' lang='lat' dir='ltr'><strong>anima</strong></span> <span class='ocrx_word' id='word_1_871' title='bbox 2735 5576 2801 5607; x_wconf 61' lang='grc'>⁵³⁸³</span> <span class='ocrx_word' id='word_1_872' title='bbox 2824 5574 2951 5644; x_wconf 77' lang='lat' dir='ltr'><strong>Quae</strong></span> <span class='ocrx_word' id='word_1_873' title='bbox 2980 5570 3139 5628; x_wconf 71' lang='lat' dir='ltr'><strong>variis</strong></span> <span class='ocrx_word' id='word_1_874' title='bbox 3172 5586 3294 5624; x_wconf 81' lang='lat' dir='ltr'><strong>mss.</strong></span> <span class='ocrx_word' id='word_1_875' title='bbox 3334 5567 3465 5621; x_wconf 71' lang='lat' dir='ltr'><strong>Vict.</strong></span> <span class='ocrx_word' id='word_1_876' title='bbox 3496 5568 3533 5623; x_wconf 78' lang='lat'><strong>3</strong></span> <span class='ocrx_word' id='word_1_877' title='bbox 3567 5578 3613 5623; x_wconf 85' lang='lat' dir='ltr'><strong>et</strong></span> <span class='ocrx_word' id='word_1_878' title='bbox 3662 5565 3788 5625; x_wconf 68' lang='grc' dir='ltr'><strong>νηι-</strong></span> 
     </span>
     <span class='ocr_line' id='line_1_105' title="bbox 542 5670 975 5709; baseline 0 0"><span class='ocrx_word' id='word_1_879' title='bbox 542 5670 624 5709; x_wconf 70' lang='lat' dir='ltr'><strong>ac.</strong></span> <span class='ocrx_word' id='word_1_880' title='bbox 655 5672 779 5709; x_wconf 78' lang='lat' dir='ltr'><strong>nuta</strong></span> <span class='ocrx_word' id='word_1_881' title='bbox 813 5671 975 5709; x_wconf 80' lang='lat' dir='ltr'><strong>rarus</strong></span> 
     </span>
    </p>
   </div>
   <div class='ocr_carea' id='block_1_105' title="bbox 542 5670 975 5728">
    <p class='ocr_par' dir='ltr' id='par_1_105' title="bbox 542 5670 975 5728">
     <span class='ocr_line' id='line_1_106' title="bbox 542 5670 975 5728; baseline 0 -15"><span class='ocrx_word' id='word_1_882' title='bbox 542 5670 624 5713; x_wconf 72' lang='lat' dir='ltr'><strong>tte.</strong></span> <span class='ocrx_word' id='word_1_883' title='bbox 655 5672 779 5728; x_wconf 76' lang='lat' dir='ltr'><strong>quia</strong></span> <span class='ocrx_word' id='word_1_884' title='bbox 813 5671 975 5713; x_wconf 74' lang='lat' dir='ltr'><strong>rarus</strong></span> 
     </span>
    </p>
   </div>
  </div>
