4190 6234
422 288 528 348 733

1742 292 2259 353 MEDITATIONES.

3516 300 3619 357 73!

416 400 654 465 [Met-im,
678 401 802 456 dum
822 404 872 458 in
895 403 1051 459 terris
1073 412 1435 469 cdttversatur,
1463 413 1539 460 est
1561 406 1827 475 copulata.
1852 408 1966 462 Non
1996 414 2043 471 Α
2072 409 2193 463 Cor.
2221 423 2291 471 vt,
2327 408 2398 478 i),
2430 405 2518 476 qui
2536 394 2635 462 etsi
2673 406 2829 462 modo
2859 406 3021 462 multa
3050 408 3256 479 patitur
3282 404 3394 464 ﬁeri
3419 426 3449 462 a
3469 410 3622 463 vobis

416 492 555 548 satis
584 490 940 550 fuitCreatori
968 503 1153 549 nostro
1189 490 1289 548 nos
1307 510 1513 559 creare,
1544 507 1753 551 creatos
1774 500 1968 564 guber-

417 598 569 653 nare,
608 595 661 640 et
695 586 914 656 angelos
941 600 1086 652 suos,
1116 586 1324 656 quoties
1366 588 1520 643 nobis
1562 604 1696 658 opus
1738 597 1873 651 erat,
1901 589 1966 641 ad

415 672 777 732 defensionem
799 682 1035 732 nostram
1060 678 1297 743 mittere;
1340 678 1432 732 sed
1455 678 1568 747 ipse
1594 693 1691 744 per
1710 678 1967 747 semetip-

414 776 560 829 sum,
584 772 853 834 assumpta
887 763 1055 820 ferme
1098 774 1304 827 nostra,
1338 776 1609 836 assumpta
1649 774 1969 821 natura-no-

414 861 545 916 xtra,
578 852 778 908 habens
804 855 1054 925 pietatem
1093 855 1159 910 de
1204 864 1448 910 creatura
1487 870 1605 920 sua,
1641 856 1707 911 ad
1752 871 1849 911 nos
1874 856 1969 910 de-

412 938 642 1006 scendit,
666 940 884 995 vulnera
918 949 1099 996 nostra
1126 950 1181 996 et
1210 950 1434 997 mortem
1464 940 1748 1011 diligenter
1784 942 1966 1009 inspe-

410 1027 514 1094 xit,
534 1029 828 1099 inspiciens
856 1030 1123 1101 palpavit,
1143 1018 1348 1104 tetigit;
1376 1031 1573 1101 pietate
1607 1040 1783 1087 motus
1805 1046 1969 1100 super

410 1117 684 1174 miseriam
721 1136 881 1190 quam
910 1136 1006 1175 nos
1039 1122 1235 1178 habere
1265 1122 1416 1187 vidit,
1454 1123 1785 1178 condolendo
1823 1124 1971 1201 inge-

408 1208 566 1265 muit.
585 1208 651 1263 Et
670 1222 791 1279 post
812 1210 946 1275 haec,
976 1211 1042 1267 de
1065 1212 1177 1282 ipsa
1201 1228 1363 1268 carne
1386 1227 1482 1275 sua
1506 1228 1669 1284 quam
1694 1227 1791 1282 pro
1814 1215 1968 1269 nobis

408 1307 795 1367 aswmpserat,
833 1300 986 1370 quasi
1016 1292 1364 1372 emplastrum
1401 1303 1625 1369 faciens,
1661 1302 1967 1373 nostrisque

407 1383 680 1443 doloribus
731 1404 1042 1461 apponens,
1093 1400 1257 1448 totam
1309 1407 1377 1448 ex
1430 1380 1636 1464 intcgro
1684 1394 1967 1449 inﬁrmita-

408 1486 519 1533 tem
548 1487 785 1534 nostram
810 1481 1036 1536 sanavit.
1069 1482 1136 1536 Et
1174 1493 1233 1536 ut
1256 1483 1310 1537 in
1340 1483 1440 1538 hoc
1465 1485 1769 1539 ostenderet
1796 1500 1969 1554 quan-

406 1570 523 1620 tum
563 1581 660 1622 nos
705 1567 965 1639 diligeret,
1012 1569 1177 1639 ipsam
1205 1584 1440 1634 carnem,
1479 1560 1639 1641 quam
1663 1587 1775 1644 pro
1799 1573 1966 1649 nobis

402 1667 761 1726 susceperat,
818 1661 970 1717 nobis
1029 1663 1094 1716 ad
1156 1664 1580 1725 manducandum
1642 1665 1838 1731 dedit;
1909 1674 1963 1721 et

2070 512 2187 566 qua:
2234 498 2454 568 multum
2500 497 2818 567 displiceant
2862 498 2964 562 illi;
3020 514 3124 553 non
3153 512 3364 567 semper
3399 515 3519 553 eum
3551 502 3623 555 ita

2068 590 2173 657 pati
2197 589 2392 657 putetis
2416 589 2507 641 “'.
2535 589 2625 643 Est
2648 589 2789 643 enim
2816 588 2932 642 sine
2954 590 3110 642 dubio
3131 590 3338 658 patiens
3366 589 3621 653 redditor,

2067 685 2120 731 et
2144 678 2366 747 diligens
2403 679 2578 732 cordis
2605 689 2659 733 et
2689 693 2875 733 renum
2912 686 3193 733 scrutator.
3234 680 3441 735 Patitur
3468 681 3625 734 modo

2070 766 2255 828 multa,
2290 777 2609 835 exspectans
2654 782 2889 823 nostram
2930 762 3335 835 correctionem,
3380 769 3528 824 velut
3554 770 3623 802 “‘

2067 858 2529 911 mansuetissimus
2561 876 2577 933 ;
2612 860 2706 912 sed
2749 861 2793 913 si
2836 858 2990 913 modo
3028 874 3257 933 nosnon
3284 861 3620 931 corrigimus,

2066 945 2343 1000 damnabit
2368 961 2484 1007 nos,
2518 946 2655 1000 sicut
2678 945 3007 1011 iustissimus
3053 965 3067 1001 :
3113 954 3167 1001 et
3203 947 3293 1016 qui
3330 948 3485 1002 modo
3511 957 3621 1002 tam

2066 1032 2235 1087 dulcis
2263 1042 2341 1087 est
2371 1034 2545 1099 nobis,
2580 1042 2635 1086 ιιι
2659 1049 2755 1087 nos
2782 1049 2906 1087 suos
2934 1024 3125 1112 fratres
3140 1044 3299 1089 vocet
3323 1044 3375 1088 et
3398 1035 3621 1096 amicos,

2068 1129 2194 1177 tunc
2243 1123 2295 1176 in
2335 1133 2570 1177 extrema
2612 1124 2942 1177 discussione
2990 1112 3260 1194 ignoratos
3296 1125 3388 1190 ⁸⁸⁷,
3427 1134 3481 1180 et
3517 1141 3621 1178 non

2066 1214 2164 1267 sibi
2196 1228 2290 1281 per
2328 1214 2465 1268 bona
2497 1229 2660 1283 opere.
2688 1224 2863 1280 notos,
2912 1214 3085 1269 veluti
3110 1214 3353 1270 inimicos
3392 1230 3519 1271 suos
3545 1231 3623 1269 re—

2065 1303 2270 1372 pttlabit
2296 1320 2413 1358 nos.

2136 1390 2333 1455 Anima
2356 1404 2469 1443 mea
2498 1398 2553 1444 et
2593 1405 2721 1443 caro
2762 1405 2899 1455 mea,
2934 1392 3043 1460 jam
3082 1393 3293 1448 tamlcm
3328 1394 3619 1464 evigiletis.

2066 1493 2278 1547 semper
2322 1486 2377 1531 et
2414 1477 2607 1547 ubique
2637 1481 2933 1547 cogitantes
2975 1482 3040 1536 de
3070 1483 3375 1537 novissimis
3398 1488 3618 1539 vestris.

2065 1566 2308 1621 Forsitan
2357 1568 2401 1622 si
2449 1569 2549 1623 hoc
2604 1570 2800 1633 facitis,
2849 1586 2953 1624 non
2994 1571 3148 1626 facile
3197 1576 3507 1643 peccabitis.
3562 1576 3622 1631 Si

2064 1656 2240 1722 modo,
2284 1657 2426 1711 sicut
2466 1672 2677 1721 moneo,
2712 1656 2909 1723 facitis,
2934 1674 3136 1715 securae
3157 1663 3307 1726 sitis;
3348 1665 3468 1732 quia
3497 1681 3616 1719 cum

402 1744 583 1802 δάιηιο
634 1746 691 1803 in
743 1748 1014 1805 sacriﬁcio.
1078 1750 1162 1805 sui
1224 1751 1409 1808 auaris
1480 1753 1787 1811 minimi-are
1855 1770 1961 1809 ῃοιι
1994 1740 2037 1797 Β
2066 1744 2213 1799 multi
2242 1745 2512 1811 dolebant,
2540 1747 2629 1815 qui
2665 1750 2821 1801 1ηοάο
2850 1749 3044 1803 misere
3075 1750 3248 1804 rident
3274 1762 3326 1806 et
3353 1754 3620 1824 gaudent,

402 1829 626 1889 desinit.

408 1992 411 1993 ν
473 1919 560 1982 ’1³ηΔ
591 1938 738 1988 vero,
787 1925 966 1980 anima
1010 1941 1151 1992 mea,
1182 1926 1637 1985 horumomnium
1683 1930 1823 1986 dulci
1876 1946 2011 1986 re-‘

400 2014 712 2069 mulatione
756 2016 989 2072 animata
1052 2026 1105 2073 et
1157 2019 1469 2086 consolata,
1527 2035 1622 2075 ora
1674 2021 1964 2099 Dominum

405 2113 577 2167 tuum,
608 2118 703 2158 ora
744 2106 1050 2162 Creatorem
1094 2117 1263 2175 tuum,
1297 2110 1486 2165 invoca
1520 2125 1705 2166 omnes
1745 2121 1961 2166 sanctos

400 2188 541 2260 ejus,
586 2201 645 2247 ut
673 2192 764 2247 tibi
791 2194 903 2249 sint
940 2194 994 2249 in
1034 2195 1312 2261 auxilium,
1354 2206 1617 2267 quatenus
1652 2213 1748 2268 per
1771 2214 1958 2269 eorum

399 2281 847 2340 intercessionem
902 2286 1081 2357 adiuta
1135 2294 1190 2342 et
1258 2288 1567 2354 consolata,
1617 2289 1698 2344 sic
1746 2289 1836 2344 tibi
1905 2291 1957 2345 in

396 2371 654 2439 praesenti
709 2374 1112 2428 conversatione
1148 2374 1238 2444 qui
1287 2385 1339 2429 te
1392 2373 1517 2450 fecit
1566 2378 1827 2433 concedat
1872 2379 1954 2432 vi-

397 2468 551 2521 vere,
605 2466 723 2513 tuas
761 2458 1068 2530 iniquitates
1119 2476 1214 2530 per
1256 2476 1451 2516 veram.
1484 2464 1849 2534 pmnitentiam
1900 2476 1955 2521 et

396 2544 791 2603 confessionem
841 2550 1116 2614 mundare,
1162 2560 1223 2606 ut
1265 2549 1416 2605 linito
1463 2554 1740 2623 temporali
1772 2571 1955 2622 cursu,

344 2646 347 2647 '
394 2636 467 2690 ad
517 2645 717 2693 interna
762 2636 949 2709 gaudia
1004 2641 1260 2697 merearis
1304 2644 1617 2708 ascendere,
1668 2655 1957 2715 praestante

394 2738 466 2779 eo
512 2726 602 2794 qui
648 2723 873 2784 vivit'et
924 2739 1109 2801 regnat
1158 2731 1299 2787 Deus
1345 2748 1443 2803 per
1485 2742 1688 2789 aeterna
1739 2736 1952 2791 saecula.

392 2813 589 2869 Amen.

884 2903 1251 2964 MEDITATIO
1298 2910 1339 2963 V
1380 2908 1466 2963 δίο.

396 3006 547 3090 Uu‘de
588 3012 725 3090 vivat
758 3015 969 3090 animo,
992 3028 1037 3090 rt
1065 3019 1353 3090 undevivat
1388 3036 1510 3090 cara
1542 3035 1559 3073 :
1600 3030 1646 3073 et
1682 3020 1745 3074 de
1785 3021 1951 3090 gloria

470 3082 615 3135 home
638 3085 844 3159 animm,
868 3095 914 3137 et
936 3085 998 3137 de
1020 3086 1320 3154 infelicitate
1342 3082 1952 3159 malrranimreﬂt'taudO

466 3161 649 3204 exeant
670 3152 742 3204 de
775 3169 1004 3221 corpore.

465 3263 597 3320 Dum
637 3267 813 3321 anima
840 3277 1017 3323 manet
1050 3268 1119 3300 m
1150 3269 1202 3323 in
1229 3284 1473 3339 corpore,
1506 3272 1637 3325 vivit
1674 3272 1833 3325 homo
1862 3287 1951 3326 se-

386 3355 625 3411 cundum
653 3373 868 3412 carnem
901 3374 913 3410 :
936 3373 1046 3426 qua
1076 3374 1290 3412 carnem
1315 3362 1609 3421 deserente,
1636 3362 1862 3413 moritur
1882 3362 1949 3393 ⁸⁵⁸

385 3446 680 3501 secttndum
716 3447 956 3501 eamdem
980 3462 1216 3502 carnem.
1249 3448 1374 3511 Sed,
1405 3450 1541 3503 sicut
1572 3451 1749 3502 anima
1780 3452 1944 3502 vitam

386 3536 539 3590 carnl
581 3535 786 3600 tribuit,
832 3538 956 3590 dum
998 3537 1110 3606 ipsa
1149 3546 1327 3590 manet
1364 3538 1417 3591 in
1461 3553 1662 3602 carne,
1712 3539 1787 3593 sic
1836 3540 1946 3607 ipsa

387 3636 519 3679 caro
551 3624 713 3681 vitam
740 3624 921 3678 tribuit
947 3626 1157 3687 animae,
1181 3626 1303 3678 dum
1334 3618 1443 3694 ip'sa
1471 3641 1600 3680 caro
1629 3625 1755 3680 facit
1782 3642 1944 3695 opera

379 3710 619 3782 iustitiae.
654 3714 793 3784 Ergo
841 3716 941 3768 hoc
978 3716 1134 3769 modo
1174 3715 1273 3769 sibi
1318 3716 1542 3770 invicem
1579 3716 1827 3771 videntur
1852 3718 1948 3799 tri—

384 3801 571 3868 buere,
605 3812 658 3857 et
685 3804 863 3858 anima
892 3806 1064 3868 carni,
1096 3813 1149 3858 et
1167 3819 1296 3857 caro
1320 3806 1547 3870 animm;
1578 3814 1632 3859 et
1658 3806 1738 3860 sic
1766 3806 1944 3861 anima

385 3904 509 3944 eum
539 3905 701 3946 carne
740 3901 1017 3961 eperante,
1052 3892 1337 3963 acquirunt
1378 3894 1478 3949 sibi
1510 3895 1735 3949 invicem
1780 3895 1943 3949 vitam

382 3992 653 4052 perpetua:
681 3987 821 4040 vitas.
857 3987 961 4041 Sed
990 3986 1130 4042 illam
1156 3988 1321 4042 vitam
1359 4003 1480 4043 mox
1515 3989 1738 4058 percipit
1764 3991 1941 4044 anima

383 4081 541 4128 exuta
562 4090 744 4143 carne,
768 4092 927 4147 quam
950 4092 1075 4132 caro
1098 4093 1216 4132 cum
1242 4078 1418 4132 anima
1442 4088 1755 4148 perceptum
1782 4088 1865 4134 est
1889 4081 1940 4133 in

385 4165 780 4219 resurrectione
809 4166 862 4218 in
892 4166 1180 4220 novissimo
1201 4166 1305 4220 die.
1338 4166 1498 4235 Ergo,
1526 4168 1702 4219 anima
1728 4182 1867 4227 mea,
1889 4164 1944 4222 et

384 4264 530 4313 caro.
560 4252 825 4307 exsultate
852 4254 908 4307 in
926 4254 999 4286 “'
1028 4254 1192 4308 Deum
1217 4255 1394 4308 vivum
1420 4254 1591 4326 (Paul.
1616 4271 1842 4318 Lxxxnt,
1862 4255 1937 4324 5),

382 4342 619 4397 accedite
653 4343 717 4397 ad
757 4343 920 4398 Deum
966 4344 1273 4399 Creatorem
1306 4354 1562 4409 vostrum,
1603 4347 1842 4401 accedite
1885 4357 1937 4401 ct

382 4429 753 4487 lllttminamini
796 4432 964 4503 (Psal.
999 4450 1188 4496 χχχιιι.
1228 4434 1304 4502 6),
1349 4444 1404 4489 et
1426 4433 1539 4498 jam
1570 4434 1799 4502 amplius
1829 4451 1933 4489 non

382 4518 592 4575 faciatis
616 4521 757 4575 unde
782 4522 1143 4587 erubescatis;
1168 4521 1260 4576 sed
1282 4536 1494 4586 semper
1517 4536 1677 4591 agere
1701 4522 1935 4582 studete,

381 4611 519 4667 unde
542 4612 593 4666 in
615 4620 928 4681 perpetuum
956 4613 1025 4645 ⁸⁵⁸
1051 4613 1348 4683 gaudeatis.
1381 4610 1577 4667 liortor
1598 4626 1711 4675 vos,
1746 4627 1937 4665 moneo

378 4714 494 4767 vos,
530 4717 597 4757 ne
623 4703 676 4757 in
709 4694 931 4758 vacuum
962 4704 1187 4772 gratiam
1225 4702 1315 4759 Dei
1351 4703 1506 4757 modo
1546 4702 1814 4772 recipiatis
1849 4703 1931 4770 (II

2061 1852 2157 1891 vos
2174 1836 2355 1893 laetitia
2392 1839 2739 1893 inenarrabili
2763 1840 3099 1896 exsultabitis
3125 1851 3180 1896 et
3206 1844 3526 1911 gaudebitis.
3558 1846 3614 1899 In

2064 1926 2193 1993 ipsis
2229 1926 2482 1994 operibus
2504 1928 2699 1980 vestris
2734 1928 2805 1958 Μ
2833 1928 3115 1997 diligenter
3140 1930 3401 1985 intendite
3435 1932 3523 1985 ⁸⁵9.
3554 1932 3613 1988 Si

2061 2028 2204 2067 recta
2232 2021 2431 2067 suntet
2462 2015 2573 2068 Deo
2600 2015 2813 2084 placita,
2858 2016 3115 2086 gaudete;
3149 2018 3191 2072 si
3221 2034 3381 2085 prava
3418 2028 3469 2073 ct
3510 2019 3621 2075 Deo

2061 2116 2166 2157 non
2197 2113 2435 2173 accepta,
2477 2104 2635 2159 citius
2671 2105 2939 2173 corrigite.
2989 2104 3101 2159 Non
3148 2107 3435 2162 dormitcnt
3478 2110 3618 2164 oculi

2058 2194 2241 2255 vestri,
2286 2208 2390 2248 non
2438 2196 2705 2249 dormiant
2744 2196 3008 2264 palpebrae
3035 2205 3245 2251 vestrm.
3294 2198 3492 2267 Aperta
3538 2212 3620 2255 est

2060 2280 2208 2335 fovea
2254 2282 2575 2350 perditionis
2622 2278 2661 2336 ε’
2690 2283 2844 2336 facile
2897 2283 3022 2338 illuc
3061 2283 3279 2349 labitur,
3324 2287 3412 2354 qui
3455 2288 3614 2340 modo

2057 2380 2214 2427 caute
2246 2387 2304 2426 se
2334 2386 2438 2426 non
2479 2364 3041 2427 custoditfl‘eccatnm
3083 2383 3137 2427 et
3175 2372 3448 2443 iniquitas,
3484 2376 3618 2429 stul-

2059 2468 2167 2514 tum
2212 2470 2267 2513 et
2296 2475 2510 2523 vanum,
2543 2460 2697 2515 facile
2725 2461 2881 2515 modo
2920 2461 3041 2515 illuc
3072 2461 3379 2530 impellunt;
3425 2464 3474 2515 in
3505 2478 3613 2532 quo

2056 2548 2218 2603 semel
2266 2548 2503 2602 immersi
2546 2548 2656 2615 jam
2700 2563 2800 2601 non
2844 2557 3132 2617 resurgunt
3175 2549 3227 2601 in
3270 2559 3610 2618 perpetuum.

2058 2639 2207 2693 Sicut
2234 2639 2414 2708 pravis
2443 2647 2497 2692 et
2539 2638 2676 2691 mala
2706 2638 2773 2669 ’⁵⁸⁵
2795 2652 3004 2705 semper
3026 2637 3365 2703 facientibus,
3397 2650 3616 2707 apertus

2056 2736 2140 2783 est
2167 2738 2398 2783 :eternus
2422 2729 2699 2790 interitus;
2726 2729 2803 2783 sic
2832 2728 3008 2791 bonis,
3034 2738 3089 2782 et
3113 2729 3164 2781 iu
3187 2728 3341 2783 bonis
3364 2731 3615 2797 operibus

2056 2819 2539 2884 perseverantibus,
2580 2828 2795 2888 apertus
2835 2828 2918 2873 est
2961 2819 3191 2887 paradisi
3237 2819 3508 2882 introitus,
3554 2821 3609 2874 iu

2054 2924 2159 2978 quo
2198 2909 2318 2977 quis
2347 2910 2507 2963 semel
2552 2918 2830 2976 susceptus
2870 2922 3081 2977 semper
3119 2917 3173 2963 et
3217 2909 3269 2962 in
3302 2919 3613 2977 perpetuum

2056 2998 2291 3051 manebit
2335 2998 2571 3066 gaudens
2607 3006 2663 3051 et
2706 2997 2876 3050 hctus.
2927 2996 3039 3049 Hoc
3083 2996 3236 3050 modo
3274 2997 3339 3027 ⁸⁸¹
3380 3006 3434 3050 et
3476 3000 3612 3057 bona

2053 3087 2456 3154 npera’bonum
2507 3086 2717 3139 elevant
2780 3101 2991 3139 sursum
3044 3086 3095 3137 itt
3146 3086 3419 3140 excelsum
3474 3088 3540 3118 ‘"
3593 3103 3608 3141 :

2053 3186 2105 3229 et
2160 3176 2295 3228 mala
2347 3189 2509 3244 opera
2559 3176 2755 3228 malum
2800 3174 3117 3243 demergunt
3172 3178 3223 3229 in
3287 3176 3609 3245 profundum

2053 3264 2327 3318 deorsum.
2831 3254 2840 3262 ’

2120 3352 2224 3405 Sed
2246 3351 2357 3417 jam
2390 3366 2528 3405 nunc
2574 3352 2861 3420 diligenter
2893 3354 3189 3417 videamus,
3216 3353 3272 3408 ‘si
3302 3369 3609 3420 possumus,

2046 3455 2154 3509 quo
2172 3440 2357 3493 ordine
2379 3438 2515 3492 bona
2534 3455 2692 3507 opera
2716 3440 2946 3505 animum
2974 3441 3111 3497 illius
3160 3442 3248 3511 qui
3282 3443 3415 3496 bene
3471 3446 3604 3499 vixit

2048 3530 2244 3584 ducant
2271 3529 2324 3581 in
2352 3527 2565 3593 omium,
2590 3536 2645 3583 et
2675 3528 2811 3582 mala
2834 3543 2995 3598 opera
3036 3531 3271 3583 animant
3302 3534 3603 3599 peccatoris

2048 3618 2345 3673 trahamin
2376 3618 2661 3672 internum.
2696 3618 2887 3671 Anima
2917 3635 3070 3688 pura,
3091 3635 3212 3675 mox
3235 3630 3292 3674 ut
3312 3622 3541 3676 discedit
3575 3638 3605 3676 a

2044 3723 2289 3777 cet-pore,
2315 3708 2459 3762 videt
2483 3707 2660 3762 omnia
2686 3722 2846 3775 opera
2867 3723 2959 3761 sua
2982 3725 2997 3772 ;
3030 3718 3083 3762 et
3111 3711 3235 3778 quia
3259 3711 3436 3765 omnia
3459 3714 3601 3767 bona

2044 3797 2208 3863 videt,
2236 3798 2429 3867 gaudet
2466 3796 2811 3851 inenarrabili
2854 3796 3059 3868 laetitia.
3093 3797 3215 3851 Mox
3244 3799 3440 3867 accipit
3476 3815 3599 3855 eam

2044 3886 2285 3956 angelus,
2314 3896 2369 3941 et
2396 3886 2485 3954 qui
2506 3885 2691 3939 oculos
2718 3884 2833 3952 ejus
2862 3886 3030 3940 tenuit
3055 3901 3121 3940 ne
3152 3886 3357 3943 videret
3396 3888 3605 3943 vanita-

2044 3985 2147 4031 tem
2162 3976 2263 4039 ειυς
2292 3975 2627 4043 amplectitur
2664 3988 2807 4038 eam,
2846 3974 2936 4043 qui
2964 3974 3237 4028 obturavit
3275 3990 3443 4029 aures
3477 3975 3598 4045 ejus
3655 4045 3659 4048 ν

2041 4081 2107 4121 ne
2138 4066 2348 4119 audiret
2370 4065 2438 4096 m
2466 4064 2829 4132 iniquitatem;
2862 4064 3093 4133 protegit
3114 4074 3252 4127 eam,
3284 4065 3373 4133 qui
3403 4075 3589 4121 custo-

2040 4156 2172 4210 divit
2210 4170 2271 4210 os
2308 4156 2443 4225 ejus,
2480 4170 2548 4208 ne
2594 4154 2901 4221 loqueretur
2934 4151 3600 4223 mendacium;aggaudet

2039 4246 2110 4311 ei,
2134 4245 2226 4316 qui
2254 4261 2371 4300 eam
2401 4246 2633 4314 protexit
2665 4258 2728 4303 ne
2754 4253 2997 4312 peccaret
3033 4244 3085 4296 in
3114 4257 3274 4317 sensu
3316 4244 3600 4300 olfaciendi

2044 4340 2157 4391 sive
2186 4338 2468 4407 tangendi;
2516 4345 2570 4389 et
2613 4337 2691 4389 sic
2718 4351 2835 4391 eam
2874 4351 2938 4389 ex
2984 4336 3127 4389 omni
3172 4347 3324 4405 parte
3366 4338 3516 4391 laetus
3545 4345 3601 4391 et

2044 4428 2229 4483 hilaris
2250 4426 2566 4487 circumdat,
2585 4434 2638 4478 et
2659 4434 2782 4478 ante
2808 4425 3057 4479 thronum
3083 4426 3342 4480 claritatis
3369 4428 3563 4480 divina:
3578 4467 3595 4491 ,

2042 4520 2129 4574 ubi
2155 4520 2270 4573 sine
2294 4518 2399 4573 fine
2422 4518 2668 4586 gaudeat,
2696 4517 2852 4569 locat.
2882 4515 3185 4570 Occurrunt
3208 4518 3253 4570 ei
3285 4517 3372 4571 alii
3400 4518 3593 4582 angeli,

2042 4616 2093 4661 et
2136 4607 2225 4659 alii
2275 4604 2465 4667 sancti,
2498 4592 2607 4671 'qui
2652 4603 2721 4657 ibi
2770 4603 3027 4655 assistunt
3072 4611 3198 4667 ante
3249 4614 3594 4673 conSpertutu

2042 4698 2234 4751 divinae
2272 4693 2597 4764 maiestatis;
2638 4701 2692 4747 et
2730 4706 2891 4760 quam
2938 4692 3141 4748 sociam
3184 4694 3284 4749 sibi
3326 4709 3421 4761 per
3457 4696 3594 4748 bona

1674 4790 1899 4905 VAlll/E
1944 4846 2334 4906 LECTIONES.

445 5003 511 5037 “°
558 5002 763 5059 Collata
814 5012 887 5057 est
930 5020 1044 5058 cum
1097 5002 1223 5056 Mss.
1253 5001 1387 5056 Vict.
1461 5000 1694 5057 KKJG.
1742 4999 1895 5055 Corb.
1946 5000 2069 5055 160.
2106 4998 2337 5053 Val—lue.
2370 5008 2415 5052 et
2448 4996 2770 5050 Floriacens.
2838 4994 2901 5048 In
2955 4996 3073 5048 aliis
3116 4994 3243 5049 Mss.
3295 5011 3394 5047 nou
3446 5012 3590 5061 repo-

379 5072 526 5144 εἶπεν.
588 5073 737 5127 Unde
794 5072 1223 5144 vivantanima..
1274 5081 1470 5144 exeunt
1517 5073 1582 5126 de
1629 5085 2023 5144 corporeAmss.
2064 5070 2203 5144 unde
2232 5068 2858 5144 vivat_anima.._et_teunt
2885 5078 2913 5116 a
2943 5078 3185 5144 corpore.
3215 5079 3319 5144 .ms.
3356 5061 3583 5144 ναι-[νς.

378 5138 576 5203 Oratio.
607 5142 759 5198 Unde
785 5143 930 5195 vivat
956 5136 1155 5214 aniina,
1178 5150 1233 5214 et
1261 5142 1400 5214 unde
1423 5141 1566 5214 vivat
1596 5155 1653 5193 ca
1666 5134 1743 5200 ro,
1772 5150 1826 5193 et
1854 5140 1919 5193 de
1944 5138 2110 5214 gloria
2134 5138 2287 5214 bona:
2316 5138 2607 5214 animm-et
2638 5134 2945 5214 infelicitate
2970 5134 3122 5214 mala:
3142 5134 3353 5214 animal;
3378 5135 3588 5214 quando

382 5200 583 5265 exeunt
614 5213 677 5275 de
700 5224 929 5277 corpore
1001 5200 1279 5274 “bAnima
1317 5210 1546 5263 bominis
1576 5216 1756 5280 mane}
1797 5226 1920 5280 nias.
1946 5200 2202 5280 Emittunt
2231 5207 2462 5280 hominis
2535 5200 2601 5280 ξδ’
2636 5204 3011 5280 Qtnecarucm
3041 5204 3321 5255 deserente
3356 5206 3605 5280 moritur

379 5290 477 5333 ms.
516 5271 655 5332 Vict.
679 5271 989 5347 qum-carne
1018 5271 1293 5351 de‘serente
1325 5280 1551 5351 moritur
1622 5278 1691 5351 “f
1714 5277 2030 5351 E_x_ult_antes
2059 5278 2110 5351 in
2138 5292 2262 5329 mu.
2289 5275 2520 5351 ex_u|tate
2550 5275 2601 5327 in
2674 5272 2741 5303 ⁸³⁸⁵
2769 5271 2832 5351 In.
2856 5282 3167 5351 perpetuum
3197 5288 3316 5325 mu.
3338 5271 3405 5351 in
3430 5278 3587 5351 aucr-

376 5358 499 5401 num
573 5349 644 5381 ⁸⁵⁸
670 5337 744 5403 lia
797 5349 904 5416 pati
922 5349 1127 5416 putetis
1158 5364 1282 5416 mas.
1318 5350 1557 5400 omittunt
1578 5346 1684 5415 pati
1741 5348 1826 5416 7‘“
1856 5346 2255 5400 Correclionem
2280 5345 2423 5411 velut
2447 5361 2571 5416 mss.
2609 5340 3011 5416 correctionem
3027 5350 3261 5416 nostram
3336 5337 3405 5368 ⁸⁸⁷
3436 5338 3587 5415 lgneo

388 5424 529 5487 ratos
560 5433 682 5487 mss.
722 5408 853 5472 Vict.
889 5408 1132 5487 Val-lue.
1156 5427 1203 5471 et
1228 5415 1377 5469 Flor.
1409 5408 1662 5487 ignorans
1724 5415 1803 5487 _“°
1838 5416 2039 5487 vestris
2086 5408 2395 5487 nunc__ntss.
2439 5414 2704 5487 omittatis
2734 5408 3013 5487 tionem“;9
3036 5408 3309 5487 Attendite
3350 5423 3472 5487 mss.
3502 5408 3582 5456 in<

1394 5474 1531 5539 nivis
1553 5496 1607 5538 et
1633 5484 1773 5538 mala
1883 5484 1948 5516 ⁸⁵⁸
1988 5483 2099 5539 Hoc
2127 5474 2286 5538 πιοᾶό
2307 5500 2401 5536 ms.
2429 5481 2575 5532 Flor.
2604 5480 2791 5531 omittit
2862 5478 2929 5513 ιδ’
2970 5477 3191 5529 Sursum
3233 5477 3284 5529 in
3315 5474 3583 5527 excelsum

511 5484 583 5517 ita
652 5486 722 5517 uo

381 5485 583 5540 tendite
652 5486 722 5517 “°
745 5486 913 5540 Prava
951 5494 1002 5538 et
1033 5485 1169 5538 mala
1199 5502 1322 5540 mu.
1355 5485 1531 5584 pravis
1553 5496 1607 5538 et
1633 5485 1773 5538 mala
1883 5485 1948 5516 ⁸⁵⁸
1988 5485 2099 5539 Hoc
2127 5485 2286 5538 πιοᾶό
2307 5500 2401 5536 ms.
2429 5485 2575 5532 Flor.
2604 5485 2791 5531 omittit
2862 5485 2929 5513 ⁸⁸³
2970 5485 3191 5557 Sursum
3233 5485 3295 5554 in.
3315 5485 3578 5527 excelsum

381 5562 470 5605 ωε.
500 5552 611 5609 Vict
636 5555 668 5609 5
696 5558 885 5609 omittit
933 5556 983 5610 in
1018 5553 1283 5609 excelsum
1340 5604 1345 5609 .
1382 5555 1425 5585 ⁵³
1461 5552 1533 5608 Ne
1555 5554 1795 5610 viderent
1822 5555 2108 5609 vanitatem
2140 5570 2257 5609 mss.
2294 5568 2359 5607 nc
2388 5551 2589 5604 videret
2617 5549 2900 5601 vanitatem
2976 5546 3041 5577 "'
3069 5546 3141 5600 Ne
3177 5547 3421 5599 atultrcut
3458 5557 3578 5593 ηιει.

376 5562 470 5605 Im.
500 5552 611 5609 Vict
636 5555 668 5609 5
696 5558 885 5609 omittit
933 5556 983 5610 in
1018 5553 1283 5609 excelsum
1340 5604 1345 5609 .

376 5633 441 5673 ne
480 5625 686 5681 audiret
