4190 6218
406 254 508 313 757

1790 238 2317 299 MEDITATIONES.

3552 244 3659 306 7-38

409 350 526 423 sine
565 360 809 428 consilio,
838 360 953 415 sine
982 356 1280 427 adiutorio?
1324 355 1511 411 Adhuc
1551 354 1775 411 Creator
1824 370 1974 409 meus
2004 368 2051 421 Α
2083 354 2210 407 toris
2241 352 2345 416 sui,
2378 366 2405 405 c
2429 372 2441 403 ι
2462 360 2653 420 perunt
2693 362 2746 407 et
2776 352 2874 422 ipsi
2904 353 3150 409 certatim
3182 352 3249 409 ad
3280 352 3485 410 fontem
3517 370 3648 411 cur-

414 472 497 511 me
526 453 726 523 patitur
751 454 966 507 vivere:
996 450 1170 505 adhuc
1195 464 1298 504 non
1328 448 1548 503 dimittit
1578 448 1707 502 mihi
1750 462 1834 512 ea,
1859 461 1980 515 quae

410 554 535 603 sunt
561 544 863 600 necessaria
908 542 973 596 ad
997 532 1444 596 sustentationem
1468 540 1626 624 hujus
1657 539 1799 604 vitae,
1822 538 1981 612 mini;

412 645 608 691 strarc.
647 634 731 697 Et,
762 633 905 687 sicut
932 632 1092 686 rebus
1122 631 1252 701 ipsis
1290 630 1562 699 experior,
1606 638 1823 698 peccata
1864 642 1981 681 mea

411 743 515 782 non
559 734 784 795 possunt
819 721 889 753 ‘“
916 722 1031 790 ejus
1073 721 1367 776 bonitatem
1411 719 1649 780 vincere,
1688 727 1746 772 ut
1806 717 1983 771 adhuc

411 815 567 879 Velit,
598 814 735 869 sicut
756 812 869 882 jam
890 814 1181 883 promerui,
1212 811 1561 873 confundere,
1593 819 1731 863 etes
1756 818 1868 863 toto
1891 809 1981 862 de‘

408 916 641 973 struere.
678 905 1050 961 Certissimum
1080 912 1163 957 est
1192 918 1319 971 ergo
1351 902 1496 957 illum
1534 916 1655 956 esse
1681 901 1826 970 pitnn
1856 913 1983 970 erga

412 1009 520 1061 tne,
570 984 661 1063 qui
702 1003 851 1047 tanta
894 993 1035 1048 bona
1084 992 1210 1046 mihi
1261 992 1510 1062 largitur,
1561 1004 1660 1044 nec
1698 989 1875 1044 adlmc
1916 989 1984 1043 de

408 1087 546 1139 meis
572 1084 944 1154 iniquitatibus
965 1098 1021 1137 se
1046 1083 1239 1156 quierit
1270 1082 1566 1137 vindicare.

478 1176 692 1239 Audivi,
720 1170 784 1232 et'
803 1176 942 1231 sient
988 1175 1087 1245 ipsi
1119 1183 1447 1229 attestantnr
1470 1176 1559 1244 qui
1588 1172 1798 1245 experti
1836 1181 1982 1238 sunt,

411 1286 597 1325 verum
631 1270 871 1340 estqqu
900 1270 1102 1336 audivi,
1132 1270 1255 1339 quia
1286 1269 1399 1341 ipse
1419 1267 1540 1323 fons
1567 1267 1948 1327 misericordiae
1969 1306 1983 1329 ,

411 1364 501 1433 qui
553 1364 620 1419 ab
667 1363 818 1417 initio
872 1362 1057 1417 mundi
1103 1376 1327 1417 currere
1370 1361 1554 1430 coepit,
1586 1361 1765 1415 adhuc
1793 1358 1985 1413 currit.

412 1457 536 1513 Fuit
563 1467 741 1514 autem
798 1458 1022 1513 multum
1064 1456 1144 1523 (ιιι
1192 1456 1364 1527 aiunt)
1404 1456 1714 1511 misericors
1765 1462 1820 1509 et
1865 1453 1986 1523 pius

413 1562 540 1619 erga
598 1549 828 1619 primum
889 1560 1169 1620 parentem
1232 1559 1473 1603 nostrum
1504 1548 1712 1613 Adam,
1771 1546 1987 1616 quando

415 1641 545 1695 illud
573 1653 852 1711 peceatum
884 1642 950 1697 de
977 1641 1150 1706 fructu
1194 1642 1358 1696 vetito
1389 1641 1681 1704 commisit,
1710 1639 1852 1709 quod
1881 1652 1985 1692 non

2085 462 2204 501 rere
2234 432 2634 511 misericordia",
2662 444 2727 497 ad
2751 444 2950 509 fontem
2976 446 3212 516 pietati-1,
3236 459 3283 501 et
3311 457 3530 517 peccata
3561 464 3657 504 sua

2085 538 2136 591 iu
2166 552 2230 591 eo
2260 537 2457 591 lavare.
2496 536 2670 606 Cmpit
2701 546 2878 591 autem
2906 548 2960 592 et
3001 539 3114 608 ipse
3140 538 3260 594 fons
3290 542 3510 610 pietatis
3535 558 3658 597 cum

2086 626 2459 697 peccatoribus
2487 628 2757 692 convesci,
2785 628 2949 697 carpit
2981 628 3059 684 eis
3086 626 3293 700 aperire
3318 645 3661 689 sacramenta

2086 713 2443 770 confessionis
2464 726 2685 785 sanctze,
2713 734 2810 787 per
2835 734 2996 788 quam
3027 720 3309 776 allcviatnr
3336 739 3499 779 omne
3521 742 3660 783 OIIIIS

2086 809 2321 876 peccati;
2368 807 2494 876 quia
2538 807 2590 860 in
2622 823 2749 863 vera
2779 810 3122 867 confessione
3166 813 3453 867 inundatur
3487 818 3664 870 omnis

2088 898 2297 952 tnacula
2326 897 2528 959 delicti.

2160 989 2286 1044 Post
2314 991 2427 1044 lucc
2456 990 2918 1061 appmpinqnante
2944 1002 3202 1061 tempore,
3233 1010 3340 1064 quo
3366 997 3477 1065 pati
3506 980 3664 1052 debe-

2091 1089 2172 1135 rct
2199 1096 2296 1149 pro
2327 1082 2695 1150 redemptione
2721 1089 3088 1151 peccatorum,
3117 1082 3310 1151 Judaei,
3339 1102 3405 1142 ex
3434 1105 3665 1164 quorum

2091 1174 2256 1240 stirpe
2285 1173 2577 1227 secundum
2609 1189 2829 1227 carnem
2855 1184 3009 1228 ortus
3044 1186 3147 1240 est,
3181 1177 3327 1232 ducti
3360 1179 3576 1242 invidia,
3602 1180 3667 1234 il-

2092 1265 2226 1329 lam,
2244 1280 2339 1334 pro
2359 1278 2422 1322 eo
2441 1256 2563 1333 qiiia
2582 1280 2629 1319 ei
2645 1275 2691 1319 at
2713 1266 2831 1331 pius
2851 1276 2900 1321 et
2916 1267 3666 1335 misericors,crucifixernnt.

2092 1356 2193 1422 Qui
2252 1366 2428 1409 tamen
2468 1364 2521 1409 ct
2553 1356 2602 1408 in
2638 1356 2749 1424 ipsa
2791 1366 2961 1410 morte
2984 1372 3089 1411 non
3135 1358 3417 1413 immemor
3451 1361 3671 1430 pietatis

2093 1462 2223 1511 snaa,
2254 1462 2349 1515 pro
2378 1445 2815 1501 interfectoribus
2846 1448 2963 1502 suis
2989 1447 3206 1503 Patrem
3236 1464 3391 1506 suum
3423 1455 3667 1520 rogabat,

2094 1549 2149 1591 nt
2166 1538 2451 1592 dimitteret
2472 1537 2578 1593 illis
2599 1539 2699 1593 hoc
2719 1550 2995 1607 peccaturo
3021 1559 3035 1594 :
3065 1540 3187 1595 Non
3209 1544 3352 1601 enim.
3370 1547 3562 1619 sciury,
3589 1547 3669 1600 in-

2096 1630 2254 1700 213
2280 1630 2415 1698 quit,
2444 1631 2566 1702 quid
2588 1632 2788 1698 faciunt
2815 1631 3135 1702 (Lutum,
3154 1636 3265 1698 34).
3292 1637 3517 1693 Excusat
3548 1640 3671 1694 illos

413 1733 600 1787 ειηιεηι
638 1748 780 1799 eum,
830 1734 971 1789 sicut
997 1743 1389 1804 ρι-οιηρι-ιιεωι,
1437 1741 1637 1787 meum
1683 1730 1984 1801 perditione
2020 1720 2062 1789 Β
2090 1723 2397 1777 dulcissima
2427 1722 2636 1779 Domini
2678 1725 2868 1792 pietas,
2901 1726 2991 1794 qui
3027 1743 3141 1780 τιοη
3161 1729 3264 1781 vult
3301 1742 3515 1785 mortem
3546 1750 3670 1801 pec-

412 1823 717 1891 damnavit;
763 1826 853 1881 sed
889 1826 1319 1881 emendationem
1351 1824 1467 1895 ejus
1498 1825 1767 1893 patienter
1794 1838 1988 1891 exspe-

412 1916 601 1981 ctavit,
631 1924 685 1969 et
709 1925 766 1970 ut
790 1916 856 1970 ad
882 1918 1108 1987 gratiam
1139 1913 1444 1985 ejusquem
1468 1913 1774 1968 offenderat
1805 1928 1861 1966 re
1886 1913 1982 1967 lire

412 2014 629 2077 posset,
668 1993 1088 2062 misericorditer
1138 2006 1361 2077 adjuvit.
1414 2006 1559 2059 illisit
1600 2019 1728 2059 vero
1774 2004 1839 2077 ad
1888 2005 1992 2059 hoc

414 2112 551 2166 opus
590 2098 687 2162 illi,
732 2106 787 2154 et
830 2099 1080 2154 omnibus
1123 2099 1227 2154 illis
1264 2099 1354 2168 qui
1403 2114 1465 2153 ex
1508 2098 1600 2152 illo
1634 2098 1809 2153 exorti
1845 2106 1991 2162 sunt,

414 2188 613 2256 sacpius
640 2202 768 2242 suos
794 2188 1032 2260 angelos,
1076 2203 1299 2244 monens
1337 2190 1694 2253 utredirent,
1728 2196 1783 2244 et
1804 2187 1988 2259 poeni-

416 2279 643 2333 tentiam
663 2294 761 2349 pro
787 2280 899 2334 suis
923 2280 1296 2349 iniquitatibus
1322 2291 1575 2351 agerent;
1607 2280 1731 2349 quia
1763 2280 1877 2349 ipse
1898 2295 1991 2335 eos

414 2366 594 2421 adhuc
624 2368 852 2423 libenter
877 2370 1160 2438 reciperet,
1198 2372 1241 2423 si
1277 2371 1341 2425 de
1372 2372 1609 2439 peccatis
1635 2372 1747 2426 suis
1779 2388 1845 2425 ex
1878 2379 1990 2426 toto

414 2457 581 2513 corde
629 2459 970 2529 poeniterent.
1012 2460 1117 2515 Sed
1168 2444 1266 2530 ipsi
1312 2462 1490 2517 adhuc
1531 2462 1585 2516 in
1615 2462 1850 2532 peccatis
1878 2463 1991 2517 suis

414 2549 794 2618 perdurantes,
826 2551 1054 2621 ejusque
1072 2552 1274 2620 monita
1303 2563 1641 2623 spernentes,
1666 2555 1989 2608 addiderunt

412 2651 638 2708 peccata
663 2644 922 2711 peccatis,
943 2654 996 2697 et
1021 2644 1172 2713 quasi
1212 2644 1383 2699 insani
1414 2657 1469 2701 et
1501 2644 1891 2700 abominabiles
1937 2645 1991 2699 in

413 2732 529 2787 suis
554 2733 925 2802 iniquitatibus
968 2734 1264 2800 facti,cnm
1308 2736 1362 2791 in
1405 2717 1609 2793 honore
1655 2737 1781 2797 facti
1809 2746 1993 2792 essent

412 2831 636 2893 propter
662 2824 1063 2879 similitudinem
1112 2824 1228 2891 Dei,
1259 2835 1539 2896 emperunt
1576 2842 1754 2882 mores
1784 2826 1989 2881 bestia-

413 2928 538 2968 rum
563 2922 751 2968 contra
778 2921 1028 2969 naturam
1063 2914 1286 2983 imitari.
1345 2954 1356 2962 .
1430 2966 1433 2969 .

485 3001 631 3059 Misit
656 3014 918 3073 praeterea
952 3005 1310 3074 patriarchas,
1341 3005 1491 3061 misit
1534 3007 1858 3076 prophetas;
1896 3006 1991 3062 sed

412 3108 516 3149 nec
541 3093 622 3147 sic
656 3093 730 3147 illi
754 3093 1039 3150 voluerunt
1067 3094 1376 3164 relinquere
1416 3097 1529 3150 vias
1570 3113 1697 3151 suas
1735 3109 1905 3152 tortas
1933 3106 1989 3151 et

412 3198 736 3255 perversas:
765 3186 858 3240 sed
890 3184 1151 3257 quosdam
1180 3187 1409 3248 illorum,
1439 3189 1529 3257 qui
1566 3189 1644 3242 eis
1670 3189 1871 3243 monita
1904 3205 1992 3243 sa-

414 3273 547 3330 lutis
584 3275 803 3340 dabant,
838 3275 1263 3340 interficiebant;
1304 3278 1438 3332 alios
1465 3279 1629 3333 variis
1655 3288 1709 3333 et
1739 3278 1992 3334 inauditis

414 3365 703 3428 tormentis
752 3366 1091 3421 eruciahant.
1150 3365 1460 3437 Castigabat
1509 3378 1685 3421 tamen
1742 3382 1835 3422 eos
1896 3367 1993 3422 ali-

414 3457 656 3527 quando,
691 3465 750 3512 ut
774 3456 1078 3514 misericors
1109 3466 1281 3528 pater,
1320 3474 1424 3513 non
1466 3469 1524 3513 ut
1560 3460 1802 3515 irritatus
1834 3459 1992 3514 malis

414 3549 670 3617 operibus
716 3548 926 3603 illorum
954 3564 1015 3604 se
1042 3550 1111 3604 de
1160 3550 1520 3614 contumeliis,
1554 3566 1690 3619 quas
1732 3551 1783 3608 ei
1831 3552 1995 3607 facie-

415 3642 572 3705 bant,
602 3642 927 3713 vindicaret;
955 3643 1050 3698 sed
1075 3651 1132 3696 ιιι
1154 3644 1382 3713 correcti
1414 3645 1480 3698 ad
1512 3644 1653 3701 illius
1690 3647 1995 3702 misericor-

417 3730 563 3787 diam
598 3733 858 3798 redirent,
882 3732 975 3803 qui
993 3732 1140 3787 nullo
1166 3735 1322 3787 modo
1346 3734 1456 3787 vult
1480 3734 1714 3798 illorum,
1741 3742 1876 3804 quos
1900 3738 1994 3789 ho-

415 3824 590 3879 nitate
618 3840 715 3879 sua
740 3826 965 3892 creavit,
993 3826 1367 3896 perditionem.
1399 3824 1505 3880 Sed
1535 3842 1657 3881 cum
1683 3841 1784 3881 nec
1811 3829 1998 3883 admoo

418 3916 625 3971 nitione
657 3955 673 3981 ,
737 3932 837 3972 nec
880 3917 1214 3972 correctione
1282 3916 1478 3987 saepius
1531 3918 1601 3973 ab
1655 3933 1743 3973 eo.
1786 3919 1997 3975 visitati

419 4017 842 4073 reverterentur,
877 4023 983 4063 non
1012 4023 1070 4063 se
1096 4009 1268 4078 potuit
1296 4008 1413 4073 fons
1432 4008 1657 4079 pietatis
1692 4010 1829 4064 ultra
1861 4010 1995 4065 reti-

419 4113 577 4163 nere;
618 4098 711 4152 sed
738 4098 805 4152 de
833 4099 952 4162 sinu
979 4098 1153 4153 Patris
1193 4099 1550 4163 descendens,
1574 4109 1845 4169 asstunpta
1869 4115 1996 4156 vcta

418 4188 780 4253 humanitate,
809 4199 1083 4256 assumpta
1117 4198 1463 4269 peccatorum
1486 4191 1860 4259 similitudine,
1886 4209 1997 4249 eo).

419 4281 501 4351 pit
521 4281 855 4337 eosdulciter
878 4283 1496 4348 monere,ut~salutarem
1522 4293 1648 4347 tunc
1673 4284 1738 4338 de
1762 4285 1998 4354 peccatis

2091 1816 2413 1879 catoris,sed
2454 1826 2508 1870 ut
2554 1826 2990 1882 convertatur,..ct
3026 1818 3159 1872 riunt
3206 1817 3445 1890 (Exerit.
3475 1840 3668 1884 smn.
3729 1817 3737 1823 ’

2093 1906 2202 1974 lt).
2228 1904 2391 1973 Cujus
2436 1921 2563 1973 ergo
2603 1922 2697 1963 eor
2745 1916 2850 1961 tam
2888 1910 3100 1971 durum,
3135 1920 3352 1981 tamque
3401 1915 3669 1984 lapideum

2092 2014 2198 2069 non
2230 1999 2473 2052 emollire
2501 1996 2670 2067 possii
2698 2008 2841 2051 tanta
2874 2003 3228 2057 mansuetudo
3258 2004 3534 2069 Creatoris
3565 2007 3674 2061 no-

2090 2068 2231 2144 stri?
2261 2091 2428 2155 Quem
2472 2105 2592 2144 cum
2640 2090 2692 2142 in
2730 2091 2919 2146 multis
2940 2101 3184 2146 creatura
3234 2110 3354 2159 sua,
3391 2113 3553 2165 quam
3601 2098 3673 2152 ad

2094 2181 2380 2249 imaginem
2412 2190 2465 2234 et
2490 2182 2896 2241 similitudinem
2927 2190 3079 2237 suam
3108 2184 3176 2216 “°
3208 2188 3274 2239 de
3318 2188 3484 2242 nihilo
3516 2204 3668 2244 erea-

2093 2273 2188 2334 vit,
2226 2272 2628 2330 dehonestaret.
2660 2288 2763 2325 non
2814 2274 3204 2329 sevindicavit
3227 2317 3241 2340 ,
3275 2278 3372 2331 sed
3431 2280 3672 2336 dehone-

2094 2373 2288 2427 uatns,
2307 2374 2359 2416 el
2382 2362 2563 2417 multis
2591 2362 2745 2418 malis
2772 2365 3025 2434 Operibus
3054 2367 3268 2423 illorum
3298 2371 3558 2439 irritatus,
3580 2388 3674 2444 pao

2096 2456 2289 2509 ticnter
2312 2455 2452 2513 tulit.
2474 2464 2527 2509 et
2548 2462 2605 2507 ιιι
2630 2455 2694 2508 ad
2723 2454 2868 2508 illum
2897 2457 3015 2519 sine
3037 2458 3373 2517 licesitatione
3401 2464 3667 2531 redirent,

2082 2544 2322 2613 dulciter
2362 2544 2660 2598 admonuit.
2723 2544 2852 2599 Pius
2901 2562 3031 2617 ergo
3082 2558 3135 2603 et
3184 2534 3356 2607 dulcis
3411 2553 3671 2613 Dominus

2094 2642 2278 2689 noster
2313 2633 2469 2689 Jesns
2497 2633 2778 2699 Christus,
2820 2635 2958 2689 sicut
2981 2653 3076 2706 per
3104 2642 3419 2709 prophetam
3449 2647 3666 2713 dicitur,

2094 2738 2198 2776 non
2224 2722 2329 2775 vult
2360 2731 2577 2776 mortem
2597 2724 2905 2801 peccatoris,
2930 2734 3021 2779 sed
3042 2738 3094 2779 ιιι
3125 2730 3379 2799 relinquat
3406 2733 3514 2788 eius
3543 2753 3669 2791 suus

2094 2813 2261 2867 malas
2298 2811 2513 2882 (Exerit,
2541 2829 2696 2879 xvm,
2734 2813 2858 2886 25),
2888 2826 2944 2870 et
2985 2817 3063 2872 sic
3106 2804 3475 2888 pleniteutiatn
3506 2842 3672 2895 agens

2094 2904 2160 2966 de
2212 2903 2597 2973 iniquitatibus
2635 2905 2771 2971 suis,
2826 2919 3135 2962 revertatur
3177 2912 3243 2965 ad
3297 2915 3525 2982 gratiam
3585 2918 3671 2972 sui
3740 2924 3747 2927 ’

2094 2994 2386 3052 Creatoris.
2411 2994 2582 3061 Quam
2627 2995 2937 3051 misericors
2966 2999 3128 3052 etiam
3162 3002 3232 3056 sit
3254 3019 3380 3074 erga
3406 3009 3670 3075 peccatri-

2094 3100 2212 3139 cem
2240 3084 2500 3148 animam,
2534 3084 2667 3141 dicit
2694 3101 2789 3156 per
2815 3088 2977 3141 alium
3009 3091 3347 3163 prophetam,
3376 3098 3675 3154 exhortans

2094 3192 2211 3232 eam
2243 3188 2300 3231 ut
2344 3179 2522 3232 etiatn-
2544 3187 2664 3249 post
2711 3190 2988 3249 peccatum
3018 3196 3321 3241 revertatur
3356 3190 3420 3242 ad
3445 3166 3588 3256 eunt,
3614 3204 3671 3247 et

2095 3269 2366 3325 invenient
2415 3270 2484 3302 ⁸⁷⁸
2542 3272 2993 3329 miscricordiam.
3031 3273 3107 3330 Tu
3148 3289 3343 3345 autem,
3399 3278 3667 3351 inquiens,

2093 3361 2350 3429 fornicata
2390 3379 2442 3416 es
2467 3352 2605 3417 ’ριιιιι
2648 3367 2970 3420 amatoribus
3019 3369 3204 3423 multis
3236 3371 3373 3441 (λεν.
3404 3389 3550 3438 xxxi,
3586 3378 3662 3445 1),

2096 3452 2146 3509 id
2177 3462 2283 3517 est,
2309 3463 2362 3505 ιιι
2390 3469 2507 3520 qua:
2537 3454 2589 3507 in
2617 3454 2937 3523 baptismate
2969 3458 3102 3512 mihi
3125 3458 3284 3514 ﬁdem
3316 3465 3663 3532 promiseras,

2096 3553 2239 3599 tuam
2287 3546 2589 3600 castitatem
2621 3562 2742 3602 cum
2772 3550 3105 3606 amatoribus
3134 3552 3316 3608 multis
3351 3570 3666 3623 commacu-

2095 3637 2213 3691 lans
2236 3637 2305 3668 ⁸⁷⁸
2333 3636 2560 3702 violasti,
2596 3648 2775 3693 tamen
2820 3639 3193 3709 pmnitentiam
3241 3661 3360 3714 age,
3386 3656 3441 3702 et
3482 3664 3665 3703 rever-

2068 3735 2207 3803 .tere
2238 3729 2303 3781 ad
2335 3744 2437 3793 me,
2468 3737 2522 3783 et
2571 3729 2861 3800 suscipiam
2894 3741 2964 3786 te.
3004 3731 3192 3789 Nullus
3232 3750 3361 3805 ergo
3414 3744 3673 3806 peccator

2095 3821 2361 3889 desperet,
2388 3823 2603 3891 quando
2646 3823 2905 3878 fornicata
2930 3824 3001 3855 ⁸⁷³
3022 3840 3144 3879 cum
3183 3827 3365 3882 multis
3405 3832 3665 3885 amatori-

2094 3910 2194 3967 bus
2245 3912 2516 3983 recipitur,
2577 3916 2702 3983 quia
2750 3914 2872 3983 fons
2935 3915 3152 3985 pietatis
3181 3927 3239 3972 et
3284 3919 3670 3987 misericordia:

2093 4004 2251 4067 Jesus
2272 4005 2519 4061 Christus
2561 4007 2757 4062 nullius
2793 4008 3167 4077 iniquitatibus
3189 4010 3524 4076 exhauritur,
3550 4014 3673 4068 ιιιιι·

2095 4092 2201 4149 lius
2248 4091 2546 4151 sceleribus
2575 4094 2646 4127 ‘7‘
2678 4095 2957 4166 polluitur,
3008 4099 3100 4152 sed
3139 4114 3354 4168 semper
3400 4117 3585 4170 purus,
3616 4113 3673 4157 et

2095 4187 2374 4242 abundans
2406 4188 2578 4259 gratia
2604 4188 2934 4253 dulcedinis,
2966 4206 3152 4246 omnes
3197 4192 3264 4245 ad
3296 4207 3354 4246 se
3388 4194 3669 4249 reverten-

2098 4283 2179 4329 tes
2228 4273 2468 4330 infirmos
2508 4284 2564 4331 et
2606 4288 2918 4347 peceatores
2941 4282 3150 4350 recipit,
3178 4290 3233 4335 et
3260 4264 3671 4354 quibuscnnque

418 4372 537 4427 suis
569 4374 943 4442 pwnitentiam
968 4383 1209 4445 agerent,
1233 4383 1287 4429 et
1315 4374 1489 4443 ipsum
1521 4391 1641 4430 esse
1668 4374 1862 4429 Filium
1895 4376 1986 4431 Dei
2019 4394 2070 4453 ο
2097 4373 2330 4442 peccatis
2354 4374 2462 4427 sint
2485 4371 2757 4436 maculati,
2783 4372 2969 4426 abluit.
2994 4372 3058 4425 Et
3087 4381 3144 4426 ut
3178 4375 3307 4427 certi
3346 4376 3453 4428 sint
3480 4391 3675 4431 omnes

420 4474 825 4532 cognoscerent.
864 4466 968 4519 Pro
1007 4466 1217 4521 illorum
1262 4466 1406 4521 enim
1451 4468 1623 4521 salute
1664 4478 1909 4533 venerat,
1940 4480 1996 4523 et

419 4562 643 4622 promer
663 4554 783 4621 hoc,
808 4569 914 4609 non
944 4554 1333 4623 desperarent:
1360 4556 1452 4609 sed
1485 4556 1788 4623 certissime
1817 4559 1994 4612 adhuc

422 4643 492 4697 de
517 4645 765 4700 omnibus
793 4645 1025 4715 peccatis
1068 4646 1181 4700 suis
1214 4648 1422 4703 veniam
1464 4622 1662 4703 habere
1706 4664 1764 4703 se
1810 4650 1991 4725 crede-

425 4744 566 4797 rent,
594 4735 639 4789 si
678 4746 883 4792 tantum
922 4736 989 4769 ⁵⁶⁹
1043 4737 1133 4790 illa
1165 4739 1517 4802 dimitterent,
1541 4750 1591 4792 et
1624 4739 1993 4810 paenitentiam

425 4840 666 4895 agerent.
698 4827 911 4882 Nullum
931 4837 1014 4883 est
1040 4830 1179 4883 enim
1206 4838 1311 4884 tam
1336 4847 1498 4901 grave
1525 4840 1823 4902 peccatum,
1852 4832 1994 4901 quod

425 4929 532 4971 non
564 4907 863 4987 poSsit-pcr
893 4919 1265 4988 paenitentiam
1294 4923 1526 4986 aboleri;
1562 4923 1637 4975 ita
1674 4928 1732 4975 ut
1760 4937 1861 4976 nec
1884 4922 1995 4989 jam

428 5007 657 5076 amplius
701 5008 785 5063 vel
832 5011 946 5079 ipse
992 5010 1237 5064 diabolus
1267 5012 1331 5065 de
1371 5026 1435 5064 eo
1477 5012 1653 5066 valeat
1690 5014 1987 5067 reminisci.

354 5172 355 5175 η
427 5097 719 5156 Cernentes
745 5118 874 5173 ergo
898 5110 1208 5174 peceatores
1235 5111 1439 5156 tantam
1477 5102 1810 5158 dulcedinem
1833 5102 1996 5159 Crea-

2095 4474 2406 4534 pcccatores
2451 4474 2505 4518 et
2535 4463 2700 4532 iniqui
2747 4480 2804 4518 se
2825 4467 3035 4519 veniam
3078 4474 3423 4535 peccatorum
3450 4482 3671 4522 suorum

2098 4559 2364 4625 accipere,
2414 4557 2459 4611 si
2501 4557 2614 4627 ipsa
2665 4566 2882 4626 peccata
2911 4573 3008 4611 sua
3057 4567 3249 4611 curant
3296 4559 3591 4624 dimittere,
3619 4571 3674 4614 et

2099 4645 2471 4717 pcenitentiam
2514 4663 2700 4716 agere,
2743 4647 2854 4715 ipse
2894 4645 3016 4699 forts
3048 4646 3300 4715 pietatis,
3340 4662 3437 4716 pro
3489 4663 3675 4704 arnore

2098 4756 2256 4809 quem
2308 4754 2434 4810 erga
2459 4754 2554 4794 eos
2574 4738 2645 4769 ⁸⁷⁵
2678 4738 2926 4801 habebat,
2955 4736 3198 4792 eamdem
3251 4752 3471 4792 carnem
3507 4752 3673 4807 quam

2098 4846 2195 4900 pro
2214 4832 2292 4885 eis
2318 4831 2720 4899 suntpsit,sieut
2747 4830 2995 4897 superius
3016 4830 3260 4897 exposui,
3298 4829 3517 4899 pertulit
3545 4844 3669 4882 cru-

2097 4920 2262 4989 cifigi,
2291 4929 2347 4973 ut
2374 4921 2660 4988 quierant
2693 4921 2931 4988 peccatis
2981 4922 3197 4983 mortui,
3245 4938 3343 4973 nec
3392 4920 3549 4977 aliter
3597 4918 3668 4972 ad

2097 5012 2261 5065 vitam
2319 5013 2495 5067 redire
2536 4994 2805 5081 poterant,
2845 5012 2944 5066 nisi
2991 5012 3163 5080 pretio
3214 5011 3494 5079 sanguinis
3551 5007 3673 5077 eius

2107 5105 2405 5173 redempti,
2468 5104 2613 5158 nullo
2681 5104 2838 5157 modo
2903 5104 3185 5171 desperent
3240 5102 3341 5167 ⁸⁷⁸,
3390 5109 3675 5158 cernentes

1721 5211 1953 5267 VARI/{3
1987 5212 2389 5269 LECTIONES.

499 5320 572 5355 ⁸⁸³
615 5322 1028 5396 Peccatisineis
1052 5340 1157 5378 non
1190 5341 1255 5394 po
1270 5341 1413 5378 ssum
1440 5342 1563 5379 mss.
1592 5339 1807 5395 peccata
1835 5343 1950 5381 mea
1983 5343 2085 5381 non
2121 5337 2344 5396 possunt

432 5404 587 5445 suam
613 5395 1014 5447 similitudinem
1072 5412 1196 5447 mss.
1256 5396 1538 5463 imaginem
1567 5407 1620 5448 et
1673 5395 2256 5451 sitnilittnlinentsuam
2329 5399 2394 5429 "‘
2428 5397 2489 5450 Et
2519 5396 2754 5449 inveniat
2799 5413 2921 5447 mss.
2966 5406 3019 5448 et
3064 5395 3297 5448 inveniet

2444 5326 2512 5356 “9
2544 5324 2648 5379 Sed
2683 5334 2885 5378 tantum
2940 5341 3066 5378 mss.
3120 5325 3161 5378 si
3213 5334 3417 5378 tantum
3493 5324 3565 5356 "0
3586 5322 3669 5379 Ad

2444 5397 2489 5447 it
2519 5396 2754 5447 inveniat
2799 5413 2921 5447 mss.
2966 5406 3019 5447 et
3064 5395 3297 5447 inveniet
3389 5393 3458 5426 νη
3490 5392 3669 5447 Multis

3545 5411 3671 5449 uuis

433 5464 829 5532 commaculans
853 5479 949 5515 ms.
994 5463 1127 5517 Vict.
1154 5464 1189 5516 ὅ
1225 5462 1412 5517 omittit
1435 5468 1834 5522 commaculans
1864 5468 1933 5498 ⁸⁷³
1960 5468 2182 5532 Quando
2223 5469 2443 5521 formica
2466 5483 2588 5518 mss.
2622 5463 2772 5518 Corb.
2801 5478 2844 5517 ct
2863 5465 3093 5520 Vulcluc.
3146 5465 3357 5532 quando
3403 5464 3666 5518 fornicata
3726 5462 3739 5471 ’

434 5529 505 5562 ⁸⁷⁵
537 5529 703 5586 Nullis
734 5534 1165 5608 iniquitatibus...
1194 5534 1349 5588 nullis
1372 5536 1665 5608 sceleribus
1703 5555 1826 5593 mss.
1862 5529 2057 5593 nullius
2107 5538 2522 5608 iniquitatibus,
2565 5534 2762 5591 nullius
2792 5537 3082 5591 sceleribus
3163 5529 3231 5565 ⁸⁷⁵
3259 5535 3398 5605 Ergo
3424 5549 3516 5586 nos
3546 5547 3670 5585 mss.

435 5613 561 5671 erga
591 5617 682 5658 eos
781 5604 851 5653 δτι
881 5604 1241 5673 Desperarent
1286 5622 1409 5661 mss.
1440 5606 1724 5675 desperent
