  <div class='ocr_page' id='page_1' title='image "/cluster/home/n/w/nwhite01/storage/ocr_20150623/158/uva.x000829800/373.png"; bbox 0 0 4190 6196; ppageno 0'>
   <div class='ocr_carea' id='block_1_1' title="bbox 532 261 634 318">
    <p class='ocr_par' dir='ltr' id='par_1_1' title="bbox 532 261 634 318">
     <span class='ocr_line' id='line_1_1' title="bbox 532 261 634 318; baseline 0.039 -3"><span class='ocrx_word' id='word_1_1' title='bbox 532 261 634 318; x_wconf 79' lang='lat'><strong>759</strong></span> 
     </span>
    </p>
   </div>
   <div class='ocr_carea' id='block_1_2' title="bbox 867 255 3380 317">
    <p class='ocr_par' dir='ltr' id='par_1_2' title="bbox 867 255 3380 317">
     <span class='ocr_line' id='line_1_2' title="bbox 867 255 3380 317; baseline -0.004 0"><span class='ocrx_word' id='word_1_2' title='bbox 867 264 925 317; x_wconf 81' lang='lat' dir='ltr'><strong>S.</strong></span> <span class='ocrx_word' id='word_1_3' title='bbox 964 261 1256 317; x_wconf 69' lang='lat' dir='ltr'><strong>ANSELMI</strong></span> <span class='ocrx_word' id='word_1_4' title='bbox 1286 258 1633 317; x_wconf 61' lang='lat' dir='ltr'><strong>CANTUAR.</strong></span> <span class='ocrx_word' id='word_1_5' title='bbox 1670 256 1986 313; x_wconf 72' lang='lat' dir='ltr'><strong>ARCHIEP.</strong></span> <span class='ocrx_word' id='word_1_6' title='bbox 2025 256 2172 313; x_wconf 78' lang='lat' dir='ltr'><strong>OI‘P.</strong></span> <span class='ocrx_word' id='word_1_7' title='bbox 2213 257 2386 311; x_wconf 77' lang='lat' dir='ltr'><strong>PARS</strong></span> <span class='ocrx_word' id='word_1_8' title='bbox 2425 257 2489 311; x_wconf 86' lang='grc' dir='ltr'>ιι.</span> <span class='ocrx_word' id='word_1_9' title='bbox 2521 286 2590 296; x_wconf 78' lang='lat'><strong>~——</strong></span> <span class='ocrx_word' id='word_1_10' title='bbox 2620 255 2990 313; x_wconf 67' lang='lat' dir='ltr'><strong>PABENET.</strong></span> <span class='ocrx_word' id='word_1_11' title='bbox 3030 255 3115 313; x_wconf 83' lang='grc' dir='ltr'><strong>ΕΤ</strong></span> <span class='ocrx_word' id='word_1_12' title='bbox 3145 255 3380 312; x_wconf 73' lang='lat' dir='ltr'><strong>ASCET.</strong></span> 
     </span>
    </p>
   </div>
   <div class='ocr_carea' id='block_1_3' title="bbox 3651 255 3759 314">
    <p class='ocr_par' dir='ltr' id='par_1_3' title="bbox 3651 255 3759 314">
     <span class='ocr_line' id='line_1_3' title="bbox 3651 255 3759 314; baseline 0.037 -4"><span class='ocrx_word' id='word_1_13' title='bbox 3651 255 3759 314; x_wconf 68' lang='grc'><strong>’180</strong></span> 
     </span>
    </p>
   </div>
   <div class='ocr_carea' id='block_1_4' title="bbox 532 369 3758 444">
    <p class='ocr_par' dir='ltr' id='par_1_4' title="bbox 532 369 3758 444">
     <span class='ocr_line' id='line_1_4' title="bbox 532 369 3758 444; baseline -0.001 -16"><span class='ocrx_word' id='word_1_14' title='bbox 532 376 764 444; x_wconf 88' lang='lat' dir='ltr'><strong>pretium</strong></span> <span class='ocrx_word' id='word_1_15' title='bbox 825 375 964 443; x_wconf 87' lang='lat' dir='ltr'><strong>quod</strong></span> <span class='ocrx_word' id='word_1_16' title='bbox 1021 385 1104 428; x_wconf 81' lang='lat' dir='ltr'><strong>est</strong></span> <span class='ocrx_word' id='word_1_17' title='bbox 1151 373 1217 404; x_wconf 70' lang='grc'><strong>⁸⁷⁷</strong></span> <span class='ocrx_word' id='word_1_18' title='bbox 1274 371 1463 426; x_wconf 84' lang='lat' dir='ltr'><strong>datum</strong></span> <span class='ocrx_word' id='word_1_19' title='bbox 1519 387 1619 440; x_wconf 85' lang='lat' dir='ltr'><strong>pro</strong></span> <span class='ocrx_word' id='word_1_20' title='bbox 1680 371 1911 438; x_wconf 85' lang='lat' dir='ltr'><strong>peccatis</strong></span> <span class='ocrx_word' id='word_1_21' title='bbox 1971 370 2098 423; x_wconf 84' lang='lat' dir='ltr'><strong>suis.</strong></span> <span class='ocrx_word' id='word_1_22' title='bbox 2134 373 2177 425; x_wconf 73' lang='grc' dir='ltr'>Α</span> <span class='ocrx_word' id='word_1_23' title='bbox 2205 369 2432 429; x_wconf 88' lang='lat' dir='ltr'><strong>intrasti,</strong></span> <span class='ocrx_word' id='word_1_24' title='bbox 2461 382 2676 422; x_wconf 81' lang='lat' dir='ltr'><strong>carnem</strong></span> <span class='ocrx_word' id='word_1_25' title='bbox 2701 380 2766 422; x_wconf 74' lang='lat' dir='ltr'><strong>ex</strong></span> <span class='ocrx_word' id='word_1_26' title='bbox 2794 383 2855 422; x_wconf 89' lang='lat' dir='ltr'><strong>ea</strong></span> <span class='ocrx_word' id='word_1_27' title='bbox 2882 382 3060 422; x_wconf 81' lang='lat' dir='ltr'><strong>veram</strong></span> <span class='ocrx_word' id='word_1_28' title='bbox 3091 370 3444 436; x_wconf 88' lang='lat' dir='ltr'><strong>assumpsisti,</strong></span> <span class='ocrx_word' id='word_1_29' title='bbox 3475 371 3529 425; x_wconf 87' lang='lat' dir='ltr'><strong>in</strong></span> <span class='ocrx_word' id='word_1_30' title='bbox 3559 371 3758 430; x_wconf 82' lang='lat' dir='ltr'><strong>mundo</strong></span> 
     </span>
    </p>
   </div>
   <div class='ocr_carea' id='block_1_5' title="bbox 601 460 2087 532">
    <p class='ocr_par' dir='ltr' id='par_1_5' title="bbox 601 460 2087 532">
     <span class='ocr_line' id='line_1_5' title="bbox 601 460 2087 532; baseline -0.005 -14"><span class='ocrx_word' id='word_1_31' title='bbox 601 467 731 518; x_wconf 86' lang='lat' dir='ltr'><strong>Cum</strong></span> <span class='ocrx_word' id='word_1_32' title='bbox 765 465 944 532; x_wconf 87' lang='lat' dir='ltr'><strong>itaque</strong></span> <span class='ocrx_word' id='word_1_33' title='bbox 977 464 1183 517; x_wconf 86' lang='lat' dir='ltr'><strong>videam</strong></span> <span class='ocrx_word' id='word_1_34' title='bbox 1219 472 1420 516; x_wconf 89' lang='lat' dir='ltr'><strong>tantam</strong></span> <span class='ocrx_word' id='word_1_35' title='bbox 1462 463 1711 529; x_wconf 86' lang='lat' dir='ltr'><strong>pietatem</strong></span> <span class='ocrx_word' id='word_1_36' title='bbox 1744 460 1952 514; x_wconf 85' lang='lat' dir='ltr'><strong>Domini</strong></span> <span class='ocrx_word' id='word_1_37' title='bbox 1985 461 2087 512; x_wconf 90' lang='lat' dir='ltr'><strong>mei</strong></span> 
     </span>
    </p>
   </div>
   <div class='ocr_carea' id='block_1_6' title="bbox 530 549 2092 621">
    <p class='ocr_par' dir='ltr' id='par_1_6' title="bbox 530 549 2092 621">
     <span class='ocr_line' id='line_1_6' title="bbox 530 549 2092 621; baseline -0.006 -11"><span class='ocrx_word' id='word_1_38' title='bbox 530 553 656 609; x_wconf 81' lang='lat' dir='ltr'><strong>Jesu</strong></span> <span class='ocrx_word' id='word_1_39' title='bbox 687 551 907 615; x_wconf 86' lang='lat' dir='ltr'><strong>Christi,</strong></span> <span class='ocrx_word' id='word_1_40' title='bbox 951 561 1134 621; x_wconf 78' lang='lat' dir='ltr'><strong>totque</strong></span> <span class='ocrx_word' id='word_1_41' title='bbox 1177 561 1487 621; x_wconf 83' lang='lat' dir='ltr'><strong>peccatores</strong></span> <span class='ocrx_word' id='word_1_42' title='bbox 1527 560 1579 603; x_wconf 89' lang='lat' dir='ltr'><strong>et</strong></span> <span class='ocrx_word' id='word_1_43' title='bbox 1614 549 1831 617; x_wconf 84' lang='lat' dir='ltr'><strong>iniquos</strong></span> <span class='ocrx_word' id='word_1_44' title='bbox 1873 561 2092 601; x_wconf 84' lang='lat' dir='ltr'><strong>currere</strong></span> 
     </span>
    </p>
   </div>
   <div class='ocr_carea' id='block_1_7' title="bbox 533 637 2088 711">
    <p class='ocr_par' dir='ltr' id='par_1_7' title="bbox 533 637 2088 711">
     <span class='ocr_line' id='line_1_7' title="bbox 533 637 2088 711; baseline -0.004 -15"><span class='ocrx_word' id='word_1_45' title='bbox 533 645 598 696; x_wconf 86' lang='lat' dir='ltr'><strong>ad</strong></span> <span class='ocrx_word' id='word_1_46' title='bbox 631 642 829 695; x_wconf 89' lang='lat' dir='ltr'><strong>fontem</strong></span> <span class='ocrx_word' id='word_1_47' title='bbox 857 641 1094 711; x_wconf 86' lang='lat' dir='ltr'><strong>pietatis,</strong></span> <span class='ocrx_word' id='word_1_48' title='bbox 1114 642 1311 696; x_wconf 76' lang='lat' dir='ltr'><strong>milium</strong></span> <span class='ocrx_word' id='word_1_49' title='bbox 1336 640 1548 694; x_wconf 82' lang='lat' dir='ltr'><strong>excludi</strong></span> <span class='ocrx_word' id='word_1_50' title='bbox 1579 654 1872 708; x_wconf 90' lang='lat' dir='ltr'><strong>omnesque</strong></span> <span class='ocrx_word' id='word_1_51' title='bbox 1902 637 2088 705; x_wconf 80' lang='lat' dir='ltr'><strong>recipi,</strong></span> 
     </span>
    </p>
   </div>
   <div class='ocr_carea' id='block_1_8' title="bbox 530 729 2088 800">
    <p class='ocr_par' dir='ltr' id='par_1_8' title="bbox 530 729 2088 800">
     <span class='ocr_line' id='line_1_8' title="bbox 530 729 2088 800; baseline -0.002 -16"><span class='ocrx_word' id='word_1_52' title='bbox 530 733 699 786; x_wconf 84' lang='lat' dir='ltr'><strong>debeo</strong></span> <span class='ocrx_word' id='word_1_53' title='bbox 737 746 837 799; x_wconf 82' lang='lat' dir='ltr'><strong>ego</strong></span> <span class='ocrx_word' id='word_1_54' title='bbox 883 732 1028 786; x_wconf 88' lang='lat' dir='ltr'><strong>solus</strong></span> <span class='ocrx_word' id='word_1_55' title='bbox 1067 732 1351 800; x_wconf 84' lang='lat' dir='ltr'><strong>desperare</strong></span> <span class='ocrx_word' id='word_1_56' title='bbox 1383 735 1521 798; x_wconf 90' lang='lat' dir='ltr'><strong>quod</strong></span> <span class='ocrx_word' id='word_1_57' title='bbox 1567 729 1680 797; x_wconf 90' lang='lat' dir='ltr'><strong>ipse</strong></span> <span class='ocrx_word' id='word_1_58' title='bbox 1717 729 1834 780; x_wconf 91' lang='lat' dir='ltr'><strong>fons</strong></span> <span class='ocrx_word' id='word_1_59' title='bbox 1859 729 2088 796; x_wconf 87' lang='lat' dir='ltr'><strong>pictatis.</strong></span> 
     </span>
    </p>
   </div>
   <div class='ocr_carea' id='block_1_9' title="bbox 529 816 2089 890">
    <p class='ocr_par' dir='ltr' id='par_1_9' title="bbox 529 816 2089 890">
     <span class='ocr_line' id='line_1_9' title="bbox 529 816 2089 890; baseline -0.003 -18"><span class='ocrx_word' id='word_1_60' title='bbox 529 823 619 890; x_wconf 88' lang='lat' dir='ltr'><strong>qui</strong></span> <span class='ocrx_word' id='word_1_61' title='bbox 654 822 786 875; x_wconf 86' lang='lat' dir='ltr'><strong>alios</strong></span> <span class='ocrx_word' id='word_1_62' title='bbox 813 821 1003 886; x_wconf 91' lang='lat' dir='ltr'><strong>abluit,</strong></span> <span class='ocrx_word' id='word_1_63' title='bbox 1036 835 1148 874; x_wconf 87' lang='lat' dir='ltr'><strong>mea</strong></span> <span class='ocrx_word' id='word_1_64' title='bbox 1196 829 1413 888; x_wconf 87' lang='lat' dir='ltr'><strong>peccata</strong></span> <span class='ocrx_word' id='word_1_65' title='bbox 1463 833 1565 871; x_wconf 91' lang='lat' dir='ltr'><strong>non</strong></span> <span class='ocrx_word' id='word_1_66' title='bbox 1626 817 1796 886; x_wconf 83' lang='lat' dir='ltr'><strong>possit</strong></span> <span class='ocrx_word' id='word_1_67' title='bbox 1840 816 2089 869; x_wconf 80' lang='lat' dir='ltr'><strong>abluere?</strong></span> 
     </span>
    </p>
   </div>
   <div class='ocr_carea' id='block_1_10' title="bbox 531 904 2086 973">
    <p class='ocr_par' dir='ltr' id='par_1_10' title="bbox 531 904 2086 973">
     <span class='ocr_line' id='line_1_10' title="bbox 531 904 2086 973; baseline -0.005 -11"><span class='ocrx_word' id='word_1_68' title='bbox 531 910 675 972; x_wconf 88' lang='lat' dir='ltr'><strong>Scio,</strong></span> <span class='ocrx_word' id='word_1_69' title='bbox 702 918 849 963; x_wconf 89' lang='lat' dir='ltr'><strong>certo</strong></span> <span class='ocrx_word' id='word_1_70' title='bbox 885 912 1016 972; x_wconf 93' lang='lat' dir='ltr'><strong>scio,</strong></span> <span class='ocrx_word' id='word_1_71' title='bbox 1045 918 1096 961; x_wconf 88' lang='lat' dir='ltr'><strong>et</strong></span> <span class='ocrx_word' id='word_1_72' title='bbox 1120 923 1242 960; x_wconf 91' lang='lat' dir='ltr'><strong>vere</strong></span> <span class='ocrx_word' id='word_1_73' title='bbox 1263 907 1424 960; x_wconf 85' lang='lat' dir='ltr'><strong>credo</strong></span> <span class='ocrx_word' id='word_1_74' title='bbox 1448 906 1571 973; x_wconf 85' lang='lat' dir='ltr'><strong>quia</strong></span> <span class='ocrx_word' id='word_1_75' title='bbox 1603 906 1692 971; x_wconf 88' lang='lat' dir='ltr'><strong>qui</strong></span> <span class='ocrx_word' id='word_1_76' title='bbox 1723 905 1854 957; x_wconf 72' lang='lat' dir='ltr'><strong>alius</strong></span> <span class='ocrx_word' id='word_1_77' title='bbox 1900 904 2086 967; x_wconf 88' lang='lat' dir='ltr'><strong>abluit,</strong></span> 
     </span>
    </p>
   </div>
   <div class='ocr_carea' id='block_1_11' title="bbox 531 986 2087 1067">
    <p class='ocr_par' dir='ltr' id='par_1_11' title="bbox 531 986 2087 1067">
     <span class='ocr_line' id='line_1_11' title="bbox 531 986 2087 1067; baseline -0.003 -16"><span class='ocrx_word' id='word_1_78' title='bbox 531 1015 613 1053; x_wconf 89' lang='lat' dir='ltr'><strong>me</strong></span> <span class='ocrx_word' id='word_1_79' title='bbox 641 1015 856 1067; x_wconf 81' lang='lat' dir='ltr'><strong>quoque</strong></span> <span class='ocrx_word' id='word_1_80' title='bbox 881 1008 1051 1066; x_wconf 80' lang='lat' dir='ltr'><strong>potest</strong></span> <span class='ocrx_word' id='word_1_81' title='bbox 1088 997 1325 1062; x_wconf 81' lang='lat' dir='ltr'><strong>abluere,</strong></span> <span class='ocrx_word' id='word_1_82' title='bbox 1355 1007 1409 1049; x_wconf 83' lang='lat' dir='ltr'><strong>et</strong></span> <span class='ocrx_word' id='word_1_83' title='bbox 1440 996 1591 1058; x_wconf 90' lang='lat' dir='ltr'><strong>mihi,</strong></span> <span class='ocrx_word' id='word_1_84' title='bbox 1614 995 1656 1047; x_wconf 91' lang='lat' dir='ltr'><strong>si</strong></span> <span class='ocrx_word' id='word_1_85' title='bbox 1688 995 1816 1056; x_wconf 89' lang='lat' dir='ltr'><strong>vult,</strong></span> <span class='ocrx_word' id='word_1_86' title='bbox 1843 996 1963 1062; x_wconf 85' lang='lat' dir='ltr'><strong>quia</strong></span> <span class='ocrx_word' id='word_1_87' title='bbox 1995 986 2087 1061; x_wconf 71' lang='lat' dir='ltr'><strong>po-</strong></span> 
     </span>
    </p>
   </div>
   <div class='ocr_carea' id='block_1_12' title="bbox 528 1083 2087 1154">
    <p class='ocr_par' dir='ltr' id='par_1_12' title="bbox 528 1083 2087 1154">
     <span class='ocr_line' id='line_1_12' title="bbox 528 1083 2087 1154; baseline -0.003 -15"><span class='ocrx_word' id='word_1_88' title='bbox 528 1089 862 1141; x_wconf 75' lang='lat' dir='ltr'><strong>lautissimus</strong></span> <span class='ocrx_word' id='word_1_89' title='bbox 885 1097 984 1150; x_wconf 89' lang='lat' dir='ltr'><strong>est,</strong></span> <span class='ocrx_word' id='word_1_90' title='bbox 1015 1086 1193 1138; x_wconf 88' lang='lat' dir='ltr'><strong>omnia</strong></span> <span class='ocrx_word' id='word_1_91' title='bbox 1234 1093 1448 1154; x_wconf 87' lang='lat' dir='ltr'><strong>peccata</strong></span> <span class='ocrx_word' id='word_1_92' title='bbox 1489 1098 1606 1136; x_wconf 88' lang='lat' dir='ltr'><strong>mea</strong></span> <span class='ocrx_word' id='word_1_93' title='bbox 1653 1083 1944 1136; x_wconf 84' lang='lat' dir='ltr'><strong>dimittere.</strong></span> <span class='ocrx_word' id='word_1_94' title='bbox 1985 1083 2087 1135; x_wconf 77' lang='lat' dir='ltr'><strong>Sed</strong></span> 
     </span>
    </p>
   </div>
   <div class='ocr_carea' id='block_1_13' title="bbox 527 1161 2085 1250">
    <p class='ocr_par' dir='ltr' id='par_1_13' title="bbox 527 1161 2085 1250">
     <span class='ocr_line' id='line_1_13' title="bbox 527 1161 2085 1250; baseline -0.003 -23"><span class='ocrx_word' id='word_1_95' title='bbox 527 1161 1032 1242; x_wconf 21' lang='lat' dir='ltr'><strong>inter&#39;pcccatorem</strong></span> <span class='ocrx_word' id='word_1_96' title='bbox 1062 1183 1115 1229; x_wconf 89' lang='lat' dir='ltr'><strong>et</strong></span> <span class='ocrx_word' id='word_1_97' title='bbox 1141 1184 1472 1240; x_wconf 71' lang='lat' dir='ltr'><strong>peccator-em</strong></span> <span class='ocrx_word' id='word_1_98' title='bbox 1504 1181 1584 1223; x_wconf 91' lang='lat' dir='ltr'><strong>est</strong></span> <span class='ocrx_word' id='word_1_99' title='bbox 1615 1185 1804 1250; x_wconf 82' lang='lat' dir='ltr'><strong>magna</strong></span> <span class='ocrx_word' id='word_1_100' title='bbox 1840 1169 2085 1224; x_wconf 66' lang='lat' dir='ltr'><strong>diﬂ‘ereu-</strong></span> 
     </span>
    </p>
   </div>
   <div class='ocr_carea' id='block_1_14' title="bbox 530 1261 2084 1332">
    <p class='ocr_par' dir='ltr' id='par_1_14' title="bbox 530 1261 2084 1332">
     <span class='ocr_line' id='line_1_14' title="bbox 530 1261 2084 1332; baseline -0.003 -15"><span class='ocrx_word' id='word_1_101' title='bbox 530 1267 624 1328; x_wconf 91' lang='lat' dir='ltr'><strong>tia,</strong></span> <span class='ocrx_word' id='word_1_102' title='bbox 657 1265 708 1318; x_wconf 92' lang='lat' dir='ltr'><strong>id</strong></span> <span class='ocrx_word' id='word_1_103' title='bbox 755 1275 839 1318; x_wconf 87' lang='lat' dir='ltr'><strong>est</strong></span> <span class='ocrx_word' id='word_1_104' title='bbox 868 1265 1008 1318; x_wconf 88' lang='lat' dir='ltr'><strong>inter</strong></span> <span class='ocrx_word' id='word_1_105' title='bbox 1053 1264 1199 1317; x_wconf 92' lang='lat' dir='ltr'><strong>illum</strong></span> <span class='ocrx_word' id='word_1_106' title='bbox 1232 1263 1318 1332; x_wconf 86' lang='lat' dir='ltr'><strong>qui</strong></span> <span class='ocrx_word' id='word_1_107' title='bbox 1352 1263 1466 1331; x_wconf 86' lang='lat' dir='ltr'><strong>plus</strong></span> <span class='ocrx_word' id='word_1_108' title='bbox 1509 1270 1714 1332; x_wconf 87' lang='lat' dir='ltr'><strong>peccat,</strong></span> <span class='ocrx_word' id='word_1_109' title='bbox 1747 1272 1798 1315; x_wconf 92' lang='lat' dir='ltr'><strong>et</strong></span> <span class='ocrx_word' id='word_1_110' title='bbox 1829 1278 1948 1314; x_wconf 89' lang='lat' dir='ltr'><strong>eum</strong></span> <span class='ocrx_word' id='word_1_111' title='bbox 1996 1261 2084 1328; x_wconf 88' lang='lat' dir='ltr'><strong>qui</strong></span> 
     </span>
    </p>
   </div>
   <div class='ocr_carea' id='block_1_15' title="bbox 527 1352 2087 1423">
    <p class='ocr_par' dir='ltr' id='par_1_15' title="bbox 527 1352 2087 1423">
     <span class='ocr_line' id='line_1_15' title="bbox 527 1352 2087 1423; baseline -0.004 -15"><span class='ocrx_word' id='word_1_112' title='bbox 527 1357 706 1409; x_wconf 90' lang='lat' dir='ltr'><strong>minus</strong></span> <span class='ocrx_word' id='word_1_113' title='bbox 739 1363 946 1423; x_wconf 81' lang='lat' dir='ltr'><strong>peccat.</strong></span> <span class='ocrx_word' id='word_1_114' title='bbox 989 1353 1138 1408; x_wconf 88' lang='lat' dir='ltr'><strong>Unde</strong></span> <span class='ocrx_word' id='word_1_115' title='bbox 1160 1367 1258 1421; x_wconf 81' lang='lat' dir='ltr'><strong>ego</strong></span> <span class='ocrx_word' id='word_1_116' title='bbox 1285 1352 1628 1406; x_wconf 85' lang='lat' dir='ltr'><strong>considerans</strong></span> <span class='ocrx_word' id='word_1_117' title='bbox 1665 1359 1920 1419; x_wconf 84' lang='lat' dir='ltr'><strong>quantum</strong></span> <span class='ocrx_word' id='word_1_118' title='bbox 1964 1365 2087 1417; x_wconf 90' lang='lat' dir='ltr'><strong>pec-</strong></span> 
     </span>
    </p>
   </div>
   <div class='ocr_carea' id='block_1_16' title="bbox 524 1438 2083 1510">
    <p class='ocr_par' dir='ltr' id='par_1_16' title="bbox 524 1438 2083 1510">
     <span class='ocr_line' id='line_1_16' title="bbox 524 1438 2083 1510; baseline -0.005 -14"><span class='ocrx_word' id='word_1_119' title='bbox 524 1444 665 1508; x_wconf 91' lang='lat' dir='ltr'><strong>cavi,</strong></span> <span class='ocrx_word' id='word_1_120' title='bbox 719 1441 1038 1510; x_wconf 75' lang='lat' dir='ltr'><strong>quantisque</strong></span> <span class='ocrx_word' id='word_1_121' title='bbox 1086 1440 1457 1508; x_wconf 85' lang='lat' dir='ltr'><strong>iniquitatibus</strong></span> <span class='ocrx_word' id='word_1_122' title='bbox 1513 1439 1692 1492; x_wconf 79' lang='lat' dir='ltr'><strong>infelix</strong></span> <span class='ocrx_word' id='word_1_123' title='bbox 1742 1438 1918 1492; x_wconf 85' lang='lat' dir='ltr'><strong>anima</strong></span> <span class='ocrx_word' id='word_1_124' title='bbox 1966 1452 2083 1489; x_wconf 85' lang='lat' dir='ltr'><strong>mea</strong></span> 
     </span>
    </p>
   </div>
   <div class='ocr_carea' id='block_1_17' title="bbox 524 1528 2084 1603">
    <p class='ocr_par' dir='ltr' id='par_1_17' title="bbox 524 1528 2084 1603">
     <span class='ocr_line' id='line_1_17' title="bbox 524 1528 2084 1603; baseline -0.004 -17"><span class='ocrx_word' id='word_1_125' title='bbox 524 1535 722 1603; x_wconf 84' lang='lat' dir='ltr'><strong>polluta</strong></span> <span class='ocrx_word' id='word_1_126' title='bbox 767 1535 859 1597; x_wconf 90' lang='lat' dir='ltr'><strong>sit,</strong></span> <span class='ocrx_word' id='word_1_127' title='bbox 902 1532 1134 1600; x_wconf 76' lang='lat' dir='ltr'><strong>intelligo</strong></span> <span class='ocrx_word' id='word_1_128' title='bbox 1164 1546 1247 1584; x_wconf 87' lang='lat' dir='ltr'><strong>me</strong></span> <span class='ocrx_word' id='word_1_129' title='bbox 1294 1545 1397 1584; x_wconf 90' lang='lat' dir='ltr'><strong>non</strong></span> <span class='ocrx_word' id='word_1_130' title='bbox 1447 1529 1616 1583; x_wconf 89' lang='lat' dir='ltr'><strong>solum</strong></span> <span class='ocrx_word' id='word_1_131' title='bbox 1658 1528 1912 1597; x_wconf 66' lang='lat' dir='ltr'><strong>aequalem</strong></span> <span class='ocrx_word' id='word_1_132' title='bbox 1964 1543 2084 1580; x_wconf 90' lang='lat' dir='ltr'><strong>eum</strong></span> 
     </span>
    </p>
   </div>
   <div class='ocr_carea' id='block_1_18' title="bbox 524 1605 2083 1692">
    <p class='ocr_par' dir='ltr' id='par_1_18' title="bbox 524 1605 2083 1692">
     <span class='ocr_line' id='line_1_18' title="bbox 524 1605 2083 1692; baseline -0.004 -16"><span class='ocrx_word' id='word_1_133' title='bbox 524 1605 645 1678; x_wconf 83' lang='lat' dir='ltr'><strong>aliis</strong></span> <span class='ocrx_word' id='word_1_134' title='bbox 669 1623 1064 1692; x_wconf 87' lang='lat' dir='ltr'><strong>peccatoribus,</strong></span> <span class='ocrx_word' id='word_1_135' title='bbox 1095 1622 1189 1676; x_wconf 88' lang='lat' dir='ltr'><strong>sed</strong></span> <span class='ocrx_word' id='word_1_136' title='bbox 1217 1622 1337 1690; x_wconf 90' lang='lat' dir='ltr'><strong>plus</strong></span> <span class='ocrx_word' id='word_1_137' title='bbox 1362 1624 1532 1690; x_wconf 88' lang='lat' dir='ltr'><strong>quam</strong></span> <span class='ocrx_word' id='word_1_138' title='bbox 1551 1620 1713 1674; x_wconf 90' lang='lat' dir='ltr'><strong>ullum</strong></span> <span class='ocrx_word' id='word_1_139' title='bbox 1740 1620 1807 1651; x_wconf 65' lang='lat'><strong>&quot;9</strong></span> <span class='ocrx_word' id='word_1_140' title='bbox 1834 1627 2083 1688; x_wconf 87' lang='lat' dir='ltr'><strong>peccato-</strong></span> 
     </span>
    </p>
   </div>
   <div class='ocr_carea' id='block_1_19' title="bbox 2192 459 3754 528">
    <p class='ocr_par' dir='ltr' id='par_1_19' title="bbox 2192 459 3754 528">
     <span class='ocr_line' id='line_1_19' title="bbox 2192 459 3754 528; baseline 0.001 -11"><span class='ocrx_word' id='word_1_141' title='bbox 2192 475 2515 518; x_wconf 85' lang='lat' dir='ltr'><strong>conversaus</strong></span> <span class='ocrx_word' id='word_1_142' title='bbox 2569 476 2753 514; x_wconf 80' lang='lat' dir='ltr'><strong>omnes</strong></span> <span class='ocrx_word' id='word_1_143' title='bbox 2811 470 3116 528; x_wconf 81' lang='lat' dir='ltr'><strong>peccatores</strong></span> <span class='ocrx_word' id='word_1_144' title='bbox 3162 459 3228 513; x_wconf 88' lang='lat' dir='ltr'><strong>ad</strong></span> <span class='ocrx_word' id='word_1_145' title='bbox 3264 461 3627 528; x_wconf 63' lang='lat' dir='ltr'><strong>pmuitenﬁam</strong></span> <span class='ocrx_word' id='word_1_146' title='bbox 3661 476 3754 518; x_wconf 74' lang='lat' dir='ltr'><strong>ve-</strong></span> 
     </span>
    </p>
   </div>
   <div class='ocr_carea' id='block_1_20' title="bbox 2191 550 3752 622">
    <p class='ocr_par' dir='ltr' id='par_1_20' title="bbox 2191 550 3752 622">
     <span class='ocr_line' id='line_1_20' title="bbox 2191 550 3752 622; baseline 0.001 -15"><span class='ocrx_word' id='word_1_147' title='bbox 2191 555 2346 614; x_wconf 89' lang='lat' dir='ltr'><strong>casti,</strong></span> <span class='ocrx_word' id='word_1_148' title='bbox 2387 550 2451 604; x_wconf 91' lang='lat' dir='ltr'><strong>ad</strong></span> <span class='ocrx_word' id='word_1_149' title='bbox 2492 551 2756 610; x_wconf 87' lang='lat' dir='ltr'><strong>ultimum,</strong></span> <span class='ocrx_word' id='word_1_150' title='bbox 2784 550 2958 603; x_wconf 88' lang='lat' dir='ltr'><strong>crucis</strong></span> <span class='ocrx_word' id='word_1_151' title='bbox 2981 550 3275 618; x_wconf 84' lang='lat' dir='ltr'><strong>patibulum</strong></span> <span class='ocrx_word' id='word_1_152' title='bbox 3310 559 3404 618; x_wconf 73' lang='lat' dir='ltr'><strong>pro</strong></span> <span class='ocrx_word' id='word_1_153' title='bbox 3437 551 3538 605; x_wconf 84' lang='lat' dir='ltr'><strong>illis</strong></span> <span class='ocrx_word' id='word_1_154' title='bbox 3569 563 3752 622; x_wconf 83' lang='lat' dir='ltr'><strong>pertu-</strong></span> 
     </span>
    </p>
   </div>
   <div class='ocr_carea' id='block_1_21' title="bbox 2191 639 3746 711">
    <p class='ocr_par' dir='ltr' id='par_1_21' title="bbox 2191 639 3746 711">
     <span class='ocr_line' id='line_1_21' title="bbox 2191 639 3746 711; baseline 0.002 -16"><span class='ocrx_word' id='word_1_155' title='bbox 2191 643 2318 708; x_wconf 87' lang='lat' dir='ltr'><strong>iisti,</strong></span> <span class='ocrx_word' id='word_1_156' title='bbox 2350 652 2402 694; x_wconf 91' lang='lat' dir='ltr'><strong>et</strong></span> <span class='ocrx_word' id='word_1_157' title='bbox 2430 642 2507 696; x_wconf 88' lang='lat' dir='ltr'><strong>sic</strong></span> <span class='ocrx_word' id='word_1_158' title='bbox 2535 649 2774 695; x_wconf 88' lang='lat' dir='ltr'><strong>mor-tuus</strong></span> <span class='ocrx_word' id='word_1_159' title='bbox 2796 639 3090 693; x_wconf 88' lang='lat' dir='ltr'><strong>secundum</strong></span> <span class='ocrx_word' id='word_1_160' title='bbox 3117 654 3357 701; x_wconf 85' lang='lat' dir='ltr'><strong>carnem.</strong></span> <span class='ocrx_word' id='word_1_161' title='bbox 3388 641 3550 694; x_wconf 87' lang='lat' dir='ltr'><strong>vitam</strong></span> <span class='ocrx_word' id='word_1_162' title='bbox 3583 657 3746 711; x_wconf 84' lang='lat' dir='ltr'><strong>quam</strong></span> 
     </span>
    </p>
   </div>
   <div class='ocr_carea' id='block_1_22' title="bbox 2184 729 3743 803">
    <p class='ocr_par' dir='ltr' id='par_1_22' title="bbox 2184 729 3743 803">
     <span class='ocr_line' id='line_1_22' title="bbox 2184 729 3743 803; baseline 0 -16"><span class='ocrx_word' id='word_1_163' title='bbox 2184 734 2324 801; x_wconf 84' lang='lat' dir='ltr'><strong>jnste</strong></span> <span class='ocrx_word' id='word_1_164' title='bbox 2370 748 2464 803; x_wconf 89' lang='lat' dir='ltr'><strong>pro</strong></span> <span class='ocrx_word' id='word_1_165' title='bbox 2501 733 2614 785; x_wconf 83' lang='lat' dir='ltr'><strong>suis</strong></span> <span class='ocrx_word' id='word_1_166' title='bbox 2651 731 2884 799; x_wconf 79' lang='lat' dir='ltr'><strong>peccatis</strong></span> <span class='ocrx_word' id='word_1_167' title='bbox 2921 729 3280 798; x_wconf 77' lang='lat' dir='ltr'><strong>perdiderant,</strong></span> <span class='ocrx_word' id='word_1_168' title='bbox 3314 731 3415 783; x_wconf 84' lang='lat' dir='ltr'><strong>illis</strong></span> <span class='ocrx_word' id='word_1_169' title='bbox 3448 733 3743 788; x_wconf 81' lang='lat' dir='ltr'><strong>reddidisti.</strong></span> 
     </span>
    </p>
   </div>
   <div class='ocr_carea' id='block_1_23' title="bbox 2191 818 3747 890">
    <p class='ocr_par' dir='ltr' id='par_1_23' title="bbox 2191 818 3747 890">
     <span class='ocr_line' id='line_1_23' title="bbox 2191 818 3747 890; baseline 0.001 -16"><span class='ocrx_word' id='word_1_170' title='bbox 2191 823 2372 889; x_wconf 83' lang='lat' dir='ltr'><strong>itaque</strong></span> <span class='ocrx_word' id='word_1_171' title='bbox 2407 835 2528 874; x_wconf 87' lang='lat' dir='ltr'><strong>cum</strong></span> <span class='ocrx_word' id='word_1_172' title='bbox 2556 819 2624 850; x_wconf 67' lang='grc'><strong>⁸⁸³</strong></span> <span class='ocrx_word' id='word_1_173' title='bbox 2655 819 2883 888; x_wconf 86' lang='lat' dir='ltr'><strong>respicio</strong></span> <span class='ocrx_word' id='word_1_174' title='bbox 2929 819 2995 870; x_wconf 89' lang='lat' dir='ltr'><strong>ad</strong></span> <span class='ocrx_word' id='word_1_175' title='bbox 3042 818 3178 870; x_wconf 85' lang='lat' dir='ltr'><strong>ma&#39;a</strong></span> <span class='ocrx_word' id='word_1_176' title='bbox 3216 832 3375 886; x_wconf 88' lang='lat' dir='ltr'><strong>opera</strong></span> <span class='ocrx_word' id='word_1_177' title='bbox 3413 833 3530 888; x_wconf 79' lang='lat' dir='ltr'><strong>qua:</strong></span> <span class='ocrx_word' id='word_1_178' title='bbox 3559 836 3747 890; x_wconf 88' lang='lat' dir='ltr'><strong>opera-</strong></span> 
     </span>
    </p>
   </div>
   <div class='ocr_carea' id='block_1_24' title="bbox 2193 906 3752 976">
    <p class='ocr_par' dir='ltr' id='par_1_24' title="bbox 2193 906 3752 976">
     <span class='ocr_line' id='line_1_24' title="bbox 2193 906 3752 976; baseline 0.003 -16"><span class='ocrx_word' id='word_1_179' title='bbox 2193 920 2275 963; x_wconf 89' lang='lat' dir='ltr'><strong>tus</strong></span> <span class='ocrx_word' id='word_1_180' title='bbox 2303 924 2441 972; x_wconf 90' lang='lat' dir='ltr'><strong>sum,</strong></span> <span class='ocrx_word' id='word_1_181' title='bbox 2488 908 2533 961; x_wconf 89' lang='lat' dir='ltr'><strong>si</strong></span> <span class='ocrx_word' id='word_1_182' title='bbox 2575 921 2659 961; x_wconf 89' lang='lat' dir='ltr'><strong>me</strong></span> <span class='ocrx_word' id='word_1_183' title='bbox 2700 908 2941 975; x_wconf 85' lang='lat' dir='ltr'><strong>judicare</strong></span> <span class='ocrx_word' id='word_1_184' title='bbox 2989 906 3065 958; x_wconf 92' lang='lat' dir='ltr'><strong>vis</strong></span> <span class='ocrx_word' id='word_1_185' title='bbox 3111 908 3398 960; x_wconf 89' lang='lat' dir='ltr'><strong>secundum</strong></span> <span class='ocrx_word' id='word_1_186' title='bbox 3438 911 3578 976; x_wconf 86' lang='lat' dir='ltr'><strong>quod</strong></span> <span class='ocrx_word' id='word_1_187' title='bbox 3637 925 3752 964; x_wconf 84' lang='lat' dir='ltr'><strong>me-</strong></span> 
     </span>
    </p>
   </div>
   <div class='ocr_carea' id='block_1_25' title="bbox 2193 995 3749 1062">
    <p class='ocr_par' dir='ltr' id='par_1_25' title="bbox 2193 995 3749 1062">
     <span class='ocr_line' id='line_1_25' title="bbox 2193 995 3749 1062; baseline 0.003 -14"><span class='ocrx_word' id='word_1_188' title='bbox 2193 999 2290 1059; x_wconf 90' lang='lat' dir='ltr'><strong>rui,</strong></span> <span class='ocrx_word' id='word_1_189' title='bbox 2332 1005 2510 1050; x_wconf 85' lang='lat' dir='ltr'><strong>cetus</strong></span> <span class='ocrx_word' id='word_1_190' title='bbox 2545 1010 2661 1049; x_wconf 88' lang='lat' dir='ltr'><strong>sum</strong></span> <span class='ocrx_word' id='word_1_191' title='bbox 2693 995 2758 1048; x_wconf 90' lang='lat' dir='ltr'><strong>de</strong></span> <span class='ocrx_word' id='word_1_192' title='bbox 2795 995 3088 1062; x_wconf 77' lang='lat' dir='ltr'><strong>perditione</strong></span> <span class='ocrx_word' id='word_1_193' title='bbox 3138 1009 3275 1060; x_wconf 89' lang='lat' dir='ltr'><strong>mea,</strong></span> <span class='ocrx_word' id='word_1_194' title='bbox 3335 1010 3454 1048; x_wconf 92' lang='lat' dir='ltr'><strong>cum</strong></span> <span class='ocrx_word' id='word_1_195' title='bbox 3496 1010 3625 1051; x_wconf 83' lang='lat' dir='ltr'><strong>vero</strong></span> <span class='ocrx_word' id='word_1_196' title='bbox 3663 1013 3749 1052; x_wconf 85' lang='lat' dir='ltr'><strong>re-</strong></span> 
     </span>
    </p>
   </div>
   <div class='ocr_carea' id='block_1_26' title="bbox 2187 1082 3748 1154">
    <p class='ocr_par' dir='ltr' id='par_1_26' title="bbox 2187 1082 3748 1154">
     <span class='ocr_line' id='line_1_26' title="bbox 2187 1082 3748 1154; baseline -0.001 -16"><span class='ocrx_word' id='word_1_197' title='bbox 2187 1087 2353 1154; x_wconf 76' lang='lat' dir='ltr'><strong>Spicio</strong></span> <span class='ocrx_word' id='word_1_198' title='bbox 2379 1086 2443 1138; x_wconf 89' lang='lat' dir='ltr'><strong>a.l</strong></span> <span class='ocrx_word' id='word_1_199' title='bbox 2478 1094 2704 1137; x_wconf 84' lang='lat' dir='ltr'><strong>mortem</strong></span> <span class='ocrx_word' id='word_1_200' title='bbox 2728 1092 3066 1148; x_wconf 66' lang='lat' dir='ltr'><strong>tuaia,&#39;quam</strong></span> <span class='ocrx_word' id='word_1_201' title='bbox 3093 1097 3190 1151; x_wconf 91' lang='lat' dir='ltr'><strong>pro</strong></span> <span class='ocrx_word' id='word_1_202' title='bbox 3225 1082 3584 1151; x_wconf 87' lang='lat' dir='ltr'><strong>redetnptione</strong></span> <span class='ocrx_word' id='word_1_203' title='bbox 3624 1100 3748 1154; x_wconf 82' lang='lat' dir='ltr'><strong>pec-</strong></span> 
     </span>
    </p>
   </div>
   <div class='ocr_carea' id='block_1_27' title="bbox 2189 1173 3746 1243">
    <p class='ocr_par' dir='ltr' id='par_1_27' title="bbox 2189 1173 3746 1243">
     <span class='ocr_line' id='line_1_27' title="bbox 2189 1173 3746 1243; baseline 0.001 -16"><span class='ocrx_word' id='word_1_204' title='bbox 2189 1187 2426 1228; x_wconf 76' lang='lat' dir='ltr'><strong>calorum</strong></span> <span class='ocrx_word' id='word_1_205' title='bbox 2488 1188 2792 1243; x_wconf 80' lang='lat' dir='ltr'><strong>passuses,</strong></span> <span class='ocrx_word' id='word_1_206' title='bbox 2834 1189 2937 1225; x_wconf 89' lang='lat' dir='ltr'><strong>non</strong></span> <span class='ocrx_word' id='word_1_207' title='bbox 2996 1174 3218 1240; x_wconf 85' lang='lat' dir='ltr'><strong>despero</strong></span> <span class='ocrx_word' id='word_1_208' title='bbox 3271 1173 3334 1225; x_wconf 89' lang='lat' dir='ltr'><strong>de</strong></span> <span class='ocrx_word' id='word_1_209' title='bbox 3383 1175 3746 1230; x_wconf 77' lang='lat' dir='ltr'><strong>misericordia</strong></span> 
     </span>
    </p>
   </div>
   <div class='ocr_carea' id='block_1_28' title="bbox 2189 1261 3746 1331">
    <p class='ocr_par' dir='ltr' id='par_1_28' title="bbox 2189 1261 3746 1331">
     <span class='ocr_line' id='line_1_28' title="bbox 2189 1261 3746 1331; baseline 0.002 -15"><span class='ocrx_word' id='word_1_210' title='bbox 2189 1275 2296 1317; x_wconf 87' lang='lat' dir='ltr'><strong>tua.</strong></span> <span class='ocrx_word' id='word_1_211' title='bbox 2336 1265 2492 1318; x_wconf 86' lang='lat' dir='ltr'><strong>Latro</strong></span> <span class='ocrx_word' id='word_1_212' title='bbox 2522 1279 2650 1318; x_wconf 88' lang='lat' dir='ltr'><strong>vero</strong></span> <span class='ocrx_word' id='word_1_213' title='bbox 2687 1263 2794 1328; x_wconf 84' lang='lat' dir='ltr'><strong>ille,</strong></span> <span class='ocrx_word' id='word_1_214' title='bbox 2826 1263 2914 1331; x_wconf 91' lang='lat' dir='ltr'><strong>qui</strong></span> <span class='ocrx_word' id='word_1_215' title='bbox 2959 1276 3053 1329; x_wconf 93' lang='lat' dir='ltr'><strong>pro</strong></span> <span class='ocrx_word' id='word_1_216' title='bbox 3096 1261 3205 1315; x_wconf 91' lang='lat' dir='ltr'><strong>suis</strong></span> <span class='ocrx_word' id='word_1_217' title='bbox 3243 1261 3536 1316; x_wconf 89' lang='lat' dir='ltr'><strong>sceleribus</strong></span> <span class='ocrx_word' id='word_1_218' title='bbox 3572 1272 3746 1319; x_wconf 85' lang='lat' dir='ltr'><strong>tecum</strong></span> 
     </span>
    </p>
   </div>
   <div class='ocr_carea' id='block_1_29' title="bbox 2185 1351 3746 1421">
    <p class='ocr_par' dir='ltr' id='par_1_29' title="bbox 2185 1351 3746 1421">
     <span class='ocr_line' id='line_1_29' title="bbox 2185 1351 3746 1421; baseline -0.002 -13"><span class='ocrx_word' id='word_1_219' title='bbox 2185 1353 2474 1408; x_wconf 59' lang='lat' dir='ltr'><strong>crucifixus</strong></span> <span class='ocrx_word' id='word_1_220' title='bbox 2524 1363 2628 1417; x_wconf 88' lang='lat' dir='ltr'><strong>est,</strong></span> <span class='ocrx_word' id='word_1_221' title='bbox 2668 1367 2836 1420; x_wconf 88' lang='lat' dir='ltr'><strong>usque</strong></span> <span class='ocrx_word' id='word_1_222' title='bbox 2879 1352 2945 1405; x_wconf 83' lang='lat' dir='ltr'><strong>ad</strong></span> <span class='ocrx_word' id='word_1_223' title='bbox 2997 1351 3164 1421; x_wconf 82' lang='lat' dir='ltr'><strong>ipsius</strong></span> <span class='ocrx_word' id='word_1_224' title='bbox 3199 1353 3388 1406; x_wconf 63' lang='lat' dir='ltr'><strong>animm</strong></span> <span class='ocrx_word' id='word_1_225' title='bbox 3444 1351 3648 1407; x_wconf 82' lang='lat' dir='ltr'><strong>exitum</strong></span> <span class='ocrx_word' id='word_1_226' title='bbox 3672 1352 3746 1386; x_wconf 71' lang='grc'><strong>⁸⁸⁸</strong></span> 
     </span>
    </p>
   </div>
   <div class='ocr_carea' id='block_1_30' title="bbox 2186 1440 3743 1510">
    <p class='ocr_par' dir='ltr' id='par_1_30' title="bbox 2186 1440 3743 1510">
     <span class='ocr_line' id='line_1_30' title="bbox 2186 1440 3743 1510; baseline 0.002 -14"><span class='ocrx_word' id='word_1_227' title='bbox 2186 1458 2395 1510; x_wconf 57' lang='lat' dir='ltr'><strong>ser-prt-</strong></span> <span class='ocrx_word' id='word_1_228' title='bbox 2426 1443 2474 1494; x_wconf 93' lang='lat' dir='ltr'><strong>in</strong></span> <span class='ocrx_word' id='word_1_229' title='bbox 2505 1442 2735 1510; x_wconf 87' lang='lat' dir='ltr'><strong>peccatis</strong></span> <span class='ocrx_word' id='word_1_230' title='bbox 2760 1442 2877 1506; x_wconf 91' lang='lat' dir='ltr'><strong>fuit,</strong></span> <span class='ocrx_word' id='word_1_231' title='bbox 2906 1440 2997 1494; x_wconf 88' lang='lat' dir='ltr'><strong>sed</strong></span> <span class='ocrx_word' id='word_1_232' title='bbox 3029 1452 3203 1493; x_wconf 85' lang='lat' dir='ltr'><strong>tamen</strong></span> <span class='ocrx_word' id='word_1_233' title='bbox 3234 1441 3284 1493; x_wconf 91' lang='lat' dir='ltr'><strong>in</strong></span> <span class='ocrx_word' id='word_1_234' title='bbox 3317 1440 3432 1509; x_wconf 89' lang='lat' dir='ltr'><strong>ipsa</strong></span> <span class='ocrx_word' id='word_1_235' title='bbox 3466 1441 3596 1495; x_wconf 86' lang='lat' dir='ltr'><strong>hora</strong></span> <span class='ocrx_word' id='word_1_236' title='bbox 3630 1456 3743 1500; x_wconf 62' lang='lat' dir='ltr'><strong>sua</strong></span> 
     </span>
    </p>
   </div>
   <div class='ocr_carea' id='block_1_31' title="bbox 2184 1532 3742 1603">
    <p class='ocr_par' dir='ltr' id='par_1_31' title="bbox 2184 1532 3742 1603">
     <span class='ocr_line' id='line_1_31' title="bbox 2184 1532 3742 1603; baseline 0.001 -16"><span class='ocrx_word' id='word_1_237' title='bbox 2184 1535 2544 1603; x_wconf 74' lang='lat' dir='ltr'><strong>expirationis,</strong></span> <span class='ocrx_word' id='word_1_238' title='bbox 2570 1534 2696 1602; x_wconf 87' lang='lat' dir='ltr'><strong>quia</strong></span> <span class='ocrx_word' id='word_1_239' title='bbox 2713 1548 2805 1586; x_wconf 81' lang='lat' dir='ltr'><strong>sua</strong></span> <span class='ocrx_word' id='word_1_240' title='bbox 2828 1532 2964 1585; x_wconf 89' lang='lat' dir='ltr'><strong>mala</strong></span> <span class='ocrx_word' id='word_1_241' title='bbox 2995 1532 3269 1587; x_wconf 79' lang='lat' dir='ltr'><strong>confessus</strong></span> <span class='ocrx_word' id='word_1_242' title='bbox 3297 1541 3400 1595; x_wconf 88' lang='lat' dir='ltr'><strong>est,</strong></span> <span class='ocrx_word' id='word_1_243' title='bbox 3456 1542 3510 1586; x_wconf 88' lang='lat' dir='ltr'><strong>et</strong></span> <span class='ocrx_word' id='word_1_244' title='bbox 3529 1533 3742 1603; x_wconf 80' lang='lat' dir='ltr'><strong>culpam</strong></span> 
     </span>
    </p>
   </div>
   <div class='ocr_carea' id='block_1_32' title="bbox 2184 1623 3745 1693">
    <p class='ocr_par' dir='ltr' id='par_1_32' title="bbox 2184 1623 3745 1693">
     <span class='ocr_line' id='line_1_32' title="bbox 2184 1623 3745 1693; baseline 0.003 -17"><span class='ocrx_word' id='word_1_245' title='bbox 2184 1624 2453 1688; x_wconf 72' lang='lat' dir='ltr'><strong>clamavit,</strong></span> <span class='ocrx_word' id='word_1_246' title='bbox 2487 1623 2906 1679; x_wconf 89' lang='lat' dir='ltr'><strong>misericordiam</strong></span> <span class='ocrx_word' id='word_1_247' title='bbox 2930 1623 3151 1687; x_wconf 85' lang='lat' dir='ltr'><strong>invenit,</strong></span> <span class='ocrx_word' id='word_1_248' title='bbox 3181 1631 3234 1677; x_wconf 90' lang='lat' dir='ltr'><strong>et</strong></span> <span class='ocrx_word' id='word_1_249' title='bbox 3263 1633 3435 1678; x_wconf 86' lang='lat' dir='ltr'><strong>tecum</strong></span> <span class='ocrx_word' id='word_1_250' title='bbox 3486 1625 3603 1693; x_wconf 90' lang='lat' dir='ltr'><strong>ipso</strong></span> <span class='ocrx_word' id='word_1_251' title='bbox 3657 1625 3745 1681; x_wconf 81' lang='lat' dir='ltr'><strong>die</strong></span> 
     </span>
    </p>
   </div>
   <div class='ocr_carea' id='block_1_33' title="bbox 524 1710 3742 1786">
    <p class='ocr_par' dir='ltr' id='par_1_33' title="bbox 524 1710 3742 1786">
     <span class='ocr_line' id='line_1_33' title="bbox 524 1710 3742 1786; baseline 0.002 -21"><span class='ocrx_word' id='word_1_252' title='bbox 524 1729 659 1778; x_wconf 87' lang='lat' dir='ltr'><strong>rem,</strong></span> <span class='ocrx_word' id='word_1_253' title='bbox 703 1722 756 1767; x_wconf 90' lang='lat' dir='ltr'><strong>et</strong></span> <span class='ocrx_word' id='word_1_254' title='bbox 796 1710 932 1766; x_wconf 86' lang='lat' dir='ltr'><strong>ultra</strong></span> <span class='ocrx_word' id='word_1_255' title='bbox 969 1727 1154 1766; x_wconf 88' lang='lat' dir='ltr'><strong>omnes</strong></span> <span class='ocrx_word' id='word_1_256' title='bbox 1211 1721 1543 1781; x_wconf 88' lang='lat' dir='ltr'><strong>peccatores,</strong></span> <span class='ocrx_word' id='word_1_257' title='bbox 1573 1726 1690 1765; x_wconf 89' lang='lat' dir='ltr'><strong>esse</strong></span> <span class='ocrx_word' id='word_1_258' title='bbox 1717 1719 2072 1779; x_wconf 71' lang='lat' dir='ltr'><strong>peccatorem.</strong></span> <span class='ocrx_word' id='word_1_259' title='bbox 2111 1713 2150 1769; x_wconf 74' lang='lat' dir='ltr'><strong>li</strong></span> <span class='ocrx_word' id='word_1_260' title='bbox 2180 1715 2231 1768; x_wconf 91' lang='lat' dir='ltr'><strong>in</strong></span> <span class='ocrx_word' id='word_1_261' title='bbox 2263 1717 2506 1782; x_wconf 83' lang='lat' dir='ltr'><strong>paradiso</strong></span> <span class='ocrx_word' id='word_1_262' title='bbox 2535 1714 2633 1768; x_wconf 92' lang='lat' dir='ltr'><strong>fuit</strong></span> <span class='ocrx_word' id='word_1_263' title='bbox 2656 1715 2802 1784; x_wconf 82' lang='lat' dir='ltr'><strong>(Luc.</strong></span> <span class='ocrx_word' id='word_1_264' title='bbox 2835 1730 2988 1777; x_wconf 70' lang='grc' dir='ltr'>χχιιι,</span> <span class='ocrx_word' id='word_1_265' title='bbox 3020 1714 3129 1780; x_wconf 74' lang='grc'><strong>43).</strong></span> <span class='ocrx_word' id='word_1_266' title='bbox 3159 1715 3394 1769; x_wconf 90' lang='lat' dir='ltr'><strong>Cernens</strong></span> <span class='ocrx_word' id='word_1_267' title='bbox 3423 1730 3549 1785; x_wconf 89' lang='lat' dir='ltr'><strong>ergo</strong></span> <span class='ocrx_word' id='word_1_268' title='bbox 3575 1724 3624 1770; x_wconf 87' lang='lat' dir='ltr'><strong>te</strong></span> <span class='ocrx_word' id='word_1_269' title='bbox 3642 1731 3742 1786; x_wconf 85' lang='lat' dir='ltr'><strong>pro</strong></span> 
     </span>
    </p>
   </div>
   <div class='ocr_carea' id='block_1_34' title="bbox 525 1801 2083 1874">
    <p class='ocr_par' dir='ltr' id='par_1_34' title="bbox 525 1801 2083 1874">
     <span class='ocr_line' id='line_1_34' title="bbox 525 1801 2083 1874; baseline -0.003 -17"><span class='ocrx_word' id='word_1_270' title='bbox 525 1804 710 1858; x_wconf 86' lang='lat' dir='ltr'><strong>Plures</strong></span> <span class='ocrx_word' id='word_1_271' title='bbox 733 1803 875 1858; x_wconf 89' lang='lat' dir='ltr'><strong>enim</strong></span> <span class='ocrx_word' id='word_1_272' title='bbox 901 1811 1279 1874; x_wconf 80' lang='lat' dir='ltr'><strong>peccaverunt,</strong></span> <span class='ocrx_word' id='word_1_273' title='bbox 1321 1811 1372 1855; x_wconf 86' lang='lat' dir='ltr'><strong>et</strong></span> <span class='ocrx_word' id='word_1_274' title='bbox 1396 1812 1521 1855; x_wconf 90' lang='lat' dir='ltr'><strong>tunc</strong></span> <span class='ocrx_word' id='word_1_275' title='bbox 1548 1809 1924 1865; x_wconf 84' lang='lat' dir='ltr'><strong>cessaverunt;</strong></span> <span class='ocrx_word' id='word_1_276' title='bbox 1963 1801 2083 1869; x_wconf 85' lang='lat' dir='ltr'><strong>qui-</strong></span> 
     </span>
    </p>
   </div>
   <div class='ocr_carea' id='block_1_35' title="bbox 523 1890 2080 1963">
    <p class='ocr_par' dir='ltr' id='par_1_35' title="bbox 523 1890 2080 1963">
     <span class='ocr_line' id='line_1_35' title="bbox 523 1890 2080 1963; baseline -0.002 -18"><span class='ocrx_word' id='word_1_277' title='bbox 523 1892 676 1957; x_wconf 86' lang='lat' dir='ltr'><strong>dam,</strong></span> <span class='ocrx_word' id='word_1_278' title='bbox 732 1893 832 1947; x_wconf 88' lang='lat' dir='ltr'><strong>etsi</strong></span> <span class='ocrx_word' id='word_1_279' title='bbox 883 1892 1092 1963; x_wconf 10' lang='lat' dir='ltr'><strong>Impius</strong></span> <span class='ocrx_word' id='word_1_280' title='bbox 1141 1893 1509 1960; x_wconf 87' lang='lat' dir='ltr'><strong>peccaverint,</strong></span> <span class='ocrx_word' id='word_1_281' title='bbox 1567 1899 1739 1944; x_wconf 87' lang='lat' dir='ltr'><strong>tamen</strong></span> <span class='ocrx_word' id='word_1_282' title='bbox 1796 1890 2080 1957; x_wconf 83' lang='lat' dir='ltr'><strong>aliquando</strong></span> 
     </span>
    </p>
   </div>
   <div class='ocr_carea' id='block_1_36' title="bbox 523 1980 2086 2049">
    <p class='ocr_par' dir='ltr' id='par_1_36' title="bbox 523 1980 2086 2049">
     <span class='ocr_line' id='line_1_36' title="bbox 523 1980 2086 2049; baseline -0.002 -13"><span class='ocrx_word' id='word_1_283' title='bbox 523 1982 635 2036; x_wconf 83' lang='lat' dir='ltr'><strong>suis</strong></span> <span class='ocrx_word' id='word_1_284' title='bbox 687 1982 905 2035; x_wconf 87' lang='lat' dir='ltr'><strong>malitiis</strong></span> <span class='ocrx_word' id='word_1_285' title='bbox 932 1981 1089 2036; x_wconf 82' lang='lat' dir='ltr'><strong>linem</strong></span> <span class='ocrx_word' id='word_1_286' title='bbox 1139 1981 1527 2049; x_wconf 87' lang='lat' dir='ltr'><strong>imposuerunt.</strong></span> <span class='ocrx_word' id='word_1_287' title='bbox 1561 1980 1690 2034; x_wconf 88' lang='lat' dir='ltr'><strong>Item</strong></span> <span class='ocrx_word' id='word_1_288' title='bbox 1732 1981 1821 2031; x_wconf 72' lang='lat' dir='ltr'><strong>alii</strong></span> <span class='ocrx_word' id='word_1_289' title='bbox 1865 1991 1918 2033; x_wconf 89' lang='lat' dir='ltr'><strong>et</strong></span> <span class='ocrx_word' id='word_1_290' title='bbox 1943 1981 1986 2033; x_wconf 90' lang='lat' dir='ltr'><strong>si</strong></span> <span class='ocrx_word' id='word_1_291' title='bbox 2011 1980 2086 2022; x_wconf 49' lang='lat'><strong>5”</strong></span> 
     </span>
    </p>
   </div>
   <div class='ocr_carea' id='block_1_37' title="bbox 523 2057 2079 2135">
    <p class='ocr_par' dir='ltr' id='par_1_37' title="bbox 523 2057 2079 2135">
     <span class='ocr_line' id='line_1_37' title="bbox 523 2057 2079 2135; baseline -0.001 -9"><span class='ocrx_word' id='word_1_292' title='bbox 523 2074 688 2127; x_wconf 90' lang='lat' dir='ltr'><strong>multa</strong></span> <span class='ocrx_word' id='word_1_293' title='bbox 721 2057 858 2127; x_wconf 87' lang='lat' dir='ltr'><strong>mala</strong></span> <span class='ocrx_word' id='word_1_294' title='bbox 905 2072 1170 2135; x_wconf 89' lang='lat' dir='ltr'><strong>fecerunt,</strong></span> <span class='ocrx_word' id='word_1_295' title='bbox 1203 2072 1367 2125; x_wconf 88' lang='lat' dir='ltr'><strong>multa</strong></span> <span class='ocrx_word' id='word_1_296' title='bbox 1395 2071 1556 2125; x_wconf 90' lang='lat' dir='ltr'><strong>etiam</strong></span> <span class='ocrx_word' id='word_1_297' title='bbox 1593 2073 1729 2124; x_wconf 89' lang='lat' dir='ltr'><strong>bona</strong></span> <span class='ocrx_word' id='word_1_298' title='bbox 1773 2086 1941 2125; x_wconf 82' lang='lat' dir='ltr'><strong>acere</strong></span> <span class='ocrx_word' id='word_1_299' title='bbox 1976 2087 2079 2125; x_wconf 81' lang='lat' dir='ltr'><strong>non</strong></span> 
     </span>
    </p>
   </div>
   <div class='ocr_carea' id='block_1_38' title="bbox 520 2159 2079 2230">
    <p class='ocr_par' dir='ltr' id='par_1_38' title="bbox 520 2159 2079 2230">
     <span class='ocr_line' id='line_1_38' title="bbox 520 2159 2079 2230; baseline 0 -17"><span class='ocrx_word' id='word_1_300' title='bbox 520 2161 832 2222; x_wconf 85' lang='lat' dir='ltr'><strong>mniserunt,</strong></span> <span class='ocrx_word' id='word_1_301' title='bbox 867 2160 1058 2230; x_wconf 83' lang='lat' dir='ltr'><strong>quibus</strong></span> <span class='ocrx_word' id='word_1_302' title='bbox 1081 2159 1163 2214; x_wconf 85' lang='lat' dir='ltr'><strong>vel</strong></span> <span class='ocrx_word' id='word_1_303' title='bbox 1218 2171 1276 2213; x_wconf 87' lang='lat' dir='ltr'><strong>ut</strong></span> <span class='ocrx_word' id='word_1_304' title='bbox 1301 2175 1366 2214; x_wconf 79' lang='lat' dir='ltr'><strong>ex</strong></span> <span class='ocrx_word' id='word_1_305' title='bbox 1399 2169 1509 2214; x_wconf 88' lang='lat' dir='ltr'><strong>toto</strong></span> <span class='ocrx_word' id='word_1_306' title='bbox 1535 2161 1646 2228; x_wconf 89' lang='lat' dir='ltr'><strong>ipsa</strong></span> <span class='ocrx_word' id='word_1_307' title='bbox 1689 2160 1822 2228; x_wconf 75' lang='lat' dir='ltr'><strong>mala</strong></span> <span class='ocrx_word' id='word_1_308' title='bbox 1850 2161 2079 2214; x_wconf 90' lang='lat' dir='ltr'><strong>dimitte-</strong></span> 
     </span>
    </p>
   </div>
   <div class='ocr_carea' id='block_1_39' title="bbox 521 2249 2083 2319">
    <p class='ocr_par' dir='ltr' id='par_1_39' title="bbox 521 2249 2083 2319">
     <span class='ocr_line' id='line_1_39' title="bbox 521 2249 2083 2319; baseline 0 -17"><span class='ocrx_word' id='word_1_309' title='bbox 521 2259 709 2304; x_wconf 79' lang='lat' dir='ltr'><strong>rentur</strong></span> <span class='ocrx_word' id='word_1_310' title='bbox 743 2249 834 2312; x_wconf 69' lang='grc'><strong>⁸⁸⁸,</strong></span> <span class='ocrx_word' id='word_1_311' title='bbox 866 2257 1301 2318; x_wconf 86' lang='lat' dir='ltr'><strong>promcruerunt,</strong></span> <span class='ocrx_word' id='word_1_312' title='bbox 1331 2249 1409 2302; x_wconf 85' lang='lat' dir='ltr'><strong>vel</strong></span> <span class='ocrx_word' id='word_1_313' title='bbox 1459 2259 1516 2302; x_wconf 92' lang='lat' dir='ltr'><strong>ut</strong></span> <span class='ocrx_word' id='word_1_314' title='bbox 1545 2249 1955 2303; x_wconf 88' lang='lat' dir='ltr'><strong>tolerabiliorem</strong></span> <span class='ocrx_word' id='word_1_315' title='bbox 2004 2252 2083 2319; x_wconf 85' lang='lat' dir='ltr'><strong>ip-</strong></span> 
     </span>
    </p>
   </div>
   <div class='ocr_carea' id='block_1_40' title="bbox 519 2335 2076 2406">
    <p class='ocr_par' dir='ltr' id='par_1_40' title="bbox 519 2335 2076 2406">
     <span class='ocr_line' id='line_1_40' title="bbox 519 2335 2076 2406; baseline -0.001 -16"><span class='ocrx_word' id='word_1_316' title='bbox 519 2352 632 2390; x_wconf 86' lang='lat' dir='ltr'><strong>sam</strong></span> <span class='ocrx_word' id='word_1_317' title='bbox 682 2350 894 2406; x_wconf 68' lang='lat' dir='ltr'><strong>poenam</strong></span> <span class='ocrx_word' id='word_1_318' title='bbox 943 2337 1200 2406; x_wconf 69' lang='lat' dir='ltr'><strong>gehennae</strong></span> <span class='ocrx_word' id='word_1_319' title='bbox 1236 2335 1497 2395; x_wconf 84' lang='lat' dir='ltr'><strong>haberent</strong></span> <span class='ocrx_word' id='word_1_320' title='bbox 1546 2335 1648 2389; x_wconf 91' lang='lat' dir='ltr'><strong>sibi</strong></span> <span class='ocrx_word' id='word_1_321' title='bbox 1697 2335 2076 2404; x_wconf 84' lang='lat' dir='ltr'><strong>acquisieruut.</strong></span> 
     </span>
    </p>
   </div>
   <div class='ocr_carea' id='block_1_41' title="bbox 526 2426 2081 2498">
    <p class='ocr_par' dir='ltr' id='par_1_41' title="bbox 526 2426 2081 2498">
     <span class='ocr_line' id='line_1_41' title="bbox 526 2426 2081 2498; baseline -0.001 -16"><span class='ocrx_word' id='word_1_322' title='bbox 526 2428 635 2498; x_wconf 84' lang='lat' dir='ltr'><strong>Ego</strong></span> <span class='ocrx_word' id='word_1_323' title='bbox 661 2438 835 2481; x_wconf 89' lang='lat' dir='ltr'><strong>autem</strong></span> <span class='ocrx_word' id='word_1_324' title='bbox 865 2427 1050 2494; x_wconf 86' lang='lat' dir='ltr'><strong>miser,</strong></span> <span class='ocrx_word' id='word_1_325' title='bbox 1080 2435 1134 2481; x_wconf 90' lang='lat' dir='ltr'><strong>et</strong></span> <span class='ocrx_word' id='word_1_326' title='bbox 1169 2440 1332 2496; x_wconf 80' lang='lat' dir='ltr'><strong>super</strong></span> <span class='ocrx_word' id='word_1_327' title='bbox 1357 2441 1543 2480; x_wconf 87' lang='lat' dir='ltr'><strong>omnes</strong></span> <span class='ocrx_word' id='word_1_328' title='bbox 1569 2426 1791 2480; x_wconf 53' lang='lat' dir='ltr'><strong>n‘tiseros</strong></span> <span class='ocrx_word' id='word_1_329' title='bbox 1822 2435 1874 2479; x_wconf 89' lang='lat' dir='ltr'><strong>et</strong></span> <span class='ocrx_word' id='word_1_330' title='bbox 1898 2441 2081 2494; x_wconf 87' lang='lat' dir='ltr'><strong>pecea-</strong></span> 
     </span>
    </p>
   </div>
   <div class='ocr_carea' id='block_1_42' title="bbox 519 2515 2080 2585">
    <p class='ocr_par' dir='ltr' id='par_1_42' title="bbox 519 2515 2080 2585">
     <span class='ocr_line' id='line_1_42' title="bbox 519 2515 2080 2585; baseline 0.002 -17"><span class='ocrx_word' id='word_1_331' title='bbox 519 2526 662 2570; x_wconf 87' lang='lat' dir='ltr'><strong>tores</strong></span> <span class='ocrx_word' id='word_1_332' title='bbox 703 2525 952 2584; x_wconf 87' lang='lat' dir='ltr'><strong>peccator</strong></span> <span class='ocrx_word' id='word_1_333' title='bbox 997 2527 1052 2569; x_wconf 90' lang='lat' dir='ltr'><strong>et</strong></span> <span class='ocrx_word' id='word_1_334' title='bbox 1103 2517 1288 2581; x_wconf 85' lang='lat' dir='ltr'><strong>miser,</strong></span> <span class='ocrx_word' id='word_1_335' title='bbox 1318 2516 1616 2585; x_wconf 81' lang='lat' dir='ltr'><strong>intelligens</strong></span> <span class='ocrx_word' id='word_1_336' title='bbox 1666 2525 1720 2569; x_wconf 89' lang='lat' dir='ltr'><strong>et</strong></span> <span class='ocrx_word' id='word_1_337' title='bbox 1785 2515 1961 2570; x_wconf 88' lang='lat' dir='ltr'><strong>sciens</strong></span> <span class='ocrx_word' id='word_1_338' title='bbox 2013 2517 2080 2571; x_wconf 87' lang='lat' dir='ltr'><strong>ad</strong></span> 
     </span>
    </p>
   </div>
   <div class='ocr_carea' id='block_1_43' title="bbox 517 2605 2080 2676">
    <p class='ocr_par' dir='ltr' id='par_1_43' title="bbox 517 2605 2080 2676">
     <span class='ocr_line' id='line_1_43' title="bbox 517 2605 2080 2676; baseline 0.002 -18"><span class='ocrx_word' id='word_1_339' title='bbox 517 2616 772 2675; x_wconf 88' lang='lat' dir='ltr'><strong>quantam</strong></span> <span class='ocrx_word' id='word_1_340' title='bbox 797 2605 1153 2673; x_wconf 85' lang='lat' dir='ltr'><strong>perditionem</strong></span> <span class='ocrx_word' id='word_1_341' title='bbox 1185 2621 1268 2660; x_wconf 89' lang='lat' dir='ltr'><strong>me</strong></span> <span class='ocrx_word' id='word_1_342' title='bbox 1296 2608 1536 2660; x_wconf 89' lang='lat' dir='ltr'><strong>traheret</strong></span> <span class='ocrx_word' id='word_1_343' title='bbox 1564 2614 1931 2674; x_wconf 87' lang='lat' dir='ltr'><strong>peccatum,et</strong></span> <span class='ocrx_word' id='word_1_344' title='bbox 1957 2621 2080 2676; x_wconf 82' lang='lat' dir='ltr'><strong>pec-</strong></span> 
     </span>
    </p>
   </div>
   <div class='ocr_carea' id='block_1_44' title="bbox 516 2694 2077 2766">
    <p class='ocr_par' dir='ltr' id='par_1_44' title="bbox 516 2694 2077 2766">
     <span class='ocr_line' id='line_1_44' title="bbox 516 2694 2077 2766; baseline -0.001 -14"><span class='ocrx_word' id='word_1_345' title='bbox 516 2698 623 2752; x_wconf 84' lang='lat' dir='ltr'><strong>cati</strong></span> <span class='ocrx_word' id='word_1_346' title='bbox 650 2697 947 2758; x_wconf 86' lang='lat' dir='ltr'><strong>delectatio,</strong></span> <span class='ocrx_word' id='word_1_347' title='bbox 996 2712 1025 2749; x_wconf 89' lang='lat' dir='ltr'><strong>a</strong></span> <span class='ocrx_word' id='word_1_348' title='bbox 1077 2697 1312 2766; x_wconf 85' lang='lat' dir='ltr'><strong>peccatis</strong></span> <span class='ocrx_word' id='word_1_349' title='bbox 1367 2705 1422 2749; x_wconf 91' lang='lat' dir='ltr'><strong>et</strong></span> <span class='ocrx_word' id='word_1_350' title='bbox 1468 2694 1759 2751; x_wconf 78' lang='lat' dir='ltr'><strong>malefactis</strong></span> <span class='ocrx_word' id='word_1_351' title='bbox 1810 2711 2077 2764; x_wconf 87' lang='lat' dir='ltr'><strong>nunquam</strong></span> 
     </span>
    </p>
   </div>
   <div class='ocr_carea' id='block_1_45' title="bbox 521 2785 2079 2855">
    <p class='ocr_par' dir='ltr' id='par_1_45' title="bbox 521 2785 2079 2855">
     <span class='ocr_line' id='line_1_45' title="bbox 521 2785 2079 2855; baseline -0.001 -14"><span class='ocrx_word' id='word_1_352' title='bbox 521 2802 735 2842; x_wconf 86' lang='lat' dir='ltr'><strong>cessare</strong></span> <span class='ocrx_word' id='word_1_353' title='bbox 760 2787 962 2852; x_wconf 87' lang='lat' dir='ltr'><strong>curavi,</strong></span> <span class='ocrx_word' id='word_1_354' title='bbox 997 2785 1090 2841; x_wconf 89' lang='lat' dir='ltr'><strong>sed</strong></span> <span class='ocrx_word' id='word_1_355' title='bbox 1118 2801 1328 2854; x_wconf 86' lang='lat' dir='ltr'><strong>semper</strong></span> <span class='ocrx_word' id='word_1_356' title='bbox 1351 2787 1472 2840; x_wconf 83' lang='lat' dir='ltr'><strong>auxi</strong></span> <span class='ocrx_word' id='word_1_357' title='bbox 1503 2797 1718 2854; x_wconf 88' lang='lat' dir='ltr'><strong>peccata</strong></span> <span class='ocrx_word' id='word_1_358' title='bbox 1740 2789 1994 2855; x_wconf 89' lang='lat' dir='ltr'><strong>peccatis,</strong></span> <span class='ocrx_word' id='word_1_359' title='bbox 2023 2797 2079 2840; x_wconf 87' lang='lat' dir='ltr'><strong>et</strong></span> 
     </span>
    </p>
   </div>
   <div class='ocr_carea' id='block_1_46' title="bbox 519 2877 2073 2948">
    <p class='ocr_par' dir='ltr' id='par_1_46' title="bbox 519 2877 2073 2948">
     <span class='ocr_line' id='line_1_46' title="bbox 519 2877 2073 2948; baseline 0.001 -17"><span class='ocrx_word' id='word_1_360' title='bbox 519 2878 591 2931; x_wconf 89' lang='lat' dir='ltr'><strong>ita</strong></span> <span class='ocrx_word' id='word_1_361' title='bbox 633 2887 798 2930; x_wconf 91' lang='lat' dir='ltr'><strong>totum</strong></span> <span class='ocrx_word' id='word_1_362' title='bbox 852 2877 1020 2932; x_wconf 90' lang='lat' dir='ltr'><strong>libens</strong></span> <span class='ocrx_word' id='word_1_363' title='bbox 1053 2886 1108 2932; x_wconf 90' lang='lat' dir='ltr'><strong>et</strong></span> <span class='ocrx_word' id='word_1_364' title='bbox 1155 2879 1339 2933; x_wconf 89' lang='lat' dir='ltr'><strong>volens</strong></span> <span class='ocrx_word' id='word_1_365' title='bbox 1380 2879 1431 2933; x_wconf 91' lang='lat' dir='ltr'><strong>in</strong></span> <span class='ocrx_word' id='word_1_366' title='bbox 1468 2879 1820 2948; x_wconf 89' lang='lat' dir='ltr'><strong>perditionem</strong></span> <span class='ocrx_word' id='word_1_367' title='bbox 1868 2880 2073 2948; x_wconf 90' lang='lat' dir='ltr'><strong>peccati</strong></span> 
     </span>
    </p>
   </div>
   <div class='ocr_carea' id='block_1_47' title="bbox 520 2970 2078 3035">
    <p class='ocr_par' dir='ltr' id='par_1_47' title="bbox 520 2970 2078 3035">
     <span class='ocr_line' id='line_1_47' title="bbox 520 2970 2078 3035; baseline 0.001 -11"><span class='ocrx_word' id='word_1_368' title='bbox 520 2985 606 3024; x_wconf 86' lang='lat' dir='ltr'><strong>me</strong></span> <span class='ocrx_word' id='word_1_369' title='bbox 650 2970 829 3024; x_wconf 74' lang='lat' dir='ltr'><strong>infelix</strong></span> <span class='ocrx_word' id='word_1_370' title='bbox 859 2971 1125 3035; x_wconf 81' lang='lat' dir='ltr'><strong>immersi,</strong></span> <span class='ocrx_word' id='word_1_371' title='bbox 1155 2980 1210 3024; x_wconf 89' lang='lat' dir='ltr'><strong>et</strong></span> <span class='ocrx_word' id='word_1_372' title='bbox 1256 2971 1356 3024; x_wconf 91' lang='lat' dir='ltr'><strong>nisi</strong></span> <span class='ocrx_word' id='word_1_373' title='bbox 1394 2971 1652 3025; x_wconf 89' lang='lat' dir='ltr'><strong>immensa</strong></span> <span class='ocrx_word' id='word_1_374' title='bbox 1683 2973 1890 3026; x_wconf 85' lang='lat' dir='ltr'><strong>Domini</strong></span> <span class='ocrx_word' id='word_1_375' title='bbox 1928 2973 2078 3027; x_wconf 85' lang='lat' dir='ltr'><strong>beni-</strong></span> 
     </span>
    </p>
   </div>
   <div class='ocr_carea' id='block_1_48' title="bbox 2183 1806 3741 1874">
    <p class='ocr_par' dir='ltr' id='par_1_48' title="bbox 2183 1806 3741 1874">
     <span class='ocr_line' id='line_1_48' title="bbox 2183 1806 3741 1874; baseline 0 -16"><span class='ocrx_word' id='word_1_376' title='bbox 2183 1806 2541 1874; x_wconf 85' lang='lat' dir='ltr'><strong>redemptione</strong></span> <span class='ocrx_word' id='word_1_377' title='bbox 2571 1813 2908 1873; x_wconf 86' lang='lat' dir='ltr'><strong>peccatorum</strong></span> <span class='ocrx_word' id='word_1_378' title='bbox 2934 1818 3054 1858; x_wconf 87' lang='lat' dir='ltr'><strong>esse</strong></span> <span class='ocrx_word' id='word_1_379' title='bbox 3101 1815 3388 1868; x_wconf 79' lang='lat' dir='ltr'><strong>mortuum,</strong></span> <span class='ocrx_word' id='word_1_380' title='bbox 3413 1819 3601 1859; x_wconf 89' lang='lat' dir='ltr'><strong>manus</strong></span> <span class='ocrx_word' id='word_1_381' title='bbox 3625 1812 3741 1858; x_wconf 85' lang='lat' dir='ltr'><strong>tuas</strong></span> 
     </span>
    </p>
   </div>
   <div class='ocr_carea' id='block_1_49' title="bbox 2181 1892 3744 1965">
    <p class='ocr_par' dir='ltr' id='par_1_49' title="bbox 2181 1892 3744 1965">
     <span class='ocr_line' id='line_1_49' title="bbox 2181 1892 3744 1965; baseline 0.001 -15"><span class='ocrx_word' id='word_1_382' title='bbox 2181 1908 2234 1950; x_wconf 88' lang='lat' dir='ltr'><strong>et</strong></span> <span class='ocrx_word' id='word_1_383' title='bbox 2255 1896 2415 1965; x_wconf 88' lang='lat' dir='ltr'><strong>pedes</strong></span> <span class='ocrx_word' id='word_1_384' title='bbox 2440 1896 2606 1950; x_wconf 87' lang='lat' dir='ltr'><strong>clavis</strong></span> <span class='ocrx_word' id='word_1_385' title='bbox 2650 1896 2910 1960; x_wconf 75' lang='lat' dir='ltr'><strong>conﬁsos,</strong></span> <span class='ocrx_word' id='word_1_386' title='bbox 2960 1895 3099 1948; x_wconf 90' lang='lat' dir='ltr'><strong>latus</strong></span> <span class='ocrx_word' id='word_1_387' title='bbox 3129 1904 3273 1949; x_wconf 88' lang='lat' dir='ltr'><strong>tuum</strong></span> <span class='ocrx_word' id='word_1_388' title='bbox 3329 1895 3513 1949; x_wconf 86' lang='lat' dir='ltr'><strong>lancea</strong></span> <span class='ocrx_word' id='word_1_389' title='bbox 3559 1892 3744 1952; x_wconf 83' lang='lat' dir='ltr'><strong>militis</strong></span> 
     </span>
    </p>
   </div>
   <div class='ocr_carea' id='block_1_50' title="bbox 2181 1985 3747 2054">
    <p class='ocr_par' dir='ltr' id='par_1_50' title="bbox 2181 1985 3747 2054">
     <span class='ocr_line' id='line_1_50' title="bbox 2181 1985 3747 2054; baseline 0.001 -16"><span class='ocrx_word' id='word_1_390' title='bbox 2181 1995 2442 2054; x_wconf 89' lang='lat' dir='ltr'><strong>apertum,</strong></span> <span class='ocrx_word' id='word_1_391' title='bbox 2472 1987 2667 2040; x_wconf 90' lang='lat' dir='ltr'><strong>undam</strong></span> <span class='ocrx_word' id='word_1_392' title='bbox 2697 1986 2972 2054; x_wconf 82' lang='lat' dir='ltr'><strong>sanguinis</strong></span> <span class='ocrx_word' id='word_1_393' title='bbox 2998 1995 3071 2039; x_wconf 89' lang='lat' dir='ltr'><strong>et</strong></span> <span class='ocrx_word' id='word_1_394' title='bbox 3105 2000 3256 2053; x_wconf 81' lang='lat' dir='ltr'><strong>aquae</strong></span> <span class='ocrx_word' id='word_1_395' title='bbox 3312 1985 3377 2038; x_wconf 88' lang='lat' dir='ltr'><strong>de</strong></span> <span class='ocrx_word' id='word_1_396' title='bbox 3412 1986 3601 2040; x_wconf 87' lang='lat' dir='ltr'><strong>eodem</strong></span> <span class='ocrx_word' id='word_1_397' title='bbox 3650 1994 3747 2041; x_wconf 88' lang='lat' dir='ltr'><strong>tuo</strong></span> 
     </span>
    </p>
   </div>
   <div class='ocr_carea' id='block_1_51' title="bbox 2180 2074 3743 2144">
    <p class='ocr_par' dir='ltr' id='par_1_51' title="bbox 2180 2074 3743 2144">
     <span class='ocr_line' id='line_1_51' title="bbox 2180 2074 3743 2144; baseline 0.002 -16"><span class='ocrx_word' id='word_1_398' title='bbox 2180 2076 2346 2130; x_wconf 83' lang='lat' dir='ltr'><strong>latere</strong></span> <span class='ocrx_word' id='word_1_399' title='bbox 2365 2087 2686 2141; x_wconf 85' lang='lat' dir='ltr'><strong>currentem,</strong></span> <span class='ocrx_word' id='word_1_400' title='bbox 2717 2076 3006 2144; x_wconf 86' lang='lat' dir='ltr'><strong>desperare</strong></span> <span class='ocrx_word' id='word_1_401' title='bbox 3049 2075 3253 2130; x_wconf 85' lang='lat' dir='ltr'><strong>debeo?</strong></span> <span class='ocrx_word' id='word_1_402' title='bbox 3288 2074 3461 2129; x_wconf 87' lang='lat' dir='ltr'><strong>Unum</strong></span> <span class='ocrx_word' id='word_1_403' title='bbox 3513 2084 3743 2131; x_wconf 85' lang='lat' dir='ltr'><strong>tantum-</strong></span> 
     </span>
    </p>
   </div>
   <div class='ocr_carea' id='block_1_52' title="bbox 2182 2166 3744 2238">
    <p class='ocr_par' dir='ltr' id='par_1_52' title="bbox 2182 2166 3744 2238">
     <span class='ocr_line' id='line_1_52' title="bbox 2182 2166 3744 2238; baseline 0.002 -18"><span class='ocrx_word' id='word_1_404' title='bbox 2182 2167 2339 2222; x_wconf 85' lang='lat' dir='ltr'><strong>modo</strong></span> <span class='ocrx_word' id='word_1_405' title='bbox 2366 2167 2606 2236; x_wconf 90' lang='lat' dir='ltr'><strong>estquod</strong></span> <span class='ocrx_word' id='word_1_406' title='bbox 2635 2168 2736 2229; x_wconf 89' lang='lat' dir='ltr'><strong>vis,</strong></span> <span class='ocrx_word' id='word_1_407' title='bbox 2767 2167 2882 2221; x_wconf 89' lang='lat' dir='ltr'><strong>sine</strong></span> <span class='ocrx_word' id='word_1_408' title='bbox 2903 2181 3010 2236; x_wconf 86' lang='lat' dir='ltr'><strong>quo</strong></span> <span class='ocrx_word' id='word_1_409' title='bbox 3058 2166 3232 2221; x_wconf 90' lang='lat' dir='ltr'><strong>nullus</strong></span> <span class='ocrx_word' id='word_1_410' title='bbox 3272 2176 3523 2237; x_wconf 86' lang='lat' dir='ltr'><strong>peccator</strong></span> <span class='ocrx_word' id='word_1_411' title='bbox 3566 2175 3744 2238; x_wconf 81' lang='lat' dir='ltr'><strong>potest</strong></span> 
     </span>
    </p>
   </div>
   <div class='ocr_carea' id='block_1_53' title="bbox 2181 2259 3742 2329">
    <p class='ocr_par' dir='ltr' id='par_1_53' title="bbox 2181 2259 3742 2329">
     <span class='ocr_line' id='line_1_53' title="bbox 2181 2259 3742 2329; baseline 0.001 -15"><span class='ocrx_word' id='word_1_412' title='bbox 2181 2260 2393 2325; x_wconf 87' lang='lat' dir='ltr'><strong>salvari,</strong></span> <span class='ocrx_word' id='word_1_413' title='bbox 2423 2261 2642 2326; x_wconf 87' lang='lat' dir='ltr'><strong>scilicet,</strong></span> <span class='ocrx_word' id='word_1_414' title='bbox 2671 2269 2729 2312; x_wconf 90' lang='lat' dir='ltr'><strong>ut</strong></span> <span class='ocrx_word' id='word_1_415' title='bbox 2759 2261 2823 2313; x_wconf 91' lang='lat' dir='ltr'><strong>de</strong></span> <span class='ocrx_word' id='word_1_416' title='bbox 2849 2259 3000 2314; x_wconf 88' lang='lat' dir='ltr'><strong>malis</strong></span> <span class='ocrx_word' id='word_1_417' title='bbox 3038 2261 3232 2314; x_wconf 85' lang='lat' dir='ltr'><strong>nostris</strong></span> <span class='ocrx_word' id='word_1_418' title='bbox 3267 2259 3639 2329; x_wconf 68' lang='lat' dir='ltr'><strong>pwniteamus,</strong></span> <span class='ocrx_word' id='word_1_419' title='bbox 3659 2270 3742 2326; x_wconf 83' lang='lat' dir='ltr'><strong>et,</strong></span> 
     </span>
    </p>
   </div>
   <div class='ocr_carea' id='block_1_54' title="bbox 2182 2348 3738 2419">
    <p class='ocr_par' dir='ltr' id='par_1_54' title="bbox 2182 2348 3738 2419">
     <span class='ocr_line' id='line_1_54' title="bbox 2182 2348 3738 2419; baseline 0.001 -16"><span class='ocrx_word' id='word_1_420' title='bbox 2182 2350 2234 2403; x_wconf 91' lang='lat' dir='ltr'><strong>in</strong></span> <span class='ocrx_word' id='word_1_421' title='bbox 2273 2359 2528 2417; x_wconf 87' lang='lat' dir='ltr'><strong>quantum</strong></span> <span class='ocrx_word' id='word_1_422' title='bbox 2574 2364 2872 2419; x_wconf 82' lang='lat' dir='ltr'><strong>possumus,</strong></span> <span class='ocrx_word' id='word_1_423' title='bbox 2919 2348 3204 2402; x_wconf 88' lang='lat' dir='ltr'><strong>emendare</strong></span> <span class='ocrx_word' id='word_1_424' title='bbox 3250 2363 3518 2404; x_wconf 86' lang='lat' dir='ltr'><strong>curemus.</strong></span> <span class='ocrx_word' id='word_1_425' title='bbox 3558 2349 3667 2404; x_wconf 83' lang='lat' dir='ltr'><strong>Hoc</strong></span> <span class='ocrx_word' id='word_1_426' title='bbox 3691 2349 3738 2405; x_wconf 86' lang='lat' dir='ltr'><strong>si</strong></span> 
     </span>
    </p>
   </div>
   <div class='ocr_carea' id='block_1_55' title="bbox 2182 2436 3741 2504">
    <p class='ocr_par' dir='ltr' id='par_1_55' title="bbox 2182 2436 3741 2504">
     <span class='ocr_line' id='line_1_55' title="bbox 2182 2436 3741 2504; baseline 0.001 -12"><span class='ocrx_word' id='word_1_427' title='bbox 2182 2440 2486 2503; x_wconf 69' lang='lat' dir='ltr'><strong>fecerimus,</strong></span> <span class='ocrx_word' id='word_1_428' title='bbox 2518 2439 2689 2494; x_wconf 89' lang='lat' dir='ltr'><strong>securi</strong></span> <span class='ocrx_word' id='word_1_429' title='bbox 2719 2452 2902 2493; x_wconf 86' lang='lat' dir='ltr'><strong>sumus</strong></span> <span class='ocrx_word' id='word_1_430' title='bbox 2927 2436 2996 2470; x_wconf 66' lang='grc'><strong>⁸⁸⁸</strong></span> <span class='ocrx_word' id='word_1_431' title='bbox 3023 2439 3168 2504; x_wconf 89' lang='lat' dir='ltr'><strong>quia,</strong></span> <span class='ocrx_word' id='word_1_432' title='bbox 3193 2438 3242 2495; x_wconf 89' lang='lat' dir='ltr'><strong>si</strong></span> <span class='ocrx_word' id='word_1_433' title='bbox 3261 2453 3356 2492; x_wconf 90' lang='lat' dir='ltr'><strong>nos</strong></span> <span class='ocrx_word' id='word_1_434' title='bbox 3381 2438 3459 2492; x_wconf 91' lang='lat' dir='ltr'><strong>sic</strong></span> <span class='ocrx_word' id='word_1_435' title='bbox 3484 2437 3741 2493; x_wconf 72' lang='lat' dir='ltr'><strong>facientes</strong></span> 
     </span>
    </p>
   </div>
   <div class='ocr_carea' id='block_1_56' title="bbox 2182 2525 3737 2595">
    <p class='ocr_par' dir='ltr' id='par_1_56' title="bbox 2182 2525 3737 2595">
     <span class='ocr_line' id='line_1_56' title="bbox 2182 2525 3737 2595; baseline 0.001 -15"><span class='ocrx_word' id='word_1_436' title='bbox 2182 2527 2442 2583; x_wconf 84' lang='lat' dir='ltr'><strong>invenerit</strong></span> <span class='ocrx_word' id='word_1_437' title='bbox 2469 2529 2581 2582; x_wconf 90' lang='lat' dir='ltr'><strong>dies</strong></span> <span class='ocrx_word' id='word_1_438' title='bbox 2607 2526 2822 2580; x_wconf 90' lang='lat' dir='ltr'><strong>ultimus</strong></span> <span class='ocrx_word' id='word_1_439' title='bbox 2849 2525 3298 2595; x_wconf 87' lang='lat' dir='ltr'><strong>(quandoquidem</strong></span> <span class='ocrx_word' id='word_1_440' title='bbox 3338 2536 3394 2580; x_wconf 89' lang='lat' dir='ltr'><strong>et</strong></span> <span class='ocrx_word' id='word_1_441' title='bbox 3437 2525 3737 2595; x_wconf 77' lang='lat' dir='ltr'><strong>exemplum</strong></span> 
     </span>
    </p>
   </div>
   <div class='ocr_carea' id='block_1_57' title="bbox 2180 2613 3737 2685">
    <p class='ocr_par' dir='ltr' id='par_1_57' title="bbox 2180 2613 3737 2685">
     <span class='ocr_line' id='line_1_57' title="bbox 2180 2613 3737 2685; baseline 0.001 -17"><span class='ocrx_word' id='word_1_442' title='bbox 2180 2614 2426 2682; x_wconf 87' lang='lat' dir='ltr'><strong>latronis,</strong></span> <span class='ocrx_word' id='word_1_443' title='bbox 2462 2617 2551 2685; x_wconf 91' lang='lat' dir='ltr'><strong>qui</strong></span> <span class='ocrx_word' id='word_1_444' title='bbox 2582 2617 2660 2671; x_wconf 91' lang='lat' dir='ltr'><strong>sic</strong></span> <span class='ocrx_word' id='word_1_445' title='bbox 2683 2616 2735 2670; x_wconf 91' lang='lat' dir='ltr'><strong>in</strong></span> <span class='ocrx_word' id='word_1_446' title='bbox 2761 2615 2947 2669; x_wconf 79' lang='lat' dir='ltr'><strong>ultima</strong></span> <span class='ocrx_word' id='word_1_447' title='bbox 2978 2616 3104 2669; x_wconf 89' lang='lat' dir='ltr'><strong>hora</strong></span> <span class='ocrx_word' id='word_1_448' title='bbox 3145 2614 3338 2668; x_wconf 88' lang='lat' dir='ltr'><strong>meruit</strong></span> <span class='ocrx_word' id='word_1_449' title='bbox 3383 2613 3599 2680; x_wconf 89' lang='lat' dir='ltr'><strong>salvari,</strong></span> <span class='ocrx_word' id='word_1_450' title='bbox 3635 2615 3737 2670; x_wconf 81' lang='lat' dir='ltr'><strong>ha-</strong></span> 
     </span>
    </p>
   </div>
   <div class='ocr_carea' id='block_1_58' title="bbox 2178 2703 3738 2773">
    <p class='ocr_par' dir='ltr' id='par_1_58' title="bbox 2178 2703 3738 2773">
     <span class='ocr_line' id='line_1_58' title="bbox 2178 2703 3738 2773; baseline -0.001 -11"><span class='ocrx_word' id='word_1_451' title='bbox 2178 2707 2404 2773; x_wconf 86' lang='lat' dir='ltr'><strong>bemus),</strong></span> <span class='ocrx_word' id='word_1_452' title='bbox 2436 2707 2762 2762; x_wconf 83' lang='lat' dir='ltr'><strong>confidentes</strong></span> <span class='ocrx_word' id='word_1_453' title='bbox 2785 2706 2849 2760; x_wconf 91' lang='lat' dir='ltr'><strong>de</strong></span> <span class='ocrx_word' id='word_1_454' title='bbox 2875 2703 3126 2758; x_wconf 70' lang='lat' dir='ltr'><strong>ineffabili</strong></span> <span class='ocrx_word' id='word_1_455' title='bbox 3153 2706 3350 2773; x_wconf 85' lang='lat' dir='ltr'><strong>pietate</strong></span> <span class='ocrx_word' id='word_1_456' title='bbox 3391 2704 3600 2759; x_wconf 84' lang='lat' dir='ltr'><strong>Domini</strong></span> <span class='ocrx_word' id='word_1_457' title='bbox 3641 2720 3738 2760; x_wconf 84' lang='lat' dir='ltr'><strong>no-</strong></span> 
     </span>
    </p>
   </div>
   <div class='ocr_carea' id='block_1_59' title="bbox 2178 2795 3736 2865">
    <p class='ocr_par' dir='ltr' id='par_1_59' title="bbox 2178 2795 3736 2865">
     <span class='ocr_line' id='line_1_59' title="bbox 2178 2795 3736 2865; baseline -0.003 -15"><span class='ocrx_word' id='word_1_458' title='bbox 2178 2797 2274 2850; x_wconf 87' lang='lat' dir='ltr'><strong>stri</strong></span> <span class='ocrx_word' id='word_1_459' title='bbox 2299 2796 2423 2851; x_wconf 81' lang='lat' dir='ltr'><strong>Jesu</strong></span> <span class='ocrx_word' id='word_1_460' title='bbox 2450 2797 2671 2860; x_wconf 84' lang='lat' dir='ltr'><strong>Christi,</strong></span> <span class='ocrx_word' id='word_1_461' title='bbox 2695 2795 3092 2851; x_wconf 84' lang='lat' dir='ltr'><strong>accusationem</strong></span> <span class='ocrx_word' id='word_1_462' title='bbox 3143 2795 3345 2865; x_wconf 82' lang='lat' dir='ltr'><strong>inimici</strong></span> <span class='ocrx_word' id='word_1_463' title='bbox 3399 2803 3491 2848; x_wconf 81' lang='lat' dir='ltr'><strong>aut</strong></span> <span class='ocrx_word' id='word_1_464' title='bbox 3525 2810 3736 2863; x_wconf 82' lang='lat' dir='ltr'><strong>parum,</strong></span> 
     </span>
    </p>
   </div>
   <div class='ocr_carea' id='block_1_60' title="bbox 2178 2882 3740 2955">
    <p class='ocr_par' dir='ltr' id='par_1_60' title="bbox 2178 2882 3740 2955">
     <span class='ocr_line' id='line_1_60' title="bbox 2178 2882 3740 2955; baseline 0 -16"><span class='ocrx_word' id='word_1_465' title='bbox 2178 2885 2656 2939; x_wconf 89' lang='lat' dir='ltr'><strong>autuibilomnino</strong></span> <span class='ocrx_word' id='word_1_466' title='bbox 2705 2885 2892 2939; x_wconf 90' lang='lat' dir='ltr'><strong>timere</strong></span> <span class='ocrx_word' id='word_1_467' title='bbox 2945 2897 3247 2953; x_wconf 82' lang='lat' dir='ltr'><strong>possumus.</strong></span> <span class='ocrx_word' id='word_1_468' title='bbox 3303 2882 3570 2938; x_wconf 80' lang='lat' dir='ltr'><strong>Habentes</strong></span> <span class='ocrx_word' id='word_1_469' title='bbox 3610 2897 3740 2955; x_wconf 75' lang='grc' dir='ltr'>ει·ιο</span> 
     </span>
    </p>
   </div>
   <div class='ocr_carea' id='block_1_61' title="bbox 2178 2974 3732 3044">
    <p class='ocr_par' dir='ltr' id='par_1_61' title="bbox 2178 2974 3732 3044">
     <span class='ocr_line' id='line_1_61' title="bbox 2178 2974 3732 3044; baseline 0 -15"><span class='ocrx_word' id='word_1_470' title='bbox 2178 2984 2302 3030; x_wconf 89' lang='lat' dir='ltr'><strong>ante</strong></span> <span class='ocrx_word' id='word_1_471' title='bbox 2328 2976 2512 3029; x_wconf 87' lang='lat' dir='ltr'><strong>oculos</strong></span> <span class='ocrx_word' id='word_1_472' title='bbox 2558 2985 2769 3030; x_wconf 90' lang='lat' dir='ltr'><strong>nostros</strong></span> <span class='ocrx_word' id='word_1_473' title='bbox 2816 2974 3044 3044; x_wconf 89' lang='lat' dir='ltr'><strong>pretium</strong></span> <span class='ocrx_word' id='word_1_474' title='bbox 3097 2984 3308 3027; x_wconf 59' lang='lat' dir='ltr'><strong>nostra}</strong></span> <span class='ocrx_word' id='word_1_475' title='bbox 3335 2975 3732 3044; x_wconf 77' lang='lat' dir='ltr'><strong>redemptionis,</strong></span> 
     </span>
    </p>
   </div>
   <div class='ocr_carea' id='block_1_62' title="bbox 518 3058 3735 3136">
    <p class='ocr_par' dir='ltr' id='par_1_62' title="bbox 518 3058 3735 3136">
     <span class='ocr_line' id='line_1_62' title="bbox 518 3058 3735 3136; baseline 0.002 -23"><span class='ocrx_word' id='word_1_476' title='bbox 518 3066 600 3114; x_wconf 88' lang='lat' dir='ltr'><strong>tas</strong></span> <span class='ocrx_word' id='word_1_477' title='bbox 649 3074 734 3112; x_wconf 91' lang='lat' dir='ltr'><strong>me</strong></span> <span class='ocrx_word' id='word_1_478' title='bbox 792 3060 962 3112; x_wconf 87' lang='lat' dir='ltr'><strong>adhuc</strong></span> <span class='ocrx_word' id='word_1_479' title='bbox 1001 3068 1292 3136; x_wconf 85' lang='lat' dir='ltr'><strong>pateretur,</strong></span> <span class='ocrx_word' id='word_1_480' title='bbox 1316 3058 1426 3126; x_wconf 89' lang='lat' dir='ltr'><strong>jam</strong></span> <span class='ocrx_word' id='word_1_481' title='bbox 1456 3059 1544 3113; x_wconf 90' lang='lat' dir='ltr'><strong>diu</strong></span> <span class='ocrx_word' id='word_1_482' title='bbox 1592 3069 1675 3115; x_wconf 86' lang='lat' dir='ltr'><strong>est</strong></span> <span class='ocrx_word' id='word_1_483' title='bbox 1702 3062 1840 3128; x_wconf 89' lang='lat' dir='ltr'><strong>quod</strong></span> <span class='ocrx_word' id='word_1_484' title='bbox 1865 3061 1930 3113; x_wconf 87' lang='lat' dir='ltr'><strong>ab</strong></span> <span class='ocrx_word' id='word_1_485' title='bbox 1965 3061 2075 3129; x_wconf 85' lang='lat' dir='ltr'><strong>ipsa</strong></span> <span class='ocrx_word' id='word_1_486' title='bbox 2105 3061 2150 3123; x_wconf 88' lang='lat' dir='ltr'><strong>C</strong></span> <span class='ocrx_word' id='word_1_487' title='bbox 2181 3074 2406 3118; x_wconf 89' lang='lat' dir='ltr'><strong>mortem</strong></span> <span class='ocrx_word' id='word_1_488' title='bbox 2458 3063 2701 3116; x_wconf 89' lang='lat' dir='ltr'><strong>videlicet</strong></span> <span class='ocrx_word' id='word_1_489' title='bbox 2719 3073 2772 3116; x_wconf 92' lang='lat' dir='ltr'><strong>et</strong></span> <span class='ocrx_word' id='word_1_490' title='bbox 2797 3062 3105 3130; x_wconf 86' lang='lat' dir='ltr'><strong>sanguinem</strong></span> <span class='ocrx_word' id='word_1_491' title='bbox 3143 3062 3510 3130; x_wconf 78' lang='lat' dir='ltr'><strong>Redemptoris</strong></span> <span class='ocrx_word' id='word_1_492' title='bbox 3545 3066 3735 3130; x_wconf 85' lang='lat' dir='ltr'><strong>nostri,</strong></span> 
     </span>
    </p>
   </div>
   <div class='ocr_carea' id='block_1_63' title="bbox 522 3148 2078 3220">
    <p class='ocr_par' dir='ltr' id='par_1_63' title="bbox 522 3148 2078 3220">
     <span class='ocr_line' id='line_1_63' title="bbox 522 3148 2078 3220; baseline 0.003 -19"><span class='ocrx_word' id='word_1_493' title='bbox 522 3150 765 3218; x_wconf 82' lang='lat' dir='ltr'><strong>geltenna</strong></span> <span class='ocrx_word' id='word_1_494' title='bbox 795 3148 1092 3202; x_wconf 87' lang='lat' dir='ltr'><strong>debuissem</strong></span> <span class='ocrx_word' id='word_1_495' title='bbox 1126 3162 1246 3202; x_wconf 84' lang='lat' dir='ltr'><strong>esse</strong></span> <span class='ocrx_word' id='word_1_496' title='bbox 1270 3148 1576 3205; x_wconf 82' lang='lat' dir='ltr'><strong>devoratus.</strong></span> <span class='ocrx_word' id='word_1_497' title='bbox 1609 3149 1707 3216; x_wconf 86' lang='lat' dir='ltr'><strong>Qui</strong></span> <span class='ocrx_word' id='word_1_498' title='bbox 1757 3165 1883 3220; x_wconf 85' lang='lat' dir='ltr'><strong>ergo</strong></span> <span class='ocrx_word' id='word_1_499' title='bbox 1907 3151 1973 3183; x_wconf 73' lang='grc'><strong>⁸⁸¹</strong></span> <span class='ocrx_word' id='word_1_500' title='bbox 2004 3164 2078 3206; x_wconf 87' lang='lat' dir='ltr'><strong>ta-</strong></span> 
     </span>
    </p>
   </div>
   <div class='ocr_carea' id='block_1_64' title="bbox 516 3235 2079 3309">
    <p class='ocr_par' dir='ltr' id='par_1_64' title="bbox 516 3235 2079 3309">
     <span class='ocr_line' id='line_1_64' title="bbox 516 3235 2079 3309; baseline 0.003 -18"><span class='ocrx_word' id='word_1_501' title='bbox 516 3237 639 3293; x_wconf 89' lang='lat' dir='ltr'><strong>liter</strong></span> <span class='ocrx_word' id='word_1_502' title='bbox 661 3239 788 3301; x_wconf 74' lang='lat' dir='ltr'><strong>vixi,</strong></span> <span class='ocrx_word' id='word_1_503' title='bbox 820 3238 908 3305; x_wconf 87' lang='lat' dir='ltr'><strong>qui</strong></span> <span class='ocrx_word' id='word_1_504' title='bbox 942 3247 1086 3292; x_wconf 88' lang='lat' dir='ltr'><strong>tanta</strong></span> <span class='ocrx_word' id='word_1_505' title='bbox 1115 3239 1256 3298; x_wconf 85' lang='lat' dir='ltr'><strong>mala</strong></span> <span class='ocrx_word' id='word_1_506' title='bbox 1283 3240 1547 3302; x_wconf 89' lang='lat' dir='ltr'><strong>commisi,</strong></span> <span class='ocrx_word' id='word_1_507' title='bbox 1575 3242 1664 3308; x_wconf 90' lang='lat' dir='ltr'><strong>qui</strong></span> <span class='ocrx_word' id='word_1_508' title='bbox 1704 3242 1862 3294; x_wconf 88' lang='lat' dir='ltr'><strong>tantis</strong></span> <span class='ocrx_word' id='word_1_509' title='bbox 1887 3235 2079 3309; x_wconf 83' lang='lat' dir='ltr'><strong>iniqui—</strong></span> 
     </span>
    </p>
   </div>
   <div class='ocr_carea' id='block_1_65' title="bbox 520 3326 2077 3398">
    <p class='ocr_par' dir='ltr' id='par_1_65' title="bbox 520 3326 2077 3398">
     <span class='ocr_line' id='line_1_65' title="bbox 520 3326 2077 3398; baseline 0.004 -19"><span class='ocrx_word' id='word_1_510' title='bbox 520 3328 720 3393; x_wconf 84' lang='lat' dir='ltr'><strong>tatibus</strong></span> <span class='ocrx_word' id='word_1_511' title='bbox 750 3342 832 3381; x_wconf 89' lang='lat' dir='ltr'><strong>me</strong></span> <span class='ocrx_word' id='word_1_512' title='bbox 862 3326 1080 3391; x_wconf 87' lang='lat' dir='ltr'><strong>involvi,</strong></span> <span class='ocrx_word' id='word_1_513' title='bbox 1115 3328 1379 3395; x_wconf 89' lang='lat' dir='ltr'><strong>quomodo</strong></span> <span class='ocrx_word' id='word_1_514' title='bbox 1409 3329 1614 3382; x_wconf 87' lang='lat' dir='ltr'><strong>audebo</strong></span> <span class='ocrx_word' id='word_1_515' title='bbox 1649 3344 1771 3383; x_wconf 91' lang='lat' dir='ltr'><strong>cum</strong></span> <span class='ocrx_word' id='word_1_516' title='bbox 1805 3331 1924 3385; x_wconf 87' lang='lat' dir='ltr'><strong>aliis</strong></span> <span class='ocrx_word' id='word_1_517' title='bbox 1953 3347 2077 3398; x_wconf 85' lang='lat' dir='ltr'><strong>pec-</strong></span> 
     </span>
    </p>
   </div>
   <div class='ocr_carea' id='block_1_66' title="bbox 517 3419 2074 3489">
    <p class='ocr_par' dir='ltr' id='par_1_66' title="bbox 517 3419 2074 3489">
     <span class='ocr_line' id='line_1_66' title="bbox 517 3419 2074 3489; baseline 0.001 -15"><span class='ocrx_word' id='word_1_518' title='bbox 517 3420 786 3474; x_wconf 85' lang='lat' dir='ltr'><strong>catoribus</strong></span> <span class='ocrx_word' id='word_1_519' title='bbox 813 3419 901 3489; x_wconf 88' lang='lat' dir='ltr'><strong>qui</strong></span> <span class='ocrx_word' id='word_1_520' title='bbox 934 3429 1080 3473; x_wconf 89' lang='lat' dir='ltr'><strong>tanta</strong></span> <span class='ocrx_word' id='word_1_521' title='bbox 1129 3420 1266 3474; x_wconf 91' lang='lat' dir='ltr'><strong>mala</strong></span> <span class='ocrx_word' id='word_1_522' title='bbox 1296 3437 1401 3476; x_wconf 91' lang='lat' dir='ltr'><strong>non</strong></span> <span class='ocrx_word' id='word_1_523' title='bbox 1448 3420 1709 3486; x_wconf 83' lang='lat' dir='ltr'><strong>fecerunt,</strong></span> <span class='ocrx_word' id='word_1_524' title='bbox 1740 3435 1956 3475; x_wconf 89' lang='lat' dir='ltr'><strong>currere</strong></span> <span class='ocrx_word' id='word_1_525' title='bbox 2010 3423 2074 3476; x_wconf 88' lang='lat' dir='ltr'><strong>ad</strong></span> 
     </span>
    </p>
   </div>
   <div class='ocr_carea' id='block_1_67' title="bbox 517 3506 2074 3577">
    <p class='ocr_par' dir='ltr' id='par_1_67' title="bbox 517 3506 2074 3577">
     <span class='ocr_line' id='line_1_67' title="bbox 517 3506 2074 3577; baseline 0.001 -15"><span class='ocrx_word' id='word_1_526' title='bbox 517 3508 715 3563; x_wconf 84' lang='lat' dir='ltr'><strong>fontem</strong></span> <span class='ocrx_word' id='word_1_527' title='bbox 743 3506 1151 3572; x_wconf 59' lang='lat' dir='ltr'><strong>misericordia;</strong></span> <span class='ocrx_word' id='word_1_528' title='bbox 1179 3523 1243 3562; x_wconf 90' lang='lat' dir='ltr'><strong>ne</strong></span> <span class='ocrx_word' id='word_1_529' title='bbox 1271 3517 1485 3577; x_wconf 92' lang='lat' dir='ltr'><strong>propter</strong></span> <span class='ocrx_word' id='word_1_530' title='bbox 1524 3508 1770 3572; x_wconf 88' lang='lat' dir='ltr'><strong>fetorem,</strong></span> <span class='ocrx_word' id='word_1_531' title='bbox 1816 3510 2074 3564; x_wconf 88' lang='lat' dir='ltr'><strong>scelermn</strong></span> 
     </span>
    </p>
   </div>
   <div class='ocr_carea' id='block_1_68' title="bbox 521 3595 2072 3666">
    <p class='ocr_par' dir='ltr' id='par_1_68' title="bbox 521 3595 2072 3666">
     <span class='ocr_line' id='line_1_68' title="bbox 521 3595 2072 3666; baseline 0.003 -17"><span class='ocrx_word' id='word_1_532' title='bbox 521 3609 760 3649; x_wconf 88' lang='lat' dir='ltr'><strong>meorum</strong></span> <span class='ocrx_word' id='word_1_533' title='bbox 793 3610 878 3650; x_wconf 89' lang='lat' dir='ltr'><strong>me</strong></span> <span class='ocrx_word' id='word_1_534' title='bbox 904 3595 1036 3650; x_wconf 84' lang='lat' dir='ltr'><strong>nolit</strong></span> <span class='ocrx_word' id='word_1_535' title='bbox 1057 3595 1155 3660; x_wconf 57' lang='lat'><strong>‘3’,</strong></span> <span class='ocrx_word' id='word_1_536' title='bbox 1176 3597 1315 3648; x_wconf 86' lang='lat' dir='ltr'><strong>sicut</strong></span> <span class='ocrx_word' id='word_1_537' title='bbox 1337 3596 1471 3650; x_wconf 89' lang='lat' dir='ltr'><strong>alios</strong></span> <span class='ocrx_word' id='word_1_538' title='bbox 1496 3605 1820 3665; x_wconf 85' lang='lat' dir='ltr'><strong>peccatores,</strong></span> <span class='ocrx_word' id='word_1_539' title='bbox 1844 3615 2072 3666; x_wconf 85' lang='lat' dir='ltr'><strong>quorum</strong></span> 
     </span>
    </p>
   </div>
   <div class='ocr_carea' id='block_1_69' title="bbox 520 3681 2076 3759">
    <p class='ocr_par' dir='ltr' id='par_1_69' title="bbox 520 3681 2076 3759">
     <span class='ocr_line' id='line_1_69' title="bbox 520 3681 2076 3759; baseline 0.002 -18"><span class='ocrx_word' id='word_1_540' title='bbox 520 3686 661 3741; x_wconf 84' lang='lat' dir='ltr'><strong>fetor</strong></span> <span class='ocrx_word' id='word_1_541' title='bbox 690 3681 1019 3740; x_wconf 85' lang='lat' dir='ltr'><strong>tolerabilior</strong></span> <span class='ocrx_word' id='word_1_542' title='bbox 1040 3695 1145 3753; x_wconf 85' lang='lat' dir='ltr'><strong>est,</strong></span> <span class='ocrx_word' id='word_1_543' title='bbox 1172 3687 1420 3741; x_wconf 83' lang='lat' dir='ltr'><strong>abluere?</strong></span> <span class='ocrx_word' id='word_1_544' title='bbox 1443 3686 1647 3754; x_wconf 85' lang='lat' dir='ltr'><strong>Adjuva</strong></span> <span class='ocrx_word' id='word_1_545' title='bbox 1678 3702 1826 3759; x_wconf 89' lang='lat' dir='ltr'><strong>ergo,</strong></span> <span class='ocrx_word' id='word_1_546' title='bbox 1856 3690 2076 3744; x_wconf 85' lang='lat' dir='ltr'><strong>Domine</strong></span> 
     </span>
    </p>
   </div>
   <div class='ocr_carea' id='block_1_70' title="bbox 520 3773 2074 3849">
    <p class='ocr_par' dir='ltr' id='par_1_70' title="bbox 520 3773 2074 3849">
     <span class='ocr_line' id='line_1_70' title="bbox 520 3773 2074 3849; baseline 0 -16"><span class='ocrx_word' id='word_1_547' title='bbox 520 3776 650 3833; x_wconf 82' lang='lat' dir='ltr'><strong>Jesu</strong></span> <span class='ocrx_word' id='word_1_548' title='bbox 677 3773 905 3840; x_wconf 85' lang='lat' dir='ltr'><strong>Christe,</strong></span> <span class='ocrx_word' id='word_1_549' title='bbox 932 3774 1122 3843; x_wconf 75' lang='lat' dir='ltr'><strong>adiuva</strong></span> <span class='ocrx_word' id='word_1_550' title='bbox 1157 3786 1458 3831; x_wconf 87' lang='lat' dir='ltr'><strong>creaturam</strong></span> <span class='ocrx_word' id='word_1_551' title='bbox 1497 3787 1660 3841; x_wconf 89' lang='lat' dir='ltr'><strong>tuam,</strong></span> <span class='ocrx_word' id='word_1_552' title='bbox 1691 3787 1746 3831; x_wconf 88' lang='lat' dir='ltr'><strong>et</strong></span> <span class='ocrx_word' id='word_1_553' title='bbox 1788 3780 1831 3833; x_wconf 89' lang='lat' dir='ltr'><strong>si</strong></span> <span class='ocrx_word' id='word_1_554' title='bbox 1867 3785 2074 3849; x_wconf 80' lang='lat' dir='ltr'><strong>magni-</strong></span> 
     </span>
    </p>
   </div>
   <div class='ocr_carea' id='block_1_71' title="bbox 524 3867 2079 3938">
    <p class='ocr_par' dir='ltr' id='par_1_71' title="bbox 524 3867 2079 3938">
     <span class='ocr_line' id='line_1_71' title="bbox 524 3867 2079 3938; baseline 0.002 -15"><span class='ocrx_word' id='word_1_555' title='bbox 524 3868 706 3924; x_wconf 89' lang='lat' dir='ltr'><strong>tudine</strong></span> <span class='ocrx_word' id='word_1_556' title='bbox 726 3876 1064 3938; x_wconf 85' lang='lat' dir='ltr'><strong>peccatorum</strong></span> <span class='ocrx_word' id='word_1_557' title='bbox 1093 3867 1370 3934; x_wconf 87' lang='lat' dir='ltr'><strong>obrutam;</strong></span> <span class='ocrx_word' id='word_1_558' title='bbox 1394 3884 1424 3922; x_wconf 90' lang='lat' dir='ltr'><strong>a</strong></span> <span class='ocrx_word' id='word_1_559' title='bbox 1451 3877 1501 3924; x_wconf 90' lang='lat' dir='ltr'><strong>te</strong></span> <span class='ocrx_word' id='word_1_560' title='bbox 1525 3879 1699 3925; x_wconf 90' lang='lat' dir='ltr'><strong>tamen</strong></span> <span class='ocrx_word' id='word_1_561' title='bbox 1722 3872 1906 3926; x_wconf 86' lang='lat' dir='ltr'><strong>videns</strong></span> <span class='ocrx_word' id='word_1_562' title='bbox 1925 3888 2079 3928; x_wconf 66' lang='lat' dir='ltr'><strong>creao.</strong></span> 
     </span>
    </p>
   </div>
   <div class='ocr_carea' id='block_1_72' title="bbox 524 3955 2070 4027">
    <p class='ocr_par' dir='ltr' id='par_1_72' title="bbox 524 3955 2070 4027">
     <span class='ocr_line' id='line_1_72' title="bbox 524 3955 2070 4027; baseline 0.003 -16"><span class='ocrx_word' id='word_1_563' title='bbox 524 3966 652 4024; x_wconf 88' lang='lat' dir='ltr'><strong>tam,</strong></span> <span class='ocrx_word' id='word_1_564' title='bbox 686 3955 877 4024; x_wconf 87' lang='lat' dir='ltr'><strong>adjuva</strong></span> <span class='ocrx_word' id='word_1_565' title='bbox 927 3971 995 4012; x_wconf 89' lang='lat' dir='ltr'><strong>ne</strong></span> <span class='ocrx_word' id='word_1_566' title='bbox 1047 3956 1318 4027; x_wconf 81' lang='lat' dir='ltr'><strong>desperet,</strong></span> <span class='ocrx_word' id='word_1_567' title='bbox 1383 3958 1526 4027; x_wconf 87' lang='lat' dir='ltr'><strong>quia,</strong></span> <span class='ocrx_word' id='word_1_568' title='bbox 1591 3958 1729 4014; x_wconf 87' lang='lat' dir='ltr'><strong>sicut</strong></span> <span class='ocrx_word' id='word_1_569' title='bbox 1777 3961 2070 4027; x_wconf 84' lang='lat' dir='ltr'><strong>credimus,</strong></span> 
     </span>
    </p>
   </div>
   <div class='ocr_carea' id='block_1_73' title="bbox 523 4036 2070 4120">
    <p class='ocr_par' dir='ltr' id='par_1_73' title="bbox 523 4036 2070 4120">
     <span class='ocr_line' id='line_1_73' title="bbox 523 4036 2070 4120; baseline 0.001 -18"><span class='ocrx_word' id='word_1_570' title='bbox 523 4046 666 4102; x_wconf 84' lang='lat' dir='ltr'><strong>nulla</strong></span> <span class='ocrx_word' id='word_1_571' title='bbox 696 4047 989 4101; x_wconf 88' lang='lat' dir='ltr'><strong>enormitas</strong></span> <span class='ocrx_word' id='word_1_572' title='bbox 1012 4045 1277 4101; x_wconf 84' lang='lat' dir='ltr'><strong>scelerum</strong></span> <span class='ocrx_word' id='word_1_573' title='bbox 1309 4055 1361 4102; x_wconf 89' lang='lat' dir='ltr'><strong>te</strong></span> <span class='ocrx_word' id='word_1_574' title='bbox 1386 4047 1602 4102; x_wconf 88' lang='lat' dir='ltr'><strong>vincere</strong></span> <span class='ocrx_word' id='word_1_575' title='bbox 1625 4036 1846 4120; x_wconf 80' lang='lat' dir='ltr'><strong>potest,</strong></span> <span class='ocrx_word' id='word_1_576' title='bbox 1873 4050 1916 4102; x_wconf 91' lang='lat' dir='ltr'><strong>si</strong></span> <span class='ocrx_word' id='word_1_577' title='bbox 1953 4059 2070 4117; x_wconf 88' lang='lat' dir='ltr'><strong>tan-</strong></span> 
     </span>
    </p>
   </div>
   <div class='ocr_carea' id='block_1_74' title="bbox 523 4136 1931 4207">
    <p class='ocr_par' dir='ltr' id='par_1_74' title="bbox 523 4136 1931 4207">
     <span class='ocr_line' id='line_1_74' title="bbox 523 4136 1931 4207; baseline 0 -16"><span class='ocrx_word' id='word_1_578' title='bbox 523 4146 635 4191; x_wconf 84' lang='lat' dir='ltr'><strong>tum</strong></span> <span class='ocrx_word' id='word_1_579' title='bbox 660 4145 906 4206; x_wconf 86' lang='lat' dir='ltr'><strong>peccator</strong></span> <span class='ocrx_word' id='word_1_580' title='bbox 927 4137 990 4190; x_wconf 91' lang='lat' dir='ltr'><strong>de</strong></span> <span class='ocrx_word' id='word_1_581' title='bbox 1018 4145 1103 4191; x_wconf 87' lang='lat' dir='ltr'><strong>tua</strong></span> <span class='ocrx_word' id='word_1_582' title='bbox 1142 4136 1505 4192; x_wconf 72' lang='lat' dir='ltr'><strong>misericordia</strong></span> <span class='ocrx_word' id='word_1_583' title='bbox 1538 4151 1640 4190; x_wconf 90' lang='lat' dir='ltr'><strong>non</strong></span> <span class='ocrx_word' id='word_1_584' title='bbox 1671 4138 1931 4207; x_wconf 89' lang='lat' dir='ltr'><strong>desperet.</strong></span> 
     </span>
    </p>
   </div>
   <div class='ocr_carea' id='block_1_75' title="bbox 591 4223 2072 4298">
    <p class='ocr_par' dir='ltr' id='par_1_75' title="bbox 591 4223 2072 4298">
     <span class='ocr_line' id='line_1_75' title="bbox 591 4223 2072 4298; baseline 0.004 -20"><span class='ocrx_word' id='word_1_585' title='bbox 591 4224 781 4278; x_wconf 78' lang='lat' dir='ltr'><strong>Patere</strong></span> <span class='ocrx_word' id='word_1_586' title='bbox 823 4238 952 4292; x_wconf 88' lang='lat' dir='ltr'><strong>ergo</strong></span> <span class='ocrx_word' id='word_1_587' title='bbox 1005 4223 1386 4292; x_wconf 48' lang='lat' dir='ltr'><strong>meLDmnine</strong></span> <span class='ocrx_word' id='word_1_588' title='bbox 1428 4223 1555 4280; x_wconf 76' lang='lat' dir='ltr'><strong>Jesu</strong></span> <span class='ocrx_word' id='word_1_589' title='bbox 1605 4225 1838 4293; x_wconf 83' lang='lat' dir='ltr'><strong>Christe,</strong></span> <span class='ocrx_word' id='word_1_590' title='bbox 1893 4239 2072 4298; x_wconf 89' lang='lat' dir='ltr'><strong>patere</strong></span> 
     </span>
    </p>
   </div>
   <div class='ocr_carea' id='block_1_76' title="bbox 521 4312 2071 4386">
    <p class='ocr_par' dir='ltr' id='par_1_76' title="bbox 521 4312 2071 4386">
     <span class='ocr_line' id='line_1_76' title="bbox 521 4312 2071 4386; baseline 0.003 -17"><span class='ocrx_word' id='word_1_591' title='bbox 521 4323 667 4369; x_wconf 89' lang='lat' dir='ltr'><strong>tuam</strong></span> <span class='ocrx_word' id='word_1_592' title='bbox 691 4312 1009 4368; x_wconf 83' lang='lat' dir='ltr'><strong>iueﬂabilem</strong></span> <span class='ocrx_word' id='word_1_593' title='bbox 1046 4313 1298 4381; x_wconf 89' lang='lat' dir='ltr'><strong>pietatem</strong></span> <span class='ocrx_word' id='word_1_594' title='bbox 1323 4314 1606 4383; x_wconf 86' lang='lat' dir='ltr'><strong>inspicere,</strong></span> <span class='ocrx_word' id='word_1_595' title='bbox 1635 4324 1690 4369; x_wconf 90' lang='lat' dir='ltr'><strong>ct</strong></span> <span class='ocrx_word' id='word_1_596' title='bbox 1712 4331 1872 4386; x_wconf 86' lang='lat' dir='ltr'><strong>quam</strong></span> <span class='ocrx_word' id='word_1_597' title='bbox 1903 4316 2071 4373; x_wconf 90' lang='lat' dir='ltr'><strong>dulcis</strong></span> 
     </span>
    </p>
   </div>
   <div class='ocr_carea' id='block_1_77' title="bbox 2177 3151 3738 3227">
    <p class='ocr_par' dir='ltr' id='par_1_77' title="bbox 2177 3151 3738 3227">
     <span class='ocr_line' id='line_1_77' title="bbox 2177 3151 3738 3227; baseline -0.001 -17"><span class='ocrx_word' id='word_1_598' title='bbox 2177 3155 2342 3227; x_wconf 89' lang='lat' dir='ltr'><strong>quiin</strong></span> <span class='ocrx_word' id='word_1_599' title='bbox 2374 3154 2736 3211; x_wconf 85' lang='lat' dir='ltr'><strong>remissionem</strong></span> <span class='ocrx_word' id='word_1_600' title='bbox 2777 3151 2975 3206; x_wconf 75' lang='lat' dir='ltr'><strong>effusus</strong></span> <span class='ocrx_word' id='word_1_601' title='bbox 3015 3161 3097 3205; x_wconf 91' lang='lat' dir='ltr'><strong>est</strong></span> <span class='ocrx_word' id='word_1_602' title='bbox 3122 3151 3190 3183; x_wconf 76' lang='grc'><strong>⁸⁸⁸</strong></span> <span class='ocrx_word' id='word_1_603' title='bbox 3216 3166 3313 3220; x_wconf 87' lang='lat' dir='ltr'><strong>pro</strong></span> <span class='ocrx_word' id='word_1_604' title='bbox 3357 3151 3596 3220; x_wconf 88' lang='lat' dir='ltr'><strong>peccatis</strong></span> <span class='ocrx_word' id='word_1_605' title='bbox 3639 3167 3738 3209; x_wconf 77' lang='lat' dir='ltr'><strong>no-</strong></span> 
     </span>
    </p>
   </div>
   <div class='ocr_carea' id='block_1_78' title="bbox 2176 3239 3737 3308">
    <p class='ocr_par' dir='ltr' id='par_1_78' title="bbox 2176 3239 3737 3308">
     <span class='ocr_line' id='line_1_78' title="bbox 2176 3239 3737 3308; baseline 0 -11"><span class='ocrx_word' id='word_1_606' title='bbox 2176 3244 2323 3306; x_wconf 86' lang='lat' dir='ltr'><strong>stris,</strong></span> <span class='ocrx_word' id='word_1_607' title='bbox 2360 3243 2618 3295; x_wconf 89' lang='lat' dir='ltr'><strong>babentes</strong></span> <span class='ocrx_word' id='word_1_608' title='bbox 2641 3241 2801 3294; x_wconf 81' lang='lat' dir='ltr'><strong>etiam</strong></span> <span class='ocrx_word' id='word_1_609' title='bbox 2825 3240 3124 3308; x_wconf 79' lang='lat' dir='ltr'><strong>exemplum</strong></span> <span class='ocrx_word' id='word_1_610' title='bbox 3154 3239 3396 3306; x_wconf 85' lang='lat' dir='ltr'><strong>latronis,</strong></span> <span class='ocrx_word' id='word_1_611' title='bbox 3441 3252 3495 3295; x_wconf 91' lang='lat' dir='ltr'><strong>et</strong></span> <span class='ocrx_word' id='word_1_612' title='bbox 3546 3241 3737 3297; x_wconf 81' lang='lat' dir='ltr'><strong>multo-</strong></span> 
     </span>
    </p>
   </div>
   <div class='ocr_carea' id='block_1_79' title="bbox 2177 3331 3777 3403">
    <p class='ocr_par' dir='ltr' id='par_1_79' title="bbox 2177 3331 3777 3403">
     <span class='ocr_line' id='line_1_79' title="bbox 2177 3331 3777 3403; baseline -0.003 -14"><span class='ocrx_word' id='word_1_613' title='bbox 2177 3351 2292 3389; x_wconf 91' lang='lat' dir='ltr'><strong>rum</strong></span> <span class='ocrx_word' id='word_1_614' title='bbox 2317 3335 2405 3403; x_wconf 89' lang='lat' dir='ltr'><strong>qui</strong></span> <span class='ocrx_word' id='word_1_615' title='bbox 2432 3333 2482 3386; x_wconf 91' lang='lat' dir='ltr'><strong>in</strong></span> <span class='ocrx_word' id='word_1_616' title='bbox 2513 3332 2692 3386; x_wconf 89' lang='lat' dir='ltr'><strong>multis</strong></span> <span class='ocrx_word' id='word_1_617' title='bbox 2715 3341 2767 3386; x_wconf 90' lang='lat' dir='ltr'><strong>et</strong></span> <span class='ocrx_word' id='word_1_618' title='bbox 2795 3331 3002 3401; x_wconf 77' lang='lat' dir='ltr'><strong>magnis</strong></span> <span class='ocrx_word' id='word_1_619' title='bbox 3026 3331 3261 3399; x_wconf 83' lang='lat' dir='ltr'><strong>peccatis</strong></span> <span class='ocrx_word' id='word_1_620' title='bbox 3307 3341 3461 3386; x_wconf 87' lang='lat' dir='ltr'><strong>erant</strong></span> <span class='ocrx_word' id='word_1_621' title='bbox 3492 3333 3737 3399; x_wconf 83' lang='lat' dir='ltr'><strong>involuti,</strong></span> <span class='ocrx_word' id='word_1_622' title='bbox 3765 3367 3777 3371; x_wconf 54' lang='grc' dir='ltr'><em>κ</em></span> 
     </span>
    </p>
   </div>
   <div class='ocr_carea' id='block_1_80' title="bbox 2175 3413 3734 3495">
    <p class='ocr_par' dir='ltr' id='par_1_80' title="bbox 2175 3413 3734 3495">
     <span class='ocr_line' id='line_1_80' title="bbox 2175 3413 3734 3495; baseline 0.001 -18"><span class='ocrx_word' id='word_1_623' title='bbox 2175 3441 2310 3495; x_wconf 90' lang='lat' dir='ltr'><strong>quos</strong></span> <span class='ocrx_word' id='word_1_624' title='bbox 2333 3427 2443 3493; x_wconf 87' lang='lat' dir='ltr'><strong>ipse</strong></span> <span class='ocrx_word' id='word_1_625' title='bbox 2467 3424 2585 3477; x_wconf 87' lang='lat' dir='ltr'><strong>fons</strong></span> <span class='ocrx_word' id='word_1_626' title='bbox 2619 3423 2830 3492; x_wconf 87' lang='lat' dir='ltr'><strong>pietatis</strong></span> <span class='ocrx_word' id='word_1_627' title='bbox 2853 3420 3012 3475; x_wconf 84' lang='lat' dir='ltr'><strong>Jesus</strong></span> <span class='ocrx_word' id='word_1_628' title='bbox 3039 3421 3283 3476; x_wconf 87' lang='lat' dir='ltr'><strong>Christus</strong></span> <span class='ocrx_word' id='word_1_629' title='bbox 3312 3413 3734 3479; x_wconf 59' lang='lat' dir='ltr'><strong>misericorditer</strong></span> 
     </span>
    </p>
   </div>
   <div class='ocr_carea' id='block_1_81' title="bbox 2175 3509 3735 3578">
    <p class='ocr_par' dir='ltr' id='par_1_81' title="bbox 2175 3509 3735 3578">
     <span class='ocr_line' id='line_1_81' title="bbox 2175 3509 3735 3578; baseline 0.001 -11"><span class='ocrx_word' id='word_1_630' title='bbox 2175 3513 2428 3578; x_wconf 83' lang='lat' dir='ltr'><strong>absolvit,</strong></span> <span class='ocrx_word' id='word_1_631' title='bbox 2463 3513 2567 3565; x_wconf 88' lang='lat' dir='ltr'><strong>non</strong></span> <span class='ocrx_word' id='word_1_632' title='bbox 2601 3512 2962 3578; x_wconf 67' lang='lat' dir='ltr'><strong>desperemus,</strong></span> <span class='ocrx_word' id='word_1_633' title='bbox 3014 3511 3105 3564; x_wconf 90' lang='lat' dir='ltr'><strong>sed</strong></span> <span class='ocrx_word' id='word_1_634' title='bbox 3137 3526 3418 3566; x_wconf 85' lang='lat' dir='ltr'><strong>curramus</strong></span> <span class='ocrx_word' id='word_1_635' title='bbox 3464 3513 3638 3568; x_wconf 89' lang='lat' dir='ltr'><strong>securi</strong></span> <span class='ocrx_word' id='word_1_636' title='bbox 3667 3509 3735 3568; x_wconf 71' lang='lat' dir='ltr'><strong>de</strong></span> 
     </span>
    </p>
   </div>
   <div class='ocr_carea' id='block_1_82' title="bbox 2176 3589 3734 3668">
    <p class='ocr_par' dir='ltr' id='par_1_82' title="bbox 2176 3589 3734 3668">
     <span class='ocr_line' id='line_1_82' title="bbox 2176 3589 3734 3668; baseline 0.001 -14"><span class='ocrx_word' id='word_1_637' title='bbox 2176 3601 2485 3654; x_wconf 85' lang='lat' dir='ltr'><strong>remissione</strong></span> <span class='ocrx_word' id='word_1_638' title='bbox 2506 3609 2846 3668; x_wconf 88' lang='lat' dir='ltr'><strong>peccatorum</strong></span> <span class='ocrx_word' id='word_1_639' title='bbox 2876 3599 2942 3652; x_wconf 89' lang='lat' dir='ltr'><strong>ad</strong></span> <span class='ocrx_word' id='word_1_640' title='bbox 2971 3599 3142 3668; x_wconf 90' lang='lat' dir='ltr'><strong>ipsum</strong></span> <span class='ocrx_word' id='word_1_641' title='bbox 3172 3598 3372 3654; x_wconf 84' lang='lat' dir='ltr'><strong>fontem</strong></span> <span class='ocrx_word' id='word_1_642' title='bbox 3417 3599 3647 3668; x_wconf 84' lang='lat' dir='ltr'><strong>pietatis.</strong></span> <span class='ocrx_word' id='word_1_643' title='bbox 3678 3589 3734 3655; x_wconf 81' lang='lat' dir='ltr'><strong>in</strong></span> 
     </span>
    </p>
   </div>
   <div class='ocr_carea' id='block_1_83' title="bbox 2172 3687 3733 3760">
    <p class='ocr_par' dir='ltr' id='par_1_83' title="bbox 2172 3687 3733 3760">
     <span class='ocr_line' id='line_1_83' title="bbox 2172 3687 3733 3760; baseline 0.003 -17"><span class='ocrx_word' id='word_1_644' title='bbox 2172 3704 2279 3760; x_wconf 88' lang='lat' dir='ltr'><strong>quo</strong></span> <span class='ocrx_word' id='word_1_645' title='bbox 2297 3691 2409 3758; x_wconf 83' lang='lat' dir='ltr'><strong>jam</strong></span> <span class='ocrx_word' id='word_1_646' title='bbox 2435 3696 2531 3756; x_wconf 90' lang='lat' dir='ltr'><strong>tot,</strong></span> <span class='ocrx_word' id='word_1_647' title='bbox 2564 3697 2616 3744; x_wconf 89' lang='lat' dir='ltr'><strong>et</strong></span> <span class='ocrx_word' id='word_1_648' title='bbox 2639 3696 2747 3743; x_wconf 88' lang='lat' dir='ltr'><strong>tam</strong></span> <span class='ocrx_word' id='word_1_649' title='bbox 2774 3701 2992 3759; x_wconf 82' lang='lat' dir='ltr'><strong>magnos</strong></span> <span class='ocrx_word' id='word_1_650' title='bbox 3012 3697 3323 3758; x_wconf 81' lang='lat' dir='ltr'><strong>peccatores</strong></span> <span class='ocrx_word' id='word_1_651' title='bbox 3352 3689 3562 3744; x_wconf 88' lang='lat' dir='ltr'><strong>ablutos</strong></span> <span class='ocrx_word' id='word_1_652' title='bbox 3586 3687 3654 3722; x_wconf 76' lang='lat'><strong>“’</strong></span> <span class='ocrx_word' id='word_1_653' title='bbox 3675 3698 3733 3747; x_wconf 86' lang='lat' dir='ltr'><strong>et</strong></span> 
     </span>
    </p>
   </div>
   <div class='ocr_carea' id='block_1_84' title="bbox 2173 3779 3737 3850">
    <p class='ocr_par' dir='ltr' id='par_1_84' title="bbox 2173 3779 3737 3850">
     <span class='ocr_line' id='line_1_84' title="bbox 2173 3779 3737 3850; baseline 0 -14"><span class='ocrx_word' id='word_1_654' title='bbox 2173 3782 2432 3846; x_wconf 90' lang='lat' dir='ltr'><strong>videmus,</strong></span> <span class='ocrx_word' id='word_1_655' title='bbox 2461 3790 2515 3835; x_wconf 89' lang='lat' dir='ltr'><strong>et</strong></span> <span class='ocrx_word' id='word_1_656' title='bbox 2539 3781 2898 3850; x_wconf 76' lang='lat' dir='ltr'><strong>agnoscimus,</strong></span> <span class='ocrx_word' id='word_1_657' title='bbox 2924 3788 2979 3835; x_wconf 89' lang='lat' dir='ltr'><strong>et</strong></span> <span class='ocrx_word' id='word_1_658' title='bbox 3013 3780 3146 3834; x_wconf 88' lang='lat' dir='ltr'><strong>certi</strong></span> <span class='ocrx_word' id='word_1_659' title='bbox 3166 3779 3334 3836; x_wconf 87' lang='lat' dir='ltr'><strong>simus</strong></span> <span class='ocrx_word' id='word_1_660' title='bbox 3363 3793 3460 3834; x_wconf 90' lang='lat' dir='ltr'><strong>nos</strong></span> <span class='ocrx_word' id='word_1_661' title='bbox 3485 3779 3737 3836; x_wconf 79' lang='lat' dir='ltr'><strong>similiter</strong></span> 
     </span>
    </p>
   </div>
   <div class='ocr_carea' id='block_1_85' title="bbox 2173 3868 3706 3934">
    <p class='ocr_par' dir='ltr' id='par_1_85' title="bbox 2173 3868 3706 3934">
     <span class='ocr_line' id='line_1_85' title="bbox 2173 3868 3706 3934; baseline 0 -7"><span class='ocrx_word' id='word_1_662' title='bbox 2173 3871 2459 3928; x_wconf 86' lang='lat' dir='ltr'><strong>abluendos</strong></span> <span class='ocrx_word' id='word_1_663' title='bbox 2484 3872 2552 3925; x_wconf 89' lang='lat' dir='ltr'><strong>ab</strong></span> <span class='ocrx_word' id='word_1_664' title='bbox 2577 3870 2763 3926; x_wconf 88' lang='lat' dir='ltr'><strong>eodem</strong></span> <span class='ocrx_word' id='word_1_665' title='bbox 2789 3870 2936 3926; x_wconf 86' lang='lat' dir='ltr'><strong>fonte</strong></span> <span class='ocrx_word' id='word_1_666' title='bbox 2965 3868 3360 3934; x_wconf 62' lang='lat' dir='ltr'><strong>misericordiae,</strong></span> <span class='ocrx_word' id='word_1_667' title='bbox 3393 3869 3436 3923; x_wconf 89' lang='lat' dir='ltr'><strong>si</strong></span> <span class='ocrx_word' id='word_1_668' title='bbox 3462 3869 3706 3927; x_wconf 69' lang='lat' dir='ltr'><strong>abstines</strong></span> 
     </span>
    </p>
   </div>
   <div class='ocr_carea' id='block_1_86' title="bbox 2172 3957 3733 4029">
    <p class='ocr_par' dir='ltr' id='par_1_86' title="bbox 2172 3957 3733 4029">
     <span class='ocr_line' id='line_1_86' title="bbox 2172 3957 3733 4029; baseline -0.003 -13"><span class='ocrx_word' id='word_1_669' title='bbox 2172 3977 2290 4016; x_wconf 90' lang='lat' dir='ltr'><strong>mus</strong></span> <span class='ocrx_word' id='word_1_670' title='bbox 2323 3977 2351 4014; x_wconf 90' lang='lat' dir='ltr'><strong>a</strong></span> <span class='ocrx_word' id='word_1_671' title='bbox 2391 3961 2612 4015; x_wconf 90' lang='lat' dir='ltr'><strong>malitiis</strong></span> <span class='ocrx_word' id='word_1_672' title='bbox 2640 3969 2692 4014; x_wconf 88' lang='lat' dir='ltr'><strong>et</strong></span> <span class='ocrx_word' id='word_1_673' title='bbox 2723 3976 2752 4013; x_wconf 89' lang='lat' dir='ltr'><strong>a</strong></span> <span class='ocrx_word' id='word_1_674' title='bbox 2777 3959 3012 4029; x_wconf 89' lang='lat' dir='ltr'><strong>peccatis</strong></span> <span class='ocrx_word' id='word_1_675' title='bbox 3037 3958 3254 4022; x_wconf 87' lang='lat' dir='ltr'><strong>nostris,</strong></span> <span class='ocrx_word' id='word_1_676' title='bbox 3284 3965 3357 4022; x_wconf 88' lang='lat' dir='ltr'><strong>et,</strong></span> <span class='ocrx_word' id='word_1_677' title='bbox 3389 3957 3442 4011; x_wconf 90' lang='lat' dir='ltr'><strong>in</strong></span> <span class='ocrx_word' id='word_1_678' title='bbox 3469 3968 3733 4026; x_wconf 76' lang='lat' dir='ltr'><strong>quantum</strong></span> 
     </span>
    </p>
   </div>
   <div class='ocr_carea' id='block_1_87' title="bbox 2170 4047 3731 4120">
    <p class='ocr_par' dir='ltr' id='par_1_87' title="bbox 2170 4047 3731 4120">
     <span class='ocr_line' id='line_1_87' title="bbox 2170 4047 3731 4120; baseline -0.001 -17"><span class='ocrx_word' id='word_1_679' title='bbox 2170 4065 2473 4120; x_wconf 89' lang='lat' dir='ltr'><strong>possumus,</strong></span> <span class='ocrx_word' id='word_1_680' title='bbox 2513 4066 2760 4104; x_wconf 87' lang='lat' dir='ltr'><strong>curemus</strong></span> <span class='ocrx_word' id='word_1_681' title='bbox 2785 4050 3035 4117; x_wconf 85' lang='lat' dir='ltr'><strong>deinceps</strong></span> <span class='ocrx_word' id='word_1_682' title='bbox 3062 4049 3202 4103; x_wconf 86' lang='lat' dir='ltr'><strong>bona</strong></span> <span class='ocrx_word' id='word_1_683' title='bbox 3227 4049 3460 4117; x_wconf 88' lang='lat' dir='ltr'><strong>operari.</strong></span> <span class='ocrx_word' id='word_1_684' title='bbox 3509 4047 3577 4104; x_wconf 92' lang='lat' dir='ltr'><strong>Ut</strong></span> <span class='ocrx_word' id='word_1_685' title='bbox 3600 4061 3731 4103; x_wconf 80' lang='lat' dir='ltr'><strong>vero</strong></span> 
     </span>
    </p>
   </div>
   <div class='ocr_carea' id='block_1_88' title="bbox 2076 4135 3728 4207">
    <p class='ocr_par' dir='ltr' id='par_1_88' title="bbox 2076 4135 3728 4207">
     <span class='ocr_line' id='line_1_88' title="bbox 2076 4135 3728 4207; baseline -0.002 -12"><span class='ocrx_word' id='word_1_686' title='bbox 2076 4162 2078 4165; x_wconf 93' lang='grc'>·</span> <span class='ocrx_word' id='word_1_687' title='bbox 2173 4157 2202 4195; x_wconf 91' lang='lat' dir='ltr'><strong>a</strong></span> <span class='ocrx_word' id='word_1_688' title='bbox 2226 4141 2376 4196; x_wconf 89' lang='lat' dir='ltr'><strong>malis</strong></span> <span class='ocrx_word' id='word_1_689' title='bbox 2409 4141 2793 4207; x_wconf 87' lang='lat' dir='ltr'><strong>abstineamus,</strong></span> <span class='ocrx_word' id='word_1_690' title='bbox 2821 4149 2876 4194; x_wconf 89' lang='lat' dir='ltr'><strong>et</strong></span> <span class='ocrx_word' id='word_1_691' title='bbox 2901 4141 3039 4194; x_wconf 88' lang='lat' dir='ltr'><strong>bona</strong></span> <span class='ocrx_word' id='word_1_692' title='bbox 3066 4135 3347 4203; x_wconf 79' lang='lat' dir='ltr'><strong>faciamus,</strong></span> <span class='ocrx_word' id='word_1_693' title='bbox 3393 4138 3491 4192; x_wconf 87' lang='lat' dir='ltr'><strong>hoc</strong></span> <span class='ocrx_word' id='word_1_694' title='bbox 3545 4146 3728 4192; x_wconf 81' lang='lat' dir='ltr'><strong>nostra</strong></span> 
     </span>
    </p>
   </div>
   <div class='ocr_carea' id='block_1_89' title="bbox 2172 4223 3730 4295">
    <p class='ocr_par' dir='ltr' id='par_1_89' title="bbox 2172 4223 3730 4295">
     <span class='ocr_line' id='line_1_89' title="bbox 2172 4223 3730 4295; baseline -0.004 -12"><span class='ocrx_word' id='word_1_695' title='bbox 2172 4232 2366 4284; x_wconf 85' lang='lat' dir='ltr'><strong>virtute</strong></span> <span class='ocrx_word' id='word_1_696' title='bbox 2391 4230 2505 4284; x_wconf 88' lang='lat' dir='ltr'><strong>sine</strong></span> <span class='ocrx_word' id='word_1_697' title='bbox 2535 4228 2674 4282; x_wconf 88' lang='lat' dir='ltr'><strong>illius</strong></span> <span class='ocrx_word' id='word_1_698' title='bbox 2699 4225 2964 4295; x_wconf 85' lang='lat' dir='ltr'><strong>adjutorio</strong></span> <span class='ocrx_word' id='word_1_699' title='bbox 2990 4225 3166 4280; x_wconf 83' lang='lat' dir='ltr'><strong>facere</strong></span> <span class='ocrx_word' id='word_1_700' title='bbox 3190 4240 3296 4281; x_wconf 91' lang='lat' dir='ltr'><strong>non</strong></span> <span class='ocrx_word' id='word_1_701' title='bbox 3326 4238 3624 4294; x_wconf 79' lang='lat' dir='ltr'><strong>possumus.</strong></span> <span class='ocrx_word' id='word_1_702' title='bbox 3662 4223 3730 4278; x_wconf 84' lang='lat' dir='ltr'><strong>li-</strong></span> 
     </span>
    </p>
   </div>
   <div class='ocr_carea' id='block_1_90' title="bbox 2174 4317 3731 4392">
    <p class='ocr_par' dir='ltr' id='par_1_90' title="bbox 2174 4317 3731 4392">
     <span class='ocr_line' id='line_1_90' title="bbox 2174 4317 3731 4392; baseline 0.002 -18"><span class='ocrx_word' id='word_1_703' title='bbox 2174 4322 2274 4376; x_wconf 88' lang='lat' dir='ltr'><strong>lius</strong></span> <span class='ocrx_word' id='word_1_704' title='bbox 2301 4336 2428 4392; x_wconf 83' lang='lat' dir='ltr'><strong>ergo</strong></span> <span class='ocrx_word' id='word_1_705' title='bbox 2455 4320 2770 4391; x_wconf 71' lang='lat' dir='ltr'><strong>ineﬂabiiem</strong></span> <span class='ocrx_word' id='word_1_706' title='bbox 2793 4318 3218 4374; x_wconf 86' lang='lat' dir='ltr'><strong>misericordiam</strong></span> <span class='ocrx_word' id='word_1_707' title='bbox 3247 4319 3617 4388; x_wconf 83' lang='lat' dir='ltr'><strong>deprecemur.</strong></span> <span class='ocrx_word' id='word_1_708' title='bbox 3639 4317 3731 4378; x_wconf 79' lang='lat' dir='ltr'><strong>cui</strong></span> 
     </span>
    </p>
   </div>
   <div class='ocr_carea' id='block_1_91' title="bbox 519 4383 3730 4473">
    <p class='ocr_par' dir='ltr' id='par_1_91' title="bbox 519 4383 3730 4473">
     <span class='ocr_line' id='line_1_91' title="bbox 519 4383 3730 4473; baseline -0.001 -7"><span class='ocrx_word' id='word_1_709' title='bbox 519 4414 574 4466; x_wconf 75' lang='lat' dir='ltr'><strong>et</strong></span> <span class='ocrx_word' id='word_1_710' title='bbox 609 4404 778 4458; x_wconf 80' lang='lat' dir='ltr'><strong>bonus</strong></span> <span class='ocrx_word' id='word_1_711' title='bbox 806 4402 880 4456; x_wconf 79' lang='lat' dir='ltr'><strong>sis</strong></span> <span class='ocrx_word' id='word_1_712' title='bbox 929 4417 1051 4473; x_wconf 76' lang='lat' dir='ltr'><strong>erga</strong></span> <span class='ocrx_word' id='word_1_713' title='bbox 1093 4411 1402 4473; x_wconf 69' lang='lat' dir='ltr'><strong>peccatores</strong></span> <span class='ocrx_word' id='word_1_714' title='bbox 1430 4413 1484 4457; x_wconf 81' lang='lat' dir='ltr'><strong>et</strong></span> <span class='ocrx_word' id='word_1_715' title='bbox 1522 4383 1764 4473; x_wconf 68' lang='lat' dir='ltr'><strong>miseros,</strong></span> <span class='ocrx_word' id='word_1_716' title='bbox 1794 4420 2066 4461; x_wconf 81' lang='lat' dir='ltr'><strong>enarrare.</strong></span> <span class='ocrx_word' id='word_1_717' title='bbox 2100 4383 2146 4442; x_wconf 78' lang='grc' dir='ltr'>υ</span> <span class='ocrx_word' id='word_1_718' title='bbox 2177 4428 2304 4466; x_wconf 88' lang='lat' dir='ltr'><strong>cura</strong></span> <span class='ocrx_word' id='word_1_719' title='bbox 2335 4383 2434 4464; x_wconf 73' lang='grc' dir='ltr'>ιιῖίι</span> <span class='ocrx_word' id='word_1_720' title='bbox 2462 4424 2558 4464; x_wconf 89' lang='lat' dir='ltr'><strong>nos</strong></span> <span class='ocrx_word' id='word_1_721' title='bbox 2589 4385 2786 4472; x_wconf 83' lang='lat' dir='ltr'><strong>facere,</strong></span> <span class='ocrx_word' id='word_1_722' title='bbox 2810 4423 2932 4463; x_wconf 90' lang='lat' dir='ltr'><strong>cum</strong></span> <span class='ocrx_word' id='word_1_723' title='bbox 2957 4421 3062 4464; x_wconf 89' lang='lat' dir='ltr'><strong>non</strong></span> <span class='ocrx_word' id='word_1_724' title='bbox 3083 4383 3343 4472; x_wconf 77' lang='lat' dir='ltr'><strong>essemus,</strong></span> <span class='ocrx_word' id='word_1_725' title='bbox 3373 4412 3434 4460; x_wconf 83' lang='lat' dir='ltr'><strong>ut</strong></span> <span class='ocrx_word' id='word_1_726' title='bbox 3473 4383 3627 4464; x_wconf 82' lang='lat' dir='ltr'><strong>nobis</strong></span> <span class='ocrx_word' id='word_1_727' title='bbox 3649 4405 3730 4463; x_wconf 81' lang='lat' dir='ltr'><strong>sic</strong></span> 
     </span>
    </p>
   </div>
   <div class='ocr_carea' id='block_1_92' title="bbox 521 4491 2066 4562">
    <p class='ocr_par' dir='ltr' id='par_1_92' title="bbox 521 4491 2066 4562">
     <span class='ocr_line' id='line_1_92' title="bbox 521 4491 2066 4562; baseline 0.002 -14"><span class='ocrx_word' id='word_1_728' title='bbox 521 4491 632 4551; x_wconf 83' lang='lat' dir='ltr'><strong>Hoc</strong></span> <span class='ocrx_word' id='word_1_729' title='bbox 656 4494 793 4548; x_wconf 87' lang='lat' dir='ltr'><strong>idem</strong></span> <span class='ocrx_word' id='word_1_730' title='bbox 843 4494 1089 4562; x_wconf 88' lang='lat' dir='ltr'><strong>superius</strong></span> <span class='ocrx_word' id='word_1_731' title='bbox 1133 4494 1264 4558; x_wconf 76' lang='lat' dir='ltr'><strong>dixi,</strong></span> <span class='ocrx_word' id='word_1_732' title='bbox 1299 4494 1390 4549; x_wconf 86' lang='lat' dir='ltr'><strong>sed</strong></span> <span class='ocrx_word' id='word_1_733' title='bbox 1444 4495 1666 4550; x_wconf 90' lang='lat' dir='ltr'><strong>multum</strong></span> <span class='ocrx_word' id='word_1_734' title='bbox 1694 4511 1778 4551; x_wconf 89' lang='lat' dir='ltr'><strong>me</strong></span> <span class='ocrx_word' id='word_1_735' title='bbox 1818 4497 2066 4562; x_wconf 86' lang='lat' dir='ltr'><strong>delectat,</strong></span> 
     </span>
    </p>
   </div>
   <div class='ocr_carea' id='block_1_93' title="bbox 518 4583 2073 4658">
    <p class='ocr_par' dir='ltr' id='par_1_93' title="bbox 518 4583 2073 4658">
     <span class='ocr_line' id='line_1_93' title="bbox 518 4583 2073 4658; baseline 0.003 -17"><span class='ocrx_word' id='word_1_736' title='bbox 518 4584 727 4653; x_wconf 79' lang='lat' dir='ltr'><strong>quoties</strong></span> <span class='ocrx_word' id='word_1_737' title='bbox 756 4585 967 4638; x_wconf 88' lang='lat' dir='ltr'><strong>occasio</strong></span> <span class='ocrx_word' id='word_1_738' title='bbox 1011 4592 1133 4652; x_wconf 91' lang='lat' dir='ltr'><strong>apta</strong></span> <span class='ocrx_word' id='word_1_739' title='bbox 1159 4598 1216 4638; x_wconf 87' lang='lat' dir='ltr'><strong>se</strong></span> <span class='ocrx_word' id='word_1_740' title='bbox 1267 4583 1447 4650; x_wconf 78' lang='lat' dir='ltr'><strong>oli‘ert,</strong></span> <span class='ocrx_word' id='word_1_741' title='bbox 1477 4587 1749 4643; x_wconf 86' lang='lat' dir='ltr'><strong>reminisci</strong></span> <span class='ocrx_word' id='word_1_742' title='bbox 1775 4597 1973 4658; x_wconf 88' lang='lat' dir='ltr'><strong>quanta</strong></span> <span class='ocrx_word' id='word_1_743' title='bbox 1999 4592 2073 4648; x_wconf 87' lang='lat' dir='ltr'><strong>sit</strong></span> 
     </span>
    </p>
   </div>
   <div class='ocr_carea' id='block_1_94' title="bbox 519 4669 2067 4746">
    <p class='ocr_par' dir='ltr' id='par_1_94' title="bbox 519 4669 2067 4746">
     <span class='ocr_line' id='line_1_94' title="bbox 519 4669 2067 4746; baseline 0.005 -16"><span class='ocrx_word' id='word_1_744' title='bbox 519 4689 646 4746; x_wconf 83' lang='lat' dir='ltr'><strong>erga</strong></span> <span class='ocrx_word' id='word_1_745' title='bbox 679 4684 984 4743; x_wconf 85' lang='lat' dir='ltr'><strong>peccatores</strong></span> <span class='ocrx_word' id='word_1_746' title='bbox 1014 4675 1186 4743; x_wconf 84' lang='lat' dir='ltr'><strong>gratia</strong></span> <span class='ocrx_word' id='word_1_747' title='bbox 1236 4669 1341 4730; x_wconf 72' lang='lat' dir='ltr'><strong>tua:</strong></span> <span class='ocrx_word' id='word_1_748' title='bbox 1378 4676 1694 4735; x_wconf 80' lang='lat' dir='ltr'><strong>dulcedinis.</strong></span> <span class='ocrx_word' id='word_1_749' title='bbox 1740 4678 1845 4735; x_wconf 87' lang='lat' dir='ltr'><strong>Pro</strong></span> <span class='ocrx_word' id='word_1_750' title='bbox 1884 4697 2067 4737; x_wconf 87' lang='lat' dir='ltr'><strong>amore</strong></span> 
     </span>
    </p>
   </div>
   <div class='ocr_carea' id='block_1_95' title="bbox 518 4751 2069 4833">
    <p class='ocr_par' dir='ltr' id='par_1_95' title="bbox 518 4751 2069 4833">
     <span class='ocr_line' id='line_1_95' title="bbox 518 4751 2069 4833; baseline 0.006 -17"><span class='ocrx_word' id='word_1_751' title='bbox 518 4759 660 4817; x_wconf 70' lang='lat' dir='ltr'><strong>etaim</strong></span> <span class='ocrx_word' id='word_1_752' title='bbox 703 4771 760 4818; x_wconf 88' lang='lat' dir='ltr'><strong>et</strong></span> <span class='ocrx_word' id='word_1_753' title='bbox 802 4763 1166 4832; x_wconf 85' lang='lat' dir='ltr'><strong>redemptione</strong></span> <span class='ocrx_word' id='word_1_754' title='bbox 1203 4751 1564 4833; x_wconf 88' lang='lat' dir='ltr'><strong>peccatorum,</strong></span> <span class='ocrx_word' id='word_1_755' title='bbox 1601 4783 1707 4823; x_wconf 91' lang='lat' dir='ltr'><strong>non</strong></span> <span class='ocrx_word' id='word_1_756' title='bbox 1747 4769 1916 4823; x_wconf 89' lang='lat' dir='ltr'><strong>solum</strong></span> <span class='ocrx_word' id='word_1_757' title='bbox 1954 4770 2069 4825; x_wconf 87' lang='lat' dir='ltr'><strong>illo-</strong></span> 
     </span>
    </p>
   </div>
   <div class='ocr_carea' id='block_1_96' title="bbox 519 4853 2065 4928">
    <p class='ocr_par' dir='ltr' id='par_1_96' title="bbox 519 4853 2065 4928">
     <span class='ocr_line' id='line_1_96' title="bbox 519 4853 2065 4928; baseline 0.006 -21"><span class='ocrx_word' id='word_1_758' title='bbox 519 4867 637 4908; x_wconf 85' lang='lat' dir='ltr'><strong>rum</strong></span> <span class='ocrx_word' id='word_1_759' title='bbox 668 4853 757 4921; x_wconf 90' lang='lat' dir='ltr'><strong>qui</strong></span> <span class='ocrx_word' id='word_1_760' title='bbox 783 4853 956 4906; x_wconf 90' lang='lat' dir='ltr'><strong>minus</strong></span> <span class='ocrx_word' id='word_1_761' title='bbox 983 4854 1062 4906; x_wconf 87' lang='lat' dir='ltr'><strong>vel</strong></span> <span class='ocrx_word' id='word_1_762' title='bbox 1084 4853 1202 4922; x_wconf 84' lang='lat' dir='ltr'><strong>plus</strong></span> <span class='ocrx_word' id='word_1_763' title='bbox 1255 4866 1498 4924; x_wconf 88' lang='lat' dir='ltr'><strong>peccant,</strong></span> <span class='ocrx_word' id='word_1_764' title='bbox 1524 4859 1618 4912; x_wconf 88' lang='lat' dir='ltr'><strong>sed</strong></span> <span class='ocrx_word' id='word_1_765' title='bbox 1665 4860 1827 4928; x_wconf 83' lang='lat' dir='ltr'><strong>etiam</strong></span> <span class='ocrx_word' id='word_1_766' title='bbox 1853 4861 2065 4916; x_wconf 89' lang='lat' dir='ltr'><strong>illorum</strong></span> 
     </span>
    </p>
   </div>
   <div class='ocr_carea' id='block_1_97' title="bbox 518 4941 2066 5019">
    <p class='ocr_par' dir='ltr' id='par_1_97' title="bbox 518 4941 2066 5019">
     <span class='ocr_line' id='line_1_97' title="bbox 518 4941 2066 5019; baseline 0.008 -27"><span class='ocrx_word' id='word_1_767' title='bbox 518 4941 608 5010; x_wconf 85' lang='lat' dir='ltr'><strong>qui</strong></span> <span class='ocrx_word' id='word_1_768' title='bbox 649 4942 783 4995; x_wconf 90' lang='lat' dir='ltr'><strong>ultra</strong></span> <span class='ocrx_word' id='word_1_769' title='bbox 816 4943 1034 4997; x_wconf 83' lang='lat' dir='ltr'><strong>Inodum</strong></span> <span class='ocrx_word' id='word_1_770' title='bbox 1077 4953 1318 5012; x_wconf 88' lang='lat' dir='ltr'><strong>peccant,</strong></span> <span class='ocrx_word' id='word_1_771' title='bbox 1346 4946 1390 5000; x_wconf 91' lang='lat' dir='ltr'><strong>si</strong></span> <span class='ocrx_word' id='word_1_772' title='bbox 1426 4956 1630 5001; x_wconf 85' lang='lat' dir='ltr'><strong>tantum</strong></span> <span class='ocrx_word' id='word_1_773' title='bbox 1687 4949 1843 5003; x_wconf 89' lang='lat' dir='ltr'><strong>modo</strong></span> <span class='ocrx_word' id='word_1_774' title='bbox 1890 4951 2066 5019; x_wconf 75' lang='lat' dir='ltr'><strong>paeni-</strong></span> 
     </span>
    </p>
   </div>
   <div class='ocr_carea' id='block_1_98' title="bbox 521 5033 2060 5109">
    <p class='ocr_par' dir='ltr' id='par_1_98' title="bbox 521 5033 2060 5109">
     <span class='ocr_line' id='line_1_98' title="bbox 521 5033 2060 5109; baseline 0.008 -25"><span class='ocrx_word' id='word_1_775' title='bbox 521 5039 686 5098; x_wconf 83' lang='lat' dir='ltr'><strong>teant,</strong></span> <span class='ocrx_word' id='word_1_776' title='bbox 718 5033 782 5088; x_wconf 90' lang='lat' dir='ltr'><strong>de</strong></span> <span class='ocrx_word' id='word_1_777' title='bbox 835 5034 954 5087; x_wconf 87' lang='lat' dir='ltr'><strong>sinu</strong></span> <span class='ocrx_word' id='word_1_778' title='bbox 1005 5034 1178 5090; x_wconf 85' lang='lat' dir='ltr'><strong>Patris</strong></span> <span class='ocrx_word' id='word_1_779' title='bbox 1220 5036 1560 5104; x_wconf 86' lang='lat' dir='ltr'><strong>descendisti,</strong></span> <span class='ocrx_word' id='word_1_780' title='bbox 1587 5039 1818 5109; x_wconf 79' lang='lat' dir='ltr'><strong>Virginis</strong></span> <span class='ocrx_word' id='word_1_781' title='bbox 1853 5053 2060 5097; x_wconf 89' lang='lat' dir='ltr'><strong>utermn</strong></span> 
     </span>
    </p>
   </div>
   <div class='ocr_carea' id='block_1_99' title="bbox 2175 4498 3733 4568">
    <p class='ocr_par' dir='ltr' id='par_1_99' title="bbox 2175 4498 3733 4568">
     <span class='ocr_line' id='line_1_99' title="bbox 2175 4498 3733 4568; baseline -0.004 -10"><span class='ocrx_word' id='word_1_782' title='bbox 2175 4502 2432 4558; x_wconf 89' lang='lat' dir='ltr'><strong>concedat</strong></span> <span class='ocrx_word' id='word_1_783' title='bbox 2459 4501 2512 4555; x_wconf 91' lang='lat' dir='ltr'><strong>in</strong></span> <span class='ocrx_word' id='word_1_784' title='bbox 2539 4502 2640 4555; x_wconf 85' lang='lat' dir='ltr'><strong>hac</strong></span> <span class='ocrx_word' id='word_1_785' title='bbox 2665 4501 2794 4564; x_wconf 86' lang='lat' dir='ltr'><strong>vita,</strong></span> <span class='ocrx_word' id='word_1_786' title='bbox 2823 4509 3110 4568; x_wconf 87' lang='lat' dir='ltr'><strong>antequam</strong></span> <span class='ocrx_word' id='word_1_787' title='bbox 3152 4498 3276 4552; x_wconf 91' lang='lat' dir='ltr'><strong>binc</strong></span> <span class='ocrx_word' id='word_1_788' title='bbox 3301 4509 3577 4562; x_wconf 77' lang='lat' dir='ltr'><strong>exeamus,</strong></span> <span class='ocrx_word' id='word_1_789' title='bbox 3628 4511 3733 4552; x_wconf 82' lang='lat' dir='ltr'><strong>no-</strong></span> 
     </span>
    </p>
   </div>
   <div class='ocr_carea' id='block_1_100' title="bbox 2173 4585 3688 4664">
    <p class='ocr_par' dir='ltr' id='par_1_100' title="bbox 2173 4585 3688 4664">
     <span class='ocr_line' id='line_1_100' title="bbox 2173 4585 3688 4664; baseline -0.005 -16"><span class='ocrx_word' id='word_1_790' title='bbox 2173 4601 2282 4648; x_wconf 87' lang='lat' dir='ltr'><strong>stra</strong></span> <span class='ocrx_word' id='word_1_791' title='bbox 2309 4599 2528 4664; x_wconf 86' lang='lat' dir='ltr'><strong>peccata</strong></span> <span class='ocrx_word' id='word_1_792' title='bbox 2556 4590 2863 4654; x_wconf 82' lang='lat' dir='ltr'><strong>emendare,</strong></span> <span class='ocrx_word' id='word_1_793' title='bbox 2892 4598 2945 4645; x_wconf 90' lang='lat' dir='ltr'><strong>et</strong></span> <span class='ocrx_word' id='word_1_794' title='bbox 2968 4589 3047 4644; x_wconf 87' lang='lat' dir='ltr'><strong>sic</strong></span> <span class='ocrx_word' id='word_1_795' title='bbox 3093 4588 3320 4643; x_wconf 85' lang='lat' dir='ltr'><strong>assiduis</strong></span> <span class='ocrx_word' id='word_1_796' title='bbox 3363 4585 3688 4656; x_wconf 69' lang='lat' dir='ltr'><strong>compunctir</strong></span> 
     </span>
    </p>
   </div>
   <div class='ocr_carea' id='block_1_101' title="bbox 2174 4680 3726 4754">
    <p class='ocr_par' dir='ltr' id='par_1_101' title="bbox 2174 4680 3726 4754">
     <span class='ocr_line' id='line_1_101' title="bbox 2174 4680 3726 4754; baseline -0.003 -15"><span class='ocrx_word' id='word_1_797' title='bbox 2174 4685 2332 4742; x_wconf 83' lang='lat' dir='ltr'><strong>nibus</strong></span> <span class='ocrx_word' id='word_1_798' title='bbox 2363 4683 2642 4750; x_wconf 87' lang='lat' dir='ltr'><strong>mundare,</strong></span> <span class='ocrx_word' id='word_1_799' title='bbox 2666 4695 2929 4754; x_wconf 80' lang='lat' dir='ltr'><strong>quatenus</strong></span> <span class='ocrx_word' id='word_1_800' title='bbox 2953 4681 3059 4737; x_wconf 87' lang='lat' dir='ltr'><strong>ista</strong></span> <span class='ocrx_word' id='word_1_801' title='bbox 3112 4680 3310 4744; x_wconf 82' lang='lat' dir='ltr'><strong>tinita,.</strong></span> <span class='ocrx_word' id='word_1_802' title='bbox 3344 4688 3488 4735; x_wconf 87' lang='lat' dir='ltr'><strong>recto</strong></span> <span class='ocrx_word' id='word_1_803' title='bbox 3541 4692 3726 4744; x_wconf 86' lang='lat' dir='ltr'><strong>cursu.</strong></span> 
     </span>
    </p>
   </div>
   <div class='ocr_carea' id='block_1_102' title="bbox 2175 4769 3731 4846">
    <p class='ocr_par' dir='ltr' id='par_1_102' title="bbox 2175 4769 3731 4846">
     <span class='ocr_line' id='line_1_102' title="bbox 2175 4769 3731 4846; baseline -0.003 -15"><span class='ocrx_word' id='word_1_804' title='bbox 2175 4775 2319 4831; x_wconf 85' lang='lat' dir='ltr'><strong>nullo</strong></span> <span class='ocrx_word' id='word_1_805' title='bbox 2347 4772 2685 4846; x_wconf 86' lang='lat' dir='ltr'><strong>impediente,</strong></span> <span class='ocrx_word' id='word_1_806' title='bbox 2727 4775 2795 4830; x_wconf 85' lang='lat' dir='ltr'><strong>ad</strong></span> <span class='ocrx_word' id='word_1_807' title='bbox 2827 4787 2951 4829; x_wconf 87' lang='lat' dir='ltr'><strong>eum</strong></span> <span class='ocrx_word' id='word_1_808' title='bbox 3007 4770 3276 4827; x_wconf 84' lang='lat' dir='ltr'><strong>valeamus</strong></span> <span class='ocrx_word' id='word_1_809' title='bbox 3329 4769 3630 4841; x_wconf 81' lang='lat' dir='ltr'><strong>pervenire,</strong></span> <span class='ocrx_word' id='word_1_810' title='bbox 3669 4778 3731 4826; x_wconf 81' lang='lat' dir='ltr'><strong>ut</strong></span> 
     </span>
    </p>
   </div>
   <div class='ocr_carea' id='block_1_103' title="bbox 2172 4859 3727 4937">
    <p class='ocr_par' dir='ltr' id='par_1_103' title="bbox 2172 4859 3727 4937">
     <span class='ocr_line' id='line_1_103' title="bbox 2172 4859 3727 4937; baseline -0.003 -16"><span class='ocrx_word' id='word_1_811' title='bbox 2172 4881 2293 4921; x_wconf 90' lang='lat' dir='ltr'><strong>cum</strong></span> <span class='ocrx_word' id='word_1_812' title='bbox 2320 4866 2408 4922; x_wconf 87' lang='lat' dir='ltr'><strong>illo</strong></span> <span class='ocrx_word' id='word_1_813' title='bbox 2434 4867 2602 4922; x_wconf 80' lang='lat' dir='ltr'><strong>simus</strong></span> <span class='ocrx_word' id='word_1_814' title='bbox 2636 4869 2688 4920; x_wconf 90' lang='lat' dir='ltr'><strong>in</strong></span> <span class='ocrx_word' id='word_1_815' title='bbox 2711 4873 2964 4937; x_wconf 88' lang='lat' dir='ltr'><strong>perpetua</strong></span> <span class='ocrx_word' id='word_1_816' title='bbox 2982 4863 3226 4918; x_wconf 87' lang='lat' dir='ltr'><strong>claritate</strong></span> <span class='ocrx_word' id='word_1_817' title='bbox 3267 4862 3437 4930; x_wconf 85' lang='lat' dir='ltr'><strong>juncti</strong></span> <span class='ocrx_word' id='word_1_818' title='bbox 3467 4859 3727 4932; x_wconf 74' lang='lat' dir='ltr'><strong>angelicis</strong></span> 
     </span>
    </p>
   </div>
   <div class='ocr_carea' id='block_1_104' title="bbox 2171 4949 3730 5020">
    <p class='ocr_par' dir='ltr' id='par_1_104' title="bbox 2171 4949 3730 5020">
     <span class='ocr_line' id='line_1_104' title="bbox 2171 4949 3730 5020; baseline -0.003 -11"><span class='ocrx_word' id='word_1_819' title='bbox 2171 4955 2366 5018; x_wconf 87' lang='lat' dir='ltr'><strong>eboris,</strong></span> <span class='ocrx_word' id='word_1_820' title='bbox 2405 4964 2461 5009; x_wconf 89' lang='lat' dir='ltr'><strong>et</strong></span> <span class='ocrx_word' id='word_1_821' title='bbox 2484 4955 2729 5010; x_wconf 88' lang='lat' dir='ltr'><strong>onmibus</strong></span> <span class='ocrx_word' id='word_1_822' title='bbox 2767 4952 2988 5019; x_wconf 82' lang='lat' dir='ltr'><strong>sanctis,</strong></span> <span class='ocrx_word' id='word_1_823' title='bbox 3043 4950 3134 5020; x_wconf 86' lang='lat' dir='ltr'><strong>qui</strong></span> <span class='ocrx_word' id='word_1_824' title='bbox 3174 4949 3285 5018; x_wconf 85' lang='lat' dir='ltr'><strong>jam</strong></span> <span class='ocrx_word' id='word_1_825' title='bbox 3335 4949 3425 5004; x_wconf 84' lang='lat' dir='ltr'><strong>illa</strong></span> <span class='ocrx_word' id='word_1_826' title='bbox 3476 4949 3730 5004; x_wconf 83' lang='lat' dir='ltr'><strong>fruuntur</strong></span> 
     </span>
    </p>
   </div>
   <div class='ocr_carea' id='block_1_105' title="bbox 2169 5046 2743 5114">
    <p class='ocr_par' dir='ltr' id='par_1_105' title="bbox 2169 5046 2743 5114">
     <span class='ocr_line' id='line_1_105' title="bbox 2169 5046 2743 5114; baseline 0 -15"><span class='ocrx_word' id='word_1_827' title='bbox 2169 5046 2456 5114; x_wconf 83' lang='lat' dir='ltr'><strong>gaudentes</strong></span> <span class='ocrx_word' id='word_1_828' title='bbox 2479 5048 2595 5103; x_wconf 88' lang='lat' dir='ltr'><strong>sine</strong></span> <span class='ocrx_word' id='word_1_829' title='bbox 2623 5046 2743 5101; x_wconf 86' lang='lat' dir='ltr'><strong>fine.</strong></span> 
     </span>
    </p>
   </div>
   <div class='ocr_carea' id='block_1_106' title="bbox 1781 5193 2440 5254">
    <p class='ocr_par' dir='ltr' id='par_1_106' title="bbox 1781 5193 2440 5254">
     <span class='ocr_line' id='line_1_106' title="bbox 1781 5193 2440 5254; baseline 0.012 -9"><span class='ocrx_word' id='word_1_830' title='bbox 1781 5193 2011 5249; x_wconf 75' lang='lat' dir='ltr'><strong>VARUE</strong></span> <span class='ocrx_word' id='word_1_831' title='bbox 2049 5196 2440 5254; x_wconf 80' lang='lat' dir='ltr'><strong>LECTIUNES.</strong></span> 
     </span>
    </p>
   </div>
   <div class='ocr_carea' id='block_1_107' title="bbox 579 5289 3721 5379">
    <p class='ocr_par' dir='ltr' id='par_1_107' title="bbox 579 5289 3721 5379">
     <span class='ocr_line' id='line_1_107' title="bbox 579 5289 3721 5379; baseline 0.002 -22"><span class='ocrx_word' id='word_1_832' title='bbox 579 5289 836 5379; x_wconf 24' lang='lat'><strong>31003:!</strong></span> <span class='ocrx_word' id='word_1_833' title='bbox 857 5293 1269 5379; x_wconf 42' lang='grc' dir='ltr'><strong>Δειξξεχιιμεενίει.</strong></span> <span class='ocrx_word' id='word_1_834' title='bbox 1386 5307 1433 5379; x_wconf 61' lang='lat' dir='ltr'><strong>et</strong></span> <span class='ocrx_word' id='word_1_835' title='bbox 1473 5298 1711 5379; x_wconf 42' lang='lat' dir='ltr'><strong>Val-Aug.</strong></span> <span class='ocrx_word' id='word_1_836' title='bbox 1735 5301 1872 5379; x_wconf 80' lang='lat' dir='ltr'><strong>quod</strong></span> <span class='ocrx_word' id='word_1_837' title='bbox 1897 5319 2016 5359; x_wconf 86' lang='lat' dir='ltr'><strong>esse</strong></span> <span class='ocrx_word' id='word_1_838' title='bbox 2043 5307 2325 5379; x_wconf 86' lang='lat' dir='ltr'><strong>ms.__Corb.</strong></span> <span class='ocrx_word' id='word_1_839' title='bbox 2359 5310 2496 5378; x_wconf 90' lang='lat' dir='ltr'><strong>quod</strong></span> <span class='ocrx_word' id='word_1_840' title='bbox 2527 5319 2609 5364; x_wconf 89' lang='lat' dir='ltr'><strong>est</strong></span> <span class='ocrx_word' id='word_1_841' title='bbox 2681 5311 2748 5342; x_wconf 77' lang='lat'><strong>&quot;&#39;</strong></span> <span class='ocrx_word' id='word_1_842' title='bbox 2776 5307 3060 5379; x_wconf 88' lang='lat' dir='ltr'><strong>Plusqnam</strong></span> <span class='ocrx_word' id='word_1_843' title='bbox 3095 5311 3255 5364; x_wconf 90' lang='lat' dir='ltr'><strong>ullum</strong></span> <span class='ocrx_word' id='word_1_844' title='bbox 3280 5326 3407 5379; x_wconf 73' lang='lat' dir='ltr'><strong>mss.</strong></span> <span class='ocrx_word' id='word_1_845' title='bbox 3442 5309 3721 5379; x_wconf 68' lang='lat' dir='ltr'><strong>plusquam</strong></span> 
     </span>
    </p>
   </div>
   <div class='ocr_carea' id='block_1_108' title="bbox 522 5361 3722 5450">
    <p class='ocr_par' dir='ltr' id='par_1_108' title="bbox 522 5361 3722 5450">
     <span class='ocr_line' id='line_1_108' title="bbox 522 5361 3722 5450; baseline 0.006 -38"><span class='ocrx_word' id='word_1_846' title='bbox 522 5361 684 5450; x_wconf 65' lang='lat' dir='ltr'><strong>alitnn</strong></span> <span class='ocrx_word' id='word_1_847' title='bbox 735 5361 823 5450; x_wconf 37' lang='grc' dir='ltr'><strong>,ᾆξ’</strong></span> <span class='ocrx_word' id='word_1_848' title='bbox 845 5361 943 5450; x_wconf 36' lang='lat' dir='ltr'><strong>allii</strong></span> <span class='ocrx_word' id='word_1_849' title='bbox 1104 5366 1340 5450; x_wconf 49' lang='lat' dir='ltr'><strong>mss.“alii</strong></span> <span class='ocrx_word' id='word_1_850' title='bbox 1359 5375 1418 5422; x_wconf 82' lang='lat' dir='ltr'><strong>et</strong></span> <span class='ocrx_word' id='word_1_851' title='bbox 1445 5368 1488 5421; x_wconf 88' lang='lat' dir='ltr'><strong>si</strong></span> <span class='ocrx_word' id='word_1_852' title='bbox 1561 5369 1629 5399; x_wconf 72' lang='grc'><strong>⁸⁸⁸</strong></span> <span class='ocrx_word' id='word_1_853' title='bbox 1657 5361 1998 5450; x_wconf 63' lang='lat' dir='ltr'><strong>Dimitlerent</strong></span> <span class='ocrx_word' id='word_1_854' title='bbox 2016 5361 2271 5450; x_wconf 21' lang='lat' dir='ltr'><strong>msél’ict.</strong></span> <span class='ocrx_word' id='word_1_855' title='bbox 2304 5380 2355 5431; x_wconf 74' lang='grc' dir='ltr'><strong>ὅ.</strong></span> <span class='ocrx_word' id='word_1_856' title='bbox 2374 5361 2795 5441; x_wconf 38' lang='lat' dir='ltr'><strong>dimitterentur-</strong></span> <span class='ocrx_word' id='word_1_857' title='bbox 3337 5361 3486 5450; x_wconf 30' lang='lat' dir='ltr'><strong>vl’ici.</strong></span> <span class='ocrx_word' id='word_1_858' title='bbox 3512 5361 3722 5450; x_wconf 66' lang='grc' dir='ltr'><strong>’ᾧιῇιῖ</strong></span> 
     </span>
    </p>
   </div>
   <div class='ocr_carea' id='block_1_109' title="bbox 521 5444 649 5499">
    <p class='ocr_par' dir='ltr' id='par_1_109' title="bbox 521 5444 649 5499">
     <span class='ocr_line' id='line_1_109' title="bbox 521 5444 649 5499; baseline 0 -17"><span class='ocrx_word' id='word_1_859' title='bbox 521 5444 649 5499; x_wconf 80' lang='lat' dir='ltr'><strong>ergo</strong></span> 
     </span>
    </p>
   </div>
   <div class='ocr_carea' id='block_1_110' title="bbox 737 5427 3716 5514">
    <p class='ocr_par' dir='ltr' id='par_1_110' title="bbox 737 5427 3716 5514">
     <span class='ocr_line' id='line_1_110' title="bbox 737 5427 3716 5514; baseline 0.003 -20"><span class='ocrx_word' id='word_1_860' title='bbox 737 5427 808 5460; x_wconf 65' lang='grc' dir='ltr'><strong>δ”</strong></span> <span class='ocrx_word' id='word_1_861' title='bbox 829 5427 1105 5514; x_wconf 53' lang='lat' dir='ltr'><strong>,giept’gm.</strong></span> <span class='ocrx_word' id='word_1_862' title='bbox 1145 5433 1286 5511; x_wconf 66' lang='lat' dir='ltr'><strong>polit</strong></span> <span class='ocrx_word' id='word_1_863' title='bbox 1327 5450 1449 5514; x_wconf 55' lang='lat' dir='ltr'><strong>&quot;tu.</strong></span> <span class='ocrx_word' id='word_1_864' title='bbox 1480 5451 1740 5514; x_wconf 62' lang='lat' dir='ltr'><strong>meefjlgp.</strong></span> <span class='ocrx_word' id='word_1_865' title='bbox 1774 5456 1858 5514; x_wconf 66' lang='lat' dir='ltr'><strong>ine</strong></span> <span class='ocrx_word' id='word_1_866' title='bbox 1880 5443 2029 5514; x_wconf 88' lang='lat' dir='ltr'><strong>_nolit</strong></span> <span class='ocrx_word' id='word_1_867' title='bbox 2093 5427 2161 5477; x_wconf 57' lang='grc' dir='ltr'>ἀει</span> <span class='ocrx_word' id='word_1_868' title='bbox 2184 5427 2368 5514; x_wconf 54' lang='lat' dir='ltr'><strong>uagas</strong></span> <span class='ocrx_word' id='word_1_869' title='bbox 2387 5427 2886 5514; x_wconf 42' lang='lat' dir='ltr'><strong>Edidiﬁfﬁhque</strong></span> <span class='ocrx_word' id='word_1_870' title='bbox 2912 5427 3484 5503; x_wconf 50' lang='grc' dir='ltr'><strong>εῗέιιιῖίτλέῖληίιῆἐ</strong></span> <span class='ocrx_word' id='word_1_871' title='bbox 3507 5427 3716 5514; x_wconf 54' lang='lat' dir='ltr'><strong>saga:</strong></span> 
     </span>
    </p>
   </div>
   <div class='ocr_carea' id='block_1_111' title="bbox 525 5495 2730 5578">
    <p class='ocr_par' dir='ltr' id='par_1_111' title="bbox 525 5495 2730 5578">
     <span class='ocr_line' id='line_1_111' title="bbox 525 5495 2730 5578; baseline 0.01 -28"><span class='ocrx_word' id='word_1_872' title='bbox 525 5495 634 5576; x_wconf 79' lang='lat' dir='ltr'><strong>tum</strong></span> <span class='ocrx_word' id='word_1_873' title='bbox 695 5495 960 5578; x_wconf 38' lang='lat' dir='ltr'><strong>melici.</strong></span> <span class='ocrx_word' id='word_1_874' title='bbox 994 5503 1044 5554; x_wconf 73' lang='grc' dir='ltr'><strong>ὅ.</strong></span> <span class='ocrx_word' id='word_1_875' title='bbox 1073 5502 1262 5555; x_wconf 71' lang='lat' dir='ltr'><strong>animae</strong></span> <span class='ocrx_word' id='word_1_876' title='bbox 1301 5503 1500 5578; x_wconf 69' lang='lat' dir='ltr'><strong>exitum</strong></span> <span class='ocrx_word' id='word_1_877' title='bbox 1572 5505 1640 5537; x_wconf 64' lang='grc' dir='ltr'><strong>ιδ’</strong></span> <span class='ocrx_word' id='word_1_878' title='bbox 1667 5495 1775 5561; x_wconf 81' lang='lat' dir='ltr'><strong>Hoc</strong></span> <span class='ocrx_word' id='word_1_879' title='bbox 1802 5510 1844 5561; x_wconf 90' lang='lat' dir='ltr'><strong>si</strong></span> <span class='ocrx_word' id='word_1_880' title='bbox 1872 5495 2376 5578; x_wconf 37' lang='lat' dir='ltr'><strong>fecerimus,&#39;seduri</strong></span> <span class='ocrx_word' id='word_1_881' title='bbox 2405 5495 2730 5571; x_wconf 60' lang='grc' dir='ltr'><strong>ὲῖιῖίιιὶζὶιὲεί</strong></span> 
     </span>
    </p>
   </div>
   <div class='ocr_carea' id='block_1_112' title="bbox 524 5566 3227 5658">
    <p class='ocr_par' dir='ltr' id='par_1_112' title="bbox 524 5566 3227 5658">
     <span class='ocr_line' id='line_1_112' title="bbox 524 5566 3227 5658; baseline 0.008 -35"><span class='ocrx_word' id='word_1_882' title='bbox 524 5567 689 5623; x_wconf 87' lang='lat' dir='ltr'><strong>simus</strong></span> <span class='ocrx_word' id='word_1_883' title='bbox 771 5568 840 5658; x_wconf 20' lang='lat' dir='ltr'><strong>“C‘</strong></span> <span class='ocrx_word' id='word_1_884' title='bbox 863 5566 1096 5626; x_wconf 75' lang='lat' dir='ltr'><strong>Elfcctus</strong></span> <span class='ocrx_word' id='word_1_885' title='bbox 1144 5579 1221 5626; x_wconf 92' lang='lat' dir='ltr'><strong>cst</strong></span> <span class='ocrx_word' id='word_1_886' title='bbox 1251 5586 1372 5626; x_wconf 75' lang='lat' dir='ltr'><strong>mu.</strong></span> <span class='ocrx_word' id='word_1_887' title='bbox 1408 5572 1604 5631; x_wconf 73' lang='lat' dir='ltr'><strong>effusus</strong></span> <span class='ocrx_word' id='word_1_888' title='bbox 1631 5585 1712 5632; x_wconf 87' lang='lat' dir='ltr'><strong>est</strong></span> <span class='ocrx_word' id='word_1_889' title='bbox 1781 5578 1847 5610; x_wconf 74' lang='grc'><strong>⁸⁸⁷</strong></span> <span class='ocrx_word' id='word_1_890' title='bbox 1879 5566 2193 5642; x_wconf 76' lang='lat' dir='ltr'><strong>Peccatores</strong></span> <span class='ocrx_word' id='word_1_891' title='bbox 2213 5566 2435 5641; x_wconf 78' lang='lat' dir='ltr'><strong>ablutos</strong></span> <span class='ocrx_word' id='word_1_892' title='bbox 2451 5566 2593 5642; x_wconf 52' lang='lat' dir='ltr'><strong>Et};</strong></span> <span class='ocrx_word' id='word_1_893' title='bbox 2613 5566 3227 5658; x_wconf 52' lang='lat' dir='ltr'><strong>péé&#39;caid&#39;r&#39;csiisliinoé</strong></span> 
     </span>
    </p>
   </div>
   <div class='ocr_carea' id='block_1_113' title="bbox 2820 5513 3716 5587">
    <p class='ocr_par' dir='ltr' id='par_1_113' title="bbox 2820 5513 3716 5587">
     <span class='ocr_line' id='line_1_113' title="bbox 2820 5513 3716 5587; baseline 0.001 -16"><span class='ocrx_word' id='word_1_894' title='bbox 2820 5519 3003 5573; x_wconf 81' lang='lat' dir='ltr'><strong>al-luc.</strong></span> <span class='ocrx_word' id='word_1_895' title='bbox 3045 5521 3146 5573; x_wconf 87' lang='lat' dir='ltr'><strong>hoc</strong></span> <span class='ocrx_word' id='word_1_896' title='bbox 3199 5520 3243 5574; x_wconf 83' lang='lat' dir='ltr'><strong>si</strong></span> <span class='ocrx_word' id='word_1_897' title='bbox 3266 5519 3506 5587; x_wconf 83' lang='lat' dir='ltr'><strong>facimus,</strong></span> <span class='ocrx_word' id='word_1_898' title='bbox 3538 5513 3716 5573; x_wconf 69' lang='lat' dir='ltr'><strong>scier!</strong></span> 
     </span>
    </p>
   </div>
  </div>
