4190 6196
860 2 1251 14 Δ-ηι-ι--Εμ-ι--νεμ-ιί--δ-ιι
1196 2 1201 5 ‘
1258 2 1399 13 At“--.
1416 6 1451 13 -;.
1464 8 1483 14 ,γ
1496 4 1537 13 ιιι

507 198 614 256 743

750 171 775 191 ’“
808 192 867 248 s.
915 184 1214 247 ANSEIAH
1251 177 1598 237 CANTUAR.
1637 169 1953 253 summer.
2003 165 2109 222 om

2210 160 2371 217 PARS
2414 161 2477 216 ll.
2535 190 2604 204 —-
2641 158 3004 215 ΡΑΠΑΞΜΞΤ.
3039 161 3405 219 ETASCET.

3595 185 3600 190 ν
3660 164 3772 225 ’Μ

582 308 672 365 ιγ,
718 300 1017 375 ηρεοσηξιξο
1045 292 1467 369 μεσαιὶπ-Εεο
1492 305 1610 343 sum
1654 286 1744 341 ille
1788 288 1947 339 Inoino
1994 281 2088 333 de-
2122 287 2161 337 Α
2193 274 2503 328 claritatem
2535 275 2693 329 donis
2738 275 2866 328 luis.
2896 275 3036 329 Ecce
3068 284 3145 329 tot
3193 275 3281 330 bic
3309 277 3621 331 vulneribus
3652 277 3768 348 pla-

512 399 902 458 ntentissimns,
932 404 1091 462 quem
1115 388 1181 442 de
1221 383 1391 439 nihilo
1435 379 1652 440 creasti,
1704 386 1759 429 et
1808 375 2091 469 deuitasse

514 488 721 560 peccati
755 495 805 539 et
836 461 1154 551 perditionis
1180 476 1233 529 in
1258 475 1426 528 filium
1455 469 1643 541 gratiae
1860 461 2089 560 elegisti,

511 549 569 634 et
600 578 653 632 in
680 549 1017 630 colueredem
1044 565 1369 635 charissima
1398 558 1675 628 unigenito
1704 554 1845 607 Filio
1868 562 1957 604 tuo
1984 549 2094 602 Deo

509 682 567 726 et
609 669 834 724 Domino
855 674 1045 721 nostro
1079 661 1206 716 Jesu
1253 657 1468 718 Christo
1515 652 1899 721 adoptaveras,
1939 654 1994 699 et
2026 643 2127 699 ad

512 762 773 815 honorem
800 764 857 810 et
884 754 1109 826 gloriam
1132 749 1275 818 regni
1304 744 1400 805 tui.
1434 750 1491 797 et
1534 749 1682 795 tanta
1708 749 1814 792 tam
1846 734 2100 789 indebita:

510 851 705 922 gratia:
739 857 844 903 tua:
870 846 1118 915 largitate
1141 854 1227 894 me
1250 834 1561 906 implevisti,
1585 832 1675 901 qui
1701 840 1757 884 et
1813 826 2096 882 abundau-

512 943 645 996 tiam
672 940 830 1010 hujus
861 946 1021 991 tanta:
1043 928 1326 986 suavitatis
1352 936 1458 981 tute
1480 923 1677 978 oblitus
1703 934 1845 982 sum,
1872 926 1927 1010 et
1948 924 2094 969 tanta

513 1035 652 1089 bona
680 1032 808 1087 mihi
846 1026 1043 1081 tradita
1090 1039 1121 1077 a
1171 1030 1225 1077 te
1264 1016 1618 1089 prospiciens,
1666 1021 1851 1081 spreto
1893 1009 2097 1063 honore

514 1124 665 1194 regni
692 1118 959 1184 celestis,
990 1125 1049 1170 et
1072 1113 1242 1186 gloria
1273 1120 1387 1172 tua,
1417 1121 1502 1160 me
1538 1106 1592 1158 in
1629 1102 1874 1194 spat-ium
1905 1097 2096 1194 hlium

512 1190 923 1285 et'degenerem‘
946 1205 1217 1268 converti,
1242 1211 1297 1257 et
1334 1196 1553 1268 diabolo
1601 1190 1956 1285 distrahendo

511 1280 851 1374 sterquilinia
879 1299 1116 1355 luxuria:
1140 1305 1195 1350 et
1231 1292 1441 1361 spineta
1476 1287 1759 1349 avaritiae,~
1799 1292 1852 1338 et
1881 1281 1949 1335 ad
1994 1280 2099 1374 illi-

512 1370 747 1453 dendnm
770 1395 826 1450 in
855 1388 1126 1448 scandulis
1150 1384 1414 1449 fluctibus
1462 1388 1517 1435 et
1556 1375 1806 1449 procellis
1837 1370 2103 1457 superbia)

512 1503 601 1543 me
628 1485 846 1540 tradidi.
880 1482 990 1552 Ego
1018 1492 1140 1533 sum
1162 1489 1339 1546 caecus
1377 1479 1652 1526 mercator
1678 1466 1770 1533 qui
1820 1462 2103 1536 pretiosis-

510 1580 667 1635 simis
696 1576 1010 1630 talentorum
1038 1580 1254 1623 tuormn
1276 1563 1478 1619 divitiis
1501 1570 1727 1624 tantam,
1753 1552 2101 1618 miserabilis,

2193 378 2349 438 gatus
2373 382 2517 434 sum,
2548 383 2651 422 nec
2680 369 2788 423 ullo
2820 384 2985 424 sensu
3016 369 3216 425 doloris
3258 380 3534 437 torqueor.
3570 368 3675 425 Tot
3718 383 3772 427 et

2194 462 2357 515 tantis
2404 459 2717 515 vulneribus
2758 444 3044 516 Confossus
3093 477 3198 515 non
3245 462 3419 517 doleo.
3478 462 3645 518 Video
3685 480 3773 520 me

2192 534 2540 621 c:ecnm,'qni
2588 558 2665 606 tot
2692 565 2745 603 e.
2776 560 2955 605 tantas
2985 552 3347 621 turpitudines
3378 568 3526 608 meas
3569 564 3624 608 et
3669 573 3770 611 nu-

2194 640 2413 695 ditatem
2450 655 2556 707 non
2584 640 2867 695 erubesco.

2269 730 2403 784 Vere
2433 732 2763 785 insensibilis
2793 748 2912 786 sum
2964 741 3019 786 et
3062 731 3309 800 stupidus
3358 735 3540 802 corde,
3574 735 3663 804 qui
3696 745 3777 791 tot

2193 831 2249 876 et
2276 831 2421 876 tanta
2444 823 2639 877 damna
2665 832 2779 877 mea
2810 839 2914 876 non
2944 822 3119 885 doleo.
3144 834 3199 877 et
3224 824 3316 893 qtti
3342 835 3570 880 mortem
3595 844 3770 883 meam

2197 912 2380 981 lugere
2429 927 2535 966 non
2592 910 2768 965 Valeo.
2822 910 2962 966 Vere
3012 914 3176 968 corde
3231 912 3446 1003 lap’ideo
3494 915 3777 973 induratus

2197 1019 2339 1067 sum,
2391 1003 2483 1073 qui
2537 1017 2636 1059 nec
2686 1003 3021 1058 imminentia
3078 1004 3207 1065 mihi
3260 1014 3465 1060 :cterna
3516 1008 3778 1077 supplicia

2197 1096 2388 1155 saltem
2416 1110 2522 1149 non
2554 1096 2737 1149 timeo.
2778 1094 2912 1149 Vere
2933 1096 3097 1150 corde
3125 1097 3582 1166 congelatissimo,
3612 1115 3775 1168 quem

2200 1184 2582 1241 beneficiorum
2628 1185 2873 1240 incendia
2925 1187 3140 1241 admota
3191 1203 3378 1257 amore
3436 1188 3612 1245 Patris
3659 1191 3770 1246 cleo

2201 1275 2522 1368 meutissitni
2556 1275 2857 1330 calefacere
2894 1291 2999 1329 non
3035 1275 3327 1331 sufﬁciunt.
3373 1277 3508 1353 Yere
3554 1279 3777 1350 largiter

2201 1376 2288 1418 me
2336 1362 2693 1430 reprehendo,
2737 1378 2898 1432 quem
2936 1378 3033 1418 nec
3067 1364 3191 1417 tuba
3222 1366 3645 1433 praedicationis.
3675 1384 3778 1424 nec

2200 1452 2683 1521 comminationum
2738 1463 2953 1509 tuarum
3009 1456 3243 1515 tonitrua
3298 1454 3568 1512 sufﬁciunt
3623 1460 3779 1515 exci-

2205 1554 2341 1598 tare.
3112 1544 3117 1555 '

516 1632 752 1739 inopiam
774 1674 829 1720 et
855 1662 1158 1718 nuditatem
1179 1667 1236 1712 et
1286 1667 1491 1711 aeterna
1539 1650 1775 1720 suspiria
1826 1654 2102 1702 mercatus
2139 1656 2182 1709 ῃ
2276 1632 2376 1689 Ubi
2403 1643 2490 1688 est
2531 1634 2685 1739 dolor
2729 1635 3094 1739 penetrabilis,
3125 1634 3279 1690 dolor
3320 1639 3773 1706 compunctionis,

514 1738 669 1823 sum;
700 1754 1044 1826 sterquilinio
1087 1748 1314 1806 luxuriae
1369 1756 1426 1803 et
1476 1745 1787 1802 divitiarum
1836 1738 2101 1803 sentibus,

509 1849 957 1923 iucundissimam
1011 1859 1077 1898 ac
1125 1839 1505 1897 suavissimam
1558 1848 1778 1906 pacem;
1822 1829 2106 1899 securissi-

517 1959 667 1999 ntnm
693 1951 930 2011 portum,
957 1934 1193 2007 procella
1252 1930 1551 2001 superbiae;
1606 1934 1867 1982 aeternam
1904 1923 2103 1989 lucem,

468 2032 473 2035 ’
508 2034 836 2091 aeternitatis
857 2029 1121 2092 tenebris;
1134 2037 1334 2080 atterna
1354 2020 1798 2094 gaudia,:eternis
1811 2014 2103 2080 doloribus;

510 2136 857 2183 etmternam
888 2121 1140 2192 gloriam,
1165 2127 1372 2172 :eterno
1414 2112 1732 2183 opprobrio;
1781 2117 1838 2163 et
1884 2122 2104 2178 regnum

516 2229 694 2283 iitum,
722 2214 985 2274 diabolica
1015 2209 1277 2265 servitute
1303 2202 1650 2261 comunitavi.
1774 2266 1777 2268 η
2094 2250 2099 2255 ,

596 2308 707 2378 Ego
737 2321 856 2360 sum
883 2299 1282 2357 infirmissimus
1308 2296 1424 2359 ille,
1484 2294 1577 2362 qui
1623 2290 1769 2362 velut
1796 2289 2007 2361 signum
2040 2287 2108 2342 ad

504 2374 773 2467 sagittam
794 2391 1358 2461 iaculislpcccatorum
1382 2381 1820 2442 confodiendum.
1849 2389 1901 2439 et
1926 2378 2107 2455 vultis».

523 2489 673 2543 ribus
692 2482 1051 2539 lacerandum
1078 2493 1165 2533 me
1191 2474 1435 2547 exposui.
1495 2473 1608 2542 Ego
1648 2486 1766 2526 sum
1792 2469 1900 2551 tille
1946 2469 2108 2527 homo

520 2584 636 2653 qui,
664 2581 811 2637 velut
836 2576 1064 2633 cadaver
1084 2560 1315 2657 canibus
1343 2566 1702 2625 infernalibus
1728 2573 1733 2579 '
1757 2573 1815 2620 et
1854 2563 2108 2619 omnibus

521 2674 839 2729 volucribus
899 2666 1195 2724 immundis
1237 2660 1617 2718 dissecaudum
1668 2667 1724 2715 et
1772 2656 2106 2720 laniandum,

526 2765 802 2836 proiectus
827 2776 858 2814 a
878 2758 1097 2814 civitate
1140 2764 1229 2809 tua
1260 2761 1469 2816 saneta,
1521 2757 1743 2819 qumest
1796 2755 2109 2809 sanctorum

525 2855 826 2910 amicorum
857 2859 1092 2912 tuorum,
1121 2838 1826 2911 sanctaquejucundissima
1848 2837 2109 2903 societate

521 2943 841 3003 sanctorum
871 2940 1158 3011 spirituum
1181 2916 1563 3004 supernorum,
1607 2930 1863 2988 vitiorum
1915 2928 2110 2983 vermi-

2206 1742 2314 1796 quo
2346 1736 2512 1781 totam
2558 1726 2703 1780 illam
2736 1726 2991 1795 duritiam
3036 1728 3357 1783 diabolicam
3400 1741 3685 1786 conterere
3725 1741 3782 1785 et

2207 1820 2425 1875 diruere
2468 1822 2742 1883 deberem,
2772 1829 2827 1875 et
2854 1831 3026 1887 totum
3071 1822 3300 1890 lapidem
3344 1823 3557 1878 duritia:
3599 1824 3779 1879 etob-

2208 1908 2516 1964 stinationis
2544 1909 2689 1965 illius
2725 1911 3138 1973 comminuch
3169 1912 3269 1969 Ubi
3298 1923 3405 1980 est,
3438 1913 3578 1969 Deus
3604 1929 3775 1982 meus,

2208 1996 2297 2052 ille
2322 1994 2515 2069 pudor,
2561 2015 2670 2069 quo
2712 2009 2842 2055 ante
2885 2002 3113 2057 occulos'
3151 2011 3271 2065 tuos
3300 2013 3353 2059 et
3403 2005 3569 2069 totius
3615 2007 3778 2070 curia:

2205 2090 2445 2145 ctelestis
2471 2091 2729 2165 confundi
2761 2092 3053 2163 deberem?
3098 2093 3199 2149 Ubi
3244 2105 3329 2150 est
3357 2097 3521 2150 timor
3559 2095 3649 2150 ille
3676 2105 3785 2152 tute

2208 2181 2479 2257 vindictae,
2516 2200 2624 2253 quo
2655 2192 2799 2239 totus
2834 2197 2961 2240 ante
2991 2196 3337 2256 conspectum
3381 2196 3529 2242 tuum
3556 2198 3784 2247 .coutre-

2210 2271 2437 2332 miscere
2468 2274 2767 2329 deberem?
2804 2275 2901 2330 Ubi
2932 2285 3016 2330 est
3048 2292 3203 2342 amor
3229 2278 3339 2343 ille,
3371 2287 3426 2334 et
3450 2278 3783 2337 desiderium

2209 2361 2378 2429 pacis,
2402 2365 2625 2430 amoris,
2653 2374 2709 2419 et
2734 2367 2924 2436 gratia:
2951 2376 3054 2422 tua:
3083 2370 3468 2439 recuperanda:
3488 2354 3609 2442 quo
3637 2372 3785 2425 inar-

2209 2452 2433 2508 descere
2462 2455 2748 2511 deberem?
2781 2456 2889 2516 Ubi.
2907 2466 2987 2511 est
3022 2442 3236 2513 torrens
3265 2459 3351 2514 ille
3385 2460 3779 2533 lacrymarum,

2209 2558 2316 2613 quo
2345 2544 2634 2614 spurcitias
2677 2562 2826 2625 meas
2869 2558 2997 2604 ante
3040 2558 3092 2605 te
3122 2550 3303 2607 delere
3349 2554 3648 2610 delerem?
3681 2554 3783 2609 Ubi

2209 2646 2295 2702 est
2323 2637 2537 2695 devotio
2565 2640 2850 2703 orationis,
2880 2656 2986 2711 qua
3020 2650 3076 2699 te
3105 2642 3237 2699 mihi
3271 2636 3540 2713 placatum
3578 2654 3633 2701 et
3662 2662 3790 2715 pro-

2212 2726 2403 2797 pitium
2449 2729 2671 2802 reddere
2700 2732 2993 2788 deberem?
3039 2732 3158 2801 Quo
3190 2750 3275 2791 me
3314 2743 3543 2803 vertam,
3572 2738 3805 2794 miseri--~

2210 2834 2334 2876 cors
2355 2828 2410 2876 et
2440 2821 2727 2878 miseratur
2762 2822 2945 2889 Pater,
2979 2826 3071 2901 qui
3112 2826 3246 2882 nihil
3285 2827 3507 2897 dignm
3538 2844 3791 2898 respectat
3870 2813 3879 2819 ’

2212 2909 2328 2964 mis-
2350 2909 2596 2967 ricnrdie
2619 2922 2720 2965 tua:
2741 2910 2909 2967 offero
2939 2914 3207 2984 maiestati
3237 2917 3382 2971 tum?
3412 2917 3530 2985 Ω.ιο
3557 2919 3784 2989 fugiam,

528 2992 1076 3093 buswcomedetndum
1100 3028 1196 3080 me
1248 2992 1467 3077 tradidi.
1526 2992 1698 3087 Quam
1735 3014 2111 3073 abominabilis
2139 2992 2183 3052 (ἶ
2216 3002 2455 3093 piissime
2474 3000 2656 3093 Pater,
2680 3003 2770 3073 qui
2798 3019 2915 3058 smn
2944 3019 3148 3061 vacuus
3169 3007 3313 3063 omni
3348 3008 3594 3072 bouo,.et
3620 3011 3786 3082 etiam

526 3140 763 3198 appareo
783 3137 968 3179 coram
989 3117 1166 3175 oculis
1193 3114 1399 3171 sanctis
1431 3113 1558 3175 tuis,
1598 3125 1757 3166 emno
1794 3108 2112 3165 fetidissimo

528 3216 916 3283 teterrimoque
941 3207 1167 3264 luxuriae
1192 3204 1503 3261 immundus
1527 3217 1593 3256 ac
1614 3200 1947 3273 sordidatus,
1992 3199 2114 3268 igne

530 3305 825 3362 iracundim
870 3310 925 3354 et
964 3297 1210 3353 avaritia:
1260 3294 1573 3357 semiustus,
1625 3300 1789 3360 atque
1840 3289 2114 3363 Vermihns

526 3397 660 3463 odii,
705 3403 758 3449 et
780 3391 993 3447 invidiae
1013 3383 1249 3444 obsessis
1273 3384 1537 3441 membris
1566 3381 1891 3449 meis,vento
1926 3384 2114 3448 super-

529 3488 630 3542 bia:
649 3484 904 3546 tumidus,
922 3486 1300 3534 monstruosas
1311 3483 1476 3537 totus,
1490 3472 1793 3537 ulcerosus,
1811 3477 1973 3538 atque
1984 3482 2113 3521 cou-

530 3580 732 3639 fossus,
767 3584 847 3628 tot
867 3580 1246 3637 tantorumque
1276 3571 1619 3635 peccatorum
1657 3574 1896 3614 meorum
1929 3556 2115 3611 diabo-

531 3670 648 3725 licae
665 3663 1010 3737 turpitudinis
1030 3659 1296 3730 sigillatus
1318 3652 1744 3711 characteribus.
1775 3646 1919 3713 Scio,
1952 3649 2114 3704 tuise-

532 3773 682 3819 ratur
696 3758 947 3821 Domine,
962 3753 1106 3825 quod
1121 3749 1315 3807 merito
1325 3745 1685 3817 etjustissitne
1697 3758 1829 3813 nega
1840 3757 1894 3796 re
1906 3757 1990 3796 me
2018 3757 2115 3812 po-

536 3868 637 3919 tes,
666 3866 721 3910 ct
738 3871 844 3908 non
862 3868 946 3907 me
960 3842 1343 3918 recognoscere
1356 3858 1459 3895 non
1472 3839 1643 3895 solum
1662 3837 1827 3892 lilium
1840 3836 2115 3897 tuum.sed

528 3957 903 4005 ctcreaturam
916 3952 1064 3996 tuam
1080 3939 1133 4011 in
1146 3934 1363 4007 eoquod
1390 3933 1513 3987 talis
1525 3945 1667 3986 sum.
1694 3928 1803 3984 Nec
1823 3929 1965 3983 enim
1997 3929 2116 3983 hor-
2160 3968 2161 3971 η

534 4038 699 4096 renda
714 4036 799 4091 illa
810 4034 1151 4103 omnigenum
1167 4025 1553 4097 turpitudinum
1566 4032 1907 4080 monstruosa
1928 4018 2112 4084 facies,

532 4140 615 4188 est
639 4128 931 4185 creationis
950 4117 1539 4195 autrecreationistute,
1564 4122 1762 4169 nonest
1784 4111 2116 4167 abominatio

534 4221 634 4274 ista
649 4217 824 4288 imago
840 4214 982 4269 tuiet
1005 4205 1299 4288 similitudo
1325 4218 1497 4273 :equa.
1522 4203 1760 4281 Alteram
1780 4217 1871 4273 me
1895 4199 2112 4255 creasti.

533 4310 673 4364 Vere
684 4284 1095 4362 similitudoista
1109 4284 1391 4354 diabolica:
1408 4286 1756 4362 turpitudinis
1775 4305 1861 4359 me
1878 4289 2115 4344 ostendit

535 4399 698 4473 215
728 4386 924 4451 diaboli
954 4395 1213 4447 hactenus
1245 4387 1409 4454 fuisse
1435 4386 1623 4449 filium,
1654 4395 1706 4440 et
1725 4393 2113 4439 tonnentorum

537 4488 827 4545 infidelium
859 4484 1151 4539 hzcredem.
1183 4481 1305 4535 "me
1332 4488 1415 4534 est
1440 4477 1698 4531 mercatio
1736 4484 1791 4532 et
1814 4487 2118 4531 commuta-

538 4584 633 4644 lio,
664 4552 793 4649 quia
818 4591 993 4630 crecus
1021 4582 1075 4628 et
1097 4570 1531 4627 dementissimus
1585 4583 1685 4639 ego
1717 4576 1819 4621 tua:
1868 4566 2117 4622 similitu-

535 4670 678 4723 dinis
704 4664 927 4738 gloriam
956 4672 1011 4717 et
1034 4664 1305 4717 honorem
1346 4657 1867 4714 abominabilissima
1917 4672 1982 4712 ac
2032 4656 2117 4711 vi-

536 4757 739 4811 lissinta
764 4754 982 4811 feditate
1018 4749 1236 4803 mutavi.

608 4846 724 4901 Non
764 4841 903 4910 ideo,
932 4850 1119 4895 sancte
1164 4842 1346 4905 Pater,
1379 4838 1613 4908 pretiosa
1658 4837 1747 4891 illa
1789 4837 1987 4901 talenta
2026 4845 2117 4892 tua

540 4941 842 4995 tradideras
889 4935 1019 4989 mihi
1049 4974 1063 4998 ,
1112 4939 1180 4987 ut‘
1214 4948 1314 5003 pro
1358 4922 1539 4987 usuris
1581 4930 1906 4985 horrendam
1958 4930 2117 4991 istam

541 5028 996 5086 abominationem
1036 5024 1240 5079 faceres
1268 5039 1354 5077 tne
1382 5023 1477 5077 tibi
1523 5029 1821 5092 reportare.
1846 5018 1964 5073 Non
1996 5020 2117 5074 ideo

540 5122 671 5177 mihi
701 5129 778 5172 tot
822 5134 885 5172 ac
928 5114 1091 5169 tantis
1133 5114 1412 5170 beneficiis
1444 5112 1548 5166 tuis
1591 5110 1787 5166 debitis
1814 5110 2117 5177 seminasti,

542 5222 601 5265 ut
631 5210 857 5264 fetorem
886 5217 940 5262 et
982 5207 1165 5277 spinas
1197 5214 1253 5261 et
1288 5204 1515 5259 tribulos
1554 5211 1905 5273 peccatorum
1938 5202 2004 5255 de
2034 5215 2118 5254 me

542 5304 839 5371 colligeres.
876 5298 987 5353 Non
1017 5299 1135 5353 ideo
1168 5306 1249 5354 tot
1294 5306 1349 5353 et
1390 5298 1556 5351 tantis
1586 5294 1865 5349 beneficiis
1905 5307 1990 5347 me
2019 5292 2121 5348 im-

544 5394 754 5466 plevisti
797 5403 852 5447 et
900 5393 1102 5455 ditasti,
1137 5402 1196 5446 ut
1246 5392 1298 5446 in
1356 5390 1807 5461 oppugnationem
1872 5388 2014 5439 tuam
2054 5399 2117 5439 ea

544 5493 934 5540 converterem.
989 5484 1103 5539 Non
1154 5492 1272 5538 erat
1326 5483 1552 5536 intentio
1610 5479 1956 5548 benignitatis
2016 5488 2119 5532 tua:

546 5570 757 5630 armare
789 5588 873 5631 me
920 5585 1107 5631 contra
1141 5586 1210 5647 te,
1262 5587 1361 5628 nec
1401 5585 1616 5626 armare
1666 5570 1989 5625 diabolicam
2025 5584 2119 5623 au-

2212 3089 2401 3160 plenns
2428 3091 2574 3146 oumi
2607 3092 2747 3147 malo
2792 3108 3026 3163 appares
3075 3107 3200 3150 ante
3248 3108 3601 3168 conspectum
3653 3116 3786 3156 san-

2214 3191 2423 3242 ctorum
2465 3192 2700 3250 tuorum,
2730 3194 2805 3241 .et
2851 3196 3162 3248 sanctarum
3214 3191 3528 3246 militiarum
3577 3182 3800 3251 exerci-I

2218 3283 2362 3329 tumn
2385 3276 2686 3333 cmlestium
2708 3277 2732 3331 ?

2285 3352 2432 3429 Scio,
2476 3366 2704 3423 Domine
2747 3369 2906 3435 Deus,
2952 3371 3264 3430 dominator
3291 3376 3415 3433 vita:
3462 3395 3613 3446 laete,
3645 3384 3788 3451 quod

2213 3472 2366 3511 omne
2393 3457 2574 3514 datum
2609 3462 2878 3529 optimum,
2911 3472 2958 3515 et
2993 3479 3143 3517 omne
3170 3467 3364 3529 donum
3390 3469 3793 3541 perfertnmvde-

2213 3564 2421 3602 sursum
2452 3560 2552 3612 est.
2598 3553 2909 3609 descendens
2960 3573 2991 3608 a
3037 3555 3200 3611 Patre
3242 3569 3298 3613 et
3340 3561 3487 3617 fonte
3532 3565 3791 3620 Iuntina»:

2214 3637 2358 3709 (Jac.
2403 3657 2441 3704 ι,
2476 3642 2563 3714 l7)
2596 3644 2751 3698 :scio
2800 3658 2886 3700 me
2930 3648 3061 3701 nihil
3095 3664 3252 3717 posse
3292 3664 3574 3724 acceptum
3599 3656 3793 3731 offerre

2215 3744 2396 3786 coram
2425 3740 2479 3788 te
2505 3742 2561 3787 et
2587 3744 2798 3804 gratum
2828 3738 2930 3792 nisi
2972 3739 3037 3792 de
3066 3739 3214 3795 fonte
3246 3743 3501 3801 bonitatis
3530 3756 3633 3803 tua:
3659 3748 3789 3803 illud

2215 3821 2634 3890 prtuhanserim;
2682 3832 2738 3878 et
2786 3825 2887 3881 hoc
2937 3829 3123 3898 utique
3175 3839 3226 3886 te
3278 3830 3637 3901 llluminaute,
3686 3835 3792 3891 do;

2215 3920 2392 3965 cente.
2443 3912 2571 3968 Scio
2622 3914 2762 3969 hanc
2795 3918 3039 3973 ,arrham
3096 3920 3487 3981 misericordia:
3545 3935 3647 3980 tuae
3698 3941 3787 3985 me

2215 4000 2533 4068 przevenire.
2582 4000 2730 4067 Scio,
2778 4004 3087 4061 dulcissime
3132 4007 3311 4076 Pater,
3332 3994 3481 4079 quod
3527 4013 3666 4068 bona
3698 4023 3790 4075 tua

2216 4091 2351 4145 sicut
2384 4092 2570 4148 fraude
2612 4094 2753 4148 nulla
2785 4096 2879 4150 tibi
2912 4099 3151 4167 arripere
3170 4110 3262 4154 aut
3301 4100 3517 4162 auferre
3540 4090 3791 4173 possunt,

2216 4182 2295 4237 sic
2322 4197 2420 4237 nec
2452 4184 2573 4240 ullis
2605 4187 2813 4241 meritis
2848 4187 3094 4244 obtinere
3128 4207 3215 4246 me
3242 4194 3423 4247 omnia
3467 4188 3627 4264 posse
3666 4199 3793 4266 qui-

2218 4272 2317 4327 bus
2344 4274 2410 4328 ad
2443 4285 2493 4331 te
2524 4288 2785 4345 revertar,
2809 4288 2864 4333 et
2886 4281 3273 4350 complaceam.
3320 4283 3460 4350 Quid
3488 4288 3635 4341 enim
3679 4304 3796 4343 tne-

2220 4366 2339 4420 ritis
2368 4356 2502 4423 meis
2527 4369 2708 4423 deberi
2733 4380 2928 4441 potest,
2963 4373 3064 4427 nisi
3110 4375 3299 4429 mortis
3339 4365 3553 4433 aeternae
3584 4379 3793 4448 suppli-
3830 4436 3833 4437 ν

2218 4455 2360 4510 cium
2381 4457 2406 4509 1'
2440 4456 2566 4513 Seio
2600 4460 2741 4528 quod
2772 4460 2825 4514 in
2858 4462 3193 4531 beneplacito
3234 4473 3324 4519 tuo
3358 4476 3549 4521 sancto
3585 4477 3669 4523 est
3706 4485 3797 4524 me

2219 4546 2534 4621 disperdere
2604 4550 2899 4605 secundum
2976 4553 3376 4609 multitudinem
3437 4556 3792 4627 flagitiorum,

2219 4636 2543 4704 facinorum,
2574 4647 2628 4693 et
2670 4638 3113 4711 negligentiarum
3145 4651 3200 4696 et
3238 4644 3595 4699 omissionum
3644 4649 3798 4701 mea-

2220 4730 2479 4795 rum;'vel
2510 4732 2803 4787 reformare
2831 4748 2937 4791 me.
2967 4733 3049 4787 vel
3074 4733 3251 4789 facere
3288 4751 3373 4791 me
3402 4737 3495 4791 tibi
3532 4748 3793 4806 accepta-

2218 4822 2378 4877 bilem
2404 4826 2696 4878 secundum
2724 4824 2939 4879 divitias
2968 4825 3369 4884 intestimabiles
3391 4830 3785 4885 misericordia:

2222 4925 2346 4985 tum,
2384 4917 2477 4986 qui
2514 4917 2659 4972 solus
2694 4931 2754 4973 cs
2793 4917 3119 4973 reformator
3153 4933 3421 4975 creatum
3449 4920 3795 4989 quant-solus

2219 5007 2484 5063 formasti.

2290 5097 2463 5163 Nunc,
2495 5099 2803 5153 misericors
2848 5086 3025 5165 Pater,
3075 5101 3141 5154 ad
3194 5110 3249 5154 te
3297 5101 3565 5171 confugio,
3613 5102 3798 5160 sciens

2219 5189 2360 5258 quod
2391 5203 2493 5240 non
2519 5198 2604 5242 est
2628 5189 2758 5241 mihi
2785 5189 2907 5257 fuga
2936 5205 2963 5242 a
2997 5199 3047 5241 te
3072 5189 3175 5243 nisi
3204 5190 3269 5241 ad
3300 5198 3371 5242 te.
3405 5190 3536 5256 Quis
3559 5204 3645 5242 me
3682 5206 3793 5259 po-

2222 5289 2327 5334 test
2357 5280 2588 5334 liberare
2624 5281 2689 5334 de
2726 5281 2974 5334 manibus
3020 5282 3149 5347 tuis,
3188 5282 3287 5343 nisi
3324 5290 3376 5333 tu
3402 5281 3599 5337 solus?
3627 5281 3797 5337 Libe-

2222 5386 2342 5426 rare
2370 5386 2454 5425 me
2490 5380 2662 5439 potest
2694 5372 3059 5426 misericordia
3098 5384 3205 5434 tua,
3238 5389 3396 5442 quam
3433 5381 3511 5425 tot
3534 5380 3587 5426 et
3627 5374 3800 5428 lautis

2223 5465 2594 5534 iniquitatibus
2640 5465 2772 5517 meis
2822 5478 2924 5516 non
2965 5464 3134 5519 solum
3180 5464 3442 5527 dementi,
3490 5467 3584 5518 sed
3623 5465 3796 5520 etiam

2222 5556 2547 5630 impugnavi,
2596 5557 2662 5612 ab
2695 5544 3091 5626 irajustissima
3123 5564 3233 5623 tua,
3284 5571 3441 5627 quam
3488 5555 3799 5612 infelicissi-

3666 5888 3675 5897 ο

3722 6060 3733 6069 ι
