4190 6250
312 275 437 341 vis
979 351 982 354 η

331 408 453 448 mus
498 399 552 446 et
599 386 935 460 gratissimus
986 378 1214 434 irritavi.
1270 375 1434 444 igitur
1492 375 1689 459 suscipi

334 486 572 553 dignare,
604 458 849 538 Domine,
887 477 1245 525 revertentem
1275 465 1343 519 ad
1384 471 1458 516 te.
1492 461 1712 523 Averte,
1741 458 1900 553 obse-

333 548 424 624 cro
478 579 561 635 te,
605 566 794 622 oculos
848 568 1065 616 sanctos
1111 557 1180 611 ab
1228 552 1705 624 ingratitudinibus
1766 548 1901 602 meis

334 670 491 730 atque
523 653 818 726 spurcitiis.
858 650 941 704 Ad
989 636 1513 716 teipsum,iobsecro,
1546 640 1777 708 respice,
1814 637 1898 691 cui

330 760 602 814 nunquam
637 743 753 797 sine
789 741 957 795 veniae
989 752 1085 806 spe
1132 734 1484 803 supplicatur.
1519 733 1573 785 In
1614 730 1901 797 temetipso

333 833 573 888 invenies
603 830 741 885 unde
764 840 817 884 et
841 838 1057 897 propter
1095 825 1236 893 quod
1270 822 1579 877 miserearis
1604 820 1900 875 secundum

333 921 711 975 abundantiam
740 900 1022 972 suavitatis
1045 924 1171 979 tua},
1203 920 1260 968 et
1289 910 1708 965 immensitatem
1742 908 1900 962 mise-

332 991 577 1069 ricordia:
608 1019 725 1062 tum.
768 1002 913 1069 Noli,
934 1006 1180 1068 obsecro,
1216 1002 1281 1057 ad
1315 1016 1399 1055 me
1437 999 1736 1067 respicere,
1773 998 1899 1066 quia

332 1081 464 1154 nihil
497 1099 549 1152 in
597 1112 683 1151 me
721 1096 980 1158 invenies,
1029 1094 1130 1167 nisi
1176 1093 1315 1146 unde
1357 1090 1519 1144 irasci
1550 1090 1772 1153 debeas,
1818 1089 1901 1143 vel

328 1190 433 1245 nisi
462 1197 634 1242 morte
661 1201 861 1241 materna
890 1184 1287 1253 dignissimum.
1316 1183 1537 1243 Averte,
1570 1180 1797 1245 obsecro
1828 1192 1898 1243 te,

329 1280 578 1343 Domine,
618 1277 803 1333 oculos
843 1286 962 1331 tuos
999 1284 1223 1329 sanctos
1261 1288 1290 1325 a
1336 1281 1627 1342 conspectu
1672 1272 1904 1341 turpitu-

332 1369 517 1423 dinum
562 1379 618 1423 et
670 1367 1127 1423 abominationum
1176 1377 1440 1428 mearum,
1505 1377 1643 1431 quas
1695 1364 1741 1417 si
1802 1378 1903 1433 ego

331 1458 614 1525 perlucide
643 1460 887 1527 et’pleue
916 1455 1281 1524 conspicerem
1306 1461 1362 1508 et
1389 1452 1649 1517 viderem,
1677 1452 1903 1506 horrore

327 1553 501 1605 nimio
544 1566 648 1605 non
691 1551 1035 1614 sustinerem,
1083 1548 1175 1602 sed
1207 1561 1292 1599 me
1336 1547 1512 1615 ipsum
1543 1545 1820 1599 herrerem
1849 1552 1903 1597 et

284 1696 287 1697 ν
330 1639 593 1708 fugerem.
644 1638 857 1700 Averte,
910 1637 1155 1702 obsecro,
1208 1638 1369 1688 nares
1416 1643 1535 1685 tuas
1580 1648 1609 1685 a
1642 1632 1903 1685 fetoribus

330 1727 501 1791 meis;
550 1736 604 1779 et
651 1728 717 1781 ad
767 1726 1108 1794 temetipsum
1158 1731 1433 1777 converte.
1488 1720 1633 1787 Scio,
1680 1722 1905 1779 Domino

327 1820 735 1883 misericordiae,
773 1820 913 1887 quod
959 1816 1143 1888 mundi
1173 1822 1299 1870 sunt
1335 1812 1479 1875 oculi
1505 1813 1580 1867 tui
1609 1814 1805 1880 sancti,
1851 1823 1905 1867 et

325 1910 611 1980 horrorem
655 1907 1010 1969 deformitatis
1054 1918 1208 1972 mete,
1263 1902 1366 1957 nisi
1414 1910 1470 1955 tu
1506 1901 1903 1957 dederis-mibi

322 1990 495 2062 bona,
527 1998 718 2067 quibus
759 1997 998 2067 placeam
1044 1995 1165 2060 tibi,
1209 2009 1317 2047 non
1370 2000 1596 2061 possunt
1638 1990 1901 2061 aspicere.

329 2084 459 2146 Scio
504 2086 646 2158 quod
677 2067 791 2140 tota.
836 2097 923 2139 tua
956 2083 1123 2139 curia
1176 2082 1414 2137 cmlestis
1466 2078 1667 2135 avertit
1719 2073 1913 2136 oculos

324 2182 482 2249 Suos,
523 2194 575 2235 et
617 2195 776 2233 aures
822 2180 1061 2243 obturat,
1111 2173 1540 2229 abominationes
1586 2187 1735 2226 meas
1765 2172 1907 2226 ferre

328 2286 442 2326 non
468 2260 901 2326 sustinens..Sed
940 2278 1014 2330 tu,
1059 2260 1366 2319 misericors
1391 2264 1572 2328 Pater,
1600 2266 1666 2317 ad
1702 2264 1902 2317 fontem

331 2362 485 2414 illum
522 2359 899 2414 misericordiae
928 2364 1265 2413 convertere,
1319 2353 1472 2419 cujus
1521 2346 1906 2407 misericordia:

328 2462 442 2501 non
481 2456 561 2501 est
592 2460 845 2511 numerus
870 2434 977 2497 [nec
1025 2442 1169 2504 linis,
1203 2450 1257 2494 et
1306 2440 1392 2509 pio
1425 2454 1488 2494 ac
1532 2454 1725 2520 sereno
1759 2441 1904 2495 vultu

331 2538 543 2606 respice
574 2552 657 2591 me
687 2544 985 2601 creaturam
1018 2543 1182 2586 tuam.
1215 2531 1476 2586 Creatura
1509 2542 1598 2586 tua
1629 2545 1729 2600 ego
1759 2546 1900 2599 sum,

330 2630 581 2693 Domine,
613 2639 665 2681 et
693 2641 825 2695 opus
859 2640 1113 2679 manuum
1148 2634 1383 2676 tuarum.
1506 2690 1509 2691 ν

405 2716 661 2772 Reforma
710 2718 889 2785 igitur,
935 2714 1178 2779 obsecro,
1212 2712 1353 2783 quod
1401 2712 1455 2765 in
1504 2726 1592 2766 me
1632 2712 1909 2781 fecisti,et

328 2805 555 2858 destrne
585 2804 726 2872 quod
770 2817 869 2873 ego
912 2810 1099 2857 contra
1151 2801 1402 2871 mandata
1438 2809 1528 2854 tua
1565 2800 1617 2855 iu
1653 2816 1738 2855 me
1781 2801 1902 2857 feci.

332 2895 449 2949 lloc
485 2895 647 2964 igitur
678 2895 894 2948 destrue
941 2892 1093 2961 quod
1125 2891 1285 2946 oJisti
1320 2892 1379 2955 in,
1408 2905 1517 2955 me,
1549 2899 1606 2945 et
1657 2890 1799 2960 quod
1850 2902 1903 2946 tu

328 2978 523 3054 utique
553 3000 661 3038 non
704 2985 900 3046 fecisti.
931 2985 1025 3038 sed
1067 2999 1167 3053 ego
1204 2984 1387 3037 miser.
1434 2982 1548 3036 Hoc
1589 2983 1821 3037 reforma
1853 2992 1907 3036 et

329 3075 497 3128 retice
530 3074 670 3143 quod
718 3084 772 3127 tu
820 3074 934 3141 ipse
968 3071 1143 3127 fecisti
1187 3080 1243 3125 et
1289 3070 1558 3124 formasti.
1596 3069 1708 3125 Hoc
1757 3068 1900 3123 enim

328 3160 425 3217 (δεῖ
448 3173 618 3228 tuum,
651 3165 873 3218 Domine
908 3163 1045 3223 lituis
1076 3177 1244 3225 meus,
1276 3163 1375 3215 hoc
1405 3170 1488 3215 est
1526 3161 1727 3224 odisse,
1761 3163 1913 3228 quod.

330 3266 440 3305 non
498 3266 677 3318 posse.
728 3250 878 3304 Nihil
932 3251 1087 3303 odisti
1148 3266 1326 3303 eorum
1369 3267 1485 3318 qua:
1530 3249 1698 3317 fecisti
1752 3248 1902 3318 (Sap.

332 3351 411 3401 xl,
471 3338 585 3409 25).
634 3336 744 3393 Hoc
774 3340 990 3392 destrue
1036 3339 1088 3390 in
1124 3353 1207 3391 me
1234 3340 1373 3406 quod
1406 3352 1581 3391 meum
1628 3349 1735 3402 cst,
1764 3338 1905 3407 quod

331 3427 522 3494 utique
554 3436 605 3480 tu
650 3443 753 3481 non
783 3426 980 3490 fecisti,
1020 3428 1122 3480 hoc
1149 3438 1252 3490 est,
1282 3426 1667 3494 turpitudinem
1694 3427 1901 3480 abomi-

330 3517 613 3571 nationum
648 3532 908 3571 mearum.
942 3516 1017 3570 Ne
1050 3530 1133 3569 me
1172 3517 1438 3569 destruas.
1483 3515 1631 3568 lianc
1664 3516 1902 3579 destrue,

330 3604 645 3658 misericors
687 3612 742 3660 et
777 3606 1062 3658 miserator
1093 3603 1349 3666 Domine;
1381 3603 1519 3655 hanc
1544 3604 1685 3655 enim
1718 3604 1900 3665 odisti,

298 3688 553 3767 ‘ethanc
583 3700 638 3745 ut
659 3693 837 3747 odisse
871 3692 1124 3759 incipiam
1157 3691 1284 3743 mihi
1316 3691 1541 3758 largitus
1570 3682 1665 3741 es.

851 3779 1218 3834 MEDITATIO
1260 3777 1385 3831 Vill.
1414 3818 1439 3861 θ

653 3869 886 3923 Eleralio
926 3870 1214 3937 pwnilenlis
1244 3869 1311 3919 ad
1345 3865 1585 3921 Patrem.

406 3961 657 4030 Respice,
680 3960 923 4020 obsecro,
950 3966 1133 4010 sancte
1158 3955 1312 4009 Pater
1335 3956 1677 4023 omniptitens
1704 3967 1905 4013 aeterne

328 4051 498 4113 Deus.
531 4050 598 4103 ad
640 4049 783 4102 illam
818 4045 1197 4101 misericordia:
1235 4054 1337 4098 tua:
1381 4045 1899 4100 cxundanlissimam

262 4132 267 4137 ’
326 4143 607 4214 abyssum,
637 4153 742 4209 qua
768 4126 928 4192 .velut
974 4137 1231 4192 diluvium
1258 4124 1567 4207 {ablutioiiis
1594 4139 1900 4193 cbarissimi

325 4231 456 4286 Filii
492 4232 565 4284 tui
614 4229 873 4298 unigeniti
908 4226 1356 4299 pretiosissimum
1406 4225 1805 4296 virilicumque,
1848 4230 1899 4282 in

330 4324 519 4377 mundi
564 4320 943 4376 emundatione
972 4317 1289 4382 exundavit,
1324 4316 1476 4385 cujus
1507 4327 1560 4371 et
1587 4327 1759 4372 morte
1784 4320 1898 4388 pla-
1935 4338 1978 4389 ι)

328 4415 447 4468 cuit
490 4412 710 4465 bonitati
743 4420 844 4464 tuae.
891 4409 1052 4464 etiam
1081 4423 1177 4463 nos
1211 4406 1512 4471 vivificare,
1542 4418 1593 4461 ct
1624 4408 1741 4476 ejus
1770 4424 1896 4462 san-

323 4503 494 4572 guine
535 4503 733 4555 lavare.
764 4500 863 4565 Qui
900 4501 1062 4553 etiam
1095 4498 1287 4551 Filium
1336 4507 1483 4550 tuum
1516 4499 1897 4551 charissimum

330 4592 533 4646 mundo
559 4599 709 4642 scuto
736 4584 887 4642 bonae
913 4587 1202 4641 voluntatis
1231 4595 1331 4639 tum
1358 4584 1529 4655 (Paul.
1578 4601 1628 4650 γ,
1665 4585 1750 4655 15)
1797 4586 1902 4640 lar-

324 4684 478 4752 gitus
503 4698 579 4745 es,
612 4696 718 4749 quo
748 4695 815 4751 se
843 4681 908 4733 ab
946 4681 1023 4732 ira
1062 4688 1149 4732 tua
1182 4688 1547 4747 protegerent,
1575 4688 1626 4751 ct
1659 4688 1898 4733 mortem

329 4789 497 4841 quam
522 4781 785 4835 metuunt,
829 4771 942 4839 ipse
969 4771 1108 4823 illam
1136 4781 1288 4824 scuto
1326 4772 1550 4838 justitiae
1582 4780 1684 4824 tua:
1716 4781 1770 4824 ct
1808 4772 1898 4839 ju-

329 4863 584 4917 stissima:
630 4862 721 4915 ira:
751 4870 851 4914 tua:
894 4858 1099 4926 objecto
1141 4860 1432 4928 exciperet.
1485 4859 1607 4925 Ubi,
1639 4870 1897 4927 quantum

328 4969 429 5024 per
484 4940 733 5006 te'nobis
777 4950 901 5004 boni
948 4950 1132 5012 velles,
1182 4950 1468 5003 ostendere
1511 4948 1762 5018 dignatus
1816 4965 1894 5014 es,

330 5048 459 5096 dum
492 5041 863 5095 charissimum
913 5039 1104 5092 Filium
1141 5026 1310 5102 tuum,
1344 5039 1487 5091 velut
1538 5048 1772 5103 scutum,
1808 5040 1898 5091 ἱνω

332 5144 439 5186 ΗΚΒ
487 5144 756 5200 opponere
794 5130 1040 5198 dignatus
1072 5142 1149 5180 cs.
1206 5128 1271 5179 Et
1301 5128 1473 5196 ipsum
1507 5127 1709 5195 placuit
1739 5129 1896 5181 mise-

328 5222 576 5274 ricordiae
608 5229 709 5271 [me
751 5229 804 5271 et
832 5220 962 5271 iram
996 5227 1141 5270 tuam
1185 5228 1238 5269 ct
1271 5227 1497 5270 mortem
1533 5225 1768 5271 nostram
1803 5233 1895 5272 ex-

327 5308 529 5376 cipere,
562 5311 693 5364 iram
741 5322 898 5373 quam
949 5319 1336 5365 merueramus,
1386 5315 1439 5356 et
1489 5314 1735 5372 mortem.
1780 5306 1895 5374 lpsc

326 5412 459 5450 vero
490 5397 802 5467 Unigenitus
854 5404 973 5447 tuus
1018 5406 1243 5447 mortem
1292 5404 1530 5447 nostram
1580 5390 1724 5447 soliis
1762 5409 1891 5462 por-

330 5480 483 5537 tavit.

399 5582 742 5636 Ileminiscerc
793 5582 1178 5634 mixerationunt
1236 5592 1469 5645 (narum,
1529 5580 1787 5649 Domine,
1847 5594 1888 5638 ct

652 5674 919 5735 l'nunL.
978 5671 1241 5730 CLVIII.

1688 237 2103 307 MEDITATIHN
2113 241 2213 297 ES.

1270 375 1434 444 [gitur
1492 368 1769 436 suscipere
1810 378 1895 417 me
1923 362 1973 422 Α
2002 352 2482 409 misericordiarum
2519 358 2751 414 tuarum,
2791 362 2907 418 qui:
2939 362 2969 398 α
3013 344 3203 399 διευτυηό
3247 351 3363 395 sunt
3392 340 3565 410 (l‘ml.

3464 222 3565 279 liii

2003 460 2152 507 xxxv,
2190 442 2275 512 6);
2312 448 2366 495 et
2414 443 2631 495 conanti
2682 450 2945 493 creatura:
2995 448 3097 492 tua:
3145 438 3213 492 ad
3262 446 3313 490 te
3357 436 3597 506 porrige.

2003 522 2329 588 tlexteram.‘
2371 530 2573 599 Adjuva
2633 528 3005 591 inﬁrmitatem
3059 527 3309 582 conantis
3368 527 3434 578 ad
3494 535 3567 577 te.

2004 622 2179 677 Trahe
2213 625 2408 691 ipsum,
2437 622 2527 690 qui
2573 620 2683 674 scis
2727 619 2901 688 ipsum
2933 633 3038 671 non
3085 633 3241 685 posse
3276 619 3340 671 ad
3375 628 3427 672 te
3476 632 3569 671 ve-

2003 713 2141 775 nire,
2169 712 2268 765 nisi
2302 722 2355 773 tu
2385 710 2546 779 Pater
2571 710 2804 762 traxeris
2837 723 2958 762 eum
2993 699 3099 761 tuo
3150 722 3330 762 amore
3354 719 3409 761 et
3431 706 3573 761 desi-

2004 802 2153 855 derio
2182 800 2363 869 (Joan.
2395 816 2472 864 v1,
2502 799 2614 864 4H).
2644 798 2750 852 Fac
2778 812 2862 851 me
2895 810 3111 851 servum
3139 798 3232 850 tibi
3266 797 3569 865 acceptabi-

2005 890 2106 943 lem
2135 899 2191 944 et
2217 889 2494 959 placitum,
2535 888 2626 956 qui
2677 888 2786 941 scis
2826 872 3048 941 menon
3080 902 3240 957 posse
3282 887 3444 941 aliter
3475 887 3571 943 tibi

2004 980 2235 1048 placere.
2301 980 2400 1042 Da,
2463 978 2723 1044 cbsecro,
2779 978 2920 1033 dona
2975 978 3063 1034 illa
3118 989 3351 1045 sancta,
3382 979 3574 1049 quibus

2005 1070 2132 1124 solis
2162 1070 2254 1123 tibi
2289 1069 2573 1138 placeam;
2606 1068 2699 1139 qui
2746 1068 2855 1139 das
2882 1068 3021 1123 bona
3067 1080 3220 1141 grata
3267 1060 3577 1139 petentibus

2006 1143 2087 1221 ie;
2118 1155 2223 1222 fac,
2252 1172 2456 1227 quaeso,
2493 1166 2551 1213 ut
2582 1167 2636 1212 tu
2668 1158 2827 1233 solus
2861 1158 2937 1213 sis
2977 1173 3129 1214 amor
3172 1176 3322 1215 meus
3348 1169 3405 1215 et
3439 1161 3581 1217 de“!

2005 1248 2215 1303 derium
2267 1246 2468 1313 meum,
2502 1257 2559 1302 tu
2607 1249 2757 1304 solus
2805 1250 2880 1305 sis
2926 1264 3081 1325 amor
3122 1251 3285 1321 216
3326 1268 3478 1307 meus
3523 1264 3579 1307 et

2008 1339 2167 1393 timor
2196 1353 2367 1394 meus.
2411 1339 2633 1405 Vindica
2678 1356 2763 1395 me
2812 1350 2983 1395 totum
3013 1340 3107 1396 tibi
3152 1344 3241 1409 qui
3276 1357 3363 1396 me
3409 1353 3576 1398 totum

2002 1429 2145 1497 quod
2174 1445 2315 1496 sum,
2357 1440 2414 1486 et
2440 1440 2622 1487 totum
2666 1431 2807 1501 quod
2847 1433 2898 1485 in
2948 1446 3054 1495 me,
3087 1433 3195 1486 imo
3242 1441 3411 1486 totum
3439 1434 3633 1502 quodi

2007 1520 2177 1589 sapio,
2211 1529 2379 1574 totum
2424 1521 2569 1591 quod
2619 1510 2856 1584 moveor.
2908 1523 3103 1597 debere
3154 1522 3248 1576 tibi
3293 1523 3389 1577 soli
3444 1523 3579 1579 scio.

2009 1609 2200 1663 Totum
2229 1626 2315 1665 me
2347 1622 2602 1667 converte
2628 1612 2679 1666 in
2708 1614 2916 1668 laudem
2947 1623 3001 1668 et
3026 1613 3253 1685 gloriam
3282 1625 3454 1678 tuam,
3485 1613 3578 1683 qui

1936 1700 1977 1757 Β
2008 1708 2174 1754 totum
2219 1717 2306 1756 me
2334 1703 2504 1758 debeo
2541 1704 2682 1777 laudi
2725 1712 2852 1757 tum.
2900 1701 2978 1759 Ne
3004 1708 3206 1769 tradas,
3237 1704 3461 1761 obsecro
3504 1716 3576 1767 te,

2007 1793 2251 1859 Domine,
2290 1790 2534 1848 hostibus
2566 1795 2669 1849 tuis
2711 1804 3012 1851 creaturam
3044 1806 3212 1860 tuam,
3258 1797 3428 1851 retine
3461 1812 3577 1851 eam

2008 1881 2124 1943 tibi,
2156 1880 2307 1948 cujus
2350 1890 2435 1936 est
2461 1881 2627 1936 solius
2652 1882 2984 1950 plenissime,
3028 1895 3082 1939 et
3109 1885 3417 1954 singillatim
3447 1901 3581 1941 cono

2007 1986 2216 2027 summa
2244 1972 2296 2027 in
2315 1987 2401 2029 me
2424 1973 2564 2044 quod
2590 1974 2823 2044 coepisti,
2852 1985 2906 2030 et
2935 1955 3193 2043 confirma
3219 1977 3359 2045 quod
3386 1990 3580 2047 Opera-

2010 2070 2097 2114 tus
2131 2076 2210 2116 es.
2270 2127 2275 2132 ⁸
2476 2076 2483 2082 ’
2948 2064 2959 2072 ’
3160 2116 3165 2121 ,

2028 2170 2033 2175 ο
2078 2151 2307 2217 Exaudi,
2373 2151 2629 2216 obsecro,
2681 2156 2982 2210 orationem
3042 2170 3257 2221 meam,
3309 2157 3464 2228 cujus
3522 2168 3577 2213 tu

2009 2240 2235 2311 largitor
2266 2251 2321 2297 et
2367 2241 2660 2311 inspiratur
2699 2260 2780 2308 es,
2827 2254 3115 2313 antequam
3164 2248 3473 2303 invocarem
3507 2259 3577 2306 ta.

2012 2332 2235 2400 Respice
2282 2333 2673 2403 supplicantem
2721 2335 2836 2407 tibi,
2882 2337 2971 2405 qui
3020 2353 3126 2401 me,
3166 2339 3293 2392 dum
3340 2355 3575 2405 erarem.

2012 2425 2279 2492 respicere
2320 2425 2673 2497 sicdignatus
2706 2442 2785 2481 es.
2828 2426 2943 2482 Non
2982 2429 3034 2481 in
3075 2444 3327 2493 vacuum,
3359 2432 3582 2487 misera-

2013 2521 2094 2565 tor
2127 2510 2367 2576 Domine,
2397 2512 2698 2569 orationem
2728 2516 2885 2570 istam
2916 2504 3185 2587 inspirare
3221 2520 3471 2591 dignatus
3495 2534 3575 2586 es.

2009 2616 2115 2654 non
2156 2602 2351 2656 frustra
2401 2617 2519 2656 eam
2570 2602 2796 2673 largitus
2836 2621 2895 2660 es
2932 2608 3081 2661 mihi.
3137 2611 3214 2661 Ad
3251 2611 3350 2664 hoc
3396 2612 3581 2680 utique

2010 2692 2140 2744 mihi
2190 2707 2308 2744 eam
2344 2691 2529 2762 largiri
2567 2693 2819 2763 dignatus
2847 2712 2926 2760 es,
2975 2707 3033 2750 ut
3075 2701 3330 2755 exaudias
3369 2718 3470 2754 me.
3499 2704 3581 2756 Ad

2010 2779 2112 2832 hoc
2140 2779 2330 2833 dedisti
2365 2781 2516 2845 mihi,
2566 2791 2619 2833 ut
2650 2782 3007 2851 supplicarem
3048 2787 3138 2838 tibi
3187 2798 3243 2839 ut
3271 2790 3580 2846 miserearis
3640 2836 3653 2847 ν,

2010 2869 2138 2921 mihi
2163 2871 2431 2937 peccaturi
2461 2881 2514 2925 et
2555 2872 2640 2927 cui
2666 2874 2777 2941 jam
2803 2876 3018 2927 arrltam
3067 2862 3447 2933 misericordiae
3477 2891 3580 2937 tua:

2013 2957 2265 3023 tribuisti,
2319 2958 2513 3028 largire
2562 2961 2853 3015 residuum.
2888 2962 3162 3031 liecupera
3214 2981 3318 3030 me,
3357 2967 3581 3023 Domine

1960 3064 1975 3082 ι
2013 3048 2151 3102 Deus
2199 3042 2366 3112 mens,
2417 3059 2472 3105 et
2501 3066 2628 3104 erue
2663 3052 2728 3105 de
2758 3054 3006 3107 manibus
3050 3056 3387 3111 inimicorum
3434 3075 3579 3114 tneo-

2009 3154 2148 3203 rmn,
2180 3141 2303 3207 quia
2335 3150 2389 3193 et
2443 3140 2539 3209 ipsi
2594 3143 2665 3194 tui
2710 3151 2857 3207 sunt,
2910 3156 2965 3199 et
3016 3147 3419 3215 omnipotentis:
3472 3158 3579 3205 tute

2007 3224 2396 3298 subjiciuntur;
2440 3232 2722 3300 quietiam
2768 3230 2902 3287 nihil
2942 3233 3171 3292 oderunt
3219 3238 3271 3291 in
3315 3253 3421 3306 me,
3472 3242 3573 3296 nisi

2009 3318 2146 3387 quod
2195 3320 2386 3375 dedisti
2424 3323 2553 3375 mihi
2589 3323 2639 3375 in
2690 3321 2941 3378 omnibus
2966 3323 3123 3381 bonis
3174 3328 3405 3383 artibus.
3435 3329 3581 3384 Nihil

1965 3428 1968 3433 ’
2008 3413 2237 3465 oderunt
2266 3415 2317 3467 in
2356 3428 2463 3477 me,
2515 3416 2612 3467 nisi
2658 3420 2799 3482 quod
2842 3414 3008 3485 diligo
3056 3426 3124 3469 te.
3178 3417 3290 3473 lloc
3331 3421 3580 3477 munibus

2009 3500 2197 3554 studiis
2229 3509 2285 3554 ct
2328 3501 2529 3555 viribus
2568 3506 2679 3556 suis
2722 3512 2776 3556 ct
2822 3512 2931 3559 tota
2970 3504 3158 3560 fraude
3193 3507 3482 3563 moliuntur
3512 3526 3579 3565 ne

2007 3587 2220 3658 diligam
2278 3598 2347 3656 te,
2400 3606 2468 3645 ne
2512 3590 2804 3660 glorilicem
2857 3603 2943 3658 te,
3007 3611 3107 3648 nec
3159 3598 3379 3652 omnino
3433 3612 3577 3669 quae-

2010 3689 2121 3727 ram
2158 3684 2224 3728 te.

2078 3764 2156 3821 Ne
2198 3770 2681 3838 ergo'prrevaleant
2733 3773 3015 3828 adversum
3057 3792 3140 3831 me
3178 3778 3361 3832 hostes
3392 3778 3578 3847 gloria:

2011 3859 2239 3921 tnaz,sed
2262 3861 2434 3928 magis
2462 3861 2861 3917 confundantur
2889 3866 3229 3922 multitudine
3259 3870 3571 3925 misericor-

2008 3948 2106 4003 diae
2143 3958 2262 4013 tuae,
2298 3950 2539 4005 videntes
2568 3970 2653 4006 me
2684 3969 3002 4010 cutn'ersum
3038 3959 3088 4010 iu
3120 3958 3331 4013 laudem
3361 3970 3415 4015 et
3459 3962 3574 4031 glo-

2007 4038 2140 4092 riam
2184 4049 2325 4093 luam
2371 4050 2535 4095 totum
2571 4059 2812 4111 qurerere
2854 4062 3039 4115 pacem
3075 4057 3130 4101 et
3167 4049 3392 4119 gloriam
3423 4060 3566 4108 tuam

2006 4140 2192 4182 contra
2245 4130 2579 4195 insidiantes,
2628 4146 2679 4187 ct
2716 4136 2866 4204 cujus
2915 4139 3341 4193 immutationem
3395 4143 3574 4198 inten-

2004 4218 2155 4272 dunt.
2187 4220 2262 4274 Ne
2305 4222 2505 4290 expleri
2535 4211 2779 4292 patiaris,
2813 4226 3038 4281 obsecro
3071 4238 3141 4292 te,
3187 4230 3433 4294 Domine,
3464 4241 3572 4289 tam
3654 4274 3659 4275 ν

2005 4310 2259 4378 iniquam,
2311 4322 2416 4364 tam
2469 4317 2854 4369 exsecrabilem
2902 4317 3234 4373 voluntatem
3266 4335 3463 4383 eorum
3505 4324 3573 4383 de
3646 4352 3659 4361 π-

2006 4414 2109 4461 me,
2137 4409 2191 4454 et
2222 4412 2408 4477 contra
2435 4416 2536 4456 me.
2584 4404 2861 4474 Magniﬁca
2888 4423 3034 4478 ergo,
3071 4408 3210 4463 Deus
3248 4426 3417 4477 meus,
3450 4415 3537 4468 ani
3558 4444 3573 4455 -

2004 4488 2147 4541 mam
2199 4505 2369 4543 meam
2421 4492 2486 4544 ad
2541 4495 2962 4548 annuutianlum
3014 4496 3225 4552 laudem
3282 4510 3462 4567 tuam,
3515 4511 3572 4556 et
3648 4526 3655 4535 κ

2003 4578 2184 4645 gloria:
2216 4587 2316 4632 tua:
2346 4582 2632 4648 praeconia,
2677 4592 2733 4635 ut
2764 4592 2905 4638 totus
2935 4585 3000 4639 de
3047 4596 3242 4641 cmtero
3271 4592 3567 4646 secundum

2003 4669 2418 4737 magnitudinem
2448 4670 2630 4738 gloria?
2665 4682 2766 4726 ture
2811 4676 3011 4740 vivam,
3061 4686 3276 4747 totaque
3312 4680 3419 4735 vita
3449 4696 3567 4737 mea

2004 4768 2053 4813 te
2104 4757 2387 4826 glorificet.
2441 4761 2699 4832 Exemplo
2755 4780 2875 4818 meo
2925 4766 2990 4820 ad
3039 4768 3439 4838 glorificandum
3492 4781 3566 4837 te.

2003 4847 2166 4901 invita
2195 4858 2247 4902 et
2276 4865 2503 4917 provoca
2536 4844 2732 4909 multos
2769 4858 3193 4925 przedestinatos.
3244 4862 3566 4926 Abstrahat,

2001 4956 2204 5007 quaeso,
2223 4941 2507 4999 vilissimos
2522 4930 2574 4999 et
2597 4946 3055 5002 immundissimos
3072 4951 3565 5023 abominabilesque

2000 5032 2217 5097 spiritus
2258 5033 2597 5089 tenebrarum
2631 5052 2659 5088 a
2707 5052 2815 5101 me,
2846 5042 3144 5107 pra-sentite
3186 5041 3565 5099 lutninositatis

1999 5131 2051 5173 ct
2080 5124 2364 5177 suavitatis
2390 5125 2573 5194 gloria:
2603 5136 2726 5191 tute,
2772 5144 2931 5197 quam
2977 5131 3242 5185 sustinere
3271 5149 3375 5185 non
3426 5149 3551 5201 pos-

1997 5222 2143 5265 sunt.
2175 5212 2662 5281 Dirunquincula
2695 5232 2836 5278 mea,
2878 5227 2929 5269 et
2959 5218 3093 5271 cduc
3140 5234 3225 5272 me
3250 5220 3317 5272 de
3346 5223 3564 5275 conclu-

1999 5303 2167 5367 sione,
2216 5314 2269 5357 et
2298 5305 2361 5358 de
2404 5319 2621 5358 carcere
2652 5305 2870 5359 horrido
2908 5316 2963 5360 et
3008 5309 3294 5364 tercbroso
3345 5312 3556 5365 teterri-

1999 5411 2209 5464 moque,
2246 5405 2299 5450 el
2343 5396 2407 5449 de
2438 5396 2555 5448 lacu
2591 5396 2845 5462 miseria},
2892 5408 2941 5452 et
2992 5400 3055 5452 de
3085 5400 3195 5454 luto
3224 5402 3386 5463 farris.
3418 5413 3470 5454 et
3498 5403 3560 5453 de

1998 5489 2258 5555 profundo
2305 5487 2492 5541 mortis
2548 5496 2599 5540 et
2653 5490 2997 5543 tenebrarum
3051 5492 3101 5543 in
3146 5491 3451 5545 libertatem
3500 5498 3556 5544 ct

2017 5594 2165 5632 uccm
2197 5588 2339 5631 tuam
2369 5576 2756 5631 admirabilem.

3171 5672 3245 5727 2's
