4190 6228
718 243 819 299 7ὅ7

1076 250 1134 304 3.
1172 250 1469 309 ANSELMI
1507 254 1852 313 CAN’I'UAR.
1893 255 2212 316 A-Rtiﬂlm’.
2241 257 2390 316 OPP.
2432 261 2609 320 PARS
2646 264 2709 318 Il.
2740 288 2813 306 -—-
2852 267 3222 329 PARENET.‘
3254 276 3343 330 ET
3379 278 3619 334 ASCET.

3900 64 3909 75 ς

3916 64 3953 95 l"
4010 78 4045 89 “'

3918 118 3927 127 η

3881 290 3968 346 748

789 356 1037 414 lllumina
1067 374 1155 415 me
1200 364 1304 418 fide
1332 344 1687 420 saluberrima
1722 379 1834 436 tua,
1864 369 2080 449 laetiﬁca
2127 388 2213 429 me
2255 382 2309 429 et
2339 376 2384 431 Α
2417 373 2581 428 tantis
2632 373 2945 433 vulneribus
2999 390 3056 434 et
3110 385 3521 453 egritudinibus
3568 400 3625 446 et
3674 401 3841 450 morte
3865 398 3966 468 ipsa

718 449 980 507 conﬁrma
1017 469 1111 521 spe
1137 455 1529 525 iucundissima
1563 466 1618 512 et
1657 458 1979 518 certissima
2010 474 2120 517 tua.
2158 464 2307 517 Vivi-

720 539 822 593 lica
855 555 939 595 me
971 541 1262 597 dilectione
1282 537 1583 600 'fortissima
1622 555 1676 602 et
1708 547 2013 617 justissima
2047 557 2157 603 tua.
2204 548 2307 605 De-

656 698 659 705 ι
716 632 889 699 prime
917 646 1003 686 me
1038 643 1094 687 et
1126 634 1348 689 humilia
1378 645 1542 707 atque
1564 639 1774 693 custodi
1822 652 1907 692 me
1952 637 2150 693 timore
2193 638 2307 694 for-

650 708 653 711 ’
715 720 947 783 tissime,
980 725 1335 781 securissimo
1376 738 1432 781 et
1490 719 1846 781 invictissime
1874 727 2307 787 tuo.'Confunde

710 811 1005 867 salubriter
1045 830 1136 871 me
1164 818 1370 887 pudore
1424 819 1794 887 pulcherrimo
1827 830 1881 875 et
1908 820 2306 890 gloriosissimo

709 915 823 959 tuo.
876 904 1108 973 Quoties
1153 917 1279 963 ante
1337 909 1524 965 oculos
1580 918 1702 967 tuos
1750 911 1957 983 aliquid
2010 914 2157 981 quod
2210 927 2304 970 eos

705 994 950 1051 oﬂ‘endat
982 997 1168 1061 affero,
1216 1004 1428 1069 torque
1452 1016 1559 1067 me,
1611 1002 1789 1074 amige
1832 1020 1923 1058 me
1960 1004 2148 1059 dolore
2179 1019 2300 1058 mu-

707 1082 886 1157 liebri,
923 1098 978 1143 et
1002 1089 1327 1145 suavissimo
1353 1092 1513 1148 modo
1545 1095 1986 1164 compunctionis
2016 1094 2302 1150 medicinae

708 1176 1100 1235 efficacissimae
1126 1187 1252 1246 tuae,
1286 1196 1353 1237 ne
1382 1184 1633 1240 recedam
1661 1201 1691 1240 a
1724 1186 1862 1240 facie
1908 1184 2299 1241 misericordia:

708 1279 814 1351 tuae
839 1283 1043 1325 vacuus
1084 1280 1142 1327 et
1170 1271 1448 1337 confusus,
1480 1274 1574 1330 sed
1612 1274 1884 1329 obtincam
1922 1274 2210 1346 quidquid,
2245 1285 2297 1331 te

699 1358 946 1427 jubente,
990 1368 1043 1416 te
1072 1361 1337 1433 largiente
1366 1374 1419 1418 et
1448 1365 1775 1439 inspirante,
1807 1373 2010 1434 petam,
2053 1375 2107 1421 et
2142 1368 2297 1435 quid-

704 1453 835 1521 quid
874 1464 927 1509 te
955 1457 1265 1531 petentibus
1292 1458 1609 1526 promisisti.
1659 1457 1925 1523 Sentiam,
1980 1460 2296 1515 misericors

703 1550 760 1596 et
786 1543 1074 1602 miseratur
1104 1546 1351 1610 Domine,
1382 1548 1526 1616 quod
1556 1562 1661 1603 non
1693 1547 1746 1602 in
1777 1564 1973 1603 vanum
2016 1549 2081 1603 ad
2132 1550 2294 1605 mise-

702 1634 994 1691 ric0rdiam
1044 1645 1191 1691 tuam
1236 1636 1567 1710 confingitur,
1621 1648 1676 1695 et
1722 1649 1925 1710 praesto
1973 1656 2034 1696 es
2069 1648 2293 1709 tequae-

702 1727 949 1783 rentibus
991 1728 1057 1783 ad
1109 1727 1489 1782 inveniendum
1519 1738 1593 1792 te,
1636 1740 1690 1784 et
1717 1731 1862 1800 quod
1905 1746 2012 1788 non
2042 1728 2292 1787 deliciam

701 1819 844 1888 apud
874 1828 923 1874 te
955 1819 1157 1874 fontem
1209 1820 1597 1877 misericordiae
1629 1832 1754 1885 tuac,
1803 1822 1893 1892 qui
1926 1822 1992 1893 de
2019 1824 2290 1894 profundo

700 1922 787 1962 me
823 1910 1072 1979 eripuisti
1096 1950 1110 1973 ,
1151 1918 1206 1974 et
1233 1926 1372 1982 quae,
1406 1920 1459 1966 et
1485 1919 1711 1982 quanta.
1756 1922 1811 1969 et
1839 1923 1972 1984 quot
2014 1913 2287 1986 intelligis,

697 2000 996 2056 contulisti.
1052 2001 1250 2059 Eadem
1304 2004 1507 2075 quippe
1551 2004 1808 2060 facultate
1856 2006 2285 2076 omnipotentiae,

699 2093 982 2164 sapientite
1006 2104 1063 2151 et
1084 2094 1346 2153 bonitatis
1374 2108 1500 2163 tua),
1532 2113 1639 2169 qua
1676 2098 1865 2154 dixisti
1892 2108 1949 2165 et
1983 2099 2126 2165 facta
2156 2110 2284 2156 sunt

692 2184 906 2252 omnia,
936 2199 1001 2242 ea
1039 2184 1304 2243 facilitate
1348 2190 1737 2246 misericordiae
1766 2198 1872 2245 tuae
1896 2191 2081 2249 dicere
2104 2200 2283 2263 petes,

698 2284 755 2330 et
792 2275 1241 2335 informabuntur'
1262 2278 1314 2333 in
1350 2295 1436 2335 me
1459 2281 1642 2337 omnia
1665 2280 1995 2339 deformata.

646 2428 651 2434 ,
767 2367 934 2435 Ecce,
984 2370 1328 2441 omnipotens
1374 2380 1432 2426 et
1484 2372 1797 2429 misericors
1848 2372 2029 2440 Pater,
2094 2384 2173 2430 tot
2232 2386 2287 2432 et

690 2469 843 2517 tanta
878 2462 1144 2519 beneficia
1193 2470 1283 2518 tua
1334 2478 1455 2534 qute
1500 2465 1703 2536 recepi,
1732 2467 2072 2533 enumeravi,
2118 2477 2194 2525 tot
2231 2478 2286 2525 et

618 2605 623 2609 ,
674 2540 845 2623 tanta
876 2551 1040 2618 mala,
1079 2566 1200 2622 quae
1227 2550 1456 2609 bonitati
1494 2562 1600 2610 tum
1637 2555 1870 2621 reddidi,
1902 2544 2163 2635 recitavi;
2200 2558 2287 2613 in—

688 2639 820 2697 felix
872 2654 975 2713 ego
1017 2656 1136 2698 sum
1182 2650 1238 2699 et
1288 2643 1554 2715 ingratus,
1606 2645 1698 2715 qui
1749 2656 1872 2716 post
1909 2655 1986 2702 tot
2029 2658 2086 2704 et
2132 2656 2281 2703 tanta

688 2728 856 2797 mala,
900 2746 1023 2804 qua:
1066 2742 1289 2790 manent
1334 2751 1441 2802 me,
1482 2746 1535 2793 el
1584 2737 1870 2795 imminent
1911 2740 2068 2804 mihi,
2105 2740 2282 2797 adhuc

687 2820 885 2890 gelido,
911 2822 1050 2878 duro
1072 2830 1129 2879 et
1149 2824 1447 2895 impudenti
1469 2836 1524 2882 et
1552 2836 1768 2883 mortuo
1794 2837 1849 2883 et
1876 2830 2096 2900 stupido
2118 2833 2281 2887 corde

688 2924 808 2966 sum
842 2926 1027 2967 coram
1075 2920 1147 2975 te,
1197 2918 1253 2968 et
1306 2927 1413 2969 non
1463 2916 1748 2973 erubescet
1796 2916 1853 2972 In
1889 2928 1964 2973 tot
2011 2928 2067 2974 et
2115 2921 2279 2977 tantis

686 3002 988 3061 latrociniis
1017 3003 1405 3074 deprehensus,
1434 3015 1490 3061 et
1533 3006 1709 3063 solum
1754 3010 2079 3079 exspectans
2112 3010 2281 3065 infer-

685 3092 810 3147 nale
836 3093 1156 3164 patibulum,
1203 3110 1303 3151 nec
1352 3097 1545 3152 timore
1586 3090 1906 3165 concutior,
1944 3116 2044 3157 nec
2093 3102 2278 3157 dolore

686 3179 965 3252 torqueor,
1011 3196 1112 3238 nec
1154 3183 1361 3253 pudore
1405 3183 1730 3251 confundor,
1770 3202 1872 3243 nec
1914 3203 2108 3246 amore
2167 3200 2276 3247 tam

682 3260 929 3343 placidae,
960 3282 1070 3328 tam
1114 3273 1378 3331 durabilis
1424 3275 1686 3349 bonitatis
1716 3285 1820 3336 tuae
1844 3280 2138 3337 accendor.
2187 3280 2273 3337 An

682 3371 990 3433 exspectas,
1020 3364 1339 3422 dulcissime
1382 3364 1565 3434 Pater,
1606 3376 1663 3424 es
1693 3358 1887 3425 dill‘ers
1912 3372 2184 3441 respicere
2216 3372 2267 3427 in

681 3469 792 3523 me,
824 3464 880 3510 et
927 3455 1174 3511 misereri
1204 3456 1333 3522 mei,
1383 3470 1668 3527 quousque
1713 3460 2013 3516 secundum
2060 3462 2274 3517 miseri-

680 3546 922 3602 cordiatn
954 3555 1101 3601 "tam
1129 3546 1325 3617 dignus
1367 3555 1496 3602 ante
1527 3555 1580 3604 te
1612 3563 1936 3619 appaream,
1963 3558 2019 3605 et
2046 3552 2269 3621 dignum

680 3638 885 3709 aliquid
916 3645 1105 3710 rogatu
1150 3647 1205 3694 et
1239 3638 1591 3696 exauditione
1624 3649 1714 3695 tua
1741 3650 1870 3697 ante
1920 3650 1972 3696 te
1999 3641 2270 3699 offeram?

678 3731 823 3788 Ecce
875 3730 1110 3785 cadaver
1153 3737 1449 3793 mortuum,
1491 3739 1547 3787 et
1598 3732 1877 3787 vermibus
1920 3720 2162 3802 scatens,
2213 3745 2269 3791 et

683 3820 992 3875 triduanum
1038 3818 1213 3875 fetens
1241 3819 1309 3873 ad
1351 3828 1401 3874 te
1429 3820 1653 3876 veniens
1696 3821 1750 3875 in
1780 3830 1835 3875 te
1862 3822 1986 3876 vita:
2020 3814 2268 3893 Largitu-

678 3925 816 3971 rem.
867 3908 1046 3963 attuli.
1091 3906 1233 3964 Ecce
1278 3922 1483 3965 czecum
1535 3908 1603 3964 ad
1644 3909 2058 3966 illuminandum
2099 3909 2269 3968 offero

677 4000 1031 4073 omnipotenti
1069 4000 1456 4057 misericordiae
1492 4008 1616 4061 tute.
1650 4009 1705 4055 et
1738 4000 2051 4071 languidum
2082 4004 2151 4058 ad
2180 4020 2268 4059 sa-

652 4090 937 4161 nandum,
966 4103 1022 4149 et
1044 4102 1127 4166 tot
1171 4102 1227 4147 et
1268 4092 1436 4146 tantis
1468 4090 1665 4146 debitis
1692 4089 2015 4161 obligatum,
2046 4094 2112 4149 ad
2160 4093 2267 4149 sol-

675 4188 941 4251 vendum,
994 4185 1350 4242 nudissimom
1399 4191 1453 4237 et
1480 4181 1910 4259 pauperrimum,
1964 4184 2031 4239 ad
2078 4185 2263 4239 ditan-

2413 461 2723 530 depressus,
2769 475 2824 521 et
2850 467 3115 539 impotens
3139 473 3384 531 effectus.
3418 478 3523 534 Sed
3559 491 3636 546 tn,
3668 461 3965 545 misericors

2410 549 2593 619 Pater,
2623 565 2885 613 converte
2927 575 3035 629 me,
3082 571 3137 617 et
3168 577 3458 622 convertar
3496 572 3564 624 ad
3602 582 3676 627 te.
3721 572 3973 634 Converte

2409 655 2518 709 me,
2566 643 2813 713 Domine,
2862 651 2932 705 ad
2970 660 3043 717 te,
3088 662 3145 708 et
3180 649 3399 713 contere
3443 669 3499 715 et
3541 663 3837 719 contribula
3881 682 3967 724 cor
3984 718 4004 759 λ

2409 745 2611 797 meum,
2635 743 2688 817 et
2712 749 2906 793 sensus
2928 740 3129 796 viviﬁci
3162 745 3364 802 doloris
3394 742 3650 807 immitte.
3690 753 3811 809 Non
3834 759 3963 814 enim

2405 828 2489 872 est
2516 819 2635 876 fons
2656 822 2921 881 bonorum
2948 840 3147 897 praeter
3173 842 3242 889 te.
3263 835 3378 891 Non
3410 850 3493 896 est
3522 857 3551 896 a
3582 859 3690 912 quo
3717 832 3964 916 accipiam

2405 924 2646 966 amorem
2676 923 2732 968 et
2758 915 3005 973 titnorem
3031 928 3086 975 et
3114 921 3357 982 dolorem
3390 937 3444 984 et
3470 932 3754 999 pudorem,
3784 915 3968 1006 quibus

2404 1009 2587 1052 coram
2642 1010 2697 1057 te
2745 1003 3119 1063 misericordia
3178 1012 3375 1081 dignus
3428 1014 3709 1085 inveniar,
3761 1003 3857 1080 nisi
3905 1028 3967 1083 de

2404 1090 2666 1161 pnelarga
2706 1095 3084 1157 misericordia
3109 1112 3196 1158 tua
3230 1120 3394 1177 super
3416 1098 3504 1165 me
3539 1111 3962 1184 indignissimum

2402 1182 2632 1249 gratiam
2668 1183 2945 1244 effuderis.
2983 1190 3227 1257 Domine,
3279 1197 3325 1251 si
3379 1199 3537 1255 istam
3574 1182 3707 1263 mihi
3755 1222 3967 1265 conces-

2399 1272 2557 1338 seris,
2604 1275 2794 1333 beatus
2822 1292 2937 1335 ero.
2968 1281 3024 1337 Si
3044 1313 3050 1319 ~
3070 1283 3123 1338 in
3155 1299 3241 1341 me
3260 1285 3465 1360 ﬂagitia
3491 1303 3545 1346 et
3581 1293 3821 1353 facinora
3855 1316 3965 1357 mea

2396 1360 2675 1419 vindicare
2702 1368 2995 1424 secundum
3016 1370 3281 1437 judicium
3314 1385 3369 1432 et
3402 1377 3673 1446 justitiam
3703 1394 3844 1440 tuam
3884 1390 3967 1443 di-

2397 1460 2592 1520 gnatus
2636 1453 2826 1525 fueris,
2873 1459 2999 1516 felix
3027 1477 3182 1530 sum;
3214 1480 3320 1522 non
3352 1478 3534 1525 autem
3581 1473 3626 1528 si
3676 1478 3966 1535 secundum

2398 1543 2534 1598 iram
2567 1552 2734 1613 tuam,
2763 1564 2883 1618 qua:
2925 1552 3158 1611 rebelles
3187 1568 3241 1612 et
3286 1569 3635 1621 contumaces
3661 1566 3963 1627 miscricor-

2396 1634 2499 1691 dial:
2527 1645 2632 1695 tuae
2660 1643 3073 1713 comprehendit
3097 1649 3148 1702 in
3176 1649 3305 1706 fine.

2466 1727 2673 1820 Et.th
2714 1732 3031 1803 est-justitia
3063 1747 3177 1807 tua,
3221 1752 3275 1797 et
3294 1742 3556 1811 judicium
3593 1759 3767 1820 tuum,
3808 1755 3961 1813 mise-

2395 1818 2571 1874 ricors
2600 1818 2779 1888 Pater,
2813 1828 2956 1895 quod
2984 1829 3201 1892 timore.
3232 1843 3288 1887 et
3317 1850 3520 1905 amore,
3552 1851 3608 1897 et
3650 1818 3874 1912 pudore.
3913 1855 3966 1904 et

2391 1911 2577 1967 dolore
2610 1915 2794 1982 agitur
2822 1918 2876 1995 in
2915 1922 3173 1979 cordibus
3197 1928 3468 1985 Veraciter
3492 1932 3869 2000 pwnitentiom
3912 1945 3960 1997 ιι

2395 2005 2732 2061 redeuntium
2764 2009 2832 2063 ad
2861 2010 3164 2069 bonitatem
3210 2026 3383 2084 tuam,
3432 2028 3490 2076 ut
3532 2023 3962 2087 miscricordiam

2390 2100 2812 2167 consequantur.
2859 2095 3081 2169 Conlige
3108 2114 3238 2171 ergo
3267 2102 3538 2161 latronem
3566 2108 3726 2165 istum
3773 2109 3962 2173 timore

2392 2186 2483 2234 tuo
2505 2190 2714 2247 sancto,
2744 2192 2801 2238 et
2841 2186 3009 2243 adure
3050 2200 3354 2259 apostatam
3395 2195 3560 2252 istum
3605 2199 3729 2271 igne
3763 2185 3961 2271 amoris

2387 2280 2441 2325 et
2482 2273 2770 2332 charitatis
2812 2286 2937 2333 tute.
2967 2277 3208 2351 Conlige,
3259 2285 3507 2353 Domine,
3559 2291 3959 2353 malefactorem

2336 2354 2343 2373 ⁵
2389 2363 2549 2419 istum
2573 2364 2759 2421 dolore
2791 2367 3005 2425 viviﬂco
3033 2385 3098 2425 ac
3140 2372 3498 2432 saluberrimo
3525 2387 3655 2447 tuo;
3698 2380 3964 2442 confu‘nde

2387 2454 2749 2523 impudentem
2813 2461 3286 2528 prevaricatorem
3343 2467 3505 2533 istum
3566 2469 3809 2541 glorioso
3869 2484 3961 2531 tuo

2384 2544 2611 2613 pudore.
2639 2544 2807 2616 Allige
2851 2548 3177 2605 sceleratum
3225 2552 3387 2606 istum
3425 2552 3575 2611 cruci
3606 2559 3840 2627 pcenalis
3883 2561 3958 2617 la-

2382 2634 2550 2701 boris,
2580 2643 2635 2691 et
2656 2639 3005 2708 acceptabilis
3036 2642 3422 2700 misericordiae
3449 2654 3578 2713 tuae,
3609 2647 3697 2705 fac
3738 2664 3830 2709 me
3853 2664 3960 2710 toto

2382 2726 2546 2780 corde
2588 2728 2799 2783 esurire
2826 2738 2881 2785 et
2928 2730 3083 2787 sitire
3125 2741 3177 2787 te
3207 2733 3333 2789 totis
3361 2736 3687 2803 visceribus,
3742 2750 3961 2815 totoque

2378 2817 2651 2872 desiderio
2680 2818 2930 2888 amplecti
2976 2827 3050 2875 te.
3084 2821 3306 2877 Fac'me
3332 2824 3461 2880 totis
3504 2827 3809 2887 visceribus
3836 2846 3951 2887 ser-

2379 2905 2497 2959 vire
2529 2905 2623 2961 tibi
2655 2906 2777 2974 soli,
2815 2892 2927 2964 toto
2953 2910 3136 2966 studio
3172 2925 3417 2981 quaerere
3449 2927 3571 2986 quae
3613 2916 3953 2989 beneplacila

2381 3006 2504 3051 sint
2534 3011 2720 3052 coram
2766 3006 2851 3063 te;
2893 2999 2981 3055 cui
3028 3016 3153 3056 cum
3199 3001 3488 3072 Unigenito
3518 3015 3611 3062 tuo
3637 3016 3693 3064 et
3728 3007 3960 3066 Domino
4054 3058 4059 3065 .

2380 3100 2568 3146 nostro
2609 3090 2736 3147 Jesu
2773 3091 3023 3160 Christo,
3074 3104 3130 3149 et
3171 3093 3378 3165 Spiritu
3431 3108 3623 3155 sancto
3674 3101 3958 3170 paracleto
4016 3132 4023 3159 t

2378 3181 2521 3237 dono
2571 3183 2917 3241 sanctissimo
2968 3194 3059 3241 tuo
3104 3187 3284 3243 omnis
3341 3188 3517 3245 honor
3566 3201 3621 3247 et
3659 3190 3840 3263 ‘gloi'ia
3900 3193 3956 3248 in

2374 3270 2570 3326 saecula
2598 3271 2949 3329 szcculorum.
2973 3273 3166 3329 Amen.

2763 3362 2924 3433 217
2964 3362 3333 3421 MEDITATlO
3371 3364 3441 3420 lx
3469 3367 3559 3420 σιτ.

2828 3450 2909 3506 De
2944 3452 3264 3508 humanitate
3290 3453 3504 3508 Christi.

2442 3542 2627 3599 Iesum
2650 3542 2989 3597 Nazarenum
3018 3558 3046 3597 a
3068 3542 3265 3599 Iudaeis
3292 3546 3610 3603 innocenter
3632 3564 3729 3606 cor.
3742 3551 3950 3608 deama-

2373 3643 2509 3700 tum,
2540 3649 2570 3686 a
2600 3634 2849 3702 gentibus
2876 3634 3021 3687 cruci
3050 3632 3290 3697 ailixum,
3316 3651 3415 3692 nos
3443 3638 3735 3695 Christiani
3766 3640 3839 3675 '“
3867 3644 3918 3697 di
3961 3654 3965 3656 '

2314 3724 2315 3727 “
2367 3724 2510 3779 vinis
2555 3724 2883 3779 honoremus
2934 3724 3229 3794 obsequiis.
3288 3726 3585 3784 Salvatoris
3618 3731 3688 3765 "'
3724 3732 3946 3795 inﬁrma

2370 3830 2493 3880 nos,
2524 3816 2615 3884 qui
2640 3814 2839 3879 Christi
2878 3829 3084 3880 sumus,
3134 3828 3447 3879 reverenter
3474 3821 3740 3885 venerari,
3769 3837 3950 3875 aman-

2367 3913 2450 3958 ter
2478 3903 2761 3973 amplecti,
2804 3902 3012 3959 fortiter
3045 3905 3241 3963 imitari
3279 3908 3495 3979 dignum
3527 3920 3611 3967 est
3644 3918 3700 3966 et
3733 3911 3952 3967 salubre

2365 4004 2420 4052 et
2443 3994 2978 4051 honorificum-llaec
3003 3995 3147 4053 enim
3177 4006 3303 4053 sunt
3351 4000 3708 4056 instrumenta
3762 4000 3943 4055 fortis-

2366 4088 2531 4153 sima;
2588 4086 2783 4156 quibus
2825 4085 3168 4155 omnipotens
3213 4088 3404 4153 virtus,
3444 4099 3499 4144 et
3557 4090 3944 4163 investigabilis

2365 4175 2631 4244 sapientia
2684 4174 2777 4230 Dei
2839 4177 3285 4232 restaurationem
3344 4179 3528 4235 mundi
3584 4171 3838 4249 potenter
3881 4194 3945 4235 ac

677 4278 825 4342 dum,
862 4278 913 4330 in
967 4277 1121 4346 cujus
1178 4259 1351 4330 oculis
1400 4270 1556 4326 facile
1602 4280 1686 4328 est
1733 4271 1911 4328 subito
1972 4263 2262 4329 honestare

2369 4265 2595 4321 mirifice
2622 4276 2844 4335 operata
2872 4278 2976 4332 est,
3000 4276 3054 4322 et
3077 4281 3245 4336 usque
3272 4268 3430 4323 modo
3465 4278 3741 4338 operatur.
3788 4271 3942 4354 Chri-

713 4381 989 4422 superem.

713 4384 777 4420 au
819 4381 989 4422 erein.

672 4381 708 4435 ρ
748 4383 863 4513 Ngo
914 4454 1115 4525 aliquid
1151 4452 1296 4509 aliud
1330 4453 1573 4522 possum,
1618 4450 2046 4507 clementissime
2095 4451 2258 4518 Deus,

674 4547 870 4603 offerre
896 4544 1022 4611 tibi,
1059 4544 1163 4600 nisi
1201 4540 1797 4612 memetipsum‘quaiis
1826 4557 1965 4608 sum,
1997 4552 2052 4596 et
2074 4551 2260 4598 osten-

674 4639 802 4693 dere
833 4643 1061 4691 mortem
1093 4642 1148 4689 et
1188 4631 1409 4687 vulnera
1448 4646 1589 4707 mea,
1619 4631 1918 4686 nuditatem
1946 4642 2001 4687 et
2022 4636 2260 4711 pauper-
2296 4665 2300 4670 -

674 4734 840 4783 tatem
870 4739 1069 4790 meam,
1103 4732 1160 4779 et
1183 4722 1359 4777 debita
1390 4735 1529 4788 mea,
1582 4721 1880 4777 secundum
1908 4737 2029 4793 qua:
2063 4739 2252 4781 carce-

673 4832 788 4872 rem
816 4810 1027 4871 'morlis
1071 4825 1289 4871 mentm
1338 4812 1518 4867 timeo.
1553 4811 1790 4868 Ostende
1840 4813 2022 4884 itaque
2068 4816 2255 4870 oculos

650 4886 779 4964 tua:
806 4906 1209 4972 misericordia,
1259 4904 1304 4960 si
1334 4903 1605 4975 quomodo
1636 4904 1981 4960 convertaris
2007 4915 2063 4960 et
2098 4907 2254 4977 igno-

672 5016 816 5065 scas.
871 5005 926 5055 et
969 4996 1491 5069 infundas‘gratiam
1531 4995 1888 5053 beatitudinis
1940 5005 2043 5053 tua:
2090 5015 2251 5070 super

672 5106 778 5146 me.
827 5089 937 5145 Nec
986 5090 1127 5145 enim
1157 5098 1484 5145 convertere
1519 5101 1603 5142 me
1650 5101 1868 5158 possum
1899 5090 1964 5143 ad
1995 5099 2045 5145 te
2093 5100 2170 5149 tot
2198 5100 2252 5145 et

2365 4369 2485 4414 stus
2514 4358 2774 4413 Dominus
2814 4357 3118 4415 minoratus
3155 4366 3237 4411 est
3267 4355 3605 4426 paulominus
3644 4358 3714 4412 ab
3743 4358 3815 4391 ⁵⁸⁸
3843 4352 3941 4412 an?-

2364 4448 2517 4520 gelis,
2548 4459 2606 4504 ut
2636 4463 2735 4503 nos
2763 4456 3001 4519 aequaret
3030 4446 3253 4516 angelis,
3286 4456 3340 4501 et
3366 4448 3489 4517 quis
3519 4456 3741 4517 propter
3778 4446 3937 4502 Chri-

2363 4548 2508 4594 stum
2539 4554 2600 4594 se
2628 4554 2733 4594 non
2757 4537 3039 4593 humiliet?
3067 4536 3314 4592 Christus
3335 4536 3593 4593 Dominus
3623 4552 3721 4606 pro
3743 4551 3938 4609 pecca-

2365 4630 2432 4684 tis
2462 4630 2663 4684 nostris
2688 4627 2980 4683 crucilixus
3009 4634 3114 4691 est,
3139 4633 3196 4680 et
3221 4625 3403 4681 crocis
3430 4640 3616 4681 amara
3645 4626 3761 4681 suis
3786 4640 3937 4681 ama-

2364 4717 2927 4784 torihus'dulcoravit;
2970 4729 3215 4773 mortuus
3242 4726 3346 4784 est,
3385 4728 3441 4775 et
3470 4728 3699 4773 mortem
3739 4733 3937 4775 caeca-

2358 4814 2451 4879 vit,
2486 4823 2545 4867 ut
2578 4814 2880 4867 viveremus
2908 4827 3003 4879 per
3032 4812 3215 4878 illum;
3248 4822 3302 4866 et
3328 4814 3450 4883 quis
3478 4827 3585 4867 non
3607 4822 3754 4867 amet
3779 4811 3936 4869 Chri-

2357 4916 2499 4961 stum
2528 4904 2849 4959 Dominum?
2899 4905 3021 4973 quis
3071 4909 3174 4960 non
3206 4904 3443 4980 patiatur
3467 4919 3566 4975 pro
3587 4903 3809 4961 Christo
3830 4905 3936 4959 “‘Y

2354 4997 2601 5052 Christus
2632 5011 2727 5064 per
2754 4996 2933 5051 crucis
2964 4994 3309 5064 ignominiam
3342 4995 3409 5049 ad
3436 5009 3680 5065 superna:
3705 4994 3933 5052 claritaé

2357 5091 2427 5145 tis
2464 5088 2690 5161 gloriam
2738 5086 3010 5151 transivit,
3058 5096 3111 5140 et
3145 5085 3268 5141 data
3307 5098 3390 5141 est
3427 5087 3475 5141 ei
3516 5100 3613 5157 pro
3647 5100 3743 5141 sua
3781 5102 3937 5150 me.

1981 5208 2215 5278 vastas
2256 5224 2658 5281 LECTIONES.

737 5337 806 5371 ⁸¹⁷
854 5334 1063 5393 Collan
1112 5346 1184 5390 est
1244 5354 1363 5392 cum
1416 5337 1517 5392 Ms.

1580 5335 1819 5391 Oratorii
1870 5334 2187 5395 Parisiensis
2219 5354 2237 5391 :
2288 5349 2337 5395 et
2389 5356 2505 5394 cunt
2557 5339 2799 5393 Editione
2847 5338 3084 5394 Gothica.
3115 5340 3247 5396 item
3276 5340 3342 5394 de
3368 5341 3711 5395 humanitate
3738 5341 3929 5394 :Alr'as

666 5407 993 5473 inscribitur,
1023 5404 1287 5461 Stimulos
1327 5408 1559 5489 amoris,_
1576 5406 1659 5461 vel
1700 5406 1990 5489 Speculum
2030 5408 2340 5489 Evangelici
2381 5408 3029 5489 sermonis._ms:‘i_’_a.ssio
3066 5409 3283 5489 Domini
3335 5410 3509 5489 nostri
3553 5409 3678 5489 Jesu
3702 5410 3928 5489 Christi

668 5478 851 5549 tmmdi
884 5477 1186 5549 salvatoris
1215 5478 1506 5549 secundum
1548 5477 1765 5549 beatum
1792 5476 2109 5549 Anseltnum
2136 5476 2646 5549 Archiepiscopnm.
2683 5477 2753 5549 In,
2784 5477 3029 5533 Editione
3060 5477 3280 5531 Gothica
3324 5477 3476 5531 Liber
3504 5490 3583 5538 est,
3607 5480 3927 5549 distributus

664 5562 754 5610 rer
787 5547 865 5599 l9.
920 5546 1104 5613 Capita
1164 5560 1165 5563 ‘
1214 5547 1284 5579 ³¹⁸
1315 5544 1419 5599 Nos
1453 5545 1746 5601 Christiani
1776 5562 1873 5599 ms.
1908 5547 2117 5598 omittit.
2170 5565 2266 5604 nos

668 5614 735 5647 ⁵³η
778 5616 869 5669 Est
902 5616 969 5671 ab
994 5634 1088 5670 ms.
1120 5624 1198 5673 est
1233 5615 1391 5685 paulo
1419 5616 1595 5671 minus
1621 5615 1686 5669 ab

2382 5550 2451 5581 ⁸¹⁹
2489 5548 2789 5631 διιίνίὶιίὶΐὶἓ
2842 5550 3008 5603 nostri
3062 5548 3467 5617 manuscriptum
3523 5548 3716 5631 entitlit
3755 5547 3928 5603 nostri

1801 5615 1867 5648 ⁸³³
1906 5616 2010 5672 Pro
2042 5616 2158 5686 ipso
2203 5637 2301 5674 ms.
2335 5635 2435 5690 pro
2458 5617 2717 5689 Christo?
