4190 6216
272 282 397 340 ’ἳιο

1641 284 2158 371 ΜΕῡιΤᾼτΙΟΝΕδ.

3404 286 3514 344 ιδιι

293 400 464 456 rentia
513 398 672 456 aDeo
699 397 861 456 Patre
905 404 1078 456 omnis
1125 411 1364 472 potestas
1413 403 1462 457 in
1514 403 1673 466 coelo,
1705 415 1760 458 et
1807 405 1857 458 in
1891 411 1936 466 Α
1963 404 2280 459 enarrabilis
2317 404 2484 458 virtus
2539 412 2592 457 et
2640 413 2689 458 te
2727 404 2933 473 concipi
2975 405 3128 464 fecit,
3178 413 3230 455 ct
3259 401 3403 457 nasci
3451 403 3514 454 'iu

294 497 434 544 terra
480 489 691 560 (Matth.
725 507 916 553 xxvm,
952 493 1074 561 l8):
1126 501 1186 544 ut
1225 492 1452 545 adorent
1494 507 1615 546 eum
1671 507 1859 546 omnes

295 578 465 648 angeli
498 579 611 641 Dei,
645 589 700 633 et
729 581 780 632 in
813 580 1029 634 nomine
1053 579 1170 648 ejus
1211 578 1466 637 momne
1511 597 1648 653 genu
1680 584 1854 638 ﬂeetao

288 672 398 733 tur,
428 669 752 735 caelestium,
782 672 1138 738 terrestrium,
1166 681 1220 726 et
1246 672 1574 728 infernorum
1601 673 1764 743 (Phil.
1795 691 1854 741 ιι,

297 759 402 828 ιο).

317 871 324 882 ι
360 844 459 900 Ubi
487 854 570 902 est
598 863 726 915 ergo
748 849 994 918 gloriatio
1022 861 1134 914 tua,
1170 866 1203 906 o
1231 852 1534 908 Christiane
1556 854 1644 919 m,
1670 855 1769 908 nisi
1804 855 1854 907 in

291 935 504 989 nomine
533 938 772 991 crucifixi
807 939 1014 993 Domini
1049 942 1122 994 tui
1154 941 1223 972 ⁸¹⁸
1250 940 1375 996 Jesu
1405 942 1634 1006 Christi;
1677 944 1728 996 in
1761 958 1855 996 no-

289 1013 430 1084 mine
474 1026 614 1093 quod
658 1037 739 1080 est
777 1042 938 1096 super
975 1044 1136 1083 omne
1174 1044 1387 1095 nomen,
1430 1030 1482 1083 in
1513 1046 1620 1100 quo
1645 1032 1733 1100 qui
1764 1031 1854 1086 be-

287 1113 530 1168 nedictus
573 1126 654 1171 est
697 1133 858 1187 super
905 1128 1133 1185 terram,
1181 1123 1526 1176 benedieetur
1572 1124 1623 1176 in
1667 1123 1854 1177 cmlis?

282 1203 594 1260 Gloriamini
638 1208 688 1260 iu
725 1192 1163 1264 nomiuc'sancw
1195 1213 1351 1280 ejus,
1392 1211 1485 1265 ﬁlii
1533 1212 1852 1281 redemptio-

283 1291 396 1355 nis;
436 1292 558 1347 date
599 1295 857 1351 honorem
890 1296 1156 1350 Salvatori
1187 1308 1388 1361 vestro,
1422 1297 1511 1366 qui
1543 1310 1731 1367 magna
1775 1302 1852 1351 fe-

279 1379 355 1434 cit
390 1381 442 1435 in
472 1384 644 1448 vobis,
685 1396 741 1440 et
769 1387 1105 1456 magnilicate
1150 1401 1341 1442 nomen
1373 1388 1488 1456 ejus
1517 1404 1747 1451 meeum,
1773 1391 1852 1455 di-

279 1480 467 1526 eentes
494 1488 509 1526 :
537 1474 831 1530 Adoramus
865 1486 933 1540 te,
959 1477 1172 1532 Christe
1195 1476 1286 1542 "',
1337 1478 1444 1533 Rex
1493 1479 1673 1542 Israel,
1702 1481 1848 1547 prin-

277 1573 404 1627 ceps
451 1577 634 1632 regum
679 1573 852 1628 terrm,
902 1565 988 1620 lux
1029 1568 1290 1634 gentium,
1331 1569 1552 1622 Domine
1593 1570 1839 1632 sabaoth.

277 1649 450 1702 virtus
479 1651 573 1705 Dei
608 1654 993 1722 omnipotentis
1054 1652 1368 1710 fortissima.
1419 1657 1720 1712 Adoramus
1771 1670 1842 1725 te,

1963 507 2091 547 vera
2121 494 2469 548 humanitatis
2495 505 2703 556 natura.
2729 497 2798 548 ita
2826 505 2879 550 ut
2909 511 3007 549 nec
3033 494 3365 562 majt-statcm
3383 493 3518 546 divi-

1963 581 2145 636 nitatis
2176 581 2226 635 in
2263 590 2333 644 te,
2367 596 2464 635 nec
2515 583 2870 652 integritatem
2903 583 3222 652 virginitatis
3253 583 3305 635 in
3330 581 3514 644 Matre,

1958 669 2182 724 violaret
2208 671 2503 723 nativitatis
2530 669 2761 724 occasio.

2028 758 2073 813 Ο
2102 744 2349 823 amanda,
2378 775 2411 815 o
2435 758 2744 812 admiranda
2776 759 3040 826 dignatio!
3078 758 3214 813 Deus
3243 760 3518 813 immensa:

1959 847 2160 915 glorim,
2188 837 2846 920 vermis'contemptibilis
2892 850 3003 903 fieri
3047 865 3148 902 non
3197 848 3514 917 dcspexistl;

1960 938 2216 992 Dominus
2260 939 2524 999 omnium.
2575 953 2866 992 conservus
2924 940 3199 992 servorum
3259 952 3518 1007 apparere

1955 1027 2194 1082 voluisti.
2235 1028 2430 1082 Parum
2467 1029 2561 1082 tibi
2593 1028 2765 1082 visum
2807 1038 2899 1082 est
2926 1025 3141 1080 Patrem
3204 1035 3253 1080 te
3280 1037 3515 1095 nostrum

1956 1111 2022 1146 ⁸³⁸
2045 1130 2191 1179 esse;
2232 1116 2418 1182 etiam,
2451 1115 2696 1181 Domine,
2727 1116 2892 1170 frater
2919 1125 3098 1171 noster
3128 1129 3248 1170 esse
3273 1115 3517 1185 dignatus

1952 1219 2029 1258 es.
2069 1206 2132 1259 Et
2165 1214 2239 1270 tu,
2272 1205 2495 1260 Domine
2543 1207 2936 1268 universorum,
2968 1207 3056 1273 qui
3105 1207 3304 1260 nullam
3356 1205 3518 1262 habes

1951 1293 2019 1326 ⁸⁵⁰
2048 1294 2416 1366 indigentiam,
2448 1294 2588 1350 inter
2624 1295 2736 1363 ipsa
2770 1295 3064 1350 nativitatis
3100 1305 3200 1350 tua:
3229 1296 3377 1350 initia
3407 1311 3512 1352 non

1951 1385 2208 1440 borrulsti
2235 1388 2613 1455 abjectissimae
2641 1388 2970 1457 paupertatis
2994 1389 3276 1456 degustare
3315 1387 3516 1440 incom—

1951 1474 2126 1528 moda.
2155 1472 2226 1529 Ut
2251 1477 2395 1528 enim
2439 1476 2834 1545 aitScriptura,
2861 1477 2978 1540 tibi,
3024 1490 3146 1530 cum
3190 1477 3518 1539 nascerer-is.

1949 1579 2052 1616 non
2079 1574 2190 1616 erat
2222 1560 2366 1617 locus
2397 1565 2449 1616 in
2475 1564 2757 1618 diversorio
2782 1548 2932 1634 (Lac.
2957 1580 3020 1629 tt,
3049 1563 3124 1634 7),
3155 1579 3327 1643 neque
3355 1580 3518 1621 cuna-

1948 1651 2088 1729 bula,
2120 1666 2238 1721 quae
2267 1653 2680 1707 teneritudinem
2731 1662 2876 1708 tuam
2915 1655 3223 1740 exciperent
3247 1654 3512 1719 habuisti;

272 1738 574 1805 pretiosum
619 1743 1003 1812 redemptionis
1040 1746 1208 1799 nostri
1249 1746 1498 1814 pretium,
1533 1749 1702 1803 hostia
1748 1766 1841 1818 pa-
1871 1756 1916 1815 Β
1946 1744 2039 1797 58d
2066 1750 2122 1797 ιιι
2154 1743 2206 1798 in
2239 1745 2328 1798 Vili
2358 1745 2620 1814 ρτωεερῖο
2642 1745 2918 1800 sordem“
2948 1738 3167 1810 εῑέὶῦυιίν
3201 1755 3256 1819 ιη
3283 1745 3372 1816 qui
3404 1755 3513 1803 ιε¹⁹⁶

287 1827 462 1890 ciﬁca.
489 1845 608 1898 quae
635 1833 745 1886 sola
784 1835 964 1887 odoris
996 1836 1069 1888 tui
1099 1834 1329 1890 mirabili
1353 1835 1423 1867 '“
1452 1840 1714 1892 suavitate
1741 1840 1843 1894 Pa-

276 1924 441 1981 trem,
475 1920 564 1986 qui
596 1920 645 1974 in
680 1921 832 1975 cmlis
863 1921 930 1953 δ”
959 1923 1184 1987 habitat,
1222 1926 1288 1977 ad
1321 1925 1714 1994 respiciendum
1747 1930 1845 1984 hu-

273 2007 435 2060 milia.
473 2009 767 2072 inclinasti.
807 2021 859 2065 et
891 2012 1036 2066 solus
1075 2013 1187 2080 ipse
1228 2014 1400 2082 ipsum
1431 2014 1502 2052 ⁸²⁸
1527 2015 1842 2084 placabilem

269 2097 551 2152 reddidisti
575 2100 666 2150 "9.
701 2099 863 2163 Tuas,
901 2101 1139 2166 Christe,
1173 2101 1552 2158 miserationes
1577 2107 1852 2175 praedica~

269 2197 423 2250 mus;
467 2195 568 2240 tuae
593 2189 874 2242 suavitatis
921 2191 1230 2245 memoriam
1268 2202 1387 2245 cum
1419 2189 1488 2223 "°
1514 2194 1840 2252 abundantia

267 2285 615 2342 eructamus;
643 2281 768 2344 tibi,
800 2279 1033 2347 Christe,
1075 2284 1401 2339 sacrificiqu
1442 2286 1612 2342 laudis
1648 2289 1838 2342 immo-

269 2361 449 2419 iamus
477 2381 576 2436 pro
603 2370 943 2425 multitudine
972 2372 1231 2428 bonitatis
1261 2382 1382 2439 ture,
1414 2390 1572 2446 quam
1600 2381 1840 2435 ostendi~

265 2454 332 2517 sti
364 2455 542 2521 nobis,
572 2459 764 2514 semini
798 2475 1044 2530 nequam,
1080 2461 1202 2518 filiis
1230 2465 1507 2520 sceleratis
1529 2464 1621 2520 ⁸³¹.

333 2541 471 2598 Cum
497 2547 638 2600 enim
669 2550 844 2603 adhuc
871 2565 1110 2606 essemus
1147 2554 1346 2608 inimici
1380 2557 1474 2620 tui,
1510 2555 1749 2622 Domine,
1784 2572 1838 2614 et

264 2645 412 2687 mors
446 2635 660 2704 antiqua
695 2637 744 2689 in
774 2654 988 2693 omnem
1016 2656 1230 2696 carnem
1259 2648 1535 2699 exerceret
1565 2647 1635 2677 ⁸³⁸
1665 2649 1835 2702 domi—

262 2721 439 2792 nium,
459 2726 542 2778 cui
564 2740 720 2782 omne
747 2742 926 2784 semen
950 2732 1116 2785 Adam
1145 2732 1259 2803 lege
1289 2734 1646 2803 primordialis
1667 2739 1836 2808 culpa:

265 2811 560 2869 obnoxium
590 2826 728 2883 erat,
767 2823 1077 2877 recordatus
1110 2837 1169 2878 es
1200 2826 1486 2880 uberrimae
1525 2828 1833 2885 misericor-

262 2900 365 2955 dite
401 2910 529 2966 tum,
570 2913 624 2959 et
659 2909 981 2979 prospexisti
1019 2913 1084 2966 de
1119 2911 1335 2968 sublimi
1379 2915 1710 2972 habitatione
1745 2927 1830 2974 tua

265 2987 316 3041 in
348 2991 489 3046 hanc
519 2994 709 3050 vallem
754 2999 1072 3066 plorationis
1125 3009 1178 3055 et
1215 3003 1445 3058 miseria:
1478 3003 1568 3058 ⁸³³.
1620 3007 1828 3071 VidiSti,

1951 1847 2066 1885 ram
2097 1832 2277 1902 palmo
2308 1833 2606 1899 concludis,
2640 1829 2910 1890 involutus
2940 1837 3240 1904 panniculis
3289 1836 3504 1893 reclina”-
3569 1829 3578 1842 “

1949 1929 2036 1974 tus
2059 1935 2117 1974 es
2153 1917 2360 1991 (ibid.);
2394 1932 2447 1977 et
2476 1922 2787 1990 hospitium,
2816 1922 3022 1978 scilicet
3045 1926 3361 1993 praesepium
3387 1941 3414 1977 a
3445 1921 3512 1957 N

1948 2007 2117 2062 brutis
2164 2009 2486 2066 animalibus
2536 2021 2709 2079 mater
2760 2021 2843 2065 tua
2893 2021 3078 2066 mutuo
3107 2013 3330 2081 accepit.
3371 2013 3542 2094 σου..

1943 2097 2214 2160 solamini.
2255 2099 2633 2163 consolamini,
2666 2101 2756 2167 qui
2790 2100 2840 2154 in
2885 2099 3133 2154 sordibus
3182 2103 3512 2170 paupertatis

1939 2189 2277 2255 enutrimini,
2320 2191 2442 2258 quia
2478 2194 2755 2248 vobiscum
2798 2202 2880 2249 est
2911 2193 2979 2227 δι’
3010 2194 3150 2249 Deus
3190 2193 3244 2248 in
3287 2181 3510 2266 pauper-

1944 2285 2077 2340 tate,
2129 2293 2231 2334 non
2279 2279 2440 2334 cubat
2495 2281 2546 2334 in
2600 2283 2806 2338 deliciis
2860 2283 3118 2353 Splendidi
3172 2284 3381 2351 cubilis,
3417 2302 3514 2342 nec

1942 2367 2082 2420 enim
2125 2365 2394 2423 invenitur
2449 2370 2501 2424 in
2559 2381 2702 2425 terra
2743 2375 2980 2428 suaviter
3021 2373 3334 2428 viventium.
3375 2374 3510 2442 Quid

1942 2455 2082 2510 ultra
2114 2457 2384 2524 gloriaris,
2427 2474 2460 2512 ο
2485 2459 2656 2526 dives,
2705 2460 2848 2517 lutea
2893 2477 2979 2517 res
3007 2457 3098 2526 ³⁵⁸,
3151 2464 3201 2516 in
3233 2462 3513 2519 volutabra

1943 2544 2063 2600 lecti
2099 2547 2226 2613 picti
2258 2558 2311 2600 et
2332 2548 2569 2614 delicati,
2599 2564 2720 2603 eum
2747 2551 2859 2606 Rex
2901 2558 3084 2620 regum
3127 2568 3225 2607 suo
3268 2554 3507 2609 tecubitu

1939 2646 2233 2694 stramenta
2260 2654 2553 2709 pauperum
2588 2641 2875 2695 honestare
2899 2643 3182 2697 maluerit?
3209 2643 3345 2709 Quid
3377 2646 3506 2698 dura

1937 2736 2104 2782 strata
2159 2729 2471 2795 detestaris,
2523 2744 2644 2784 cum
2695 2739 2848 2784 tener
2901 2731 3216 2797 infantulus,
3263 2734 3314 2786 in
3356 2732 3509 2801 cujus

1935 2831 2098 2870 manu
2146 2827 2272 2871 sunt
2313 2819 2516 2884 omnia,
2569 2819 2675 2873 tuis
2714 2819 2924 2882 sericis,
2963 2821 3070 2873 tuis
3105 2821 3301 2889 plumis
3339 2820 3505 2875 duras

1929 2903 2296 2974 jumentorum
2351 2907 2574 2977 stipulas
2627 2908 3003 2980 prazelegerit‘l
3058 2911 3160 2964 Sed
3213 2923 3267 2966 et
3313 2912 3524 2984 tenella.

1935 2995 2051 3050 hzec
2098 3004 2210 3063 tua,
2237 2998 2469 3060 Christe,
2521 2997 2748 3053 infantia
2805 3015 2834 3053 a
2865 3010 3266 3068 persecutorum
3317 3005 3502 3061 uladiis

265 3084 510 3150 Domine,
538 3088 878 3146 aﬂlictionom
934 3095 1110 3164 populi
1153 3095 1249 3158 tui,
1303 3107 1354 3150 et
1393 3105 1565 3153 Laetus
1612 3100 1829 3156 dulcore

1939 3095 2043 3142 tuta
2072 3102 2177 3141 non
2209 3085 2328 3142 fuit.
2362 3088 2550 3143 Adhuc
2572 3091 2716 3143 enim
2751 3090 2888 3145 inter
2917 3091 3088 3146 dulcia
3122 3094 3306 3147 matris
3334 3092 3499 3148 libera

214 3218 216 3220 .
264 3175 550 3232 charitatis
574 3177 919 3248 intrinsecus,
952 3185 1246 3252 apposuisti
1279 3188 1518 3255 cogitare
1549 3205 1707 3257 super
1735 3208 1829 3246 ros

261 3264 616 3346 cogitationes
663 3272 807 3337 pae’s
836 3280 889 3325 et
915 3272 1318 3342 redemptionis.
1367 3276 1430 3329 Et
1459 3277 1669 3345 quidem
1707 3295 1826 3333 cum

261 3365 406 3408 esses
430 3354 599 3410 Filius
630 3360 741 3423 Del,
786 3375 943 3416 verus
983 3360 1142 3426 Deus,
1193 3363 1302 3418 Deo
1347 3366 1488 3420 Patri
1535 3379 1830 3438 sanctoque

264 3440 487 3511 Spieitui
529 3457 830 3503 cowternus
860 3460 914 3504 et
948 3453 1442 3520 consubstantialis,
1474 3456 1648 3510 lucem
1681 3460 1802 3513 babi

262 3539 378 3587 tans
411 3535 834 3592 inaccessibilem
853 3537 903 3608 (Ι
922 3538 1273 3610 Tim.vt,16),
1300 3553 1624 3612 portausque
1650 3549 1826 3601 omnia

259 3623 422 3677 verbo
454 3625 668 3679 virtutis
713 3634 815 3680 tua:
860 3626 1044 3695 (Hebr.
1074 3645 1108 3690 ι,
1141 3630 1216 3697 3),
1279 3646 1381 3684 non
1429 3633 1717 3699 despexisti
1771 3636 1823 3688 in

261 3700 364 3766 hoc
421 3725 621 3768 nostrae
688 3718 1028 3770 mortalitatis
1097 3721 1426 3788 ergastulum
1485 3722 1824 3777 altitudinem

262 3809 403 3854 tuam
423 3793 695 3864 inclinare,
721 3805 806 3857 ubi
832 3813 1068 3858 nostram
1092 3815 1146 3858 et
1169 3817 1411 3875 gustares
1435 3819 1486 3863 et
1510 3811 1826 3870 absorberes

262 3889 554 3952 miseriam,
584 3905 785 3960 nosque
818 3906 1095 3960 reparares
1125 3895 1188 3946 ad
1219 3895 1464 3963 gloriam.
1519 3897 1813 3950 Parum"m

264 3978 362 4033 fuit
391 3981 644 4035 charitati
681 3991 802 4046 tuae,
837 3985 901 4035 ad
940 3987 1418 4040 consummandum
1457 4003 1590 4055 opus
1629 4001 1826 4045 nostra:

262 4068 469 4134 salutis,
501 4072 805 4136 cherubim,
847 4083 936 4126 aut
975 4071 1268 4144 seraphim,
1302 4086 1394 4130 aut
1425 4094 1589 4132 unum
1633 4097 1695 4152 ex
1729 4099 1823 4134 an-

262 4158 394 4225 gelis
439 4159 712 4213 destinare
747 4179 758 4212 :
790 4161 901 4228 ipse
933 4161 999 4215 ad
1029 4177 1126 4216 nos
1155 4164 1338 4218 venire
1387 4165 1634 4233 dignatus
1666 4185 1723 4222 es
1757 4170 1826 4201 ⁸³⁸

263 4259 358 4314 per
403 4249 711 4317 mandatum
758 4250 972 4313 Patris,
1025 4252 1177 4320 cujus
1222 4254 1441 4308 nimiam
1506 4257 1822 4312 charitatem

263 4340 466 4406 experti
495 4355 680 4394 sumus
725 4342 779 4394 in
829 4351 895 4396 te.
947 4343 1174 4408 Venisti,
1208 4346 1448 4414 inquam,
1495 4362 1600 4400 non
1650 4349 1821 4403 locum

1934 3190 2129 3244 sugens
2181 3179 2556 3248 dependebas,
2625 3171 2845 3248 quando
2893 3183 3135 3256 ajsparuit
3180 3183 3390 3253 angelus
3449 3188 3504 3238 in

1931 3268 2126 3319 somnis
2156 3267 2373 3340 Ioseph,
2412 3270 2588 3320 dicens
2627 3287 2645 3324 :
2683 3268 2868 3338 Surge,
2905 3281 2952 3323 et
2983 3271 3158 3339 accipe
3191 3289 3429 3340 prterunt,
3454 3283 3503 3326 et.

1933 3365 2148 3407 matrem
2182 3357 2316 3424 ejus,
2343 3367 2388 3409 et
2424 3357 2545 3426 fuge
2574 3359 2625 3409 in
2651 3357 2967 3427 Egyptum:
3005 3371 3051 3413 et
3089 3372 3194 3413 esto
3223 3363 3293 3413 ibi
3315 3379 3500 3433 usque-

1933 3443 2055 3493 dum
2078 3443 2248 3495 dicam
2275 3445 2396 3508 tibi;
2425 3445 2656 3512 futurum
2685 3457 2757 3498 est
2807 3448 2941 3500 enim
2974 3459 3028 3500 ut
3050 3447 3282 3504 Herode:
3305 3465 3500 3524 quam;

1932 3550 2147 3600 puerum
2177 3534 2246 3586 ad
2271 3535 2587 3600 perdendum
2618 3551 2734 3586 eum
2773 3535 2987 3602 (Matth.
3023 3553 3080 3599 tt,
3109 3540 3217 3606 13).
3267 3539 3389 3594 Jam
3432 3554 3495 3596 et

1933 3631 2078 3684 tunc,
2108 3622 2246 3674 bone
2269 3619 2540 3689 Jesu,pati
2559 3621 2915 3690 cmpisti.Non
2949 3624 3119 3678 solum
3148 3636 3324 3680 autem
3354 3629 3496 3685 illam

1932 3710 2172 3763 infanti:e
2215 3718 2316 3763 tua:
2352 3711 2693 3766 vexationem
2736 3705 2791 3765 in
2840 3723 2890 3766 te
2940 3715 3053 3783 ipso
3081 3717 3374 3785 pertulisti,
3406 3724 3496 3774 sed

1931 3807 1985 3850 et
2017 3807 2239 3851 mortem
2273 3798 2323 3850 in
2353 3799 2560 3866 pusillis
2591 3801 2716 3864 tuis,
2744 3817 2972 3868 quorum
3004 3805 3170 3858 multa
3203 3807 3365 3860 millia
3418 3805 3497 3861 in-

1931 3898 2012 3942 ter
2044 3888 2304 3942 mamillas
2336 3899 2565 3944 matrum
2598 3905 2696 3960 pro
2731 3899 2781 3946 te
2808 3891 3033 3947 Herodis
3063 3892 3351 3951 trucidavit
3393 3900 3493 3953 im-

1929 3978 2180 4031 manitas.
2397 4042 2410 4054 _
2529 3969 2534 3974 ’

1998 4069 2225 4124 Infantia
2262 4083 2389 4125 vero
2416 4073 2670 4126 teneriori
2703 4073 2947 4139 decursa,
2987 4075 3249 4129 discenda:
3277 4077 3493 4133 humili-
3562 4059 3563 4070 ‘

1930 4171 2009 4214 ter
2054 4160 2123 4192 '“
2166 4163 2414 4216 veritatis
2464 4147 2618 4217 nobis
2669 4165 2970 4233 exemplum
3021 4167 3312 4235 prmbuisti.
3375 4169 3491 4225 Non

1927 4251 2069 4303 enim
2110 4251 2293 4305 sedisti
2333 4267 2453 4305 cum
2502 4252 2724 4306 consilio
2754 4254 3009 4308 vanitatis
3056 4253 3226 4323 (f’sal.
3263 4273 3388 4323 xxv,
3415 4261 3489 4329 4),

1928 4342 2022 4395 sed
2052 4341 2102 4394 in
2134 4341 2309 4395 medio
2335 4343 2636 4406 doctorum,
2664 4343 2996 4413 intermgans
3022 4354 3076 4398 et
3097 4346 3320 4402 audiens
3351 4347 3489 4410 illos.

266 4432 542 4492 mutando,
571 4431 663 4484 sed
692 4434 1031 4498 praesentiam
1075 4442 1217 4487 tuam
1264 4435 1418 4488 nobis
1469 4451 1562 4503 per
1608 4451 1822 4492 carnem
1860 4427 1903 4479 Ι)
1930 4442 2259 4486 cumtamen
2293 4433 2549 4487 Dominus
2597 4435 2942 4488 scientiarum
2993 4444 3046 4489 tu
3097 4450 3244 4493 esses
3288 4437 3342 4509 (1
3363 4439 3492 4511 Reg.

265 4513 336 4546 ⁸³⁸
361 4518 678 4573 exhibendo.
739 4521 1068 4575 Descendisti
1119 4539 1146 4575 a
1198 4525 1358 4593 regali
1406 4525 1537 4578 solio
1581 4526 1821 4581 sublimis

265 4605 443 4674 gloria:
490 4619 591 4662 tute
633 4611 684 4663 in
717 4611 970 4664 humilem
1019 4624 1075 4667 et
1121 4615 1381 4682 abjcctam
1421 4616 1471 4668 in
1499 4617 1669 4670 oculis
1711 4619 1823 4671 suis

265 4695 513 4761 puellam,
557 4699 728 4764 primo
767 4701 1040 4768 virginalis
1090 4703 1432 4757 continentia:
1467 4715 1588 4759 voto
1626 4706 1822 4775 sigilla-

267 4792 392 4838 tam.
443 4788 494 4840 lu
529 4780 679 4855 cujus
705 4804 859 4843 sacro
892 4800 1044 4844 utero
1076 4792 1141 4822 ⁸³⁷
1178 4791 1410 4862 Spiritus
1440 4796 1506 4824 ⁸³⁸
1533 4795 1702 4848 sancti
1745 4798 1822 4848 in-

1933 4539 1992 4584 u,
2032 4523 2110 4590 '5),
2144 4531 2304 4591 atque
2337 4523 2448 4590 ipsa
2478 4523 2569 4576 Dei
2604 4523 2776 4578 Patris
2807 4525 3088 4594 sapientia.
3137 4526 3242 4582 Sed
3280 4522 3492 4586 et'obe-

1932 4611 2145 4664 dientiaa
2181 4611 2335 4664 nobis
2379 4610 2605 4665 formam
2653 4614 2982 4681 przestitistl.
3033 4617 3158 4670 dum
3208 4629 3490 4685 parentum

1933 4701 2158 4770 imperio
2207 4711 2283 4764 tu,
2334 4702 2626 4769 imperator
2671 4706 2876 4770 mundi,
2926 4706 3201 4762 humiliter
3247 4711 3492 4768 subditus

1930 4791 2203 4846 exstitiSti.
2244 4791 2312 4844 At
2345 4791 2434 4846 ubi
2463 4793 2782 4848 robustioris
2810 4797 2986 4851 aetatis
3029 4797 3301 4866 plenitudo
3327 4802 3491 4856 adve-

1565 4976 1649 5029 VA
1661 4975 1794 5029 Rl/E
1837 4971 2227 5028 LECTIONES.

335 5108 401 5140 '”
427 5111 643 5165 Nomine
668 5111 791 5165 Jesu
822 5130 916 5165 ms.
943 5114 1152 5165 nomine
1178 5115 1292 5181 ejus
1349 5115 1416 5145 ⁸³³
1443 5114 1745 5168 Christiane
1776 5131 1872 5166 ms.
1901 5128 1932 5164 o
1961 5111 2274 5181 Christiane
2318 5108 2388 5140 ⁸³⁸
2411 5108 2618 5181 Domini
2654 5112 2724 5164 tui
2750 5130 2848 5164 ms.
2875 5114 3082 5170 Domini
3104 5120 3268 5171 nostri
3322 5124 3390 5156 ιη
3413 5123 3485 5176 το

265 5173 384 5254 .lesu
410 5195 504 5232 ms.
531 5185 714 5233 omittit
744 5181 868 5235 .lcsu
949 5184 1015 5216 ⁸³⁸
1046 5173 1405 5236 lnzestimabili
1425 5201 1523 5258 ηις.
1548 5184 1777 5258 mirabili
1843 5184 1907 5213 ⁸³⁷
1928 5183 1984 5234 ln
2007 5181 2126 5258 aliis
2145 5197 2241 5258 ms:
2266 5179 2317 5232 in
2333 5176 2510 5258 (φης’
2547 5180 2615 5210 ""
2631 5181 2687 5233 Et
2715 5182 2954 5258 liliisirre
2985 5202 3083 5258 ms.
3117 5197 3167 5239 et
3199 5188 3343 5241 solus
3371 5192 3483 5258 ipse

270 5245 433 5307 ipsum
502 5250 571 5280 "9
607 5251 897 5303 Reddidisti
942 5269 1039 5304 ms.
1077 5252 1269 5304 dedisti
1345 5254 1413 5283 ⁸³⁸
1435 5253 1741 5304 Memoriam
1776 5267 1895 5305 cum
1930 5268 2024 5320 ms.
2060 5248 2484 5320 misericordiam
2519 5265 2639 5320 cum
2711 5251 2778 5280 ⁸³⁸
2812 5252 2873 5320 Et
2898 5255 3118 5320 perditis
3155 5272 3250 5308 ms.
3294 5245 3481 5320 omittit

268 5312 333 5343 "’
355 5315 590 5384 Iniquum
637 5329 914 5373 exerceret
963 5337 1057 5372 ms.
1119 5322 1304 5372 omittit
1331 5323 1568 5388 iniquum
1644 5323 1713 5351 ⁸³³
1737 5319 2058 5375 Plorationis
2083 5318 2312 5369 miseria:
2335 5334 2430 5368 ms.
2467 5318 2694 5370 miseria:
2715 5327 2767 5370 et
2789 5312 3100 5384 plor'atiouis

268 5385 406 5436 cnim
436 5403 528 5438 ms.
554 5389 736 5458 Otililflf
765 5390 902 5441 enim
977 5390 1043 5419 ⁸³⁸
1070 5390 1324 5457 Dignatus
1349 5385 1435 5443 est
1457 5407 1552 5443 ms.
1580 5391 1827 5458 dignatus
1854 5404 1912 5442 es

3194 5325 3260 5355 ⁸³⁸
3288 5319 3478 5381 Parum

1987 5388 2052 5418 ⁸³⁸
2070 5388 2169 5440 Per
2190 5401 2402 5438 carnem
2430 5402 2527 5436 ms.
2555 5401 2648 5452 per
2671 5388 2949 5443 caritatem
3027 5392 3092 5423 ⁸³⁷
3125 5392 3478 5450 Sacrosanctu

268 5465 360 5524 ius.
385 5468 536 5510 sacro
589 5457 654 5487 ⁸³⁸
679 5457 797 5508 Sola
820 5459 1035 5524 spiritus
1062 5455 1154 5508 ms.
1186 5461 1374 5510 omittit
1400 5459 1508 5512 sola
1573 5455 1880 5511 “9'l’atretu
1911 5466 1959 5511 te
1985 5457 2136 5509 nobis
2158 5455 2562 5524 manuscript!!!"
2581 5464 2785 5520 panem
2814 5468 2861 5511 le
2887 5471 3121 5513 uoslrtlm
3183 5464 3252 5492 ⁵⁸⁸
3272 5462 3473 5516 Nullam

273 5517 464 5576 habens
499 5543 590 5578 ms.
623 5526 816 5578 nullam
849 5517 1015 5581 habes

1117 5528 1181 5556 5“
1216 5527 1278 5580 Et
1313 5529 1408 5581 hoc
1447 5530 1616 5595 ipsum
1647 5545 1672 5580 a
1703 5545 1797 5579 ms.
1827 5536 1878 5579 et
1909 5526 2219 5593 hoSpitium,
2253 5521 2460 5595 scilicet
2495 5526 2808 5591 praesepium
2845 5543 2871 5579 a

2986 5531 3052 5559 '"
3085 5529 3361 5585 Vobiscum
3394 5546 3475 5586 est

271 5602 361 5639 ms.
395 5595 598 5658 omittit,
628 5606 709 5649 est
784 5596 849 5624 ⁸“’³
879 5598 932 5648 In
966 5612 1019 5650 re
1051 5598 1189 5650 lutea
1223 5614 1316 5651 ms.
1352 5591 1492 5650 lutea
1523 5612 1608 5651 res
1690 5598 1756 5627 "'°
1783 5591 2116 5649 llumilitatis
2145 5608 2240 5645 ms.
2269 5591 2543 5646 humiliter
2572 5596 2814 5649 veritatis
