4190 6250
202 292 302 350 753

1478 324 1483 327 η
1561 291 2086 350 MEDITATIOXES.
2148 294 2153 299 ’

3321 298 3429 352 ’154

202 401 549 471 Etangustias
578 400 758 458 cordis
787 398 862 456 tui
894 399 1185 475 tristissimi
1208 401 1279 435 '“
1299 400 1571 459 indicabat
1592 405 1757 459 sudor
1782 406 1834 467 Α
1860 417 2006 459 mum
2045 394 2179 460 nihil
2203 404 2575 476 obloquentem
2598 407 2691 473 “°,
2718 408 2785 462 ad
2820 405 2989 469 instar
3018 406 3260 472 latronis,
3291 425 3417 464 con-

200 493 286 550 ille
319 492 671 564 sanguineus,
714 491 807 561 qui
840 493 1104 571 orationis
1148 502 1390 564 tempore
1410 494 1487 549 ade
1524 494 1755 549 sanctis-

198 581 327 636 sima
375 593 539 635 carne
589 588 678 634 tua
732 579 984 651 guttatim
1037 579 1361 638 decurrebat
1421 581 1476 637 iu
1534 591 1754 638 terram.

198 671 503 726 Dominator
541 667 767 726 Domine
803 667 933 753 Jesu
960 670 1195 737 Christe,
1239 675 1383 728 unde
1423 672 1615 741 anima:
1657 681 1759 727 tua:

198 760 309 814 haec
344 767 451 811 tam
481 757 773 814 vehemens
811 752 1073 814 tris'titiai
1105 760 1247 815 unde
1272 760 1411 816 tanti
1448 760 1661 817 sudoris
1687 759 1756 792 "'

196 848 453 912 anxietas,
483 857 538 902 et
564 855 677 903 tam
707 848 868 903 anxia
896 848 1249 921 supplicatio?
1288 849 1756 909 Nonne‘volunta-

198 934 330 991 rium
356 937 578 993 omnino
606 936 755 1003 Patri
784 940 1109 1011 sacrificium
1136 940 1401 1008 obtulisti,
1429 950 1484 998 et
1511 940 1647 997 nihil
1675 941 1757 995 i‘u-

196 1026 332 1082 vitus
374 1027 683 1111 pertulisti?
720 1028 934 1099 Utique,
962 1016 1213 1105 Domine.
1266 1032 1614 1107 Arbitrantur
1657 1048 1754 1086 au-

196 1127 297 1173 tem
323 1119 466 1189 quod
500 1129 556 1174 et
579 1119 681 1175 hoc
710 1136 926 1192 quoque
954 1123 1021 1179 ad
1049 1122 1475 1179 consolationem
1515 1118 1761 1179 infirmo-

195 1222 307 1260 rum
360 1206 740 1292 membrorum.
792 1218 1007 1277 tuorum
1068 1204 1457 1283 assumpsisti,
1484 1228 1561 1271 ne
1621 1213 1759 1271 forte
1802 1274 1806 1280 ,

190 1296 434 1365 desperet
486 1297 637 1380 quis,
676 1298 720 1355 si
766 1292 895 1357 caro
940 1301 1155 1357 iniirma
1202 1313 1586 1369 remurmuret,
1633 1320 1756 1360 cum

195 1393 367 1442 tamen
433 1388 501 1441 ad
550 1388 624 1421 ⁸⁷⁸
677 1380 983 1468 passionem
1052 1401 1331 1463 promptus
1380 1402 1463 1451 est
1516 1395 1755 1465 spiritus.

190 1474 453 1543 Nimirum
481 1471 535 1533 et
561 1487 617 1533 ut
650 1480 891 1548 majores
911 1481 979 1514 ⁸⁷⁸
1008 1495 1137 1551 erga
1176 1492 1228 1539 te
1255 1485 1458 1540 amoris
1504 1494 1559 1539 et
1589 1483 1759 1557 grati-

193 1568 392 1643 tudinis
432 1566 680 1624 stimulos
723 1569 1068 1637 haberemus,
1107 1570 1411 1631 naturalem
1439 1564 1638 1631 carnis
1677 1579 1757 1632 in-

190 1655 537 1726 ﬁrmitatem,
585 1649 888 1729 huiusmodi
934 1661 1147 1737 indiciis
1208 1663 1262 1741 in
1311 1673 1365 1720 te
1407 1658 1755 1739 expressisti,

190 1745 378 1814 quibus
426 1746 744 1803 doceremur
789 1751 912 1819 quia
960 1766 1083 1807 vere
1118 1752 1188 1789 '"
1214 1750 1501 1826 languores
1544 1764 1758 1813 nostros

188 1836 298 1902 ipse
323 1839 586 1906 portasti;
612 1848 681 1894 -et
718 1855 823 1903 non
854 1841 1058 1911 absque
1089 1844 1252 1897 se'nsu
1283 1832 1506 1910 doloris,
1547 1850 1757 1918 passio-

188 1940 311 2001 num
345 1937 528 1985 sentes
559 1922 897 2000 percurristi.
949 1932 1062 1986 v0x
1100 1932 1245 1987 enim
1290 1934 1398 1997 illa,
1438 1944 1543 1991 vox
1574 1922 1758 1993 carnis

183 2004 348 2071 fuisse
378 2017 615 2087 videtur,
649 2034 754 2073 non
780 2020 1024 2089 spiritus,
1062 2036 1130 2076 ex
1161 2036 1226 2076 eo
1263 2037 1370 2092 quo
1402 2010 1750 2095 subjunxisti,

186 2104 411 2172 Spiritus
459 2108 667 2178 quidem
705 2119 982 2179 promptus
1022 2120 1120 2175 est,
1153 2126 1280 2165 caro
1327 2124 1497 2168 autent
1546 2117 1757 2186 inﬁrma

186 2193 393 2261 (Hattlt.
426 2210 573 2261 xxvt,
596 2197 706 2269 41).
736 2196 905 2265 Quam
936 2211 1216 2272 promptus
1243 2204 1387 2259 enim
1436 2204 1603 2261 fuerit
1642 2209 1753 2275 spi-

184 2284 315 2339 ritus
374 2280 524 2351 tuus,
571 2287 709 2342 bone
754 2287 902 2353 Jesu,
957 2290 1027 2343 ad
1079 2288 1417 2361 passiOnem,
1450 2297 1758 2351 evidenter

182 2374 489 2439 ostendisti,
531 2376 744 2444 quando
779 2378 1120 2434 venientibus
1159 2396 1265 2437 una
1300 2397 1423 2438 eum
1482 2386 1758 2454 proditore

183 2468 273 2513 tuo
315 2461 451 2515 viris
496 2460 849 2531 sanguinum,
906 2468 1274 2536 quaerentibus
1323 2471 1557 2527 animam
1610 2482 1755 2529 tuam

181 2548 301 2603 cum
342 2550 602 2618 lalernis,
638 2536 868 2633 facibus,
907 2565 963 2611 et
1000 2558 1167 2633 armis
1203 2574 1302 2632 per
1336 2572 1578 2629 noctem,
1615 2564 1757 2620 ultro

178 2641 492 2707 occurristi,
528 2638 597 2698 ef
623 2645 780 2716 signo
817 2631 960 2716 quod
982 2631 1060 2679 ’τί
1090 2662 1121 2704 a
1142 2649 1292 2713 ,duce
1316 2651 1503 2723 ﬂagitii
1534 2668 1757 2725 accepe-

180 2738 300 2784 rant
348 2726 582 2803 teipsum
626 2734 984 2792 manifestasti
1025 2737 1208 2809 (locis.
1240 2756 1397 2810 xvru,
1428 2743 1486 2812 ὅ,
1511 2743 1592 2817 4).
1620 2744 1757 2805 Nam

179 2818 525 2877 accedentem
547 2823 616 2878 ad
638 2823 879 2880 osculum
905 2826 1017 2884 oris
1032 2828 1103 2862 ⁸⁷⁸
1117 2830 1192 2884 tui
1222 2841 1500 2887 cruentam
1528 2832 1755 2889 bestiam

1861 490 2142 555 tumeliose
2179 503 2563 564 pertraxerunt
2591 496 2658 550 ad
2685 482 2991 559 victimam?
3028 495 3134 552 Sed
3170 511 3271 552 nec
3298 504 3424 552 tunc

1858 573 2294 638 misericordiam
2338 591 2483 653 tuam
2523 598 2684 653 super
2725 584 2973 639 inimicos
3018 592 3140 640 tuos
3163 576 3424 639 distillare

1857 667 2012 728 favus
2056 670 2354 729 dulcedinis
2392 682 2535 737 tuae,
2578 671 2825 743 Christe,
2874 673 3128 728 cessavit.
3176 670 3314 728 Nam
3353 665 3426 728 ἐι

1859 760 2102 817 mutilam
2146 766 2215 817 ab
2254 762 2513 835 discipulo
2544 763 2615 796 ⁵⁸⁸
2647 761 2738 817 tuo
2784 777 2969 818 aurem
3015 763 3218 819 inimici
3264 778 3425 819 sana-
3513 780 3523 797 θ

1856 850 1925 907 sti
1946 850 2047 918 νίς
2074 859 2130 927 et
2156 852 2453 908 defensoris
2485 852 2560 908 tui
2588 850 2759 907 zelum
2789 866 2820 907 a
2852 852 3068 907 lesione
3095 852 3423 907 trahentium

1860 951 1912 999 te
1939 943 2337 1015 compescuisti.
2373 942 2691 999 Maledictus
2727 942 2878 998 furor
2906 943 3265 1013 eorum,,quia
3305 957 3424 1013 per-

1859 1030 2029 1098 tinax.
2059 1048 2219 1105 quem
2259 1047 2358 1090 nec
2391 1034 2645 1105 maiestas
2681 1032 2974 1101 miraculi,’
2995 1048 3097 1121 nec
3130 1033 3303 1104 pietas
3329 1032 3421 1109 be-

1835 1121 2036 1190 ‘nellcii
2072 1121 2413 1195 confringere
2449 1125 2642 1193 potuit.

1926 1208 2201 1284 Concilio;
2218 1209 2635 1284 malignantium
2689 1211 2950 1268 adversus
3011 1220 3063 1266 te
3106 1208 3423 1280 pontiﬁcum

1834 1274 2211 1373 'prtesentatug
2242 1317 2322 1369 es,
2349 1274 2503 1358 et'"
2529 1277 2829 1369 veritatem,
2861 1312 3019 1372 prout
3062 1274 3300 1371 oportuit
3323 1299 3420 1368 ⁸⁸⁵,

1836 1389 2158 1471 confessus,
2220 1391 2375 1462 quasi
2439 1392 2507 1447 de
2571 1390 2904 1462 blasphemia
2972 1388 3304 1459 adiudicatus
3360 1401 3466 1474 es,
3510 1403 3553 1467 ξ.

1859 1481 2040 1536 murti.
2083 1481 2471 1537 Amantissime
2506 1481 2730 1536 Domine
2758 1479 2906 1546 Jesu,
2949 1487 3151 1550 quanta
3187 1479 3297 1535 illic
3335 1479 3425 1533 ind

1857 1571 2015 1639 digna
2059 1587 2090 1627 a
2127 1574 2344 1643 propria
2369 1573 2441 1637 '9'
2466 1584 2626 1645 gente
2668 1572 2975 1643 pertulisti?
3018 1570 3253 1641 Vultum.
3274 1578 3423 1645 tuum
3478 1640 3494 1657 ⁸

1839 1660 2249 1728 Διιοηθιιεώἰιεειη.
2282 1662 2335 1717 in
2362 1677 2521 1733 quem
2550 1662 2859 1718 desiderant
2894 1661 3068 1733 angeli
3090 1661 3420 1733 prospicere,

1788 1722 1951 1819 ΒΔ(ιυί
1982 1764 2171 1806 omnes
2206 1722 2656 1823 custos-adimplet
2689 1751 2897 1829 lzetitia,
2927 1722 3108 1820 quem-
3128 1722 3426 1821 deprecan-

1840 1849 1948 1907 tur
1973 1855 2160 1895 omnes
2189 1840 2385 1896 divites
2414 1840 2584 1910 plebis
2609 1839 2782 1912 (Pani.
2811 1855 2957 1906 κων,
2974 1840 3095 1913 715),
3120 1836 3311 1909 polluti
3348 1837 3397 1891 la
3422 1876 3425 1877 ν

1857 1930 1932 1987 bii
1975 1930 2059 1987 sui
2105 1931 2280 2007 sputis
2333 1930 2786 1997 inquinaverunt,
2836 1927 3119 1999 sacrilegis
3172 1920 3423 1982 manibus

1855 2018 2201 2085 ceciderunt,
2244 2017 2364 2077 velo
2405 2026 2734 2087 operuerunt
2762 2092 2771 2097 _
2798 2019 2850 2071 in
2898 2017 3245 2083 derisiunem,
3284 2024 3340 2071 et
3372 2024 3425 2069 te

1846 2109 2140 2167 Dominum
2196 2109 2475 2165 universa:
2532 2110 2831 2175 creatum,
2871 2102 3146 2177 tanquam
3205 2120 3421 2162 servum

1856 2199 2344 2274 contemptibilem,
2393 2191 2887 2273 colaphizaverunt.
2937 2198 3126 2253 Adhuc
3161 2205 3340 2253 autem
3369 2203 3426 2251 et

1857 2288 2091 2343 animam
2128 2274 2273 2342 tuam
2319 2287 2699 2343 incircumciso
2725 2286 2848 2342 cani
2883 2285 3280 2356 deglutiendam
3313 2291 3422 2338 tra-

1856 2373 2393 2451 diderunt.»Vinct‘um
2419 2373 2683 2443 siquidem
2713 2382 2840 2429 ante
2862 2372 3050 2428 faciem
3065 2370 3218 2427 Pilati
3240 2372 3422 2453 pmi-

1859 2466 1944 2520 dis
1982 2475 2032 2521 te
2057 2464 2128 2497 ⁸⁸⁶
2155 2450 2538 2535 perduxerunt,
2584 2462 2918 2535 postulantes
2949 2461 3210 2534 supplicio
3245 2450 3424 2516 crucis

1856 2543 2045 2625 perimi
2080 2565 2131 2612 te
2166 2556 2255 2626 qui
2290 2564 2566 2626 peccatum
2601 2570 2707 2612 non
2737 2568 2999 2620 noveras;
3040 2560 3096 2607 et
3121 2552 3297 2607 virum
3326 2550 3422 2605 hoc

1826 2680 1827 2683 η
1856 2646 2109 2702 micidam
2136 2646 2322 2700 donari
2355 2646 2456 2701 sibi
2490 2645 2627 2716 (Act.
2662 2660 2746 2710 Ill,
2772 2644 2857 2709 15,
2881 2644 2995 2715 Η),
3030 2642 3214 2713 lupum
3241 2640 3422 2713 Agno,

1845 2750 1991 2798 auro
2024 2735 2197 2792 lutum
2232 2745 2603 2811 praeponentes
2631 2736 2721 2788 ⁸⁸⁷.
2750 2734 2794 2792 0
2824 2728 3100 2805 indiguu’m
3139 2741 3195 2788 et
3232 2730 3419 2786 infelix

1810 2855 1815 2859 -
1854 2824 2265 2901 cpucambium!
2307 2824 2375 2879 Et
2400 2826 2617 2895 quidem
2650 2840 2756 2881 non
2782 2824 3065 2895 ignorabat
3093 2823 3291 2893 impius
3331 2822 3419 2876 ille

180 2920 467 2965 aversatus
520 2928 625 2969 non
673 2928 762 2979 es,
804 2914 899 2971 sed
940 2932 1032 2981 os,
1083 2918 1136 2975 in
1157 2903 1283 2987 'quo
1317 2919 1471 2975 dolus
1506 2912 1754 2992 inventus
1853 2929 1950 2987 per
1988 2902 2241 2970 invidiam
2274 2915 2379 2977 hoc
2419 2915 2535 2972 fieri
2574 2915 2628 2970 in
2672 2924 2758 2982 te,
2803 2930 2910 2970 nec.
2939 2923 3115 2969 tamen
3161 2911 3419 2968 abstinuit

179 3013 283 3053 non
319 3010 404 3057 est
442 3001 597 3074 (Iani.
625 3019 744 3073 un,
772 3004 849 3077 9),
892 3006 973 3061 ori
1012 3006 1156 3077 quod
1197 3009 1489 3066 abundavit
1523 3012 1746 3077 malitia,
1778 3045 1824 3109 ο
1856 3021 1888 3061 a
1928 3016 1979 3063 te
2016 2992 2332 3087 temerai'ias
2376 3021 2595 3074 manus,
2648 3007 2741 3062 sed
2790 3004 3016 3075 replevit
3064 3002 3418 3058 amaritudine

178 3088 411 3181 du'fﬁ‘"
438 3093 742 3165 aillmt‘illisti
782 3096 999 3167 (Matth.
1033 3114 1182 3162 xxvi,
1211 3097 1324 3171 i9).
1562 3153 1603 3181 Ὢ
1779 3088 1824 3145 ’⁸
1855 3099 2087 3155 animam
2133 3108 2280 3155 tuam
2325 3098 2439 3154 sine
2487 3111 2670 3152 causa.
2740 3093 3073 3151 lliudendum
3128 3091 3324 3146 Herodi
3367 3101 3417 3145 te

244 3178 290 3236 0
333 3182 596 3238 innocens
630 3184 781 3254 Ague
836 3185 954 3251 Dei,
1010 3186 1148 3258 quid
1191 3189 1283 3243 tibi
1364 3202 1420 3245 et.
1464 3178 1595 3263 tupo'
1630 3192 1754 3248 illi?

177 3265 307 3355 Qui;
350 3275 617 3327 conventio
661 3272 854 3329 Christi
900 3276 969 3329 ad
1007 3269 1214 3332 Belial?
1267 3278 1353 3351 (II
1394 3279 1614 3349 Cornu,
1642 3282 1751 3355 15.)

180 3354 289 3417 Sed
330 3372 387 3418 et
434 3363 541 3440 hoc
590 3365 936 3437 benignitatis
986 3375 1089 3423 tua:
1135 3379 1269 3435 erat,
1324 3354 1753 3440 DomineAJesu,

176 3461 232 3509 ut
284 3452 357 3485 ⁸⁷⁸
400 3438 594 3509 omnia
662 3455 737 3509 illi
807 3457 1128 3524 exhiberes,
1182 3474 1302 3527 qua:
1351 3462 1503 3530 pravi
1575 3438 1752 3520 cordis

166 3537 534 3617 pertinaciam
585 3541 829 3596 emollire
884 3544 1198 3612 potuissent.
1263 3545 1396 3601 Nam
1447 3558 1501 3604 et
1552 3536 1749 3609 veteris

175 3629 428 3686 amicitiae
457 3631 603 3686 illum
631 3634 1032 3698 commonuisti,
1062 3628 1244 3707 dicens
1269 3655 1281 3689 :
1304 3638 1501 3704 Amice,
1531 3641 1599 3693 ad
1623 3643 1747 3709 quid

175 3721 399 3775 venisti?
449 3722 662 3792 (Matth.
694 3741 840 3790 xxvi,
874 3725 992 3794 50.)
1020 3725 1087 3780 Et
1131 3727 1356 3781 horrore
1400 3712 1629 3785 sceleris
1665 3732 1748 3787 sui

174 3820 268 3859 cor
299 3807 451 3878 impii
491 3808 655 3866 ferire
682 3813 925 3876 voluisti,
958 3828 1081 3867 cum
1107 3814 1156 3867 ei
1193 3814 1510 3871 dicebas!"
1590 3818 1745 3887 (Lup.

176 3911 317 3959 xxvi.
334 3898 449 3967 48):
466 3898 631 3965 Judn,
656 3901 831 3955 osculo
845 3892 1041 3954 Filium
1065 3902 1286 3957 hominis
1315 3904 1501 3959 tradis.
1542 3906 1610 3960 Et
1634 3924 1747 3961 ecce

175 3983 465 4043 Philistiim
494 4006 651 4059 super
687 4000 755 4054 le,
790 3989 1015 4045 Samson
1045 3978 1196 4049 (Iud.
1231 4008 1341 4055 xvi,
1367 3993 1453 4061 14,
1479 3994 1582 4060 l6).
1630 3995 1743 4051 Non

171 4073 292 4131 illos
312 4092 340 4130 a
364 4086 415 4131 te
439 4078 839 4144 absterruit'",
856 4080 999 4150 quod
1020 4079 1072 4134 in
1094 4082 1227 4135 hora
1250 4084 1745 4151 comprehensionis

175 4172 275 4217 tua:
304 4166 662 4234 omnipotenti
697 4169 918 4223 brachio
960 4177 1052 4225 tuo
1093 4158 1353 4225 terrase"
1376 4185 1470 4226 eos
1512 4173 1741 4238 aliisisti,

174 4269 275 4308 non
302 4256 523 4324 quidem
563 4256 890 4317 defensionis
930 4274 1093 4315 causa
1114 4300 1129 4324 ,
1170 4260 1265 4315 sed
1298 4270 1359 4314 ut
1390 4274 1742 4333 cognosceret

1852 3187 2019 3254 misit,
2039 3186 2250 3242 illusum
2274 3185 2499 3257 recepit,
2524 3186 2724 3241 nudum
2749 3186 2802 3239 in
2824 3191 3113 3253 conspectu
3136 3182 3431 3261 irrisorum‘

1853 3284 2031 3330 astare
2059 3284 2111 3330 te
2141 3274 2267 3331 fecit
2293 3275 2362 3310 ⁵⁸⁸
2389 3292 2401 3328 :
2446 3290 2544 3330 nec
2572 3276 2815 3344 pepercit
2848 3272 3203 3326 amarissimis
3228 3271 3418 3325 verbe-

1852 3366 2000 3421 ribus
2031 3365 2329 3436 virgineam
2370 3378 2590 3420 carnem
2635 3362 3083 3424 tuam‘divellere,
3115 3359 3311 3431 plagis,
3348 3360 3413 3413 li-

1854 3469 2007 3510 vores
2034 3455 2292 3510 livoribus
2315 3453 2609 3510 crudeliter
2637 3450 2904 3522 indigens.

1919 3545 2099 3600 Electe
2138 3559 2270 3614 puer
2300 3544 2507 3599 Domini
2556 3543 2658 3597 mei
2696 3543 2788 3605 '3’,
2821 3542 2947 3610 quid
2984 3549 3129 3596 tanta
3154 3541 3413 3595 amaritu-

1849 3634 2005 3697 dine,
2051 3634 2177 3702 quid
2229 3641 2373 3687 tanta
2415 3631 2730 3687 confusione
2760 3631 2830 3662 "°
2860 3630 3075 3700 dignum
3130 3628 3411 3684 commise-

1849 3724 1970 3781 ras?
2006 3740 2223 3793 prorsus
2258 3724 2389 3777 nihil
2431 3740 2443 3780 :
2489 3738 2586 3793 ego
2612 3724 2772 3777 homo
2810 3720 2883 3754 m
2926 3720 3167 3789 perditus
3191 3761 3206 3787 ,
3250 3721 3414 3775 totius

1837 3815 2222 3876 contritionis,
2284 3814 2446 3869 totius
2486 3811 2822 3866 confusionis
2875 3811 2967 3865 tibi
3016 3809 3273 3865 mcausa
3318 3825 3411 3864 ex-

1846 3904 1976 3959 stiti.
2028 3904 2138 3975 Ego
2176 3918 2332 3958 uvam
2368 3905 2617 3958 acerbam
2653 3892 3098 3971 cumedi,219
3133 3910 3188 3956 et
3226 3902 3412 3956 dentes

1848 3995 1921 4046 tui
1973 3993 2393 4063 obstupuerunt,
2438 3994 2577 4062 quia
2637 4008 2755 4062 qua:
2811 4008 2915 4047 non
2984 3992 3207 4062 rapuisti
3280 3998 3411 4047 huc

1844 4080 2159 4135 exsolvebas
2208 4078 2376 4151 (Psal.
2424 4095 2618 4144 vam,
2658 4080 2734 4149 5).
2784 4079 2859 4133 lu"
2880 4079 3127 4134 omnibus
3177 4078 3259 4133 his
3300 4094 3407 4133 non

1844 4181 1924 4225 est
1972 4160 2298 4240 perfidorum
2349 4172 2420 4204 ⁸⁹⁸
2472 4170 2774 4232 Judmorum
2822 4172 3014 4227 satiata
3044 4171 3113 4203 ⁸⁹⁸
3141 4172 3402 4240 impietas.

1845 4258 2142 4315 Novissime
2184 4270 2363 4315 autem
2408 4259 2461 4314 in
2492 4244 2682 4314 manus
2728 4260 3224 4315 incircumcisorum
3268 4258 3407 4311 mili-

172 4338 406 4397 bumana
463 4346 809 4415 praesumptio
869 4348 1002 4402 nihil
1043 4363 1102 4403 se
1146 4363 1302 4418 posse
1343 4348 1627 4406 adversum
1669 4364 1741 4419 te,
1774 4359 1961 4423 ptum
2010 4349 2288 4403 devolutus
2342 4363 2432 4415 es,
2487 4355 2657 4403 morte
2710 4348 3011 4418 turpissima
3087 4361 3407 4401 consumen-

174 4430 271 4485 nisi
302 4443 561 4501 quantum
585 4438 989 4506 permitteretur
1018 4454 1047 4491 a
1079 4448 1151 4492 te.
1184 4439 1250 4494 Et
1274 4439 1395 4508 quis
1422 4440 1603 4496 audiat
1628 4444 1744 4498 sine

172 4519 371 4583 gemitu
404 4522 639 4590 qualiter
676 4524 729 4579 in
770 4525 858 4579 illa
898 4526 1029 4580 hora
1081 4527 1378 4584 homicidas
1419 4546 1609 4587 manus
1647 4532 1740 4587 tibi

172 4605 499 4677 iniecerunt.
546 4626 600 4671 et
641 4617 953 4674 innocentes
994 4634 1186 4673 manus
1226 4629 1368 4687 tuas,
1411 4621 1552 4675 bone
1589 4620 1737 4685 Jesu,

174 4699 402 4761 vinculis
442 4709 891 4779 constringentes,
935 4718 984 4763 te
1009 4709 1219 4777 Agnunt
1257 4711 1327 4748 "9
1369 4711 1736 4765 mansuetissi-

1849 4440 1966 4515 dus.
2032 4438 2226 4493 Parum
2280 4448 2399 4493 erat
2458 4438 2734 4515 sacrilegis
2790 4438 2906 4492 istis
2954 4424 3266 4506 crucifigere
3320 4445 3411 4499 te,

1848 4512 1946 4583 nisi
1993 4529 2141 4598 prius
2182 4536 2236 4583 et
2264 4529 2362 4598 ipsi
2404 4512 2754 4598 replevissent
2797 4528 3127 4582 illusiunibus
3171 4528 3403 4579 animum

1846 4628 1989 4674 tuam
2047 4614 2219 4687 (Paul.
2274 4633 2492 4682 xxxv",
2538 4616 2613 4685 8).
2680 4615 2817 4682 Quid
2871 4617 3012 4669 enim
3061 4615 3127 4668 de
3177 4614 3279 4667 illis
3328 4614 3405 4665 ait

1846 4706 2164 4775 Scriptura?
2217 4707 2283 4759 1ιί
2335 4707 2769 4775 congre'gavertmt
2831 4704 2899 4756 ad
2948 4720 3063 4756 eum
3110 4704 3413 4755 universam
3497 4696 3507 4709 “

1447 4862 1673 4917 νΑιιιᾸς
1713 4860 2106 4943 LECTlONﬂS.
2150 4882 2158 4891 -

239 4996 311 5029 ⁸⁸⁸
346 4999 659 5054 Certissime
704 5017 802 5053 ms.
838 5000 1124 5055 tristissimi

172 5064 237 5135 ξῖι
272 5065 414 5135 Ut‘et
439 5068 656 5135 majoris
686 5084 783 5121 ms.
810 5078 865 5123 et
892 5078 949 5121 ut
975 5069 1205 5135 majores

172 5132 240 5181 ³⁷⁵
268 5132 535 5189 Osculum
555 5138 875 5191 sanctissimi
897 5138 1007 5191 oris
1035 5132 1132 5192 ms.
1171 5132 1545 5191 osculumbris
1619 5138 1688 5169 ⁵⁷⁸
1722 5132 1966 5199 Domine,
1994 5146 2051 5189 ut
2078 5153 2176 5191 ms.
2206 5132 2429 5192 Domine
2458 5135 2607 5197 Jesu,
2659 5146 2714 5189 ut

1236 5002 1303 5032 ³⁸⁵
1333 5002 1501 5053 Tanta
1547 5001 1757 5054 sudoris
1802 5016 1897 5053 rm.
1931 4980 2064 5053 tanti
2114 5000 2324 5054 sudoris

1310 5070 1378 5100 ⁸⁷⁸
1403 5069 1535 5134 Quia
1562 5083 1689 5122 veru
1714 5085 1812 5122 me.
1850 5068 1973 5136 quia
1997 5082 2122 5123 vere
2223 5070 2295 5101 ⁸⁷³
2333 5068 2496 5137 Signo
2536 5067 2662 5120 dato
2705 5069 2843 5135 quod
2883 5084 2978 5137 ms.
3043 5068 3217 5137 signo,
3256 5069 3395 5133 quod

2431 5000 2500 5031 ⁶⁷⁰
2533 4997 2628 5052 Ubi
2678 5000 2743 5053 ad
2782 5015 2879 5052 ms.
2908 5012 3051 5061 ,cum
3104 4994 3277 5052 tamen
3330 4999 3395 5051 ad

2788 5137 2857 5167 ⁸⁷⁸
2889 5136 3021 5189 Cum
3050 5136 3263 5188 dicebas
3292 5152 3392 5187 ms.

173 5200 307 5255 Dum
344 5204 394 5257 ei
426 5204 640 5260 dicebas
712 5205 782 5237 ’τ’
807 5208 917 5259 Abs
950 5221 1007 5259 re
1040 5208 1228 5260 terruit
1256 5224 1352 5259 ms.
1381 5222 1409 5258 a
1436 5215 1487 5258 te
1536 5207 1826 5261 absterruit
1900 5206 1970 5237 ⁵⁷⁸
2014 5205 2241 5260 Brachia
2264 5216 2419 5260 teme
2447 5221 2543 5258 ms.
2596 5205 2815 5258 brachio
2851 5213 3007 5257 terras
3078 5205 3149 5237 ³⁷⁸
3177 5205 3387 5270 Agnum

173 5285 269 5323 uas.
306 5279 359 5326 te
381 5287 597 5344 agnum.
646 5274 715 5306 ’⁸ο
739 5274 1068 5343 Loquentem
1106 5291 1202 5327 ms.
1236 5276 1611 5342 obloquentem
1683 5275 1751 5307 ’δι
1788 5275 1867 5328 Ab
1895 5273 2013 5344 ipso
2041 5292 2136 5328 ms.
2169 5276 2373 5337 omittit,
2404 5274 2517 5339 ipso
2587 5273 2655 5303 ⁵⁸⁸
2689 5274 3000 5344 Auriculam
3042 5273 3419 5344 i_nim_ici_tan-'

174 5353 303 5403 gens
331 5342 532 5395 sanasti
555 5358 653 5396 ms.
707 5342 891 5397 aurem
932 5344 1132 5396 inimici
1167 5344 1364 5399 sanasti

1435 5344 1505 5376 ⁵⁸⁸
1530 5345 1907 5407 Ρτωεθιιιειιυε,
1938 5353 1991 5396 ct
2018 5361 2114 5397 ms.

136 5422 139 5423 '
177 5417 335 5469 prout
357 5411 594 5477 oportuit
664 5412 733 5444 ⁸⁸³
765 5411 1060 5481 Opprobriu
1090 5428 1185 5481 ms.
1219 5413 1408 5466 omittit
1482 5413 1551 5449 ⁸⁸⁸
1578 5413 1731 5466 Pilati
1763 5424 1812 5467 te
1836 5429 1931 5465 ms.
1964 5412 2118 5465 Pilati

2187 5351 2500 5398 rmsentatus
2520 5356 2598 5401 es.
2632 5350 2686 5394 et
2756 5342 2830 5407 9“
2855 5343 3016 5395 Prout
3036 5340 3262 5394 docuisti
3294 5357 3390 5393 ms.

2198 5413 2403 5466 rmsidis
2424 5421 2477 5466 te
2549 5412 2615 5447 ⁸⁸⁷
2640 5411 2846 5477 Agnum
2874 5411 3014 5477 lupo,
3045 5424 3232 5461 aurum
3282 5409 3400 5459 lutu-

178 5485 552 5551 postp0t1_entes
585 5496 680 5551 ius.
709 5478 1077 5551 lupumagno,
1105 5480 1273 5551 lutum
1302 5496 1432 5535 auro
1461 5492 1859 5551 praeponentes,
1900 5482 1969 5514 ⁸⁸⁸
1998 5480 2073 5535 Te
2095 5481 2259 5549 jussit
2293 5498 2389 5534 ms.
2422 5490 2475 5551 te
2508 5480 2631 5551 fecit
2700 5481 2769 5511 ⁸⁸⁸
2796 5480 2996 5533 Dilecte
3022 5494 3149 5547 puer
3180 5478 3387 5551 Duniini

181 5540 407 5624 murtei
432 5562 527 5624 me.
551 5547 717 5603 electe
741 5540 870 5624 p'uer
901 5540 1235 5624 Do'miniinei
1306 5552 1375 5585 5”
1398 5540 1534 5624 Quid
1559 5540 1704 5605 t'attta
1735 5540 2171 5624 confusionems.
2205 5552 2390 5624 omittit
2450 5550 2515 5582 ⁵⁹¹
2542 5550 2651 5624 Ego
2677 5550 2833 5624 Immo
2856 5564 2952 5601 ms.
2981 5540 3078 5615 ego
3107 5545 3403 5624 eguhumu

181 5608 247 5641 ¹⁹¹
276 5610 404 5667 Tua:
433 5615 522 5670 tibi
551 5633 646 5671 ms.
685 5608 891 5682 omittit,
920 5626 1020 5672 tua:
1091 5620 1159 5651 '"
1192 5620 1286 5675 Est
1336 5608 1661 5690 peFﬂdorum
1713 5636 1810 5673 ms.
1854 5630 1933 5674 est
1963 5619 2154 5674 satiata
2186 5619 2507 5673 perfidorum
2582 5608 2649 5655 ἴθι
2690 5617 2888 5672 Sauata
2933 5608 3041 5668 ms."
3064 5608 3248 5665 omittit
