4190 6202
324 126 359 139 ...ν

257 278 355 339 757

1639 262 2162 350 neorrarrOuss.
2212 283 2230 319 ⁸

3393 290 3491 348 768

251 397 382 451 sima
413 391 690 467 devorant
737 413 891 465 eum,
940 407 994 455 et
1030 399 1362 459 conculcavit
1401 400 1454 454 in
1509 400 1685 457 furore
1715 419 1811 458 suo
1840 399 2221 468 Aperdidisti,
2274 407 2329 453 ut
2379 399 2609 453 animam
2664 414 2836 455 meam
2882 399 3146 469 perditam
3199 399 3331 455 mihi
3366 404 3488 460 reda

250 492 627 549 vestiutentum
656 492 770 570 eius
790 532 805 555 ,
835 502 891 546 et
918 478 1137 546 domnem
1172 492 1420 548 decorem
1452 492 1594 548 illius
1626 494 1816 564 reliqui

250 584 489 653 corporis
518 582 587 614 ἰ’
620 581 950 650 inquinavit,
994 589 1050 635 et
1102 596 1227 637 ecce
1273 580 1509 653 quinque
1551 584 1816 640 scissuras

252 670 614 727 lamentabiles
659 669 713 724 in
753 683 819 725 eo
844 668 1144 739 dereliquit.
1191 669 1303 726 Hoc
1332 679 1415 727 est
1436 672 1814 728 vestimentum

249 763 391 832 quod
426 761 478 815 in
504 775 665 816 manu
696 759 963 832 Egyptite
1007 762 1309 817 meretricis
1335 802 1351 828 ,
1398 761 1653 819 innocens
1681 779 1816 835 puer

255 862 373 908 tuus
384 850 538 908 Iesus
554 868 652 923 pro
673 852 908 921 peccatis
922 835 1155 907 fratrum
1185 869 1405 909 suorum
1423 855 1704 925 dereliquit
1722 856 1813 921 m,‘

251 942 835 1007 melioremsestimans
874 941 1141 1011 iacturam
1182 944 1327 1013 pallii
1382 959 1544 1021 quam
1602 944 1821 1015 pudici-

255 1031 340 1087 tia:
366 1031 468 1097 “’;
490 1032 769 1102 magisque
799 1031 1003 1103 eligens
1029 1032 1285 1102 spoliatus
1306 1048 1336 1087 a
1362 1033 1542 1089 carnis
1569 1034 1727 1104 pallio
1759 1035 1813 1089 in

247 1134 518 1176 carcerem
548 1120 738 1175 mortis
763 1120 1090 1176 descendere
1117 1137 1279 1190 quam
1312 1136 1408 1192 pro
1434 1120 1618 1177 mundi
1642 1122 1811 1193 gloria

243 1207 555 1264 adulterium
583 1208 699 1265 voci
730 1210 1105 1278 acquiescere;
1136 1209 1232 1275 illi,
1270 1210 1511 1279 inquam,
1540 1211 1679 1277 voci,
1706 1225 1809 1280 qua

240 1299 439 1353 dictum
458 1307 538 1354 est
565 1315 579 1352 :
614 1297 743 1354 Hcce
758 1300 934 1352 omnia
954 1299 1049 1353 tibi
1072 1298 1226 1367 dabo,
1242 1300 1288 1353 si
1302 1300 1489 1353 cadens
1514 1299 1585 1345 Ψ
1612 1299 1808 1353 odora-

239 1389 368 1443 eeria
410 1405 491 1444 me
521 1386 734 1460 (Matth.
764 1403 847 1451 ιν,
868 1387 970 1459 9);,
990 1389 1131 1457 quod
1181 1389 1364 1458 utique
1400 1397 1542 1444 esset
1571 1388 1810 1443 dormire

237 1492 357 1532 cum
382 1477 642 1533 adultera.
689 1478 753 1533 Et
780 1478 847 1511 “'
892 1471 1086 1544 nunc,'
1111 1479 1335 1537 Domine
1374 1478 1565 1540 Pater,
1604 1478 1807 1533 'scimus

235 1566 360 1637 quia
381 1566 501 1624 sinit
548 1564 721 1623 Filius
767 1577 1019 1636 tuus,-et
1057 1568 1358 1623 dominatur
1402 1568 1458 1622 in
1507 1578 1615 1622 tota
1664 1577 1803 1622 terra

237 1655 455 1727 ιεθνριὶ
483 1653 635 1727 (Gen.
654 1674 789 1727 μιν,
820 1658 911 1730 26)
930 1700 948 1727 ,
978 1658 1085 1715 imo
1108 1657 1162 1715 in
1181 1660 1327 1715 omni
1348 1659 1465 1714 loco
1486 1659 1804 1716 dominatio-

1918 492 2094 545 deres.
2134 489 2203 545 Et
2245 502 2373 557 ecce
2415 489 2613 558 duplici
2662 490 2841 545 debito
2878 504 2965 545 me
3010 490 3175 561 220
3210 488 3488 561 obligasti,

1917 594 2041 635 nam
2078 570 2157 649 et
2192 594 2291 649 pro
2334 593 2401 635 eo
2447 579 2589 652 quod
2622 579 2841 642 dedisti,
2885 589 2940 633 et
2991 597 3087 649 pro
3114 582 3179 636 eo
3214 581 3357 651 quod
3385 581 3489 638 mei

1913 681 2076 722 causa
2106 667 2419 737 perdidisti,
2457 665 2669 721 debitor
2700 667 2794 722 tibi
2838 682 2976 721 sum.
3008 669 3073 723 Et
3098 684 3194 738 pro
3223 685 3342 725 mea
3374 672 3493 741 qui-

1914 754 2035 808 dem
2067 755 2173 809 vita
2202 754 2287 809 bis
2306 769 2336 807 a
2363 763 2415 808 te
2438 753 2759 819 mihi'data',
2792 754 2960 809 semel
2991 755 3045 809 in
3082 760 3380 827 creatione,
3405 775 3491 815 se-

1867 870 1883 899 :
1915 845 2021 899 mel
2061 845 2115 900 in
2162 843 2554 913 redemptione,
2590 843 2719 912 quid
2766 844 2938 915 magis
2966 846 3112 914 juste
3144 848 3239 902 tibi
3263 848 3487 905 reddam

1912 948 2073 1003 quam
2110 933 2310 1002 ipsam,
2358 944 2465 988 non
2509 933 2713 997 habeo;
2759 948 2856 1002 pro
2900 942 2990 989 tua
3038 944 3221 990 autem
3254 940 3487 1007 pretiosa

1912 1023 2090 1078 anima
2122 1024 2197 1078 ita
2239 1022 2602 1079 contribulata
2630 1024 2806 1092 ,quid
2856 1024 2925 1079 ab
2959 1026 3177 1082 homine
3206 1028 3367 1097 digne
3398 1045 3487 1083 re-

1912 1115 2070 1184 pendi
2097 1115 2285 1185 possit,
2316 1129 2423 1169 non
2454 1114 2689 1171 invenio.
2727 1114 2861 1169 Nam
2903 1116 2948 1170 si
2978 1117 3171 1172 coelum
3203 1128 3259 1173 et
3285 1129 3489 1175 terram

1912 1215 2193 1259 etomnem
2219 1213 2471 1260 ornatum
2502 1218 2693 1260 eorum
2716 1219 2817 1273 pro
2838 1220 2901 1260 ea
2929 1196 3223 1277 rependere
3249 1208 3487 1278 possem,

1910 1301 2059 1348 certe
2087 1307 2187 1348 nec
2228 1293 2307 1349 sic
2335 1305 2506 1362 usque
2546 1293 2614 1347 ad
2660 1296 2967 1349 mensuram
3002 1296 3177 1351 debiti
3216 1297 3488 1355 ullatenus

1910 1389 2254 1456 attingerem.
2292 1384 2365 1441 Ut
2386 1394 2565 1440 autem
2594 1394 2647 1439 et
2682 1385 2913 1455 idipsum
2944 1374 3086 1456 quod
3133 1388 3307 1445 habeo
3337 1390 3404 1422 ‘"
3433 1403 3489 1445 et

1908 1490 2125 1546 possum
2156 1475 2259 1543 ου,
2292 1475 2411 1541 tibi,
2459 1462 2714 1539 Domine,
2757 1477 3086 1543 retribuam,
3137 1479 3209 1533 tui
3244 1480 3485 1536 muneris

1906 1573 2007 1620 est.
2054 1565 2365 1636 Diligentius
2400 1576 2628 1634 ergoes
2659 1563 2729 1595 ⁸⁸⁸
2774 1571 2884 1619 ιοιο
2925 1566 3119 1631 corde,
3146 1574 3259 1620 tota
3281 1568 3483 1629 anima,

1908 1664 2016 1712 tota
2042 1664 2244 1723 mente,
2276 1662 2386 1711 tota
2426 1655 2648 1725 virtute,
2680 1661 2738 1706 et
2786 1664 2876 1707 tua
2922 1654 3081 1713 modo
3114 1656 3183 1688 ⁸³⁸
3208 1660 3481 1728 sequenda

235 1722 467 1800 nis'tum.
489 1722 724 1801 Eductus
748 1722 980 1800 enimad
1007 1745 1289 1816 imperium
1320 1746 1803 1811 tuumdecarcere
1824 1722 1875 1781 ’Β
1904 1742 2130 1813 vestigia
2154 1722 2247 1815 qui
2282 1741 2421 1797 mori
2453 1722 2708 1811 dignatus
2737 1755 2797 1796 es
2838 1756 2939 1812 pro
2973 1743 3176 1798 me.'Et
3210 1722 3485 1814 quomodo
3510 1743 3515 1751 ’

232 1835 421 1891 mortis
444 1843 500 1891 et
519 1834 836 1903 inferorum,
854 1842 911 1891 et
930 1844 1175 1892 attonsus
1198 1834 1539 1892 mortalitatis
1563 1849 1797 1901 comam,

234 1931 643 1982 mutataveste
688 1922 869 1980 carnis
916 1926 1023 1990 ⁸³³,
1051 1925 1104 1980 in
1143 1925 1561 1983 immortalitatis
1607 1927 1802 1981 decore

232 2006 501 2079 redemit,
523 2022 579 2067 et
606 2027 727 2067 cum
754 2011 920 2082 gloria
956 2012 1238 2082 suscepisti
1271 2027 1417 2067 eum.
1440 2010 1799 2079 subnervavit

230 2105 327 2160 diri
352 2104 656 2160 Pharaonis
676 2104 744 2136 ⁸³⁸
770 2102 1073 2173 imperium,
1096 2112 1150 2160 et
1177 2118 1300 2159 cum
1337 2102 1606 2173 triumpho
1635 2102 1798 2158 nobili

230 2195 427 2249 virtute
466 2193 680 2263 propria
724 2192 891 2249 caalos
933 2193 1250 2263 penetravit.
1287 2192 1354 2246 Et
1391 2206 1517 2248 ecce
1545 2186 1714 2262 gloria
1744 2201 1798 2245 et

231 2285 434 2339 honore
460 2291 749 2340 coronatus
805 2282 858 2336 in
889 2282 1104 2337 dextera
1147 2276 1445 2350 maiestatis
1471 2280 1799 2339 tuahssistit

227 2372 391 2429 vultui
420 2381 513 2429 tuo
541 2386 640 2443 pro
669 2372 839 2437 nobis.
886 2369 1075 2426 Frater
1102 2372 1237 2426 enim
1269 2381 1317 2425 et
1348 2388 1471 2434 caro
1513 2381 1690 2426 nostra
1720 2382 1797 2426 est

226 2459 376 2531 (Gen.
403 2477 587 2517 xxxvn
605 2503 619 2528 ,
649 2460 759 2532 27).

290 2550 535 2621 Respice,
588 2552 848 2614 Domine,
899 2552 953 2605 in
1007 2553 1193 2620 faciem
1234 2550 1426 2606 Christi
1485 2553 1561 2605 tui
1616 2548 1790 2621 (Psal.

224 2656 469 2707 uniti,
502 2637 591 2711 10)
617 2680 632 2705 ,
663 2640 753 2709 qui
801 2641 895 2696 tibi
937 2654 1106 2711 usque
1150 2640 1216 2695 ad
1254 2648 1487 2694 mortem
1533 2639 1792 2694 obediens

222 2728 392 2787 factus
421 2739 510 2787 est
538 2730 705 2802 (Phil.
734 2739 770 2786 n'
791 2771 805 2796 ,
830 2729 884 2802 8)
908 2771 925 2798 ,
953 2746 1053 2785 nec
1090 2729 1343 2785 recedant
1372 2730 1439 2785 ab
1475 2729 1643 2785 oculis
1685 2732 1792 2785 tuis

220 2821 507 2877 cicatrices
523 2820 802 2875 vulnerum
826 2818 940 2889 ejus
962 2820 1016 2874 in
1044 2828 1379 2891 perpetuum,
1404 2810 1463 2873 ut
1483 2818 1789 2875 memineris

222 2921 475 2980 quautam
518 2910 938 2983 satisfactionem
978 2925 1077 2980 pro
1114 2910 1350 2979 peccatis
1394 2909 1596 2965 nostris
1629 2910 1697 2965 ab
1723 2924 1788 2966 eo

221 2999 542 3069 susceperis.
580 2998 834 3063 Utinam,
888 2998 1139 3065 Domine,
1182 3000 1453 3068 appendas
1484 3000 1535 3054 in
1583 3009 1783 3055 statera

220 3098 438 3156 peccata
470 3088 666 3158 quibus
692 3087 763 3120 ⁶¹⁸
801 3089 935 3143 iram
965 3089 1285 3156 meruimus,
1313 3097 1369 3145 et
1395 3089 1781 3157 calamitatem,

218 3191 377 3246 quam
423 3194 627 3249 passus,
652 3187 741 3233 est
780 3191 877 3246 pro
925 3178 1078 3233 nobis
1125 3179 1385 3232 innocens
1428 3178 1597 3233 Filius
1640 3189 1779 3233 tuus.

217 3268 396 3335 Certe,
422 3270 667 3330 Domine,
697 3274 809 3323 haec
838 3267 1053 3336 gravior
1086 3267 1394 3337 apparebit,
1423 3276 1478 3322 et
1516 3269 1687 3337 magis
1708 3268 1783 3322 di-

215 3373 344 3425 gna,
381 3368 442 3415 ut
484 3359 653 3429 ipsam
682 3360 750 3391 ⁸²⁸
782 3356 1027 3412 eﬂ‘undas
1071 3358 1492 3417 misericordiam
1522 3370 1686 3424 super
1713 3358 1782 3388 ⁸⁸⁸

217 3461 316 3504 nos
344 3464 504 3519 quam
544 3449 655 3503 sint
687 3448 793 3514 illi,
820 3458 913 3500 aut
954 3447 1007 3500 in
1054 3445 1184 3525 ipsis
1212 3444 1278 3475 ⁶¹⁷
1301 3446 1578 3500 contineas
1610 3445 1661 3500 in
1702 3446 1781 3499 ira

217 3537 615 3592 misericordias
675 3548 814 3591 tuas.
862 3534 1075 3591 Gratias
1137 3535 1274 3599 tibi,
1328 3534 1551 3589 Domine
1596 3543 1781 3589 sancte

215 3620 372 3679 Pater
404 3624 499 3689 ⁸³³,
531 3624 730 3679 referat
755 3623 930 3677 omnis
955 3620 1143 3691 lingua
1176 3635 1336 3690 super
1362 3620 1687 3675 abundantia
1709 3620 1777 3653 ⁶¹⁹

215 3710 425 3777 pietatis
457 3722 579 3775 tum,
607 3711 696 3779 qui
727 3711 887 3766 unico
915 3709 1051 3763 Filio
1087 3709 1264 3764 cordis
1317 3709 1394 3764 tui
1415 3719 1542 3765 ’uon
1584 3724 1776 3781 peper-

214 3798 365 3864 cisti,
411 3800 505 3855 sed
533 3816 629 3868 pro
672 3800 826 3854 nobis
853 3799 1002 3853 illum
1043 3799 1311 3853 tradidisti
1344 3801 1396 3854 in
1439 3808 1687 3869 mortem,
1719 3811 1779 3857 ut

217 3900 450 3959 tantum,
490 3893 956 3962 tamqnelldelem
1001 3895 1320 3948 advocatum
1369 3894 1691 3951 haberemus
1720 3896 1775 3950 in

212 3978 362 4034 cmlis
389 3995 571 4036 coram
600 3989 670 4033 te.
1379 4030 1383 4034 .
1524 4004 1529 4007 ι

282 4060 347 4121 Et
383 4068 500 4134 tibi,
532 4068 753 4121 Domine
776 4068 923 4134 Jesu,
950 4068 1239 4124 fortissime
1262 4070 1476 4135 zelotes,
1508 4072 1634 4140 quid
1654 4088 1774 4141 gra-

216 4152 405 4210 tiarum
424 4162 441 4223 ‘,
471 4157 598 4225 quid
627 4142 1000 4213 retributionis
1025 4159 1183 4229 digne
1220 4159 1511 4215 retribuam
1548 4174 1649 4231 ego
1672 4150 1791 4229 bo-d

214 4256 327 4309 mo,
349 4244 545 4314 pulvis,
578 4255 631 4301 et
659 4246 818 4311 cinis,
842 4256 898 4302 et
946 4247 1057 4303 vile
1087 4248 1429 4319 ﬁgmentum?
1463 4250 1598 4316 Quid
1628 4251 1772 4306 enim

213 4346 307 4399 pro
330 4330 502 4391 salute
540 4349 655 4389 mea
700 4335 876 4391 facere
920 4337 1177 4400 debuisti,
1208 4339 1400 4395 etnon
1452 4340 1665 4395 fecisti?
1689 4342 1772 4396 Ab
1819 4338 1826 4351 '

1902 1834 1994 1888 fiet
2020 1833 2161 1887 istud
2202 1832 2255 1887 in
2283 1846 2399 1898 me,
2434 1830 2537 1885 nisi
2571 1844 2668 1898 per
2711 1832 2805 1885 te?
2834 1832 3123 1888 Adhaereat
3150 1824 3327 1888 anima
3361 1849 3481 1889 mea

1899 1934 2021 1993 post
2050 1926 2104 1978 te
2129 1920 2300 1993 (Psal.
2330 1937 2468 1987 LXII,
2502 1921 2585 1991 9),
2614 1923 2738 1991 quia
2781 1932 2891 1978 tota
2925 1924 3095 1978 virtus
3123 1923 3240 1992 eius
3278 1925 3481 1995 pendet

1901 2027 1965 2066 ΘΧ
1996 2021 2068 2067 te.

1971 2094 2036 2156 Et
2078 2116 2222 2157 nunc
2244 2140 2259 2167 ,
2293 2102 2517 2157 Domine
2537 2144 2551 2168 ,
2582 2101 2710 2157 Jesu
2742 2101 3073 2175 Redemptor
3116 2121 3298 2173 meus,
3338 2116 3392 2163 te
3421 2120 3480 2163 ut

1900 2207 2085 2248 verum
2117 2193 2285 2249 Deum
2312 2192 2495 2259 adoro,
2529 2193 2581 2247 in
2616 2201 2665 2248 te
2689 2193 2893 2261 credo,
2912 2193 2966 2249 in
2998 2205 3048 2251 te
3070 2210 3249 2266 Spero,
3272 2209 3329 2253 et
3356 2200 3477 2269 qui-

1899 2282 1999 2338 bus
2027 2294 2246 2351 possum
2286 2281 2568 2337 desideriis
2594 2283 2660 2336 ad
2687 2292 2738 2338 te
2783 2285 3017 2354 suspiro.
3040 2264 3247 2355 Adjuva
3278 2264 3480 2359 imper-
3510 2288 3511 2291 “
3580 2264 3583 2265 ν

1898 2370 2181 2429 fectiouem
2216 2385 2390 2427 meam
2412 2412 2428 2437 ,
2452 2372 2517 2427 ad
2543 2381 2647 2429 tute
2668 2373 2935 2443 passionis
2965 2375 3198 2453 gloriosa
3222 2380 3478 2451 insignia,

1898 2464 1950 2520 in
1976 2464 2176 2535 quibus
2208 2464 2436 2521 salutem
2466 2452 2641 2519 m’eam
2672 2476 2925 2538 operatus
2954 2452 3245 2533 es,totum
3277 2486 3363 2525 me
3393 2474 3475 2527 in-

1896 2551 2056 2608 clino.
2081 2551 2223 2607 Tuas
2238 2551 2541 2608 victoriosaa
2575 2555 2754 2610 crucis
2802 2556 2980 2627 regale
3017 2557 3264 2613 vexillum
3298 2560 3350 2629 in
3378 2575 3479 2615 no-

1894 2647 2039 2703 mine
2066 2655 2157 2703 tuo
2183 2687 2198 2713 ,
2223 2647 2468 2712 Christe,
2501 2648 2699 2714 adoro;
2731 2651 3152 2719 tuumspineum
3175 2651 3470 2723 diadema,

1894 2748 1986 2792 tuo
2012 2736 2266 2792 rubentes
2292 2738 2554 2806 sanguine
2582 2736 2763 2796 clavos
2785 2780 2801 2805 ,
2837 2748 2927 2795 tuo
2971 2750 3159 2808 sancto
3186 2741 3340 2800 lateri
3367 2744 3468 2799 itu-

1891 2839 2125 2881 mersam
2159 2825 2521 2893 “lanceam,
2556 2835 2645 2880 tua
2675 2828 2919 2895 vulnera,
2945 2836 3105 2885 tuum
3123 2831 3465 2902 sanguinem,

1892 2924 2039 2972 tuam
2081 2926 2341 2982 mortem,
2370 2924 2515 2974 tuam
2546 2918 2876 2987 sepulturam
2896 2962 2911 2989 ,
2943 2930 3091 2976 tuam
3122 2922 3463 2981 victoriosam

1889 3008 2341 3063 resurrectionem
2369 3018 2424 3062 et
2450 3009 2890 3079 gloriileationem
2913 3052 2928 3079 ,
2962 3012 3175 3069 Christe
3196 3054 3212 3080 ,
3238 3013 3461 3087 supplex

1814 3064 1856 3120 δ
1889 3099 2055 3155 adoro
2083 3105 2140 3153 et
2180 3064 2620 3169 gloriﬂcodeor
2638 3064 3171 3157 *..*.*s‘a"ais';.ii.‘{
3196 3064 3460 3173 ὲρίὶέιὶἶὲ

1882 3182 2132 3269 omnibus
2157 3188 2261 3243 his.
2288 3187 2490 3242 [lorum
2523 3189 2735 3245 vivillco
2769 3188 2936 3247 odore
2968 3188 3216 3269 spiritum
3243 3207 3420 3270 meum
3440 3236 3459 3260 ,

1883 3275 2127 3341 Domine,
2155 3290 2187 3329 a
2213 3276 2418 3345 peccati
2448 3285 2617 3355 morte
2657 3276 2964 3335 ressuselta.
2988 3272 3209 3337 'Horum
3258 3283 3457 3339 virtute

1883 3365 1952 3419 ab
1983 3364 2196 3419 astutiis
2215 3363 2431 3428 Satanas
2464 3381 2551 3421 me
2579 3368 2786 3423 custodi
2810 3409 2823 3431 ,
2869 3384 3062 3441 meque
3085 3371 3332 3427 conforta
3356 3414 3371 3440 ,
3398 3385 3457 3427 ut

1882 3462 1938 3507 et
1982 3453 2165 3525 iugum
2217 3453 2590 3517 mandatorum
2623 3462 2833 3513 tuorum
2873 3466 3040 3512 suave
3079 3458 3211 3513 mihi
3251 3458 3456 3525 flat,”

1882 3556 2025 3596 onus
2049 3534 2259 3607 crucis,
2287 3540 2431 3611 quod
2481 3550 2603 3611 post
2646 3550 2700 3597 te
2744 3542 2986 3614 bajulare
3014 3547 3313 3618 mejubes,
3348 3549 3451 3617 bue

1881 3631 2045 3687 meris
2085 3632 2278 3688 animae
2307 3646 2439 3687 meae
2484 3633 2601 3699 leve
2638 3633 2707 3688 sit
2754 3644 2916 3704 atque
2942 3637 3206 3707 portabile
3232 3637 3449 3706 (Matth.

1878 3734 1959 3787 xi,
1986 3720 2096 3792 δυ).
2128 3721 2257 3789 Quae
2288 3731 2374 3779 est
2405 3722 2548 3779 enim
2589 3723 2850 3782 fortitudo
2877 3740 2993 3781 mea
3012 3767 3026 3791 ,
3052 3736 3111 3782 ut
3132 3728 3285 3798 juxta
3310 3743 3448 3798 prae-

1878 3816 2091 3877 ceptum
2114 3815 2261 3862 tuum
2284 3800 2467 3862 mundi
2491 3823 2771 3876 presseras
2794 3820 2904 3867 tam
2928 3812 3248 3886 multiplices
3269 3819 3451 3870 animo

1879 3895 2079 3950 invicto
2108 3893 2436 3951 sustineam?
2462 3895 2712 3969 Nunquid
2734 3900 2897 3969 pedes
2918 3903 3021 3958 mei
3047 3892 3299 3974 tanqua'm
3330 3919 3450 3960 eer-

1878 3999 2067 4039 vorum
2098 3982 2270 4055 (Prol.
2295 4000 2429 4053 xvn,
2457 3986 2570 4053 54),
2603 3994 2660 4042 ut
2690 3993 2742 4043 te
2768 3989 3022 4047 velociter
3048 4003 3355 4051 currentem
3379 3978 3465 4027 ἠ’

1877 4086 1973 4141 per
1996 4074 2179 4143 spinas
2198 4083 2255 4128 et
2277 4074 2534 4144 confraga
2562 4078 2872 4146 passionum
2908 4083 3163 4151 consequi
3186 4084 3401 4140 valeam
3424 4087 3448 4139 ?

1878 4162 1984 4217 Sed
2014 4160 2168 4230 audi,
2206 4176 2421 4233 quaeso,
2467 4178 2651 4220 vocem
2692 4181 2897 4237 meam,
2948 4178 3001 4225 et
3044 4172 3238 4227 inclina
3285 4189 3448 4247 super
3508 4160 3509 4163 “

1875 4252 2181 4331 servum)!"
2209 4264 2357 4310 tuum
2395 4269 2613 4315 suavem
2643 4257 2785 4312 illam
2820 4275 3071 4327 erucem,
3097 4274 3217 4330 quae
3244 4256 3444 4334 lignum

1875 4344 1998 4398 vita:
2042 4350 2131 4402 est
2184 4344 2268 4401 bis
2315 4346 2407 4416 qui
2462 4348 2916 4415 apprehenderint
2974 4365 3093 4405 eam
3121 4392 3136 4415 ,
3182 4362 3238 4408 et
3284 4363 3344 4410 ut
3393 4367 3444 4411 et

216 4420 657 4494 imopedisusqne
672 4426 736 4480 ad
751 4441 1015 4480 summum
1042 4428 1258 4483 verticis
1275 4436 1440 4483 totum
1464 4430 1516 4484 in
1532 4431 1769 4501 aquism
1802 4400 2035 4501 Dspero
2059 4432 2158 4498 ⁸⁸⁸,
2190 4400 2406 4489 curram
2450 4400 2727 4493 alacriter.
2770 4438 3003 4496 Portabo
3042 4400 3444 4514 infatigabiliter

213 4511 516 4576 passionum
551 4522 604 4567 te
631 4513 956 4582 demersisti,
984 4524 1044 4569 ut
1068 4529 1153 4570 me
1179 4526 1345 4571 totum
1363 4520 1428 4573 de
1459 4518 1560 4574 illis
1589 4532 1770 4575 extra-

212 4596 397 4666 lteres;
425 4603 836 4657 et'intraverunt
882 4620 1030 4673 aqua:
1057 4614 1217 4675 usque
1263 4608 1331 4659 ad
1368 4610 1598 4663 animum
1622 4620 1767 4665 tuam

211 4680 596 4758 (Psol..t.xvm,
622 4692 702 4762 Ξ).
736 4691 869 4747 Nam
900 4705 953 4749 et
982 4696 1217 4748 animam
1260 4692 1405 4753 tuam
1455 4699 1505 4751 in
1536 4710 1766 4756 mortem

1876 4538 1994 4577 eam
2030 4538 2149 4593 quae
2174 4522 2242 4579 ab
2273 4523 2504 4597 inimicis
2533 4534 2615 4580 est
2642 4540 2857 4582 crucem
2899 4538 3018 4597 post
3047 4538 3117 4584 te.
3156 4528 3300 4585 Illam
3319 4573 3334 4598 ,
3362 4534 3442 4587 in-
3471 4570 3474 4573 ι

1874 4627 2034 4680 quam
2054 4652 2068 4679 ,
2097 4612 2486 4667 divinissimam
2515 4628 2728 4670 crucem
2758 4615 2998 4675 humeris
3028 4621 3163 4676 meis
3192 4622 3445 4693 impone,

1874 4702 2025 4769 cujus
2044 4702 2269 4757 latitudo
2295 4712 2376 4759 est
2404 4704 2668 4771 cbaritas,
2692 4720 2855 4775 super
2883 4723 3099 4765 omnem
3132 4723 3437 4769 creaturam

1512 4807 1739 4889 VARle
1780 4812 2180 4869 LECTIONES.

188 4910 203 4927 ³
277 4902 631 4986 “'Jlleliquiis
687 4911 894 4986 cruoris
923 4976 926 4979 Α
957 4926 1053 4986 ms.
1106 4916 1586 4986 reliquiqcorporis

1694 4920 1923 5007 f‘l'jll'i‘de
1945 4922 2215 5007 ‘Do'mine.
2252 4925 2673 5007 pallittmkquod
2708 4929 2797 5007 in__
2822 4944 2983 4986 manu
3042 4934 3299 5007 adultera
3344 4953 3439 5007 ge-

212 4975 626 5064 lae-[altiquisLid
669 4976 1071 5064 estnxiigyptite
1122 4975 1456 5064 rueritricis,’
1490 4987 1717 5055 pudicus
1784 4989 1872 5045 ille
1901 4975 2999 5064 .addieﬁnsfEridaniﬁi."11033;:
3042 4975 3434 5062 ἶὲἱῖῶἆητῗίἱῖ

211 5041 354 5129 quod
409 5041 682 5129 inninanu
737 5041 1004 5129 Egyp'tiae
1050 5041 1349 5129 meritricis
1408 5041 1668 5111 i'nn'ocens
1701 5041 1887 5129 ’pu'é‘£_
1918 5041 2259 5117 iiii;"i&;ii}

2340 5078 2399 5133 ro
2449 5065 2685 5133 peCcatis
2733 5066 2959 5123 fratrum
3010 5083 3233 5127 suorum
3271 5074 3431 5131 dere-

211 5107 364 5210 liquit.
395 5113 508 5210 :
533 5107 862 5210 Vestiiuenii
882 5107 1052 5210 quam
1078 5118 1399 5210 inn‘ocentite
1428 5107 1633 5203 sancire
1645 5107 2125 5210 imi'ﬁéiiiiﬁiiagﬁ
2137 5107 2422 5210 ἷιῖεξίρᾚξῖιξ

302 5178 368 5254 ξι
395 5181 509 5248 ipse
535 5201 631 5254 ms.
661 5185 848 5237 omittit
898 5177 1010 5254 ipse

1114 5186 1184 5219 ‘“
1214 5189 1373 5245 Veste
1398 5192 1580 5246 carnis
1624 5210 1724 5247 ms.
1759 5186 1922 5250 carne
1949 5186 2115 5252 v'estis

211 5244 484 5349 flustra
509 5252 705 5349 quibus
736 5269 833 5307 ms.
852 5244 1074 5335 omittit,
1099 5244 1307 5337 nostra
1335 5244 1670 5349 ":"nUtlper
1682 5244 2279 5349 ipsam-ntsZu-t-ipsam
2314 5244 2425 5303 ’.δέ

305 5314 409 5401 Pro
442 5312 899 5401 peccatis‘nostris
1048 5312 1101 5378 in
1132 5326 1261 5393 ipsis
1335 5312 1658 5401 vendibilis
1681 5312 2473 5401 Dii—ter-msI'D—o'ml’nernncte

2221 5199 2291 5301 ζ’
2314 5199 2534 5301 Diriph':
2566 5199 2792 5301 rationis
2839 5220 2943 5301 me;
2976 5207 3083 5263 diri
3130 5210 3430 5290 pharaonis

2492 5271 2661 5325 Tuam
2702 5286 2866 5333 super
2893 5284 2993 5329 rm.
3037 5271 3251 5331 omittit.
3278 5288 3429 5333 tuam

2754 5340 2922 5413 Ἦρα
2940 5346 3427 5413 superabundantia

210 5395 305 5480 εἴ.
336 5400 496 5466 super
515 5388 844 5468 abundantia
917 5390 985 5422 “°
1013 5390 1068 5446 lu
1099 5388 1265 5461 aquas
1288 5412 1386 5449 ms.
1415 5398 1466 5449 in
1494 5400 1651 5479 aquis
1725 5400 1792 5431 ⁶⁸¹
1824 5388 2538 5508 Ιύίρευιήζέίὲίιᾶἆᾟᾶδδ
2551 5388 2661 5462 3233'.
2691 5388 3427 5508 e'tidi—psuvn-iwquo'd-

302 5452 369 5506 Et
399 5456 525 5508 mtht
554 5459 805 5508 uossﬂnle
825 5469 909 5508 est
936 5476 1032 5508 ms.
1056 5470 1109 5508 et
1134 5477 1346 5508 nussum
1411 5465 1479 5497 ⁵³³
1506 5465 1812 5508 Πιιιιγρηιιιια
1840 5471 1971 5508 mihi
1990 5486 2047 5508 ac
2069 5489 2147 5508 nn
2237 5473 2493 5508 “indu-ulna
2517 5492 2573 5508 ..ο
2606 5492 2733 5508 οη...
2806 5478 2851 5508 es
2904 5479 3013 5508 vr..-
3045 5483 3174 5508 ...:t.:
3203 5499 3280 5508 η.-
3337 5494 3417 5508 ...-

213 5448 277 5480 ⁶³¹
302 5452 369 5525 Et
399 5448 525 5525 inihi
554 5458 805 5525 possibile
825 5469 909 5514 est
936 5476 1032 5513 ms.

879 5469 909 5539 it
936 5476 1032 5513 ms.
1056 5470 1109 5515 et
1134 5477 1347 5543 possunt
1411 5465 1479 5497 ⁵³³
1505 5465 2048 5543 Diligenrl_tgs_rn_ihi_es
2069 5465 2169 5527 nu.
2199 5465 2496 5543 diligendus
2516 5492 2575 5531 es
2606 5492 2733 5543 ergo
2806 5478 2851 5509 ⁸⁸

302 5494 369 5506 ...
399 5494 525 5508 .......
556 5494 805 5525 Pun-um.
825 5494 909 5539 ea}
936 5494 1032 5513 υη.
1056 5494 1109 5515 ω
1134 5494 1347 5531 μυδθιιηι
1414 5494 1475 5497 ’τ’
1505 5494 1817 5531 υιιικυιιιιηδ
1840 5494 1971 5524 1111111
1990 5494 2048 5527 68
2069 5494 2169 5527 me.
2199 5494 2496 5543 alligenuus
2516 5494 2575 5531 68
2606 5494 2665 5531 er

215 5520 846 5611 “"ﬂlmpressam
878 5543 1188 5584 numensam
1213 5549 1308 5588 ms.
1334 5533 1640 5611 immersam
1714 5536 1783 5611 Ψ
1815 5538 2076 5611 Vclociter
2125 5550 2438 5599 currentetu'
2474 5562 2569 5601 ms.
2610 5494 2698 5604 vei

2904 5479 3015 5533 Tua
3045 5479 3174 5537 mihi
3203 5499 3301 5536 ms.
3337 5494 3424 5537 tua

2695 5562 2843 5603 eccm
2875 5563 3151 5609 cursorem
3224 5551 3291 5583 ⁸⁸⁷
3316 5552 3423 5621 ευτ

214 5600 305 5649 per
339 5604 422 5645 me
449 5607 460 5642 :
501 5594 751 5675 famulum
777 5613 870 5651 ms.
899 5612 1060 5675 super
1086 5614 1297 5656 servum
1373 5604 1441 5636 ⁸³⁸
1474 5604 1540 5659 Ut
1568 5614 1622 5661 et
1652 5606 1846 5676 spiritu
1879 5624 1975 5663 ms.
2000 5603 2055 5664 et
2091 5594 2149 5666 ut
2174 5594 2328 5680 spero
