4190 6222
392 241 488 291 ’ἵῦί

1758 228 2282 287 MEDITATIONES.

3514 220 3616 275 76!

395 348 752 418 septemplicis
776 348 956 418 gratia:
978 349 1267 418 pretiosum
1293 347 1489 409 lumen,
1517 351 1597 407 te,
1622 344 1838 411 inquam
1860 342 1950 411 ⁸⁸⁸,
1981 348 2028 402 Α
2057 338 2198 407 qued
2228 336 2321 389 tibi
2352 349 2489 393 nunc
2513 333 2700 400 offero,
2739 332 3013 401 quoniam,
3053 329 3153 418 e-tsi
3202 330 3316 418 sine
3358 330 3538 418 specie
3566 338 3623 381 et

399 439 638 506 piissime
663 439 910 508 spiritus,
942 441 1199 507 deprecor
1238 444 1297 489 ut
1334 434 1378 488 si
1408 450 1511 503 qua
1541 448 1641 503 pro
1671 432 1961 501 fragilitate

401 522 517 581 mea
554 528 606 581 in
633 528 860 581 veritate
892 525 1186 595 maiestatis
1228 532 1330 579 tute
1370 526 1548 578 minus
1594 522 1861 588 intellexi,
1906 531 1962 577 et

401 618 453 671 in
484 619 763 687 praeceptis
793 617 1081 670 Dominicis
1121 615 1386 669 intellecta
1412 630 1508 685 per
1534 614 1809 669 lasciviam
1840 630 1961 669 car-

403 708 483 761 nis
510 707 748 776 neglexi,
779 718 864 760 tua
911 720 996 760 me
1029 705 1335 760 visitatione
1374 705 1641 759 illustrare
1685 703 1958 773 digneris;

394 798 596 865 quibus
626 810 688 849 ea
718 809 803 849 me
829 796 1083 850 decenter
1108 803 1165 850 et
1192 795 1321 849 mihi
1344 794 1646 848 necessarie
1673 794 1961 861 corrigam,

403 886 615 955 meique
643 885 843 939 erroris
876 900 973 957 per
1007 894 1058 939 te
1095 883 1520 940 misericordiam
1550 897 1874 953 consequar,
1902 890 1963 936 ut

355 1026 361 1035 ,
400 988 497 1044 per
517 983 589 1037 te,
612 986 769 1041 quem
792 973 844 1027 in
866 973 1171 1043 periculoso
1200 971 1356 1041 huius
1378 972 1499 1027 vita:
1521 972 1709 1042 pelago
1737 972 1788 1025 in
1812 972 1965 1027 auxi-

372 1060 373 1065 “
403 1069 530 1122 lium
557 1068 848 1132 advocavi,
878 1068 994 1123 sine
1040 1066 1322 1138 naufragio
1366 1065 1434 1120 ad
1465 1073 1676 1136 portum
1716 1065 1966 1134 perennis

403 1152 605 1224 requiei
632 1157 917 1225 perducar.
963 1154 1040 1210 Te
1083 1156 1291 1224 itaque,
1320 1154 1484 1209 Pater
1512 1153 1963 1218 clementissime.

401 1254 561 1313 peto,
594 1245 769 1314 utqui
817 1259 902 1299 me
939 1244 1190 1314 primitus
1216 1244 1470 1314 (creasti,
1522 1256 1617 1312 per
1662 1242 1966 1309 passionem

408 1333 673 1405 Unigeniti
719 1335 793 1389 tui
826 1334 983 1405 221
1026 1334 1281 1389 recreasti
1306 1373 1319 1396 ,
1350 1333 1439 1401 qui
1470 1330 1727 1401 quidquid
1756 1329 1824 1383 ad
1856 1330 1969 1383 lau-

405 1426 525 1478 dem
572 1438 714 1478 tuam
764 1426 1025 1494 pertinet,
1073 1439 1158 1478 me
1208 1423 1445 1491 cogitare
1477 1419 1642 1485 facias
1671 1427 1725 1474 et
1763 1432 1966 1473 amare.

408 1514 513 1568 Sed
549 1516 673 1583 quia
702 1514 906 1585 fragilis
936 1530 1077 1576 sum,
1107 1528 1205 1567 nec
1233 1527 1448 1582 possum
1473 1510 1751 1580 perlicere,
1786 1510 1969 1563 sedula

408 1610 584 1657 tamen
612 1601 952 1657 confessione
978 1603 1239 1655 concedas
1276 1614 1362 1654 me
1390 1600 1605 1653 studere
1624 1638 1639 1661 ,
1671 1609 1729 1651 ut
1764 1599 1973 1652 redem-

2061 428 2260 480 decore
2288 432 2389 488 est,
2423 432 2600 476 tamen
2634 435 2739 474 non
2770 420 2885 475 sine
2914 411 3104 487 gratia'.
3143 416 3325 471 Dulcis
3354 416 3409 468 in
3437 424 3623 469 exten-

2060 516 2214 571 sione
2261 504 2604 569 brachiorum
2642 528 2654 563 :
2689 512 2983 565 extendens
3020 509 3162 561 enim
3209 506 3430 561 brachia
3474 505 3626 559 nobis

2061 605 2301 661 insinuat
2347 602 2489 672 quod
2528 599 2807 669 amplexus
2856 606 3068 652 nostros
3102 597 3213 664 ipse
3247 596 3537 657 desiderat,
3572 600 3628 647 et

2065 694 2217 765 quasi
2244 695 2422 748 dicere
2450 691 2661 746 videtur
2691 706 2706 743 :
2740 686 2784 741 0
2825 703 2915 741 vos
2937 684 3035 755 'qui
3079 684 3326 738 laboratis
3352 690 3400 737 et
3426 682 3626 736 onerati

2062 782 2215 847 estis,
2245 781 2440 842 venite,
2472 788 2527 832 et
2553 776 2835 835 rcﬁcimini
2869 773 3084 847 (Matth.
3119 788 3197 836 xi,
3222 772 3311 841 28)
3344 770 3629 826 inter-bra-

2064 872 2186 927 cbia
2217 852 2357 932 mea',
2403 869 2546 921 inter
2590 865 2868 933 amplexus
2891 877 3041 918 meos
3074 877 3089 917 :
3123 862 3301 915 videte
3327 859 3449 928 quia
3474 872 3629 927 para-

2066 970 2154 1016 tus
2186 974 2305 1017 sum
2350 956 2491 1011 intra
2532 952 2763 1009 brachia
2792 966 2910 1006 mea
2954 962 3287 1019 congregare
3310 962 3427 1009 vos,
3454 946 3631 998 venite

2069 1065 2203 1121 ergo
2232 1060 2420 1103 omnes
2449 1062 2464 1098 :
2502 1042 2679 1098 nullus
2710 1041 2895 1096 timeat
2938 1039 3144 1109 repelli,
3176 1038 3301 1109 quia
3344 1034 3462 1119 nolo
3495 1046 3633 1087 mor-

2067 1150 2169 1195 tem
2212 1136 2522 1208 peccatoris,
2557 1132 2645 1187 sed
2674 1141 2730 1185 ut
2780 1140 3130 1193 convertatur,
3170 1138 3219 1182 et
3250 1128 3381 1180 vivat
3412 1122 3632 1194 (Ezech.

2071 1243 2267 1293 xum,
2309 1226 2419 1297 il).
2458 1222 2671 1278 Deliciw
2706 1222 2843 1275 enim
2890 1237 3016 1275 mea:
3049 1228 3170 1274 sunt
3202 1234 3311 1272 esse
3351 1231 3467 1267 cum
3506 1212 3636 1281 ﬁliis

2071 1320 2336 1372 hominum
2367 1315 2547 1387 (Prov.
2575 1327 2693 1375 vin,
2721 1315 2835 1383 5i).
2868 1298 3047 1365 Dulcis
3096 1308 3148 1363 in
3192 1307 3468 1376 apertione
3504 1303 3639 1356 late-

2074 1409 2177 1473 ris;
2227 1410 2433 1477 apertio
2484 1409 2749 1477 siquidem
2791 1407 2878 1459 illa
2924 1400 3181 1457 revelavit
3223 1397 3379 1451 nobis
3420 1393 3636 1447 divitias

2077 1498 2336 1552 bonitatis
2391 1511 2519 1561 sum,
2574 1498 2889 1552 charitatem
2932 1490 3139 1547 scilicet
3163 1486 3341 1541 cordis
3386 1482 3470 1537 sui
3509 1496 3636 1550 erga

2074 1601 2193 1641 nos.
2242 1586 2423 1642 Dulcis
2472 1587 2523 1640 in
2566 1585 2872 1641 conlisione
2913 1582 3106 1651 pedum
3145 1578 3300 1631 clavo
3328 1587 3471 1639 uno;
3512 1571 3639 1640 quia

408 1688 604 1758 ptimis
652 1704 716 1743 ac
768 1690 1082 1745 salvationis
1123 1699 1227 1744 tuas
1276 1689 1503 1760 gratiam
1545 1703 1863 1755 consequar.
1902 1687 1971 1751 Et

2081 1690 2179 1745 per
2202 1675 2303 1728 hoc
2327 1675 2479 1728 nobis
2507 1674 2659 1743 quasi
2713 1673 2789 1727 ita
2839 1670 3095 1739 loquitur,
3150 1681 3278 1721 ecce
3339 1663 3385 1718 si
3438 1658 3642 1732 putatis

408 1777 662 1845 quidquid
685 1777 937 1846 deinceps
960 1780 1137 1846 operis
1160 1793 1334 1847 agam,
1365 1792 1431 1830 ex
1460 1786 1569 1837 tua,
1596 1788 1651 1830 et
1678 1791 1773 1843 per
1802 1786 1970 1847 tuam,

408 1876 463 1921 ct
492 1866 543 1919 in
576 1874 667 1919 tua
717 1868 887 1941 gratia
935 1868 1003 1921 ad
1040 1867 1251 1919 laudem
1301 1876 1442 1919 tuam
1487 1874 1655 1919 totum
1696 1850 1975 1933 perveniie

411 1954 574 2011 facias
593 1994 608 2021 ,
638 1970 830 2024 meque
853 1956 1107 2024 deinceps
1137 1967 1286 2010 tuere
1312 1971 1342 2009 a
1372 1955 1631 2023 peccatis,
1659 1962 1714 2008 et
1738 1954 1790 2008 in
1822 1954 1975 2007 bonis

409 2046 661 2115 operibus
689 2045 996 2100 validiorem
1020 2059 1138 2099 esse
1159 2045 1467 2113 praecipias,
1498 2053 1553 2097 et
1575 2050 1635 2097 ut
1663 2044 1896 2112 quandiu
1923 2045 1974 2098 in

413 2135 514 2190 hoc
542 2150 765 2203 corpore
794 2136 991 2199 vivam,
1016 2134 1219 2202 aliquid
1245 2135 1447 2188 servitii
1467 2135 1563 2188 tibi
1584 2150 1798 2204 semper
1823 2135 1977 2189 exhi-

411 2219 586 2274 beam.
615 2220 741 2275 Post
769 2222 973 2275 exitum
1020 2236 1148 2275 vero
1170 2222 1364 2284 animas
1395 2236 1525 2275 mea:
1570 2238 1600 2275 a
1642 2238 1867 2290 corpore
1888 2236 1977 2273 ve-

412 2305 556 2361 niam
588 2307 824 2359 omnium
858 2317 1200 2376 peccatorum
1230 2308 1482 2377 consequi
1519 2319 1573 2363 et
1618 2310 1781 2363 vitam
1818 2320 1979 2364 atter-

413 2410 537 2465 natn
568 2410 655 2450 me
698 2396 974 2467 percipere
1005 2398 1286 2453 concedas.
1320 2398 1424 2453 Per
1464 2414 1618 2462 eum,
1663 2398 1752 2467 qui
1800 2410 1976 2454 tecuni

415 2487 545 2543 vivit
571 2498 626 2543 et
654 2500 841 2559 regnat
866 2504 963 2559 per
983 2490 1161 2543 omnia
1194 2489 1391 2545 saecula
1420 2490 1754 2545 saeculorum.
1781 2491 1981 2571 Amen:

962 2579 1331 2638 MEDITATIO
1374 2580 1441 2639 Χ.

867 2670 941 2725 De
964 2672 1204 2741 passione
1226 2667 1421 2727 Christi
1450 2672 1534 2744 (ἓ)
1838 2715 1869 2748 ,

486 2762 668 2818 Dulcis
687 2761 845 2817 Jesus
860 2762 913 2817 in
936 2760 1282 2818 inclinatione
1304 2759 1497 2829 capitis
1516 2771 1570 2816 et
1592 2772 1785 2826 morte,
1808 2763 1978 2818 dulcis

416 2854 471 2908 in
497 2853 812 2908 extensione
846 2853 1210 2929 brachiorum,
1249 2850 1423 2908 dulcis
1460 2853 1511 2909 iu
1551 2855 1827 2922 apertionc
1850 2855 1979 2909 latee

418 2943 513 3007 ris,
564 2942 735 3011 dulcis
783 2942 836 2996 in
887 2942 1189 2998 conlisione
1238 2940 1431 3011 pedum
1454 2942 1607 3000 clavo
1642 2958 1763 2996 uno.
1800 2942 1978 2997 Dulcis

2077 1767 2201 1833 qu'a
2230 1764 2414 1835 fugere
2440 1766 2755 1828 debeam,et
2779 1763 2897 1818 ideo
2918 1762 2982 1814 ad
3007 1774 3092 1813 me
3119 1757 3377 1811 accedere
3394 1752 3639 1815 tardatis,

2074 1855 2305 1909 scientes
2334 1854 2457 1921 quia
2508 1870 2624 1907 sum
2656 1853 2815 1906 nimis
2846 1851 3022 1915 velox,
3064 1856 3120 1902 et
3170 1847 3311 1900 sicut
3346 1841 3637 1903 binnulus;

2075 1946 2249 2000 videte
2274 1945 2396 2014 quia
2425 1927 2589 2013 pedes
2618 1944 2723 1997 mei
2754 1942 2907 1995 clavo
2935 1954 3041 1991 uno
3083 1935 3284 1991 confixi
3326 1940 3452 2015 sunt
3483 1931 3555 1985 ita
3582 1938 3641 1983 ut

2075 2033 2296 2087 omnino
2338 2048 2444 2086 non
2488 2032 2693 2101 possim
2734 2030 2919 2100 fugere
2952 2042 3070 2091 vos,
3120 2028 3243 2094 quia
3273 2019 3643 2076 misericordia

2080 2137 2166 2177 me
2196 2122 2667 2192 omnino~ligatnm
2718 2129 2890 2184 tenet;
2923 2133 3021 2172 nec
3050 2117 3248 2186 fugiam
3285 2120 3489 2167 vos-ut
3532 2124 3645 2164 me-

2079 2220 2302 2266 ruerunt
2353 2221 2572 2285 peccata
2626 2218 2828 2274 vestra,
2870 2208 2996 2278 quia
3050 2220 3243 2259 manus
3292 2217 3424 2255 mea:
3476 2200 3646 2257 clavis

2077 2301 2305 2356 confixae
2343 2308 2486 2354 sunt.
2521 2299 2758 2365 Benigne
2800 2296 2950 2361 Jesu,
3003 2294 3219 2349 humilis
3263 2293 3508 2355 Domine,
3558 2291 3647 2361 pie

2063 2390 2322 2456 Domine,
2370 2390 2542 2445 dulcis
2590 2390 2643 2443 in
2686 2404 2818 2451 ore,
2866 2387 3036 2442 dulcis
3068 2386 3120 2439 in
3164 2383 3349 2447 corde,
3398 2382 3569 2437 dulcis
3593 2382 3645 2435 in

2080 2491 2231 2544 aure,
2288 2477 2708 2533 inscrutabiliter
2770 2484 2826 2532 et
2885 2471 3324 2529 inenarrabiliter
3379 2482 3646 2533 alumnus,

2079 2569 2201 2637 pius
2228 2577 2283 2624 et
2310 2568 2640 2633 misericors,
2673 2576 2885 2636 potens,
2933 2566 3174 2634 sapiens,
3220 2562 3505 2630 benignus,
3536 2559 3648 2612 lar-

2080 2675 2177 2729 gus
2206 2659 2300 2713 sed
2329 2674 2432 2713 non
2462 2660 2736 2728 prodigus,
2786 2656 2938 2710 valde
2979 2654 3153 2709 dulcis
3180 2661 3234 2707 et
3261 2651 3461 2705 suavis.
3491 2648 3647 2703 Solus

2078 2764 2138 2803 es
2181 2764 2446 2803 summum
2499 2732 2719 2814 bonum,
2768 2747 3026 2815 speciosus
3055 2744 3225 2812 {arma
3258 2757 3368 2811 prae
3394 2740 3521 2809 ﬁliis
3554 2739 3649 2793 lio-

2079 2839 2274 2891 minum
2328 2835 2503 2906 (Psal.
2549 2852 2697 2902 κων,
2754 2836 2831 2905 3),
2883 2834 3127 2903 pulcher,
3174 2840 3229 2885 et
3284 2831 3530 2891 decorus,
3586 2836 3644 2881 et

2082 2926 2290 2979 electus
2337 2939 2403 2977 ex
2448 2924 2685 2979 millibus
2717 2922 2891 2993 (Cant.
2923 2938 2977 2984 v,
3011 2920 3124 2991 10),
3164 2928 3219 2974 et
3255 2927 3397 2973 totus
3424 2916 3648 2972 deside-

418 3038 471 3091 in
503 3037 847 3091 inclinatione
875 3034 1211 3108 capitiszlnc'
1267 3032 1704 3103 .ausenlmcaput
1725 3037 1776 3088 in
1794 3050 1971 3097 cruce,

2082 3014 2266 3069 rabilis
2316 3013 2492 3084 (ibid.,
2525 3014 2633 3083 ltl).
2688 3012 2977 3067 Pulchrum
3009 3002 3231 3079 pulchi'a
3263 3008 3477 3063 decent.
3506 3002 3549 3059 Ο
3572 3005 3646 3059 mi

415 3126 569 3195 quasi
619 3125 826 3179 dilectae
872 3139 983 3179 suae
1037 3124 1216 3179 dieare
1260 3122 1470 3179 videtur
1493 3124 1581 3194 ;,ο
1605 3125 1795 3178 dilecta
1835 3139 1977 3187 mea,

416 3216 630 3283 quoties
671 3213 991 3267 desiderasti
1040 3211 1145 3267 frui
1180 3212 1367 3269 Oscula
1395 3213 1505 3269 Oris
1558 3213 1685 3275 mei,
1728 3213 1979 3266 nuntians

419 3303 545 3355 mihi
580 3316 675 3371 per
704 3300 919 3355 sodales
950 3314 1118 3366 meos,
1142 3300 1405 3356 osculetur
1427 3318 1507 3354 me
1532 3302 1711 3356 osculo
1739 3302 1844 3356 oris
1862 3303 1981 3356 sui?

403 3386 597 3457 '(Cant.
624 3405 663 3453 ι,
693 3388 767 3458 1.)
794 3388 905 3457 Ego
936 3397 1156 3457 paratus
1181 3403 1321 3453 sum,
1350 3403 1508 3457 caput
1529 3390 1743 3457 inclino,
1774 3407 1834 3445 os
1858 3384 1983 3459 por-

420 3478 556 3546 rigo,
613 3478 860 3531 osculare
913 3478 1347 3545 quantumlibet:
1384 3494 1481 3532 nec
1525 3479 1673 3532 dicas
1716 3480 1765 3531 in
1819 3481 1977 3533 corde

420 3577 532 3629 tuo,
555 3566 686 3620 Illud
714 3568 953 3621 osculum
997 3583 1101 3621 non
1129 3583 1331 3635 quacro,
1359 3569 1497 3635 quod
1534 3578 1615 3621 est
1644 3570 1761 3623 sine
1799 3572 1978 3639 specie

420 3667 473 3732 et
500 3656 723 3718 decore;
765 3656 857 3711 sed
886 3657 1013 3710 illud
1034 3657 1348 3725 gloriosum,
1385 3673 1492 3725 quo
1513 3673 1725 3726 semper
1748 3660 1851 3713 frui
1882 3662 1977 3714 de-

419 3746 657 3802 siderant
698 3746 917 3813 angelici
973 3748 1137 3801 cives.
1179 3745 1292 3799 Noli
1322 3748 1400 3799 sic
1433 3760 1639 3808 errare,
1676 3748 1824 3828 quia,
1872 3748 1974 3802 nisi

420 3834 593 3905 primo
624 3836 921 3888 osculutnm
957 3835 1123 3887 fueris
1163 3834 1290 3887 illud
1336 3849 1419 3897 os,
1468 3835 1533 3887 ad
1589 3833 1712 3887 illud
1763 3835 1980 3889 omnino

421 3926 706 3995 pervenire
755 3941 859 3977 non
917 3925 1137 3993 poteris.
1199 3924 1363 3991 Igitur
1418 3924 1658 3989 osculare
1711 3925 1847 3977 istm]
1896 3941 1977 3988 os,

2081 3107 2328 3171 Domine,
2391 3118 2534 3159 nunc
2579 3113 2687 3158 tota
2732 3103 2911 3158 anima
2952 3115 3068 3155 mea
3119 3098 3389 3153 desiderat
3433 3096 3488 3151 in
3535 3108 3649 3149 am-

2080 3195 2269 3264 plexus
2318 3201 2454 3257 tuos,
2498 3202 2554 3247 et
2593 3191 2795 3248 oscula.
2827 3190 2969 3245 Nihil
3018 3203 3204 3257 quaero
3255 3187 3355 3240 nisi
3394 3186 3646 3253 teipsnm,

2084 3284 2331 3353 quamvis
2376 3283 2516 3337 nulla
2554 3297 2765 3337 merces
2804 3279 3298 3354 repromitteretur;
3335 3276 3459 3329 licet
3482 3273 3647 3328 infer-

2084 3351 2204 3435 nus,
2228 3382 2279 3425 et
2308 3371 2589 3440 paradisus
2618 3386 2721 3423 non
2750 3376 2951 3432 essent,
2986 3351 3167 3420 tamen
3192 3373 3410 3434 propter
3435 3363 3647 3427 dulcem

2081 3462 2377 3515 bonitatem
2409 3469 2581 3525 luant,
2627 3467 2843 3529 propter
2870 3466 2921 3511 te
2950 3458 3122 3526 ipsum
3153 3456 3428 3509 adhmrere
3453 3452 3647 3507 vellem

2084 3552 2201 3604 tibi.
2261 3550 2339 3603 Tu
2389 3552 2647 3604 continua
2699 3549 3143 3610 meditatiomea,
3186 3546 3407 3600 verbum
3440 3558 3650 3606 meum,

2081 3655 2216 3713 opus
2251 3654 2447 3693 meum.
2476 3639 2669 3691 Amen.

2572 3747 2941 3804 MEDITATIO
2978 3747 3047 3801 XI
3066 3748 3154 3799 ⁸⁸⁸.

2501 3838 2578 3892 De
2609 3837 2951 3905 redemptione
2978 3836 3229 3890 humana.

2158 3930 2349 3982 Anima
2399 3927 2725 3992 Christiana,
2774 3926 2953 3979 anima
2981 3925 3045 3980 de
3072 3925 3221 3995 gravi
3254 3931 3425 3979 morte
3461 3938 3646 3979 resus-

1658 4032 1884 4089 νΑιιιίΕ
1942 4035 2337 4091 LECTIONES.

492 4147 560 4178 ‘°'
584 4144 781 4198 Lumen
834 4162 847 4197 :

2890 4096 2911 4129 0

902 4144 997 4211 Te,
1043 4134 1277 4212 inquam,
1322 4152 1417 4197 etc.
1467 4159 1567 4197 ms.
1613 4143 1832 4197 Flumen
1885 4144 1957 4199 de.
1991 4144 2279 4200 Thesauris
2321 4145 2548 4207 emittis,
2607 4143 2760 4212 cujus
2810 4143 3027 4197 dulcore
3075 4158 3226 4197 suam
3280 4141 3435 4212 hujus
3476 4142 3647 4212 nostri

425 4216 589 4269 maris
636 4230 741 4283 quo
779 4213 1045 4283 jactamur
1088 4210 1335 4283 ratnara‘m
1378 4212 1696 4283 salsuginem
1757 4224 1953 4267 nostra:
1999 4214 2323 4283 inﬁrmitatis
2384 4215 2632 4281 mitigare
2674 4210 2971 4283 digneris1
3008 4212 3201 4266 ﬂumen
3255 4211 3358 4266 olei
3409 4210 3648 4283 laetitiae,

423 4286 618 4339 ﬂumen
653 4280 776 4352 'vini
822 4281 1196 4352 meracissimi.
1255 4281 1489 4352 Torrens
1530 4280 1691 4352 ignei
1756 4283 1977 4352 vigoris,
2032 4280 2262 4352 Spiritus
2312 4280 2624 4352 Paraclytos
2657 4298 2698 4352 _a
2745 4280 2798 4337 te
2843 4290 2897 4336 et
2943 4280 3101 4352 Patre
3156 4296 3252 4349 par
3321 4281 3533 4347 utrique
3592 4280 3645 4333 iu

423 4353 553 4408 orbe
602 4350 1012 4413 transfunditur,
1047 4350 1223 4403 omnia
1276 4349 1508 4417 replens,
1553 4349 1731 4419 omnia
1780 4349 2087 4419 continens.
2132 4351 2364 4419 Spiritus
2415 4349 2601 4415 ex'te,
2647 4350 2876 4418 Spiritus
2925 4364 2992 4403 ex
3032 4350 3206 4419 Patre,
3248 4364 3393 4419 rlllllts
3436 4362 3647 4419 erara-

423 4420 624 4483 bobus,
658 4420 845 4472 unicus
870 4420 1074 4484 ambos,
1120 4426 1177 4470 ut
1220 4416 1353 4485 pote
1390 4419 1667 4490 amborum
1705 4418 1973 4472 individua
2017 4416 2299 4490 connexio,
2320 4420 2586 4490 vivilicum
2613 4416 2913 4490 glutinium,
2944 4416 3644 4490 amplexusindissolubilis,

427 4498 483 4542 et
509 4503 609 4557 pas
638 4502 849 4540 omnem
876 4501 1089 4557 sensum
1121 4500 1444 4554 exuperans.
1478 4485 1613 4539 llinc
1647 4496 1732 4557 est
1753 4494 1962 4557 torrens
1992 4489 2280 4556 voluptatis
2309 4498 2430 4553 tuae,
2472 4485 2716 4550 Domine,
2740 4502 2846 4557 quo
2876 4485 3155 4557 delicatam
3192 4485 3643 4557 illametglorim

427 4553 540 4610 sum
565 4556 839 4609 civitatem
869 4554 1160 4625 Jerusalem
1189 4553 1307 4622 quae
1332 4564 1648 4625 sursum_est
1666 4555 1872 4625 jngiter
1900 4566 2050 4623 potas
2090 4553 2139 4610 et
2163 4557 2461 4612 laetabunda
2491 4553 3007 4611 ebrietate'mstuare
3038 4554 3187 4618 facis,
3219 4565 3278 4607 ut
3308 4553 3398 4608 tibi
3421 4553 3647 4625 jttbilcttt

429 4628 689 4706 hyllllttllll.
717 4625 1096 4706 incessabilem
1133 4623 1305 4706 lucida
1330 4624 1509 4706 illamet
1528 4622 1771 4702 flammea
1799 4622 2003 4706 prgana
2028 4626 2079 4678 in
2101 4640 2233 4706 voce
2255 4625 2603 4706 exultatiou'is
2629 4625 3058 4706 et.confession.is
3097 4634 3153 4705 et
3192 4638 3326 4677 sono
3355 4623 3639 4706 epulatitis.

424 4691 554 4773 Ejus
579 4692 1031 4764 desiderabilibns
1060 4693 1227 4811 guttis
1268 4692 1567 4746 refocillare
1607 4692 1763 4745 sicca:
1796 4691 1989 4747 fauces
2010 4695 2181 4747 exulis
2211 4694 2387 4763 populi
2421 4694 2517 4757 tui,
2549 4694 2793 4757 Domine,
2820 4703 2875 4748 et
2904 4702 2953 4747 te
2994 4693 3197 4761 jngiter
3221 4699 3525 4760 expectant.
3552 4691 3640 4744 Si-

431 4771 568 4811 mto.
600 4776 814 4811 precor.
847 4768 900 4811 et
929 4759 1066 4811 catel
1095 4778 1107 4811 ι
1142 4760 1327 4811 bibant
1350 4762 1414 4811 de
1450 4760 1607 4811 stillis
1635 4774 1754 4811 oua:
1781 4761 1979 4811 cadunt
2008 4763 2074 4811 de
2105 4778 2289 4811 "tensa
2314 4763 2651 4811 dominorum
2681 4779 2915 4811 suorum.
2951 4762 3147 4811 Rorate
3168 4761 3287 4811 caeli
3319 4760 3566 4811 desuoer.
3590 4767 3640 4811 t‘l

431 4759 568 4823 nito,
600 4759 814 4830 precor,
847 4768 900 4812 et
929 4759 1107 4813 catelli
1138 4760 1327 4830 (bibant
1350 4762 1414 4812 de
1450 4760 1607 4815 stillis
1635 4774 1754 4829 quae
1781 4761 1979 4815 cadunt
2008 4763 2074 4816 de
2105 4759 2651 4816 mensadominornm
2681 4779 2915 4817 suorum.
2951 4759 3147 4815 librate
3168 4759 3566 4830 ccelidesuper,
3590 4767 3646 4830 ct

428 4826 626 4885 imbres
654 4830 839 4898 pluant
863 4830 1087 4897 justum,
1115 4827 1262 4900 illud,
1288 4828 1532 4900 Domine,
1557 4826 1665 4897 quo
1684 4840 1911 4900 :cstnare
1940 4832 2109 4884 fecisti
2136 4832 2361 4900 inclytas
2392 4832 2659 4898 primitias
2676 4832 2852 4900 pepuli
2881 4832 2951 4884 tni
2979 4831 3028 4883 in
3069 4830 3259 4897 insigni
3288 4826 3647 4900 soletn'nitatis

428 4897 764 4975 llQSl-r8!;;ll|0
786 4912 901 4975 nos,
937 4912 1140 4975 quaeso,
1172 4897 1414 4959 Domine,
1444 4900 1599 4966 igneo
1622 4898 1890 4975 stillicitlio
1914 4913 2096 4965 purga,
2125 4897 2697 4975 illumina,'inllamma',
2720 4897 2982 4975 e'xbilara,
3006 4900 3263 4953 confirma
3294 4906 3353 4975 ct_
3372 4898 3458 4975 uni
3482 4898 3646 4950 corda

427 4968 759 5037 credentium
792 4968 886 5037 tibi
915 4977 973 5017 ut
1000 4967 1108 5037 sint
1136 4982 1318 5037 unum,
1352 4982 1523 5037 tnmnr
1542 4967 1957 5037 sapiant,runnm
1991 4969 2314 5037 unanimiter
2364 4978 2625 5035 qumrunt,
2677 4979 2731 5023 et
2760 4970 3176 5037 apprehendant,
3211 4978 3264 5037 et
3308 4967 3569 5037 νίίίεξίιιιι,⁸
3592 4972 3645 5016 ct

430 5035 754 5156 possideant.
788 5045 842 5088 et
878 5035 1197 5088 benedicant
1228 5046 1276 5088 te
1305 5036 1467 5088 Deum
1500 5032 1724 5089 Deorum
1774 5036 1826 5087 iu
1867 5035 2014 5089 Sion.
2046 5036 2112 5090 Et
2136 5039 2227 5090 tibi
2258 5032 2454 5107 inclyte
2474 5032 2622 5101 .lesu,
2658 5032 2864 5091 summe
2894 5046 2947 5090 et
2986 5038 3185 5103 optime
3221 5034 3367 5097 Jesn,
3393 5048 3512 5087 cum
3538 5032 3650 5085 Deu

452 5107 586 5156 ’atre
607 5112 661 5155 et
690 5103 890 5156 Soiritu
925 5112 1129 5156 sancto.
1158 5113 1355 5156 sancite
1384 5112 1441 5156 et
1474 5105 1756 5156 individuus
1784 5104 2034 5156 Trinitati
2060 5106 2247 5156 cloria.
2279 5108 2568 5156 gratiarum
2597 5105 2758 5156 actio.
2792 5106 2964 5156 honor
2993 5115 3044 5156 et
3070 5105 3350 5156 imoerium
3376 5104 3426 5154 in
3443 5104 3645 5156 δωειιΜ

452 5107 587 5175 ’utre
607 5112 661 5155 et
690 5103 890 5175 Spiritu
925 5112 1355 5175 sancto,_sanct:e
1384 5112 1441 5156 et
1474 5104 2034 5175 intlividure_'_l‘riuil_ati
2060 5106 2247 5175 gloria,
2279 5103 2568 5175 gratiarum
2597 5105 2758 5175 actio,
2788 5106 2964 5175 honor
2993 5105 3350 5175 etjmperium
3376 5104 3426 5154 in
3443 5104 3645 5175 δωρεᾷ-,ι

433 5168 765 5225 seculorum.
799 5171 973 5225 Amen
1043 5172 1109 5202 ⁸⁸⁸
1131 5172 1333 5225 Collata
1356 5183 1437 5225 est
1464 5187 1583 5225 cum
1608 5189 1726 5225 mss.
1767 5171 1899 5226 Vict.
1931 5168 2132 5227 Thua'n.
2185 5168 2307 5228 Bec'.
2339 5175 2492 5229 Corb.
2533 5191 2634 5228 uno
2666 5174 2725 5228 S.
2747 5168 2753 5171 ⁷
2774 5173 2989 5226 Martini
3027 5168 3363 5225 Tornacensis
3390 5184 3408 5223 :
3438 5185 3541 5222 uno
3581 5168 3642 5220 S.

433 5238 670 5292 Μαιανάὶ
698 5238 1081 5293 Suessionensis
1105 5256 1121 5294 :
1148 5257 1250 5305 uno
1289 5238 1520 5293 Val—lue.
1546 5258 1647 5293 uno
1674 5240 1903 5294 Floriac.
1930 5252 1976 5294 et
2015 5259 2117 5295 uno
2138 5242 2461 5297 Cisterciensi
2483 5258 2500 5295 :
2524 5261 2641 5296 cum
2672 5241 2909 5295 Editione
2938 5241 3226 5305 Sommalii,
3276 5250 3322 5292 et
3368 5253 3482 5291 cum
3518 5234 3644 5287 Edi-

432 5306 567 5362 tione
614 5306 853 5361 Gothica.
904 5308 978 5361 De
1029 5308 1408 5377 Rcdemptioue
1435 5310 1663 5364 humana
1693 5327 1813 5363 mss.
1856 5308 1986 5363 Vict.
2022 5312 2108 5364 16.
2140 5323 2186 5366 et
2213 5312 2365 5367 Corb.
2416 5314 2533 5367 l60.
2590 5312 2859 5383 llleditatio
2900 5311 3237 5385 deprecativa
3286 5324 3350 5364 ex
3394 5306 3640 5362 τεεοτάειν

1926 5418 2127 5473 NOTAE

503 5527 577 5599 (ἓ)
616 5530 691 5585 Ex
720 5531 1038 5586 bibliotheca
1070 5530 1338 5585 Vaticana.
