4190 6194
441 196 447 201 ’
516 224 619 285 769
1869 218 2096 273 sitcum

2073 217 2391 271 'ATIONES.
3629 230 3728 283 ’170

518 340 778 408 meipsum
807 343 1006 403 totum;
1034 336 1155 405 quia
1170 350 1271 401 .nte
1300 320 1780 395 retlem‘isliuleheo
1803 332 2061 399 meipsum
2095 331 2139 388 Λ
2169 330 2424 396 sapientia
2454 331 2632 383 existit
2668 338 2843 397 mta'e,
2895 331 3048 399 cujus
3104 330 3378 387 :eterni'tas
3438 333 3579 388 sicut
3621 351 3724 391 non

518 436 713 488 totum;
749 426 871 494 quia
908 434 1113 481 tantum
1145 422 1435 493 promittis,
1484 422 1652 475 debeo
1701 420 1956 489 meipsum
1990 428 2069 473 to-
2166 413 2381 485 proficit
2412 418 2463 470 in
2495 418 2684 486 majus.
2716 420 2793 473 sic
2822 436 2918 474 nec
2942 421 3121 475 delicit
3170 422 3222 477 in
3274 424 3481 487 minus;
3534 424 3725 494 gratia.

519 524 629 567 tum
669 514 761 579 "",
798 514 905 568 imo
942 521 1145 566 tantum
1206 512 1373 566 debeo
1422 511 1591 567 amori
1645 518 1735 563 tuo
1788 508 2065 576 plusquam
2172 509 2333 562 totius
2361 509 2473 575 ipse
2503 510 2686 578 gratiae
2716 518 2922 574 auctor,
2960 520 3012 563 et
3035 522 3381 567 conservator
3399 518 3461 566 et
3482 508 3719 571 remune-

508 601 797 671 meipsum,
826 609 1084 669 quantum
1114 606 1169 651 tu
1190 612 1255 651 es
1285 596 1452 665 major
1478 611 1583 659 me,
1616 609 1715 666 pro
1762 610 1868 664 quo
1912 592 2065 648 deili-
2169 608 2331 650 rator.
2359 593 2676 650 Parentibus
2702 598 2971 663 subditur,
2988 614 3142 669 quem
3163 585 3351 665 adorat
3372 601 3549 656 omnis
3577 616 3730 656 crea-

514 693 581 746 sti
617 692 865 760 teipsum,
911 700 965 743 et
990 688 1075 743 cui
1101 688 1371 759 promittis
1398 687 1645 755 teipsum.
1676 685 1804 749 Fac,
1854 699 2061 754 precor,
2170 697 2309 749 tura,
2339 688 2423 741 cui
2450 695 2503 739 et
2531 701 2690 739 omne
2723 701 2868 755 genu
2908 696 3180 763 curvatur.
3225 687 3519 755 Addamus,
3548 692 3591 745 si
3622 690 3729 759 pla-

513 781 757 842 Domine,
789 794 873 833 me
895 787 1115 848 gustare
1155 793 1250 848 per
1298 791 1533 831 amorem
1585 777 1726 843 quod
1766 782 1919 842 gusto
1972 788 2083 847 per
2168 783 2251 827 cet
2282 776 2404 841 quia
2433 774 2756 841 baptizatur,
2806 785 2860 827 et
2908 775 3121 843 quidem
3167 776 3421 829 Dominus
3465 793 3492 829 a
3546 793 3725 843 servo,

513 870 867 938 cognitionem
890 884 907 931 ;
938 869 1168 920 sentiam
1196 883 1295 933 per
1318 865 1567 918 allectum
1598 863 1738 931 quod
1771 860 1943 915 sentio
1972 876 2068 928 per
2167 865 2307 916 Deus
2329 864 2395 918 ab
2420 864 2655 928 homine,
2682 872 2738 916 et
2760 880 2787 916 a
2815 864 2979 919 milite
3004 858 3134 917 Rex.
3158 865 3419 919 Tentatur
3440 882 3469 917 a
3495 868 3726 934 diabolo,

513 955 838 1012 intellectum
865 970 880 1019 ;
913 953 1033 1023 plus
1064 954 1239 1033 debeo
1260 966 1419 1019 quam
1445 951 1703 1019 meipsum
1736 958 1939 1011 totum;
1972 948 2063 1002 sed
2166 950 2251 1003 cui
2280 951 2581 1003 ministrant
2604 950 2798 1027 angeli.
2830 950 3005 1003 Esurit
3040 951 3222 1012 cibus,
3276 952 3389 1006 sitit
3441 951 3577 1018 fons,
3620 944 3725 1010 las-

511 1060 613 1100 nec
630 1045 749 1115 plus
780 1043 953 1098 habeo
977 1043 1069 1107 ⁷³⁸,
1097 1057 1196 1097 nec
1227 1042 1325 1096 hoe
1374 1042 1545 1109 ipsum
1583 1055 1798 1108 possum
1846 1054 1940 1108 per
1982 1052 2066 1093 me
2167 1050 2317 1091 satur
2344 1040 2450 1102 via,
2479 1039 2794 1106 deprimitur
2813 1038 3060 1102 altitudo,
3095 1040 3261 1094 virtus
3290 1041 3614 1115 infirmatur,
3639 1046 3729 1097 de-

512 1135 735 1193 reddere
789 1142 979 1188 totum.
1034 1130 1212 1185 Trahe
1265 1147 1368 1194 me,
1431 1131 1676 1196 Domine,
1730 1130 1781 1183 in
1828 1143 2063 1183 amorem
2167 1125 2407 1183 bilitatur
2436 1103 2711 1193 fortitudo,
2751 1128 3037 1196 injuriatur
3071 1128 3262 1198 gloria,
3302 1103 3725 1198 tumretlaztitia,

512 1238 683 1291 tuum,
715 1224 796 1277 vel
836 1223 1348 1289 hocipsumtotum.
1394 1219 1609 1284 Totum,
1656 1219 1795 1288 quod
1825 1232 1941 1272 sum
1970 1216 2063 1283 "’,
2169 1218 2416 1284 gaudium
2447 1217 2608 1281 dolet,
2630 1228 2683 1271 et
2712 1202 3020 1273 lmmiliat'ur
3075 1219 3346 1286 tuajestas,
3396 1232 3451 1275 et
3501 1224 3734 1277 moritur

514 1321 660 1365 tuum
682 1318 768 1379 est
803 1308 1145 1372 conditione;
1190 1306 1279 1360 fac
1339 1316 1508 1361 totum
1559 1315 1705 1371 tuum
1760 1304 2062 1358 dilectione.
2166 1308 2294 1379 rita.

510 1398 671 1460 Ecce.
705 1398 947 1462 Domine.
976 1413 1158 1453 coram
1198 1407 1247 1449 te
1276 1404 1356 1450 est
1399 1409 1493 1451 eor
1540 1387 1748 1459 meum;
1814 1406 2063 1458 conatur,
2201 1396 2361 1450 'Jcsu
2386 1397 2542 1457 bone.
2574 1413 2732 1465 quam
2761 1398 2929 1452 dulcis
2978 1413 3036 1451 es
3064 1398 3120 1451 iu
3150 1398 3309 1452 corde
3332 1402 3618 1469 cegitantis
3664 1403 3730 1455 de

511 1487 603 1543 sed
633 1502 726 1565 per
751 1502 809 1542 se
832 1501 936 1540 non
964 1494 1165 1556 potest;
1192 1483 1275 1538 fac
1296 1494 1350 1539 tu
1374 1484 1512 1553 quod
1537 1485 1710 1553 ipsum
1738 1497 1841 1536 non
1868 1489 2062 1550 potest.

2170 1495 2220 1541 te
2246 1493 2297 1539 et
2328 1472 2591 1555 diligétttis
2631 1490 2715 1541 te!
2757 1488 2818 1540 Et
2849 1497 2995 1541 certe
3026 1488 3228 1551 nescio,
3256 1490 3381 1556 quia
3431 1506 3527 1544 nec
3573 1491 3729 1559 plene
3790 1542 3794 1545 _

511 1575 744 1630 Admitte
772 1589 857 1629 me
884 1575 1022 1628 intra
1053 1572 1359 1629 cubiculum
1378 1574 1589 1625 amoris
1618 1570 1716 1634 tui,
1745 1580 1889 1639 pcto,
1922 1583 2066 1637 qure-

2171 1576 2623 1644 comprehendere
2655 1577 2824 1641 valeo,
2857 1578 2996 1631 unde
3031 1578 3129 1631 hoc
3155 1579 3400 1647 estquod
3434 1580 3585 1649 longe
3612 1582 3733 1635 dul-

513 1676 593 1727 ³⁵ον
617 1660 789 1729 1⁵111⁸0-
815 1660 914 1726 0οῘ
946 1674 1031 1714 me
1054 1659 1203 1713 ἶπες
1223 1667 1423 1727 Puere,
1457 1657 1540 1710 {ac
1570 1665 1623 1710 θῑ
1668 1658 1931 1725 εοείρθτθ-
1962 1651 2140 1710 038‘“
2168 1664 2279 1718 cior
2301 1680 2357 1718 es
2384 1664 2435 1717 in
2459 1666 2617 1718 corde
2638 1660 2908 1733 diligentis
2928 1674 2994 1726 te.
3014 1666 3066 1719 in
3091 1682 3152 1719 eo
3166 1668 3304 1736 quod
3328 1683 3454 1721 caro
3475 1683 3552 1735 es,
3570 1674 3729 1737 quam

513 1765 771 1820 querere,
811 1750 877 1804 da
901 1750 1155 1831 invenire.
1187 1750 1353 1803 Doces
1372 1747 1615 1817 pulsare,
1632 1748 1772 1815 aperi
1812 1746 2060 1831 pulsanti.
2167 1753 2327 1823 224
2358 1754 2409 1805 in
2439 1768 2503 1806 eo
2538 1755 2678 1820 quod
2715 1752 3213 1817 \‘crbum;d:dcior
3242 1756 3295 1809 in
3327 1772 3393 1812 eo
3446 1759 3586 1826 quod
3636 1760 3733 1812 ιιυ-

511 1840 608 1893 Cl“
644 1840 761 1925 d3?»
790 1838 833 1892 εί
856 1852 1018 1908 1³⁸8³⁵
1046 1824 1286 1907 Daem”
1309 1838 1438 1903 Ουίε
1462 1837 1687 1899 invenit,
1727 1836 1772 1888 si
1821 1824 2083 1923 quterer‘ttss‘
2171 1844 2330 1904 milis,
2364 1858 2521 1911 quam
2566 1843 2617 1895 in
2649 1857 2712 1897 eo
2752 1844 2891 1911 quod
2928 1844 3189 1898 sublimis.
3241 1824 3520 1913 Siquidem
3575 1848 3733 1917 longe

512 1920 836 1987 frustratur?
862 1930 957 1991 Cui
986 1928 1182 1997 aperis,
1208 1929 1251 1982 si
1274 1927 1505 1997 pulsanti
1522 1926 1780 2004 claudis?
1807 1925 1942 2001 Quid
1969 1920 2071 1977 das
2169 1929 2373 1981 dulcius
2398 1939 2479 1982 est
2506 1928 3074 2004 memoriac'diligentis
3100 1938 3149 1983 te
3170 1930 3350 1983 videre
3384 1942 3436 1985 te
3462 1950 3525 1985 ex
3559 1944 3731 1986 matre

515 2033 617 2071 non
651 2020 848 2082 oranti,
870 2020 913 2073 si
939 2032 1175 2072 amorem
1206 2026 1353 2070 tuum
1383 2002 1547 2083 negas
1573 2015 1785 2069 oranti?
1807 2015 1846 2066 Λ
1885 2018 1945 2066 te
1973 2015 2068 2084 ιη-
2153 2016 2385 2085 Virgine
2413 2018 2464 2070 in
2490 2002 2725 2086 tempore
2753 2027 2935 2071 natum
2958 2033 3117 2085 quam
3145 2019 3587 2088 in‘splendorlbns
3608 2032 3735 2079 ante

512 2108 611 2163 beo
640 2109 961 2172 desiderare,
994 2123 1023 2162 a
1048 2116 1097 2161 te
1122 2107 1347 2161 habeam
1380 2106 1687 2183 impetrare.
1720 2103 1943 2157 Adhaer‘e
1970 2104 2063 2167 illi,
2170 2106 2445 2161 luciferum
2468 2115 2495 2159 a
2524 2107 2683 2161 Patre
2706 2108 2962 2176 genitum,
2983 2108 3321 2176 temetipsum
3344 2105 3727 2177 exinanivisse,

513 2195 725 2251 adltzere
748 2195 1069 2263 importune,
1096 2194 1273 2248 anima
1302 2207 1440 2247 mea.
1472 2191 1633 2252 Bone,
1662 2192 1796 2245 bone
1847 2191 2067 2245 Domine
2169 2196 2411 2263 servique
2430 2194 2653 2248 formant
2678 2197 2952 2265 accepisse
2975 2186 3134 2265 quam
3165 2197 3217 2249 in
3238 2198 3401 2251 forma
3436 2199 3525 2252 Dei
3556 2215 3730 2268 requa-

510 2282 601 2346 '“.
626 2298 693 2338 ne
717 2283 929 2353 rejicias
956 2298 1107 2347 eam;
1144 2284 1282 2336 fame
1310 2282 1511 2335 amoris
1553 2282 1627 2334 tui
1658 2274 1897 2349 languet,
1931 2280 2067 2334 refo-
2138 2316 2141 2325 ι
2170 2282 2271 2334 lem
2299 2291 2345 2334 te
2377 2284 2483 2335 Deo
2531 2296 2669 2347 esse,
2716 2284 2923 2338 dulcius
2970 2292 3019 2337 te
3080 2284 3263 2339 videre
3309 2298 3491 2339 coram
3537 2286 3734 2341 Judmis

510 2370 630 2433 eilia
656 2386 797 2434 eam,
831 2374 987 2426 satiet
1015 2387 1132 2426 eam
1186 2371 1400 2427 dilectio
1454 2380 1565 2433 tua,
1619 2370 1909 2439 impinguet
1950 2384 2066 2423 eam
2104 2372 2117 2387 ³
2172 2374 2303 2425 mori
2333 2372 2383 2424 in
2411 2372 2551 2440 ligno
2575 2386 2733 2438 quam
2765 2370 3026 2425 dominari
3057 2387 3216 2441 super
3250 2374 3468 2441 angelos
3491 2374 3541 2427 in
3572 2375 3727 2433 ccelo,

512 2460 734 2516 allectus
767 2470 911 2526 tuus,
942 2462 1159 2530 itnpleat
1205 2476 1321 2515 eam
1356 2476 1509 2515 amor
1560 2469 1699 2521 tuus,
1730 2470 1951 2525 occupet
1985 2474 2092 2538 me_
2162 2459 2365 2512 intueri
2402 2468 2449 2511 te
2481 2460 2618 2511 inter
2647 2459 2823 2511 omnia
2850 2459 3144 2527 subjectum
3180 2476 3340 2526 quam
3370 2476 3531 2529 super
3552 2464 3725 2515 omnia

514 2559 706 2627 totum,
727 2559 782 2605 et
800 2550 1067 2621 possideat
1094 2558 1281 2614 totum,
1310 2549 1431 2617 quia
1463 2558 1515 2601 tu
1537 2548 1603 2579 ⁷⁸¹
1631 2564 1709 2610 es,
1762 2562 1881 2599 cum
1912 2546 2069 2600 Patre
2169 2548 2463 2616 praelatum,
2500 2549 2766 2603 hominem
2798 2551 3027 2604 lutmana
3055 2550 3337 2618 pettulisse
3361 2558 3521 2620 tinam
3550 2554 3729 2607 divina

511 2648 565 2693 et
591 2639 790 2710 Spiritu
818 2647 1026 2703 sancto,
1059 2638 1200 2695 Deus
1245 2638 1392 2693 solus
1435 2638 1746 2692 benedictus
1793 2636 1842 2689 in
1874 2637 2067 2690 srecula
2170 2634 2337 2689 Deum
2367 2637 2613 2705 gessisse,
2645 2639 3035 2710 redemptorem
3064 2650 3181 2692 esse
3206 2640 3537 2707 pereuntium
3569 2656 3729 2708 quam

512 2729 846 2785 saeculorum.
881 2729 1068 2784 Amen.
1128 2796 1129 2799 η
2162 2724 2501 2777 conditorem
2533 2739 2650 2778 csse
2676 2708 2778 2777 non
2816 2726 3176 2779 existentium.
3206 2718 3249 2780 Ο
3273 2742 3429 2795 quam
3454 2728 3607 2783 dulce
3630 2740 3730 2791 cst,

1034 2816 1406 2873 MEDITATIO
1431 2817 1544 2869 ΧΙΙ.
2172 2812 2307 2865 bone
2333 2812 2479 2876 Jesu,
2510 2814 2557 2865 in
2590 2824 2797 2868 SCCl'Cll)
2824 2817 3001 2870 cordLs
3027 2819 3091 2870 ad
3134 2818 3447 2871 memoriam
3477 2834 3731 2873 revocare

920 2932 931 2943 -
955 2908 1029 2960 De
1063 2907 1381 2959 humanitate
1410 2905 1620 2957 Clu-isti.
2095 2953 2138 2983 ρ
2171 2912 2222 2955 te
2247 2918 2340 2970 pro
2369 2903 2521 2955 nobis
2545 2904 2594 2956 in
2615 2902 3059 2973 Virgine'ahsqne
3086 2905 3736 2983 pollutio‘econceptum;

955 2953 1025 2960 _-
1420 2953 1525 2957 νην.
2204 2953 2217 2955 -
2248 2953 2293 2970 ,ν
2566 2953 2591 2956 η
2863 2953 3057 2973 απτ.-
3092 2953 3270 2973 τη-.-
3352 2953 3543 2961 ην.--

578 2999 939 3062 Jueunditate,
965 3000 1180 3067 pietate,
1214 2996 1442 3049 utilitate
1471 2996 1733 3051 redundat
1758 3000 1910 3068 plene
1942 3018 2064 3055 san.
2095 2953 2140 3012 ε
2172 2991 2370 3058 absque
2397 2989 2612 3043 hesione
2635 2990 2955 3060 virginitatis
2978 2990 3093 3057 ejus
3128 2953 3346 3051 natm:
3361 2953 3727 3059 pannisrinro-

510 3086 749 3141 ctissima
778 3084 1027 3137 nativitas
1047 3090 1101 3135 et
1142 3080 1363 3137 infantia
1397 3083 1566 3134 nostri
1613 3081 1931 3137 Salvatoris.
1974 3085 2067 3151 Jq.
2168 3080 2354 3137 luttnn,
2391 3079 2441 3129 in
2471 3076 2729 3146 pnesepio
2761 3080 3095 3139 reclinatum,
3151 3081 3501 3146 sustinentem
3555 3083 3743 3136 com-is

458 3238 459 3241 η
511 3174 780 3229 cunditate
806 3181 1063 3241 quantum
1101 3170 1166 3226 ad
1191 3169 1624 3233 exsultationem,
1660 3171 1858 3238 pietate
1886 3186 2060 3239 quau-
2167 3156 2269 3231 cia,
2299 3176 2559 3218 tacentem
2604 3168 2670 3218 ad
2697 3166 3003 3234 opprobria,
3038 3168 3196 3235 pedes
3228 3168 3607 3237 discipulorum
3656 3169 3732 3222 la-

514 3269 621 3315 tum
648 3261 715 3315 ad
754 3261 1076 3328 passionem,
1130 3258 1357 3311 utilitate
1405 3266 1663 3326 quantum
1694 3262 1759 3312 ad
1796 3260 2063 3329 signilica-
2169 3265 2401 3317 rantem,
2438 3253 2600 3307 linteo
2633 3264 2949 3324 tergentem,
2981 3260 3045 3310 de
3085 3267 3237 3309 nocte
3282 3252 3542 3324 prolixius
3567 3273 3727 3329 orau-

511 3350 735 3423 ‘ioﬁem-
781 3346 918 3412 Qllid
974 3346 1117 3399 enim
1167 3345 1333 3415 magis
1363 3344 1655 3413 jucundum
1697 3362 1856 3416 quam
1896 3332 2064 3417 ipsum
2113 3367 2116 3370 ’
2171 3353 2297 3407 tem,
2326 3344 2571 3396 sudorem
2606 3322 2877 3413 sanguinis
2900 3359 2983 3398 em
3011 3353 3251 3407 ttcutem,
3283 3322 3503 3414 triginta
3535 3322 3727 3414 argen-

510 3439 694 3493 videre
720 3437 988 3491 hominem
1018 3449 1176 3504 quem
1200 3450 1318 3489 esse
1339 3430 1800 3490 constathomiitis
1828 3438 2067 3490 condito-
2170 3435 2268 3487 teis
2341 3448 2633 3498 renonum,
2696 3434 2878 3487 osculo
2932 3426 3207 3498 traditum,
3270 3449 3390 3487 cum
3441 3434 3631 3504 gladiis
3676 3444 3732 3489 et

512 3526 662 3578 rem?
684 3523 819 3589 Quid
852 3525 1046 3577 iterum
1068 3522 1240 3576 eidem
1273 3522 1474 3583 homini
1520 3520 1696 3591 magis
1717 3523 1875 3578 debet
1897 3525 2063 3577 videri
2168 3522 2395 3575 fustibus
2424 3531 2660 3587 captum,
2705 3520 2949 3591 ligatum.
2976 3514 3298 3588 iudicatum,
3337 3520 3546 3591 ﬂagello
3571 3522 3726 3577 dam-

510 3613 677 3682 pium,
704 3626 863 3679 quam
892 3610 1041 3664 claro
1076 3609 1256 3663 videre
1299 3608 1454 3662 oculo
1478 3610 1621 3677 quod
1659 3611 1711 3663 in
1741 3610 1843 3664 hoc
1868 3610 2067 3663 media-
2162 3609 3085 3678 natum,adoccisionem,utagnum
3106 3609 3464 3676 innocentem,
3484 3611 3727 3679 ductum,

514 3710 630 3756 tore
668 3700 757 3755 Dei
784 3709 839 3754 et
868 3700 1145 3755 hominum
1196 3698 1418 3752 Domino
1453 3707 1637 3754 nostro
1679 3696 1803 3753 Jesu
1854 3698 2067 3755 Christo
2167 3712 2229 3750 os
2259 3706 2423 3760 tuum,
2483 3710 2604 3748 cum
2656 3694 2793 3748 male
2842 3696 3169 3758 tractareris,
3223 3711 3337 3749 non.
3379 3697 3729 3765 aperientem,

514 3794 651 3848 miro
690 3792 918 3861 quodam
953 3800 1006 3844 et
1041 3787 1293 3843 ineﬂ‘abili
1343 3788 1499 3845 modo
1536 3788 1810 3863 aeternitas
1860 3789 2066 3858 incipit,
2169 3800 2288 3839 cum
2322 3785 2657 3839 accusareris
2687 3784 2739 3838 in
2772 3783 2970 3847 multis,
3010 3798 3113 3837 non
3144 3786 3579 3854 respondentem,
3632 3801 3728 3843 ου·-

514 3883 815 3938 snblimitas
850 3879 1198 3935 humiliatnr?
1225 3876 1537 3947 Concipitur
1573 3878 1625 3931 in
1680 3887 1833 3932 utero
1859 3877 2064 3943 Matris,

2169 3873 2513 3939 laphizatnm,
2539 3870 2721 3939 alapas
2742 3873 3059 3940 patientem,
3086 3870 3307 3940 ﬂagellis
3320 3875 3729 3944 cmsum,plagis

514 3973 605 4041 qui
627 3970 987 4039 sempiternus
1009 3956 1171 4033 est‘in
1201 3966 1318 4021 sinu
1350 3964 1546 4021 Patris.
1576 3966 1744 4021 Natus
1764 3967 1831 4021 ab
1867 3976 2068 4029 αξιοι-ιιι)
2171 3963 2409 4023 lividum,
2442 3960 2615 4029 sputis
2640 3960 2851 4026 illitum,
2880 3961 3156 4030 chlamyde
3181 3961 3430 4016 coccinea
3460 3963 3725 4027 indutum,

514 4065 579 4118 de
604 4060 763 4115 Patre
789 4062 905 4113 sine
926 4068 1114 4125 matre,
1140 4058 1380 4110 nascitur
1406 4058 1731 4127 intempore
1777 4057 1844 4113 de
1893 4066 2066 4111 matre
2168 4053 2336 4122 spinis
2362 4060 2699 4115 coronatum,
2728 4050 2779 4103 in
2832 4050 3069 4105 derisum
3111 4048 3416 4115 adoratum,
3467 4050 3732 4107 arundine

514 4155 629 4209 sine
655 4154 833 4206 Patre.
854 4150 1055 4203 Pannis
1074 4157 1155 4213 est
1184 4148 1472 4212 involutus,
1503 4147 1593 4216 qui
1621 4147 1878 4216 stirpibus
1897 4156 1949 4201 et
1978 4162 2069 4201 ar-
2170 4141 2342 4210 capite
2370 4152 2703 4209 percussum,
2728 4140 2783 4192 in
2812 4147 2960 4194 νεειθ
2989 4139 3105 4193 alba
3139 4138 3373 4204 illusum.
3405 4141 3472 4193 ad
3500 4134 3725 4201 morie"!

513 4243 734 4297 boribus
764 4250 964 4294 terram
989 4240 1227 4303 vestivit,
1274 4236 1629 4291 lutninaribus
1679 4236 1873 4290 caelum
1903 4251 2066 4289 orna-
2096 4250 2145 4312 ι)
2171 4231 2601 4291 condemnatum,
2630 4238 2848 4283 crucem
2888 4236 3033 4283 tuam
3075 4226 3421 4297 baiulantem,
3461 4237 3515 4283 et
3558 4229 3610 4282 in
3662 4243 3727 4283 ea

513 4333 610 4398 vit,
647 4348 796 4386 mare
852 4328 1089 4403 piscibus
1136 4326 1392 4397 implevit.
1427 4325 1596 4392 Quem
1645 4325 1764 4379 (τωΙί
1810 4326 2067 4380 malorum
2170 4318 2410 4382 allixum,
2441 4332 2537 4386 pro
2565 4316 2974 4371 crucifixoribus
2991 4325 3255 4381 orantem,
3286 4327 3440 4371 aceto
3462 4326 3727 4385 potatnm,

515 4434 705 4490 capere
748 4434 853 4472 non
887 4424 1129 4493 possunt,
1174 4413 1426 4484 praesepis
1460 4412 1705 4483 angustia
1736 4414 2066 4477 continetur,
2170 4412 2292 4467 felle
2338 4410 2596 4476 cibatum;
2624 4424 2652 4462 a
2698 4408 2907 4461 latrone
2984 4406 3353 4472 tonvitiatum,
3415 4406 3729 4475 sanguinem

514 4510 653 4564 lacte
687 4492 926 4561 materno
952 4505 1202 4559 nutritur.
1227 4503 1445 4558 Prolicit
1476 4503 1759 4573 sapientia,
1799 4502 1948 4569 cuius
1976 4517 2070 4557 sa-
2174 4514 2320 4558 tuum
2351 4512 2445 4570 per
2467 4500 2701 4569 quinque
2724 4496 2940 4550 vulnera
2964 4496 3203 4565 corporis
3248 4495 3319 4548 tui
3345 4492 3726 4554 eil‘undentem,

513 4598 707 4670 pientia
740 4586 841 4650 non
871 4596 1083 4665 iucipit'
1111 4609 1207 4649 nec
1264 4592 1477 4656 desinit,
1527 4593 1617 4662 qui
1651 4601 1707 4646 et
1754 4591 1846 4645 Dei
1887 4590 2064 4645 Patiis
2168 4600 2330 4659 caput
2356 4588 2726 4649 inclinantem,
2770 4584 3014 4652 spiritum
3065 4583 3420 4647 emittentem,
3479 4581 3729 4635 dilectam

1798 4724 2024 4822 vatus:
2066 4758 2462 4819 mammas.

584 4932 649 4963 ⁷³⁷
681 4929 815 4996 Quia
836 4937 1039 4981 tantum
1070 4924 1354 4994 promittis.
1374 4924 1549 4996 debeo
1582 4921 1845 4996 meipsum
1872 4928 2038 4996 totum
2080 4937 2093 4971 :
2137 4916 2603 4996 missuquiatanta
2631 4912 2923 4996 promi-itii,
2948 4910 3116 4996 debeo
3144 4908 3602 4996 lmeipsumto'tnm
3627 4919 3725 4996 Ἢ.

519 4971 993 5067 Τοτη.ὶὲιί]’ἰῖι
1021 4971 1225 5067 proinne
1255 4971 2047 5067 sustinuisti,vdebeomeipsum
2075 4984 2245 5067 totum
2261 4971 2403 5039 So'm.
2435 4986 2542 5035 Itwc
2568 4971 2713 5034 omit.
2788 4980 2854 5067 ".3
2875 4971 2979 5059 Nec
3004 4982 3120 5045 plus
3143 4971 3313 5030 habeo
3340 4971 3608 5067 ηξῐξζιγὶει.
3644 4974 3727 5067 l6:

517 5043 1005 5135 ἧέεῖΙέ
1024 5043 1412 5135 Reddere
1439 5043 1606 5135 totum
1634 5078 1659 5135 ;⁸
1679 5058 1831 5135 ινξξιιθ
1860 5043 1944 5109 uie
1967 5057 2188 5135 Domine
2216 5058 2266 5108 in
2299 5068 2531 5135 amorem
2562 5061 2727 5135 tuum",
2753 5058 2807 5135 et
2830 5050 2929 5102 hoc
2954 5043 3127 5135 ipsum
3151 5057 3339 5124 totum.
3369 5043 3559 5095 Totum
3577 5043 3730 5135 .qnod

1040 5132 1170 5183 Vict.
1198 5131 1278 5183 16.
1298 5129 1442 5183 Gem.
1465 5128 1520 5182 S.
1542 5128 1679 5180 Med.
1697 5126 1884 5179 Cister.
1901 5136 1947 5177 et
1978 5125 2211 5178 ValJuc.
2233 5123 2652 5189 redderetotutu.
2678 5118 2853 5171 Trahe
2876 5128 2952 5179 tu,
2978 5115 3217 5189 Domum,
3240 5115 3288 5164 in
3316 5126 3551 5189 amorem
3577 5119 3730 5160 tuum

518 5181 599 5258 rel
626 5205 723 5256 hoc
765 5181 935 5271 ipsum
956 5181 1169 5271 totum.
1190 5181 1380 5252 Totum
1408 5200 1547 5264 quod
1575 5211 1812 5271 summa.
1842 5193 1973 5271 'f‘hu.
2002 5189 2223 5247 reddere
2246 5201 2433 5271 totum.
2456 5187 2645 5271 Totum
2668 5188 2807 5255 quod
2824 5202 2965 5271 suo;
2982 5201 3075 5235 ms.
3106 5182 3273 5271 73m.
3290 5181 3511 5257 reddere
3507 5186 3723 5271 r‘tounn.

519 5247 809 5332 Traheme',
835 5271 1076 5331 Domine,
1105 5270 1153 5320 in
1178 5247 1707 5328 amoretn‘luumﬂel
1736 5266 1835 5316 hoc
1854 5262 2029 5332 ipsum
2062 5272 2247 5332 totum.
2269 5260 2456 5313 Totum
2481 5258 2621 5325 quod
2652 5247 2766 5332 sum
2824 5254 2893 5332 ⁷ξ⁰
2928 5252 3089 5332 Bone,
3128 5250 3371 5332 Domine.
3392 5249 3481 5332 rpie
3506 5247 3729 5324 Domine

518 5358 582 5394 ne
606 5356 727 5392 mss.
773 5316 929 5402 bene,
965 5316 1097 5391 bone
1126 5316 1610 5397 Dominepncrnis.’
1653 5331 1711 5385 S.
1740 5316 2079 5402 Medihonq
2095 5316 2630 5402 Dominetlnonints.
2659 5323 2811 5402 'f'orn.
2852 5322 3011 5402 bene,
3059 5319 3197 5371 boue
3226 5317 3347 5402 .le‘su
3366 5316 3627 5402 Domine.
3659 5326 3730 5361 ne

517 5385 582 5440 ίλῖ
608 5385 1520 5471 'Po'ssidea’t’inqe'totum“;'qniarvtu
1575 5413 1669 5453 etc.
1698 5416 1821 5452 mss.
1879 5399 2012 5471 Tim.
2046 5399 2164 5450 fier.
2208 5408 2253 5451 et
2300 5385 2413 5451 flii).
2438 5405 2484 5448 et
2524 5391 2637 5447 Val.
2666 5393 2767 5443 luc.
2814 5398 2860 5443 et
2896 5385 3081 5441 Cis'ter.
3114 5385 3383 5455 pessideat
3410 5393 3575 5437 totum
3625 5395 3727 5430 ms.

519 5477 673 5532 Torn.
703 5476 965 5547 possideat
996 5492 1077 5529 me
1111 5484 1294 5529 totum.
1318 5470 1512 5526 'Atneu.
1549 5471 1686 5523 Deus
1711 5483 1879 5521 meus.
1908 5470 2099 5520 Amen.
