4190 6190
532 250 630 307 7η
689 315 693 318 ν

891 246 949 303 s.
988 244 1285 303 ausum
1323 242 1670 303 caurum.
1715 210 2029 301 nomen
2073 243 2224 300 ore.
2266 241 2443 298 rans
2482 241 2545 297 n.
2575 274 2646 286 --
2680 238 3167 304 panmxsrgsr
3197 200 3422 307 ascar

3691 253 3796 309 ’ΠΩ

536 336 952 437 atrimamtuam
986 356 1036 408 in
1094 370 1282 409 manus
1312 354 1493 409 Patris
1522 340 2008 418 commendantem,
2062 361 2118 406 et
2143 362 2192 421 Α
2224 368 2340 407 rum
2377 363 2433 410 et
2468 355 2776 412 adversitati
2802 350 3181 429 compatimur,
3205 370 3259 416 et
3280 364 3638 433 prosperitati
3667 382 3798 422 con-

538 434 653 505 lttec
679 434 860 504 omnia
897 458 997 512 pro
1023 444 1181 498 nobis
1211 444 1592 505 sustinentem.
1625 442 1749 496 Haec
1793 441 1971 494 omnia
2011 440 2117 496 for-

540 544 688 591 mant
728 544 781 588 et
824 532 1095 602 adaugent
1120 533 1319 602 magis
1355 546 1420 587 ac
1467 530 1638 599 magis
1679 529 2112 597 exsultationem,

538 626 787 681 tiduciam
840 631 897 680 et
938 623 1388 687 consolationem,
1469 633 1713 675 amorem
1789 628 1846 675 et
1902 620 2112 677 deside-

536 717 693 770 rium.
942 700 943 703 Ἴ
1844 718 1845 721 “

599 804 734 873 Quis
747 804 895 859 enim
922 800 1026 858 non
1056 803 1265 855 lactetur
1290 808 1345 856 et
1372 799 1639 861 exsultet?
1661 800 1786 879 quis
1810 815 1917 855 non
1948 816 2111 870 supra

534 896 753 949 modum
770 890 1094 962 jucundetur
1122 897 1177 942 et
1211 886 1530 967 gratuletur,
1562 888 1753 943 videns
1776 889 2110 942 conditorem

530 1000 690 1041 suum
712 998 817 1039 non
843 980 1013 1035 solum
1039 993 1137 1050 pro
1164 992 1223 1033 se
1252 977 1525 1034 hominem
1553 992 1696 1045 esse,
1714 978 1808 1033 sed
1834 986 1942 1032 tam
1973 977 2109 1032 dura

534 1085 750 1143 tamque
778 1069 995 1139 indigna
1022 1066 1378 1122 sustinuisse?
1416 1063 1553 1131 Quid
1586 1066 1637 1119 in
1666 1063 1847 1122 mente
1888 1066 2112 1122 suavius

534 1159 867 1217 rnminatur?
891 1157 1019 1229 quid
1050 1156 1257 1213 dulcius
1282 1155 1563 1227 gustatur?
1592 1156 1738 1225 quid.
1760 1154 1934 1212 laetius
1964 1156 2111 1227 cogi-

533 1252 705 1309 tatur?
731 1249 865 1317 Quis
896 1249 1029 1303 mibi
1054 1249 1228 1305 aufert
1250 1246 1425 1302 locum
1452 1247 1505 1305 in
1536 1260 1722 1317 regno,
1752 1246 1841 1300 ubi
1867 1247 1913 1303 is
1937 1245 2111 1303 omni-

529 1338 719 1413 potens
746 1350 849 1407 est,
884 1336 976 1411 qui
1024 1338 1192 1399 frater
1218 1347 1273 1394 et
1302 1354 1431 1402 caro
1488 1353 1607 1393 mea
1640 1338 1756 1393 est?
1794 1337 1929 1405 Quis
1977 1338 2107 1393 milii
2158 1384 2166 1389 .

528 1441 759 1501 eventus
807 1432 1042 1501 aliquam
1102 1426 1774 1500 ingerct'desolationcm,
1835 1429 1919 1483 cui
1985 1443 2112 1497 spes

532 1535 684 1579 tanta
730 1533 932 1578 tantam
963 1521 1172 1577 confert
1216 1520 1634 1575 certitudinem?
1687 1519 1967 1585 Quomodo
2019 1520 2107 1573 ali-

531 1628 695 1681 quem
719 1615 772 1668 in
797 1628 862 1667 eo
887 1621 1061 1681 potest
1091 1609 1289 1690 habere
1320 1608 1497 1663 locum
1550 1607 1727 1676 aliqua
1777 1604 2022 1671 tristitia,
2054 1607 2128 1665 in.

528 1687 641 1771 quo
671 1702 1036 1773 indesinenter
1067 1687 1313 1754 versatur
1333 1697 1586 1767 cogitatio
1614 1695 1748 1752 ista?
1794 1694 1901 1751 Nec
1934 1695 2105 1748 mino-
2142 1688 2182 1745 li

440 1812 441 1815 η
532 1806 647 1845 rem
668 1790 719 1844 in
752 1804 817 1845 eo
846 1788 1095 1843 fiduciam
1123 1787 1289 1859 parit,
1328 1800 1449 1842 cum
1501 1788 1615 1857 ipsa
1662 1787 1715 1840 in
1764 1784 2108 1840 Conditorem
2152 1790 2155 1793 λ

530 1896 684 1935 suum
709 1879 993 1950 diligenter
1013 1878 1343 1933 accenditur.
1377 1876 1577 1932 Secura
1601 1886 1748 1932 certe
1773 1890 1867 1944 per
1895 1889 2111 1930 omnem

535 1969 771 2031 modum,
797 1978 869 2041 et
905 1967 957 2021 in
991 1966 1136 2021 nullo
1186 1963 1471 2035 temeraria
1512 1964 1895 2034 praesumptio,
1948 1978 2109 2033 quam

530 2058 783 2112 formavit
815 2058 867 2111 in
899 2065 1080 2111 mente
1101 2042 1464 2125 consideratio
1499 2052 1849 2109 humanitatis
1872 2055 1927 2109 in
1951 2053 2111 2110 Chri-

526 2148 639 2203 ‘sto.
664 2146 941 2214 Quomodo
962 2162 1066 2215 mn
1097 2160 1307 2216 sperem
1334 2159 1420 2200 me
1450 2145 1517 2200 ad
1570 2144 1865 2215 electorum
1904 2145 2112 2214 pertin-

529 2251 658 2307 gere
685 2245 905 2301 sortem,
934 2251 1053 2290 cum
1098 2250 1197 2305 pro
1240 2249 1327 2290 me
1357 2233 1567 2289 videam
1598 2241 1877 2315 mortuum
1934 2234 2108 2304 ipsum

531 2330 905 2385 universorum
934 2328 1315 2384 Conditorem?
1350 2327 1547 2383 Effudit
1573 2341 1672 2395 pro
1701 2341 1787 2381 me
1829 2327 1896 2380 de
1938 2325 2110 2381 latere

531 2436 627 2476 suo
649 2421 999 2491 sanguinem:
1021 2420 1291 2491 quomodo
1311 2435 1415 2485 non
1444 2435 1764 2495 przesumam
1789 2435 1875 2476 me
1901 2421 2113 2477 redem.

527 2521 697 2582 ptum,
724 2526 845 2565 cum
874 2510 1060 2580 datum
1089 2524 1187 2579 pro
1228 2525 1314 2566 me
1369 2524 1476 2563 non
1520 2509 1764 2579 ignorem
1797 2518 2000 2563 tantum
2032 2512 2123 2563 ta-'

530 2603 685 2670 lcque
712 2601 982 2671 pretium?
1005 2599 1205 2654 Elfudit
1226 2609 1281 2655 et
1319 2614 1417 2670 pro
1446 2614 1545 2656 me
1580 2613 1797 2669 aquam,
1838 2599 2108 2670 quomodo

531 2706 637 2747 non
660 2705 746 2745 tne
775 2689 1040 2745 confidam
1096 2691 1164 2745 ab
1211 2690 1461 2743 omnibus
1510 2689 1932 2757 inquinamentis
1975 2690 2109 2742 meis

532 2782 865 2845 mandatum,
926 2794 1082 2849 quem
1114 2788 1326 2835 constat
1370 2790 1510 2848 aqua
1538 2794 1659 2847 quae
1708 2780 1774 2833 de
1814 2776 2110 2833 visceribus

476 2904 477 2907 η
529 2870 733 2926 tilirisd
763 2860 1395 2957 conﬁnxitmundatum?
1440 2863 1667 2957 Etl‘usus
1708 2875 1811 2928 est,
1869 2866 2105 2957 inquam,

531 2960 641 3025 ille,
687 2955 983 3013 eﬂ‘usaest
1009 2956 1128 3023 illa;
1164 2956 1251 3011 ille
1296 2956 1362 3011 ad
1411 2956 1858 3025 redemptionem,
1898 2956 2001 3009 ista
2040 2955 2109 3009 ad

531 3048 794 3119 redempti
826 3048 1185 3113 ablutionem;
1216 3046 1305 3102 ille
1356 3056 1413 3101 ut
1463 3061 1549 3101 me
1604 3046 1891 3100 redimeret
1932 3047 2104 3114 capti-

528 3156 675 3206 vum,
698 3142 801 3194 ista
832 3148 891 3192 ut
918 3138 1159 3194 ablueret
1205 3136 1568 3193 immundum.
1616 3126 1871 3191 Traditus
1898 3146 1982 3191 est
2009 3151 2106 3206 pro

532 3242 616 3285 me
636 3241 794 3283 servo
830 3222 997 3291 Flius',
1028 3235 1088 3280 ut
1116 3234 1292 3280 morte
1318 3239 1415 3279 sua
1444 3222 1575 3278 mihi
1626 3231 1834 3278 emeret
1881 3216 2109 3278 haeredi-

532 3328 701 3373 tatem
730 3335 745 3370 :
778 3319 1049 3387 quomodo
1077 3331 1164 3370 me
1201 3330 1307 3370 non
1333 3317 1549 3369 credam
1574 3315 1862 3377 haercdcm,
1905 3323 1959 3367 et
1986 3314 2107 3382 qni-

533 3410 654 3465 dem
681 3408 947 3465 heredem
970 3406 1085 3473 Dei,
1106 3406 1440 3462 colueredem
1468 3415 1647 3458 autem
1660 3404 1857 3457 Christi
1881 3404 1905 3456 ?
1929 3403 2108 3474 (Rom.

541 3514 657 3565 vm,
676 3497 791 3569 Π.)
811 3496 945 3551 Cum
972 3496 1222 3550 inimicus
1246 3508 1446 3558 essem,
1462 3493 1843 3547 reconciliatus
1859 3508 1975 3546 sum
2001 3492 2109 3547 Deo

531 3603 621 3658 pet
656 3598 885 3643 mortem
907 3584 1027 3639 Filii
1054 3585 1136 3639 sui
1178 3598 1191 3637 :
1226 3584 1494 3652 quomodo
1517 3581 1845 3651 justiﬁeatus
1884 3582 2106 3636 nuncin

531 3677 793 3747 sanguine
814 3674 951 3743 ejus,
977 3688 1085 3729 non
1128 3673 1311 3729 salvus
1356 3687 1450 3727 ero
1494 3672 1574 3731 ab
1623 3671 1700 3725 ira
1747 3684 1843 3739 per
1896 3670 2108 3740 ipsum?

530 3767 755 3837 Proprie
781 3764 917 3819 Filio
944 3778 1041 3819 suo
1085 3778 1191 3817 non
1234 3760 1476 3833 pepercit
1513 3760 1633 3830 pius
1662 3759 1847 3825 Pater,
1884 3760 1978 3813 sed
2010 3774 2108 3827 pro

531 3873 617 3914 me
646 3855 865 3911 tradidit
907 3853 1057 3908 illum
1091 3870 1103 3905 :
1140 3851 1410 3921 quomodo
1431 3849 1591 3903 etiam
1616 3864 1721 3904 non
1755 3848 1936 3903 omnia
1975 3848 2106 3903 milii

528 3945 750 4001 donavit
775 3957 900 3999 cum
928 3941 1049 3995 illo?
1071 3938 1367 4010 (Romanu,
1396 3936 1509 4007 32.)
1535 3936 1667 4004 Quis
1709 3936 1986 3991 accusabit
2012 3936 2103 3989 ad.

528 4050 745 4093 versum
776 4048 883 4096 me,
912 4048 1035 4086 cum
1066 4030 1303 4084 Charitas
1328 4029 1445 4100 ejus
1468 4022 1679 4097 operiai
1704 4027 2105 4083 multitudinem

528 4120 915 4197 peccatorum?
943 4120 993 4193 (Ι
1026 4120 1181 4175 Ρειιιη
1200 4136 1251 4174 tv
1273 4120 1352 4190 8.)
1381 4118 1849 4189 Clamatzsanguis
1895 4119 2012 4189 ejus
2040 4120 2107 4173 de

532 4225 675 4272 terra
698 4214 886 4271 melius
907 4228 1068 4283 quam
1121 4210 1273 4275 Abel,
1305 4219 1359 4265 et
1390 4224 1495 4264 non
1524 4210 1759 4267 movebit
1787 4223 1881 4265 cor
1928 4209 2105 4265 Patris

530 4307 665 4362 tanti
692 4305 921 4373 talisque
945 4317 1108 4356 sonus
1134 4300 1419 4355 clamoris?

602 4399 779 4463 Absit,
818 4394 987 4452 semel
1031 4403 1086 4448 et
1143 4393 1335 4447 iterum
1397 4390 1560 4459 absit,
1614 4399 1673 4445 ut
1718 4390 2107 4461 compassionis

528 4492 827 4549 visceribus
866 4502 1101 4552 caream,
1135 4487 1346 4540 intuens
1388 4496 1458 4551 te,
1501 4500 1533 4542 ο
1582 4486 1724 4541 bone
1768 4484 1915 4549 Jesu,
1970 4485 2104 4539 mori

528 4598 629 4656 pro
654 4582 763 4635 me!
803 4580 941 4633 Ante
967 4577 1148 4631 oculos
1178 4590 1324 4631 meos
1355 4576 1706 4646 crnciflgeris,
1743 4583 1797 4631 et
1823 4576 1963 4647 nulla
1990 4584 2107 4630 tan-

530 4682 615 4743 get
648 4669 815 4725 motio
853 4683 947 4722 cor
969 4681 1179 4733 meum;
1231 4676 1458 4736 apparet
1484 4668 1615 4721 mihi
1646 4666 1856 4737 gladius
1880 4677 2029 4732 tuus,
2052 4677 2107 4723 et

529 4778 635 4816 non
658 4755 1012 4829 pertransibit
1037 4757 1273 4810 animam
1308 4757 1515 4811 meam!
1562 4756 1744 4812 Dulcis
1788 4756 1934 4824 Jesu,
1978 4758 2103 4826 quid

530 4852 661 4906 mibi
692 4846 1066 4917 utcompatiar
1109 4847 1242 4901 tibi?
1295 4847 1400 4901 Sed
1423 4862 1527 4901 non
1568 4846 1747 4901 minus
1775 4848 1921 4903 utile.
1954 4846 2104 4913 Quo-

535 4941 692 4994 modo
713 4937 890 4991 tninus
919 4935 1069 5001 utile,
1099 4951 1221 4991 cum
1259 4946 1490 5003 constet,
1520 4937 1566 4991 si
1596 4952 1783 4992 verum
1818 4933 1993 4992 cernit
2020 4938 2105 4992 ille

536 5036 589 5081 et
614 5028 797 5091 sentit,
834 5025 887 5079 in
935 5041 1043 5095 quo
1070 5032 1125 5080 tu‘
1152 5025 1482 5095 loquebaris,
1504 5027 1629 5096 quia
1652 5027 1699 5080 si
1736 5028 2101 5095 compatimur,

535 5128 581 5171 et
612 5117 1077 5186 conregnabimus?
1106 5116 1285 5187 (Rom.
1320 5134 1438 5183 vm,
1476 5118 1583 5187 l7.)
1613 5118 1677 5173 Et
1709 5118 1855 5185 alibi,
1887 5120 1931 5172 si
1959 5136 2104 5173 com-

535 5206 725 5261 mortui
764 5221 959 5272 sumus,
991 5216 1039 5261 et
1091 5208 1413 5261 convivemus
1444 5206 1529 5279 (II
1583 5207 1719 5261 Tim.
1780 5223 1841 5274 ll,
1896 5210 2004 5279 l2).
2037 5207 2105 5262 Ut

537 5308 717 5353 autem
747 5297 879 5359 haec,
910 5298 975 5352 de
1002 5314 1106 5367 qua
1138 5300 1427 5371 loquimur,
1479 5288 1784 5369 compassio
1820 5301 1872 5354 in
1926 5310 2105 5356 mente

537 5391 735 5461 vigeat,
760 5401 978 5442 necesse
1003 5400 1086 5444 est
1118 5401 1175 5443 ut
1206 5392 1401 5447 ardens
1436 5390 1489 5445 in
1538 5406 1598 5447 ea
1658 5390 1822 5445 fuerit
1865 5392 2100 5458 dilectio,

533 5482 658 5551 quia
692 5494 852 5551 quem
879 5495 1061 5535 amore
1097 5480 1317 5538 ferventi
1348 5478 1774 5557 complectimur,
1804 5486 1921 5556 eius
1949 5485 2106 5541 nimi-

2218 444 2573 513 gratulamur.
2596 446 2746 513 .lesn,
2785 462 2885 503 nec
2908 462 3061 504 mens
3090 464 3209 505 mea
3246 466 3459 521 capere,
3491 468 3588 509 nec
3614 455 3799 528 lingua

2217 532 2412 589 suillcit
2437 538 2741 617 exprimere
2777 552 2943 609 quam
2974 540 3057 596 sis
3076 539 3471 615 dignustlmarl
3502 554 3530 598 'a
3571 560 3678 610 me,
3702 548 3795 617 qui

2219 628 2424 677 tantum
2449 620 2698 695 dignatus
2724 642 2784 683 cs
2808 642 2992 685 amare
3023 644 3128 686 me.
3157 630 3404 689 Dilexisti
3433 648 3538 701 me,
3560 647 3616 691 et
3644 635 3797 693 lane

2215 710 2285 766 sti
2310 726 2397 767 me
2431 727 2461 765 a
2489 716 2726 781 peccatis
2750 717 2884 773 meis
2920 718 2973 773 in
3018 722 3280 788 sanguine
3311 731 3403 779 tuo
3425 724 3612 795 (Apoc.
3641 744 3681 797 ι,
3712 729 3793 800 5).

2215 799 2350 855 Nam
2377 802 2422 856 si
2460 804 2624 874 diligo
2651 804 2875 862 multum
2905 814 2979 874 te,
3014 815 3070 863 tu
3104 818 3259 867 certe
3286 821 3342 868 et
3393 823 3520 869 ante
3556 799 3792 875 dilexisti
3852 814 3859 817 ’

2215 905 2323 957 me,
2356 900 2413 947 et
2448 893 2586 963 plus.
2620 893 2687 947 1η
2739 896 2838 951 hoc
2885 898 3025 953 enim
3054 899 3285 952 charitas
3321 900 3417 971 Dei
3456 919 3691 975 apparet,
3718 909 3799 964 ait

2212 982 2526 1053 Apostolus,
2575 1001 2676 1040 non
2710 987 2864 1056 quasi
2903 985 3243 1043 dilexerimus
3276 988 3489 1070 :Deum,
3538 996 3629 1051 sed
3666 998 3800 1069 quia

2212 1072 2356 1141 prior
2380 1073 2563 1128 dilexit
2618 1089 2712 1128 nos
2742 1074 2794 1146 (Ι
2837 1072 3003 1154 Joan.
3036 1090 3110 1141 tv,
3158 1077 3268 1147 10).
3329 1079 3527 1151 Dilcxit
3575 1088 3795 1154 quando

2214 1175 2319 1216 non
2348 1162 2533 1231 dilexi,
2564 1163 2711 1233 quia,
2758 1175 2811 1221 et
2848 1152 2953 1222 nisi
3008 1181 3116 1222 non
3169 1166 3479 1239 diligentem
3520 1152 3792 1251 diliget-es,

2212 1252 2518 1325 diligentem
2546 1272 2759 1327 quoque
2783 1272 2892 1313 non
2915 1256 3178 1315 eiliceres.
3209 1261 3381 1334 Diligo
3412 1273 3464 1321 te
3484 1264 3649 1337 super
3673 1269 3806 1326 omo‘
3872 1272 3881 1281 ’

2215 1342 2324 1409 nia,
2351 1360 2385 1400 o
2407 1346 2717 1403 dulcissime
2744 1345 2896 1415 Jesu,
2922 1348 3019 1405 sed
3038 1349 3202 1406 nimis
3224 1362 3440 1422 parum,
3472 1358 3597 1427 quia
3632 1358 3793 1431 longe

2210 1435 2390 1489 minus
2436 1449 2598 1507 quam
2648 1438 2843 1509 dignus
2895 1453 2977 1506 es,
3031 1437 3520 1512 dilectissime,,.ac
3568 1452 3793 1519 proinde

2211 1524 2390 1578 minus
2418 1538 2581 1594 quam
2610 1527 2803 1583 debeo.
2828 1524 2897 1582 Et
2915 1528 3041 1598 quis
3063 1529 3167 1586 hoc
3212 1536 3426 1602 posset?
3474 1534 3711 1609 Diligere
3734 1548 3789 1596 te

2212 1620 2387 1681 potest
2408 1611 2623 1683 aliquis,
2660 1621 2713 1671 te
2749 1615 3011 1683 donante,
3034 1627 3297 1687 quantum
3328 1622 3491 1690 valet,
3524 1624 3617 1681 sed
3645 1623 3786 1681 nuu-

2212 1719 2374 1771 quam
2401 1716 2659 1773 quantum
2722 1706 2905 1774 debet.
2963 1708 3095 1776 Quis
3146 1711 3241 1767 tibi
3276 1712 3464 1771 reddet
3509 1715 3789 1778 innoxium

2213 1796 2529 1863 sanguinem
2572 1809 2742 1865 tuum,
2783 1800 2938 1869 cujus
2980 1818 3085 1857 non
3140 1815 3329 1876 gutta,
3370 1808 3464 1865 sed
3502 1812 3644 1867 unda
3690 1828 3794 1884 par

2213 1884 2450 1953 quinque
2472 1887 2717 1957 corporis
2748 1888 2823 1943 tui
2853 1900 3035 1960 partes
3086 1893 3377 1962 proﬂuxit?
3416 1893 3629 1956 Crcasti
3676 1917 3789 1969 me,

2214 1984 2335 2045 cum
2366 1987 2470 2027 non
2501 1987 2675 2031 essem
2704 1992 2719 2041 ;
2746 1977 3020 2034 redemisti
3037 1995 3141 2045 me,
3172 1997 3294 2039 cum
3320 1983 3564 2053 perditus
3585 2004 3787 2047 essem.

2214 2054 2319 2117 Sed
2348 2066 2672 2143 conditionis
2698 2069 2916 2139 quidem
2955 2086 3090 2127 meae
3118 2082 3174 2129 et
3199 2075 3585 2151 redemptionis
3621 2096 3792 2140 causa

2211 2154 2322 2207 sola
2344 2154 2681 2213 fuitdilectio
2708 2168 2818 2213 tua.
2851 2160 2989 2227 Quia
3016 2166 3225 2232 ergo,'o
3250 2165 3482 2223 dulcedo
3503 2170 3627 2226 vita:
3654 2188 3789 2230 mea

2210 2244 2372 2300 Jesu!
2413 2246 2541 2316 quid
2581 2246 2633 2302 in
2678 2263 2767 2304 me
2797 2250 2978 2306 vidisti
3028 2266 3128 2323 pro
3162 2268 3270 2324 quo
3308 2264 3515 2313 tantum
3552 2260 3788 2330 pretium

2210 2335 2406 2390 dates?
2431 2332 2574 2391 Nihil
2592 2353 2835 2407 prorsus,
2863 2340 2967 2411 nisi
2989 2342 3117 2410 quia
3146 2343 3225 2399 sic
3252 2342 3352 2399 fuit
3375 2346 3631 2416 placitum
3660 2361 3790 2406 antu

2210 2434 2286 2479 te.
2313 2424 2534 2505 Multum
2557 2428 2773 2497 quidem
2796 2430 3071 2509 contulisti
3095 2432 3341 2501 Creator,
3369 2440 3462 2493 sed
3483 2438 3641 2509 longe
3665 2441 3789 2511 plus

2213 2513 2557 2584 Redemptor.
2591 2516 2635 2572 Ο
2672 2533 2834 2587 quam
2884 2520 3115 2576 decerus
3159 2538 3240 2591 es,
3284 2526 3510 2583 Domine
3552 2527 3703 2596 Iesu,
3732 2539 3788 2587 et

2210 2617 2372 2673 quam
2398 2606 2609 2662 suavisl
2645 2607 2904 2677 Decorus,
2940 2612 3036 2666 sed
3084 2613 3394 2671 videntibus
3445 2626 3529 2683 te;
3579 2623 3783 2690 suavis,

2210 2695 2313 2749 sed
2341 2697 2682 2765 gustantibus
2711 2707 2779 2755 te.
2813 2699 3071 2769 Nesciris,
3108 2704 3212 2759 nisi
3260 2709 3514 2763 videaris.
3553 2708 3670 2765 Non
3720 2711 3789 2767 iis

2210 2783 2403 2852 dulc.s,
2436 2788 2537 2843 nisi
2564 2792 2817 2859 gusteris.
2849 2790 2956 2848 Fac
2987 2810 3073 2850 me
3117 2811 3363 2865 quaerere
3395 2806 3468 2863 te,
3499 2801 3785 2869 quaesitum

2212 2876 2453 2932 invenire
2485 2886 2558 2943 te,
2590 2882 2802 2935 tentum'
2824 2883 3121 2950 possidere,
3148 2897 3209 2939 ut
3237 2897 3292 2941 tu
3319 2888 3466 2945 solus
3500 2891 3786 2948 dulcescas

2210 2964 2364 3032 mihi,
2396 2955 2573 3035 sapias
2603 2978 2658 3021 et
2683 2967 2917 3038 placeas.
2943 2969 3051 3026 Fac
3080 2988 3167 3027 me
3188 2988 3486 3044 agnoscere
3518 2986 3588 3041 te,
3623 2979 3787 3035 time.-

2214 3068 2292 3119 re,
2316 3068 2522 3121 amare,
2554 3056 2885 3112 desiderare.
2911 3059 2967 3114 ln
3002 3076 3244 3117 amorem
3276 3066 3651 3135 temporalium
3676 3066 3784 3123 labi

2188 3159 2278 3203 ine
2304 3144 2451 3199 sinas
2473 3159 2579 3200 me.
2608 3146 2746 3212 Heu,
2772 3150 2841 3203 mi
2866 3150 3112 3219 Domine,
3146 3155 3270 3222 quia
3312 3146 3645 3213 incessanter
3675 3172 3785 3223 non
3868 3166 3875 3175 '

2178 3248 2426 3327 “possum
2448 3243 2667 3303 gustare
2691 3250 2852 3306 quam
2875 3240 3061 3293 suavis
3081 3248 3139 3295 et
3158 3242 3333 3298 dulcis
3359 3243 3467 3299 sis'l

2280 3324 2507 3380 Pecator
2527 3340 2727 3400 sum,vo
2762 3329 3275 3387 misericordissima
3328 3330 3480 3388 Jesu.
3524 3332 3785 3403 Miserere

2211 3417 2337 3483 mei,
2375 3406 2615 3488 qui’non
2644 3422 2837 3489 venisti
2867 3436 3063 3477 vocare
3099 3420 3298 3490 ju3tos,
3329 3425 3422 3480 sed
3467 3435 3786 3495 peccatores

2208 3507 2426 3576 (Matth.
2456 3525 2532 3573 Ix,
2576 3496 2687 3577 13).
2742 3510 2889 3565 Fons
2932 3522 3114 3581 patens
3160 3513 3346 3582 domui
3381 3514 3551 3570 David
3593 3517 3783 3587 (lock.

2208 3613 2331 3663 χιιι,
2364 3599 2437 3671 l),
2469 3614 2686 3671 appare,
2720 3610 2777 3656 et
2804 3600 3098 3668 ell‘undere,
3131 3612 3187 3657 et
3222 3603 3380 3660 ablue
3428 3622 3537 3661 me.
3586 3606 3787 3664 Patens

2208 3700 2268 3740 es
2287 3686 2429 3741 enim
2469 3689 2720 3743 omnibus
2763 3689 3070 3745 sitientibus
3102 3700 3173 3758 te,
3204 3701 3259 3747 et
3306 3708 3495 3751 omnes
3540 3698 3782 3755 omnium

2206 3788 2333 3829 vere
2352 3776 2729 3844 poenitentium
2758 3778 2944 3835 sordes
2970 3778 3167 3847 abluis,
3203 3782 3437 3840 reddens
3463 3786 3567 3853 eis,
3594 3801 3628 3842 ο
3653 3786 3781 3843 dul-

2208 3867 2422 3921 cissime
2435 3854 2583 3933 Jestt,
2606 3869 2804 3923 bonum
2819 3885 2917 3940 pro
2940 3869 3101 3936 malo,
3129 3872 3329 3927 donum
3350 3889 3449 3943 pro
3470 3876 3780 3947 iniquitate,

2209 3956 2458 4011 meritum
2500 3972 2597 4027 pro
2618 3958 2835 4025 delicto,
2866 3976 2964 4031 pro
2986 3961 3227 4017 facinore
3263 3964 3555 4033 justitiam,
3579 3977 3634 4023 et
3656 3952 3784 4039 gra-

2208 4046 2337 4098 tiam
2366 4061 2463 4115 pro
2494 4047 2673 4117 culpa.
2717 4049 2985 4117 Expertus
3032 4061 3116 4105 est
3167 4051 3280 4107 hoc.
3304 4068 3400 4109 rex
3439 4054 3631 4125 David,
3686 4059 3780 4128 qui

2207 4136 2473 4205 pwnitens
2513 4151 2543 4191 a
2570 4138 2759 4194 nuntio
2808 4148 2900 4194 tuo
2945 4142 3189 4196 audivit:
3222 4142 3479 4200 Dominus
3516 4151 3785 4205 transtulit

2205 4239 2470 4298 peccatum
2497 4240 2644 4285 tuum
2672 4250 2703 4285 a
2735 4243 2803 4298 te,
2841 4250 2944 4288 non
2972 4236 3212 4290 morieris
3267 4237 3352 4305 (11
3378 4238 3504 4309 Reg.
3532 4255 3630 4307 xu,
3657 4241 3778 4313 23).

2137 4324 2182 4379 Ι)
2209 4320 2263 4372 In
2290 4329 2340 4373 te
2372 4334 2604 4395 namque
2632 4322 2771 4377 lotus
2790 4333 2875 4378 est
2902 4323 3155 4395 lacrymis
3174 4328 3527 4396 poenitentiae,
3549 4338 3606 4386 et
3626 4347 3752 4387 mnn
3766 4346 3784 4375 ‘-

2206 4412 2365 4474 datus
2386 4422 2471 4469 est
2503 4429 2532 4467 a
2556 4415 2779 4471 maculis
2800 4419 2981 4487 gravis
3036 4420 3227 4489 culpae.
3279 4418 3392 4476 Tua
3428 4424 3693 4494 siquidem
3718 4428 3780 4497 ln

2206 4516 2271 4556 eo
2302 4504 2561 4559 munditia
2592 4506 2796 4561 crimen
2848 4507 2973 4563 lavit
3032 4510 3306 4576 adulterii,
3344 4516 3403 4583 et
3449 4514 3619 4584 pietas
3655 4532 3783 4572 cru-

2207 4592 2477 4648 delitatem
2506 4596 2737 4651 extersit
2778 4598 3071 4654 homicidii.
3099 4601 3155 4654 In
3182 4611 3251 4656 te.
3281 4614 3538 4674 purgatus
3581 4617 3665 4662 est
3690 4608 3784 4663 illa

2205 4682 2455 4756 princeps
2481 4688 2843 4756 apostolorum
2874 4690 2965 4759 qui
2997 4707 3181 4747 amare
3226 4693 3373 4748 ﬂevit
3409 4697 3552 4765 quod
3592 4699 3781 4755 timide

2207 4780 2441 4847 negavit.
2472 4779 2523 4834 in
2561 4791 2612 4836 te
2650 4782 2810 4837 etiam
2850 4782 2939 4837 illa
2984 4783 3188 4839 famosa
3246 4790 3541 4856 peccatrix,
3571 4805 3607 4847 0
3656 4790 3780 4850 fons

2207 4870 2492 4937 purissime
2518 4882 2572 4926 et
2599 4873 2926 4939 dulcissime,
2950 4875 3194 4930 dealbata
3218 4886 3367 4937 tanta
3389 4881 3588 4936 meruit
3610 4882 3776 4938 fami-

2208 4960 2442 5017 liaritate
2477 4963 2664 5018 donari
2705 4974 2767 5019 ut
2802 4965 2933 5035 ipsis
2971 4969 3226 5036 apostolis
3250 4963 3445 5026 novatn
3474 4982 3577 5028 tute
3604 4986 3779 5031 ηεαδ

2208 5052 2463 5109 rectionis
2488 5054 2715 5125 gloriam
2735 5066 2789 5111 et
2818 5058 2965 5127 prior
2991 5060 3214 5124 videret,
3242 5071 3296 5114 et
3324 5061 3406 5115 eis
3425 5077 3543 5115 eam
3568 5077 3778 5119 annun-

2208 5142 2382 5195 tiaret.
2417 5141 2472 5196 ln
2506 5153 2556 5198 te
2580 5157 2793 5213 quoque
2822 5144 2910 5199 ille
2951 5146 3237 5201 mundatus
3270 5156 3374 5212 est,
3402 5150 3515 5216 qui,
3542 5148 3691 5217 juxta
3719 5159 3777 5206 te

2208 5230 2260 5284 in
2294 5244 2455 5286 cruce
2480 5234 2737 5300 pendens,
2770 5235 2895 5286 dum
2928 5243 2981 5287 et
3009 5249 3066 5287 se
3095 5235 3253 5304 digna
3308 5234 3467 5289 factis
3507 5240 3777 5307 recepisse

2206 5323 2539 5390 recognovit,
2567 5330 2620 5376 et
2651 5331 2700 5376 te
2731 5325 2783 5376 in
2824 5332 2913 5375 tuo
2937 5337 3101 5391 regno
3127 5325 3207 5377 sui
3233 5324 3430 5380 habere
3461 5327 3774 5380 memoriam

2204 5407 2380 5477 petiit,
2404 5410 2584 5462 statim
2617 5424 2645 5463 a
2677 5420 2727 5464 te
2758 5410 2942 5464 audire
2966 5411 3179 5465 meruit.
3212 5415 3374 5466 Amen
3397 5415 3511 5467 dico
3535 5414 3646 5479 tibi,
3679 5412 3775 5465 b-

2208 5502 2290 5553 die
2318 5517 2512 5555 mecum
2539 5504 2639 5555 eris
2668 5505 2721 5555 in
2754 5505 3001 5572 paradiso
3026 5502 3178 5576 (Luc.
3219 5520 3373 5573 unt,
3406 5506 3519 5577 4'5).
3553 5504 3617 5559 Et
3642 5514 3785 5575 qttut'
