4190 6194
553 217 661 275 773

1941 207 2470 263 MEDITATIONES.

3712 211 3815 264 771

481 311 484 314 ’
552 330 606 381 in
637 335 708 393 te,
734 327 819 396 pie
850 326 996 391 Jesu,
1027 324 1265 388 quotidie
1306 323 1645 376 illustrantur
1704 328 1760 373 et
1815 319 2126 379 abluuntur,
2162 333 2206 390 Α
2235 319 2361 386 quid
2401 319 2560 371 habct
2583 317 2758 372 omnis
2787 327 3032 373 creatura
3061 318 3270 372 decoris
3296 330 3344 374 et
3376 322 3555 391 pretii.
3594 321 3659 375 Et
3687 323 3814 390 quid

460 456 462 459 τ
552 420 618 472 de
643 419 879 473 tenebris
903 419 968 471 ad
997 418 1190 479 lucem,
1216 424 1270 468 et
1298 415 1363 468 de
1387 413 1638 467 sordibus
1660 409 1725 465 ad
1775 410 2126 464 munditiam!

552 505 779 578 Suscipe
813 524 898 563 me
928 509 1016 563 diu
1055 506 1393 561 exsulantem
1429 520 1460 558 a
1487 513 1556 558 te.

624 596 858 653 Dulcedo
891 599 1032 661 vitae,
1061 606 1114 652 et
1149 597 1354 651 sanitas
1384 611 1489 651 non
1521 593 1705 659 fallax,
1740 609 1772 648 ο
1814 605 1951 647 none
1980 590 2127 650 Jesu,

549 691 710 762 225
745 693 789 747 si
819 693 871 745 in
910 705 1076 746 carne
1102 689 1387 754 seminavi,
1433 689 1562 758 quid
1615 689 1681 743 de
1733 701 1897 742 carne
1933 697 2130 737 metam

551 786 656 839 nisi
681 781 1111 851 corruptionem?
1137 781 1202 835 Et
1226 781 1269 834 si
1296 779 1555 834 mttndum
1577 777 1760 842 dilexi,
1787 791 1948 844 quem
1971 792 2037 829 ex
2067 789 2130 828 co

552 874 760 941 capiam
788 870 1053 925 fmctum?
1079 870 1316 939 Triplex,
1344 869 1566 922 Domine
1589 868 1749 930 Deus,
1779 865 2014 920 solebam
2043 879 2128 918 re-

550 961 600 1028 gi
630 959 951 1030 Babylonico
975 957 1282 1028 persolvere
1336 957 1593 1013 tributum
1621 957 1672 1010 in
1734 956 1965 1011 nefando
2020 954 2134 1031 ejus

551 1050 830 1119 obsequio.
861 1049 1191 1120 Obsequium
1216 1047 1331 1118 ejus
1363 1049 1488 1118 quid
1514 1058 1615 1114 cst,
1656 1048 1758 1103 nisi
1815 1047 2134 1116 peccatum?

552 1142 838 1196 Tributum
885 1156 1015 1195 vero
1064 1150 1145 1194 est
1184 1140 1399 1209 triplex,
1452 1139 1757 1202 delectatio,
1812 1149 2131 1202 consensus,

552 1232 905 1287 consuetudo.
937 1231 1001 1285 Et
1037 1230 1344 1284 solvebatur
1382 1229 1484 1282 hoc
1546 1227 1804 1281 tributum
1841 1228 1908 1282 de
1949 1227 2130 1293 corde,

549 1339 645 1379 ore
682 1333 737 1377 et
783 1337 966 1393 opere.
1007 1321 1146 1376 Ecce
1175 1321 1368 1398 quibus
1395 1317 1681 1373 ardoribus
1727 1317 1844 1373 haec
1871 1326 1989 1373 erat
2030 1318 2133 1371 olla

550 1429 835 1479 succensa,
855 1414 1006 1483 cujus
1030 1413 1198 1467 facies
1223 1428 1249 1466 a
1271 1412 1408 1466 facie
1433 1412 1728 1479 aquilonis,
1753 1408 1905 1477 cujus
1926 1423 2132 1474 prunas

554 1502 746 1558 ardere
780 1501 910 1557 fecit
939 1489 1210 1573 Suggestio
1237 1501 1431 1565 hostis,
1463 1501 1552 1570 qui
1596 1500 1794 1556 mentis
1827 1514 1958 1554 meae
1986 1499 2134 1568 cogi-

553 1597 698 1643 tatus
733 1592 958 1646 exussit.
985 1590 1126 1646 Ecce
1149 1589 1459 1645 misericors
1485 1589 1652 1654 Deus,
1695 1603 1822 1644 ecce
1855 1586 2128 1642 funiculus

2235 411 2452 475 mirum,
2487 409 2530 464 si
2561 409 2739 464 omnia
2769 409 2915 464 solus
2942 410 3238 479 prtecellis‘?
3268 412 3343 464 'l’u
3375 413 3517 466 inter
3541 422 3683 466 astra
3719 426 3814 466 ex—

2234 499 2444 553 cellenti
2472 498 2636 554 solem
2673 499 2916 566 claritate
2947 501 3176 566 vestisti,
3205 509 3258 556 ct
3284 502 3482 556 clarior
3508 501 3618 557 sole
3644 507 3701 556 tu
3732 514 3816 557 es.

2235 587 2343 641 lmo
2371 589 2495 656 quid
2535 598 2618 643 est
2647 587 2744 651 sol,
2777 590 2904 656 quid
2949 599 3031 642 est
3068 592 3241 644 onmis
3269 599 3452 644 creata
3491 590 3581 645 lux
3627 594 3696 642 ad
3734 591 3810 643 tui

2235 679 2714 747 comparationem,
2751 679 2852 732 nisi
2893 679 3163 733 tenebrze?
3193 680 3408 735 Ornasti
3440 683 3635 735 caelum
3672 682 3819 735 side.

2233 767 2405 830 ribus,
2456 782 2768 838 empyreum
2819 769 3050 838 angelis,
3099 785 3224 824 aera
3271 772 3594 835 volucribus,
3647 785 3818 840 aquas

2235 856 2485 924 piscibus,
2534 866 2707 912 terras
2744 859 2946 924 herbis,
2992 859 3215 915 floribus
3259 861 3506 932 virgulta.
3557 864 3660 918 Sed
3709 878 3816 918 non

2235 956 2317 1001 est
2362 949 2566 1015 species
2596 948 2757 1015 ultra,
2793 964 2966 1018 neque
2994 950 3157 1005 decor
3201 953 3456 1006 omnibus
3501 954 3587 1017 iis,
3639 955 3689 1007 in
3738 954 3817 1010 tul

2235 1035 2658 1103 comparatione,
2691 1051 2723 1088 o
2765 1035 2886 1091 forts
2929 1039 3192 1093 universa:
3239 1039 3672 1107 pulchritudinis,
3707 1041 3818 1094 Do-

2237 1125 2378 1180 mine
2419 1123 2567 1180 Jesn.‘
2623 1126 2759 1180 Melli
2805 1128 3143 1183 dulcedinem
3191 1146 3340 1184 suam
3384 1129 3717 1199 prmstitisti,
3767 1141 3821 1188 et

2234 1213 2440 1269 dulcior
2473 1215 2625 1268 melle
2656 1225 2711 1270 tu
2748 1229 2828 1270 es.
2876 1216 3006 1270 Oleo
3038 1221 3355 1273 suavitatem
3402 1235 3555 1274 suam
3595 1221 3815 1284 dedisti,

2235 1317 2288 1361 et
2332 1309 2550 1363 suavior
2595 1309 2718 1365 oleo
2766 1317 2820 1362 tu
2865 1325 2941 1364 es.
2994 1312 3338 1366 Aromatibus
3379 1315 3584 1369 cunctis
3625 1315 3819 1372 odores

2236 1412 2363 1453 suos
2392 1399 2642 1462 tribuisti,
2672 1409 2726 1454 et
2762 1409 2862 1465 est,
2893 1416 2926 1454 ο
2953 1397 3103 1461 Jesu,
3127 1400 3416 1457 odorctuus
3446 1419 3605 1472 super
3636 1407 3817 1461 omnia

2236 1495 2476 1539 aromata
2518 1487 2699 1542 suavis
2729 1497 2782 1541 et
2811 1497 3018 1557 gratus.
3056 1491 3260 1544 Aurum
3307 1491 3446 1546 inter
3485 1495 3666 1548 omnia
3708 1511 3822 1550 me-

2239 1577 2360 1630 talla
2392 1577 2686 1644 pretiosum
2715 1586 2769 1632 et
2801 1578 3083 1646 pulchrum
3114 1581 3174 1634 in
3206 1583 3466 1651 singulari
3501 1587 3818 1642 excellentia

553 1676 747 1747 triplex
773 1687 1034 1745 mentem,
1057 1679 1320 1749 linguam,
1346 1692 1547 1749 corpus
1572 1678 1824 1734 ferociter
1838 1678 2125 1748 stringens.

2237 1680 2265 1718 a
2296 1673 2346 1719 te
2374 1667 2647 1720 Conditum
2680 1677 2780 1722 est.
2813 1667 2881 1721 Et
2912 1669 3014 1722 hoc
3040 1665 3166 1737 quid
3190 1680 3291 1734 est,
3320 1684 3688 1742 comparatum
3719 1678 3820 1732 im-

553 1762 836 1837 Nunquam
865 1767 1069 1823 eratin
1102 1782 1186 1821 me
1215 1767 1438 1830 sanitas,
1466 1781 1496 1820 ιι
1546 1770 1727 1836 planta
1765 1765 1916 1835 pedis
1963 1781 2132 1833 usque

552 1857 620 1916 ad
641 1858 898 1915 verticem
927 1858 1084 1930 (lsai.
1116 1873 1154 1922 ι,
1198 1858 1275 1927 6).
1304 1856 1453 1912 Sana
1496 1871 1625 1927 ergo
1652 1857 1883 1909 animam
1938 1870 2129 1921 meam,

551 1950 677 2018 quia
697 1949 906 2019 peccavi
950 1950 1042 2003 tibi
1068 1948 1243 2017 (Paul.
1273 1963 1363 2014 XL,
1393 1946 1468 2017 5).
1498 1946 1607 2003 Fac
1637 1961 1767 2017 ergo
1797 1961 1932 2016 Opus
1960 1953 2130 2010 tuum,

553 2039 643 2107 pie
663 2037 811 2104 Iesu,
845 2048 900 2093 et
927 2037 1075 2092 salva
1105 2049 1213 2092 me.
1241 2037 1469 2092 Vocaris
1494 2036 1640 2091 enim
1687 2035 1862 2097 Jesus,
1919 2049 2024 2090 non
2065 2036 2133 2089 ob

553 2130 700 2185 aliud
725 2130 827 2185 nisi
858 2130 982 2200 quia
1016 2137 1070 2182 tu
1127 2129 1335 2184 salvum
1388 2127 1557 2183 facies
1592 2125 1846 2196 populum
1904 2133 2053 2179 tuum
2102 2140 2133 2179 a

551 2218 793 2288 peccatis
820 2234 1008 2274 eorum
1046 2217 1265 2289 (Matth.
1308 2233 1345 2279 ι,
1381 2215 1495 2286 21),
1532 2215 1625 2284 qui
1658 2229 1780 2268 cum
1840 2213 2017 2274 Patre,
2079 2215 2132 2266 ct

554 2310 762 2381 Spiritu
786 2320 974 2368 sancto
1007 2311 1142 2368 vivis
1168 2319 1224 2366 et
1251 2323 1445 2380 regnas
1477 2308 1528 2363 in
1553 2308 1752 2364 saecula
1780 2309 2136 2365 saeculorum.

553 2399 749 2458 Amen.
1599 2451 1605 2480 ι

1072 2486 1443 2555 MEDITATIO
1477 2486 1636 2546 XllL.

1182 2598 1255 2653 De
1283 2596 1510 2652 Christo.

625 2707 858 2764 Verbum
885 2716 1154 2763 secretum
1184 2687 1313 2759 mihi
1337 2713 1422 2760 est
1448 2705 1514 2759 ad
1543 2713 1614 2771 te,
1645 2704 1869 2760 Domine
1898 2703 1991 2766 mi,
2018 2701 2134 2757 Rex

552 2799 893 2864 seculorum,
925 2798 1136 2853 Christe
1165 2795 1313 2850 Jesu.
1345 2797 1492 2850 Ausu
1523 2794 1806 2849 charitatis
1845 2793 2043 2862 alloqui
2080 2802 2132 2844 te

551 2889 833 2958 praesumit
857 2887 1062 2942 factura
1093 2900 1286 2940 manus
1314 2894 1437 2950 tute,
1467 2884 1856 2952 concupiscens
1883 2883 2132 2938 decorem

2235 1757 2500 1824 pretiabili
2551 1756 2792 1822 Domino,
2841 1768 2895 1812 et
2939 1761 3212 1814 immeusm
3255 1761 3512 1828 claritati,
3557 1766 3608 1820 in
3655 1782 3816 1836 quam

2235 1846 2545 1901 desiderant
2566 1850 2742 1928 angeli
2778 1849 3122 1918 prospicere?
3149 1851 3294 1920 Opus
3322 1869 3575 1909 manuum
3607 1865 3818 1911 tuarum

2233 1943 2318 1988 est
2345 1935 2524 1989 omnis
2551 1935 2687 2005 lapis
2717 1933 3005 2004 pretiosus.
3043 1947 3098 1993 et
3137 1939 3507 1996 desiderabilis
3533 1944 3599 1996 ad
3632 1944 3818 2000 viden-

2235 2025 2385 2089 dum,
2423 2026 2658 2091 sardius,
2707 2028 2969 2095 topazius,
3017 2025 3211 2098 iaspis,
3249 2030 3598 2099 chrysolitus,
3648 2045 3813 2103 onyx,

2234 2113 2492 2185 beryllus,
2532 2115 2896 2185 amethystus.
2941 2118 3209 2186 sapbirus,
3259 2119 3637 2184 carbunculus,
3670 2135 3816 2176 sina-

2235 2206 2450 2278 ragdus.
2480 2205 2546 2260 Et
2586 2207 2700 2261 haec
2731 2201 2858 2273 quid
2885 2215 3032 2272 Sunt,
3072 2209 3173 2262 nisi
3206 2209 3442 2274 festucae,
3474 2211 3538 2264 ad
3570 2214 3644 2265 tui
3676 2227 3822 2267 coin-

2234 2297 2642 2365 paratiouem,o
2661 2298 2773 2353 Rex
2797 2299 3028 2353 decorus
3053 2299 3211 2355 nimis
3232 2309 3284 2354 et
3309 2301 3533 2354 multum
3558 2304 3822 2372 amantle?

2236 2384 2365 2440 Tua:
2391 2385 2722 2455 operationis
2765 2397 2892 2440 sunt
2932 2389 3336 2455 gemmae'vive-
3363 2395 3418 2445 et
3466 2391 3820 2459 immortales,

2233 2475 2454 2544 quibus,
2485 2490 2518 2529 o
2548 2475 2763 2545 sapiens
2797 2475 3128 2541 Architecte,
3161 2475 3215 2531 in
3242 2477 3466 2531 exordio
3493 2478 3814 2542 saeculorum

2235 2565 2411 2620 aulam
2438 2568 2893 2635 supera-thercam
2919 2566 3143 2635 pulchre
3168 2567 3482 2634 distiuxisti,
3513 2569 3579 2623 ad
3608 2570 3814 2625 laudem

2235 2663 2292 2710 et
2320 2654 2548 2726 gloriam
2580 2656 2776 2712 Patris.

2308 2763 2408 2820 Pcr
2446 2771 2497 2819 te
2533 2764 2697 2818 millia
2729 2763 2986 2830 millium,
3029 2767 3097 2819 ad
3129 2764 3442 2837 complenda
3485 2768 3660 2826 Patris
3703 2788 3820 2844 my-

2235 2857 2420 2920 steria,
2451 2855 2614 2910 alacri
2649 2855 2895 2912 discursu
2918 2857 3124 2927 jugiter
3159 2868 3336 2913 meant
3366 2860 3507 2914 inter
3534 2863 3729 2917 coelum
3759 2875 3817 2920 et

554 2988 726 3045 tuum,
760 2987 816 3034 et
840 2979 1027 3032 audire
1058 2985 1110 3032 te
1139 2977 1396 3046 gestiens.
1441 2975 1755 3031 Desiderate
1786 2973 1963 3029 cordis
2003 2975 2128 3038 mei,

2239 2956 2457 3010 terram,
2478 2945 2636 3017 quasi
2663 2961 2792 3017 apes
2823 2948 3110 3018 negotiose
3140 2949 3279 3004 inter
3305 2949 3540 3006 alvearia
3572 2961 3628 3008 et
3659 2953 3819 3011 ﬂores

555 3083 832 3139 usquequo
863 3067 1139 3122 sustinebo
1168 3065 1467 3120 absentiam
1499 3065 1681 3119 tuam?
1727 3063 2014 3134 Usquequo
2047 3065 2131 3118 iu-

553 3157 868 3226 gemiscam,
894 3162 949 3209 et
976 3154 1198 3210 stillabit
1223 3162 1342 3222 post
1372 3163 1423 3207 te
1449 3152 1638 3208 oculus
1666 3153 1854 3207 meus?
1877 3152 2136 3209 Amabilis

552 3245 800 3308 Domine,
827 3245 918 3299 ubi
947 3245 1194 3299 habitas?
1225 3243 1325 3299 Ubi
1357 3251 1439 3298 est
1467 3242 1826 3297 diversorium
1874 3250 2045 3310 tuum,
2079 3244 2132 3296 in

553 3353 661 3407 quo
690 3338 845 3392 laetus
869 3335 1140 3392 recumbis
1170 3335 1311 3389 inter
1336 3332 1687 3389 charissimos
1721 3340 1860 3403 tuos,
1886 3341 1940 3385 et
1968 3332 2135 3385 satias

553 3442 649 3483 eos
693 3426 1127 3482 manifestatione
1161 3425 1342 3496 gloria:
1383 3424 1525 3480 tute?
1570 3424 1743 3491 Quam
1790 3422 1942 3487 felix,
1974 3438 2132 3491 quam

554 3519 800 3582 illustris,
829 3533 990 3586 quam
1021 3526 1262 3580 sanctus,
1290 3525 1491 3585 quanta
1523 3513 1853 3584 appetentius
1875 3513 2135 3567 aviditate

556 3607 706 3662 locus
738 3607 826 3660 ille
863 3605 1068 3660 deifica:
1099 3603 1408 3673 voluptatis,
1456 3603 1606 3657 locus
1646 3601 1963 3672 perennium
1995 3601 2131 3654 deli-

555 3699 794 3754 ciarum!
829 3697 943 3751 Non
976 3695 1203 3750 accessit
1229 3693 1413 3748 oculus
1438 3707 1608 3758 meus,
1640 3706 1815 3761 neque
1845 3692 2133 3760 appropin-

555 3789 743 3858 quavit
776 3802 870 3842 cor
900 3801 1078 3841 meum
1114 3800 1283 3854 usque
1312 3786 1378 3838 ad
1411 3782 1804 3837 multitudinem
1833 3780 2134 3835 dulcedinis

559 3887 683 3942 tute,
727 3892 886 3946 quam
933 3875 1258 3929 intrinsecus
1306 3871 1636 3928 abscondisti
1681 3869 1806 3924 filiis
1846 3870 1970 3924 tuis.
2007 3868 2135 3924 Solo

556 3968 681 4038 ejus.
712 3967 876 4021 odore
917 3964 1049 4020 foris
1088 3972 1360 4031 utcunque
1399 3967 1686 4015 sustentor.
1735 3959 2132 4027 Spiramentum

557 4055 838 4110 suavitatis
886 4060 988 4106 tute
1017 4051 1082 4105 de
1129 4049 1420 4118 longinquo
1455 4048 1602 4102 venit
1642 4046 1710 4100 ad
1754 4059 1860 4110 me,
1905 4060 2024 4114 quae
2053 4053 2135 4099 est

498 4133 505 4140 ’
558 4147 686 4200 mihi
715 4157 874 4213 super
898 4141 1120 4197 odorem
1151 4140 1376 4195 balsami
1406 4147 1458 4192 et
1484 4136 1830 4208 fragrantiam
1870 4135 2042 4190 thuris
2071 4149 2134 4189 ac

559 4235 814 4306 myrrhae,
843 4233 1127 4300 omnisque
1151 4229 1363 4297 generis
1384 4227 1567 4282 suavia
1598 4226 1969 4280 odoramenta.
1995 4223 2131 4280 Con-

559 4325 916 4396 cupiscentias
942 4322 1166 4376 mundas
1193 4319 1333 4388 parit
1359 4319 1409 4372 in
1438 4332 1543 4383 me,
1569 4331 1794 4387 quarum
1816 4325 1895 4370 est
1921 4315 2132 4369 adusno

559 4418 747 4481 dulcis,
779 4417 866 4469 vix
908 4411 1187 4484 portabilis
1220 4421 1416 4464 tamen.
1451 4407 1589 4472 Quid
1629 4407 1764 4461 enim
1806 4406 1933 4459 mihi
1974 4416 2047 4459 est
2080 4409 2131 4459 in

559 4510 720 4565 caelo?
759 4506 931 4580 (Paal.
968 4520 1137 4571 Lxxu,
1167 4504 1282 4571 25.)
1321 4501 1450 4569 Quis
1476 4510 1559 4555 est
1589 4497 1870 4553 thesaurus
1899 4512 2049 4556 meus
2079 4497 2130 4550 in

560 4601 645 4651 illa
680 4598 865 4652 cntlica
909 4595 1079 4651 cella?
1122 4607 1240 4660 quae
1281 4600 1366 4645 est
1394 4587 1698 4642 'lizereditas
1740 4601 1858 4640 mea
1907 4587 1956 4639 in
1990 4595 2131 4640 terra

558 4687 884 4742 viventium?
932 4686 1116 4737 Nonne
1161 4681 1406 4735 Christus
1451 4677 1711 4736 Dominus
1755 4691 1923 4739 meus,
1976 4675 2130 4728 unica

561 4782 703 4835 salus
741 4793 880 4842 mea,
927 4786 1095 4829 totum
1142 4774 1336 4827 bouum
1388 4784 1585 4832 meum,
1618 4766 1830 4837 plenum
1879 4765 2130 4836 gaudium

562 4870 773 4925 meum?
823 4868 889 4923 Et
931 4862 1198 4934 quomodo
1246 4869 1433 4930 potero
1476 4859 1752 4912 continere
1795 4870 1886 4910 cor
1931 4869 2130 4920 meum,

560 4960 801 5022 Domine,
834 4951 892 5011 ut
936 4971 1041 5010 non
1083 4963 1224 5007 amet
1255 4953 1337 5006 te?
1373 4951 1434 5006 Si
1476 4965 1581 5005 non
1615 4940 1883 5003 amavero‘
1906 4957 1976 5013 te,
2005 4947 2133 5017 quid

564 5049 787 5104 amabo?
836 5046 890 5101 Si
946 5043 1266 5100 transtulero
1317 5055 1556 5094 amorem
1602 5053 1780 5092 meum
1827 5053 1858 5091 a
1909 5046 1991 5101 te,
2045 5037 2130 5088 ubi

564 5143 736 5210 ipsum
782 5138 941 5205 digne
985 5134 1291 5189 collocaho?
1342 5129 1722 5185 Desiderabilis
1770 5128 2014 5192 Domine,
2043 5127 2131 5180 ubi

563 5247 713 5286 estra
758 5240 809 5285 te
859 5227 1256 5295 requiescerent
1304 5223 1568 5277 desideria
1619 5221 1769 5276 mea?
1820 5219 1876 5274 Si
1925 5219 2132 5289 uspiam

565 5331 716 5376 extra
749 5331 798 5374 te
840 5319 1028 5389 pedem
1055 5317 1308 5370 extendat
1335 5327 1486 5367 amor
1512 5328 1683 5377 meus,
1729 5312 1963 5382 pollutus
1994 5312 2130 5375 erit;

568 5412 610 5465 si
656 5427 684 5464 a
735 5419 785 5462 te
832 5405 1216 5463 declinaverint
1264 5403 1524 5458 desideria
1578 5416 1717 5469 mea,
1770 5417 1904 5454 vana
1954 5411 2130 5454 erunt.

570 5499 749 5553 Nonne
781 5508 834 5553 tu
883 5495 1127 5552 amabilis
1155 5503 1209 5549 et
1253 5493 1617 5549 desiderabilis
1657 5497 1730 5547 es"
1763 5506 1923 5560 super
1956 5492 2134 5546 omnia

572 5605 687 5658 quae
710 5589 874 5643 amari
909 5576 1130 5658 possunt
1158 5596 1210 5642 et
1242 5584 1570 5640 desiderari?
1596 5584 1690 5638 abs
1717 5592 1766 5638 te
1793 5582 1950 5635 habet
1977 5580 2130 5648 quid-

2238 3039 2582 3109 disponentes
2619 3037 2799 3095 omnia
2828 3039 3099 3104 suaviter;
3141 3040 3368 3110 populus
3398 3043 3694 3107 accinctus.
3727 3063 3817 3103 ue-

2236 3132 2415 3187 sciens
2457 3125 2625 3184 inlusis
2670 3129 2755 3187 vel
2795 3127 3171 3185 inobedientite
3217 3147 3445 3187 moram.
3477 3133 3580 3188 Per
3611 3145 3664 3191 te
3689 3153 3817 3192 cen-

2237 3230 2357 3275 tena
2399 3215 2579 3279 decies
2619 3220 2815 3277 millies
2851 3219 3066 3275 millena
3097 3223 3359 3276 assistunt
3406 3223 3458 3277 in
3504 3228 3818 3283 sanctuario

2237 3311 2442 3367 uranici
2490 3310 2705 3380 templi,
2758 3310 3097 3369 intendentes
3147 3312 3200 3367 in
3254 3312 3457 3367 vultum
3515 3315 3816 3383 majestatis

2234 3401 2382 3454 c'aro
2406 3411 2462 3455 et
2485 3400 2762 3458 inflexibili
2792 3402 2930 3463 visu,
2973 3417 3037 3456 ac
3077 3409 3432 3470 personantes
3475 3403 3815 3461 harmoniam

2236 3488 2572 3546 incessabills
2599 3490 2803 3562 hymni,
2835 3492 2887 3546 in
2911 3491 3137 3560 gloriam
3177 3491 3332 3546 trinae
3361 3499 3415 3546 et
3446 3492 3650 3562 simpla;
3674 3487 3824 3550 divi-

2236 3582 2440 3635 uitatis.
2470 3581 2574 3635 Per
2603 3590 2655 3635 te
2693 3581 2966 3650 seraphim
2998 3580 3176 3648 ardet,
3210 3595 3308 3651 per
3349 3589 3400 3638 te
3429 3583 3704 3640 cherubim
3734 3585 3815 3645 lu—
3867 3582 3871 3586 ’

2233 3681 2338 3734 cet,
2372 3687 2468 3741 per
2493 3678 2547 3728 te
2574 3671 2756 3725 throni
2784 3671 3050 3742 judicant.

2307 3783 2384 3838 Tu
2414 3784 2566 3839 Domi
2608 3799 2669 3842 us
2702 3791 2906 3850 noster,
2935 3783 3073 3852 ignis
3103 3799 3162 3838 es
3200 3784 3431 3839 innocue
3457 3786 3672 3850 ardens,
3702 3800 3751 3844 et
3782 3805 3813 3845 ι

2236 3882 2339 3928 tua:
2364 3874 2654 3928 divinitatis
2680 3875 2986 3930 immediata
3018 3874 3482 3943 approximatione
3513 3885 3657 3931 totus
3683 3879 3812 3933 cha-

2235 3964 2392 4018 r't'ite
2421 3964 2636 4033 ignitur,
2660 3970 2716 4018 et
2738 3962 2981 4016 flanimea
3008 3964 3385 4019 coruscatione
3408 3967 3636 4022 vrstitur
3657 3982 3815 4022 sacer

2233 4055 2367 4108 ordo
2388 4053 2681 4123 seraphim,
2709 4052 2799 4121 qni
2827 4060 2882 4106 et
2907 4051 2988 4106 sui
3029 4052 3213 4106 suavis
3242 4053 3474 4106 incendii
3503 4053 3806 4110 exuberan-

2237 4142 2363 4195 tiam
2404 4141 2605 4210 spargit
2652 4141 2702 4193 in
2752 4148 2977 4196 caeteras
3013 4139 3110 4194 tibi
3160 4139 3454 4196 militantes
3493 4141 3807 4212 phalangas.

2235 4231 2300 4286 de
2326 4246 2554 4299 quarum
2596 4229 2928 4299 plenitudine
2972 4238 3249 4298 gustamus
3287 4239 3340 4284 et
3382 4245 3499 4286 nos.
3545 4229 3622 4285 Tu
3669 4232 3812 4288 Deus

2204 4319 2207 4363 τ
2235 4328 2439 4392 noster,
2469 4333 2591 4372 vera
2622 4317 2709 4370 lux
2741 4332 2820 4381 es,
2848 4325 2901 4371 et
2935 4319 3229 4387 suscipiunt
3261 4329 3469 4374 montes
3494 4320 3689 4389 p0pulo
3719 4330 3811 4375 tuo

2236 4408 2439 4472 lucem,
2471 4408 2596 4461 dum
2649 4408 2930 4461 thesauros
2969 4408 3245 4476 sapientia:
3290 4417 3345 4462 et
3391 4409 3630 4463 scientiae
3673 4411 3724 4464 iu
3761 4423 3812 4466 te

2237 4498 2543 4553 reconditos
2574 4497 2641 4550 ad
2671 4497 2939 4551 intuentes
2969 4504 3020 4550 te
3044 4512 3074 4551 e
3095 4497 3273 4550 vicino
3294 4501 3478 4552 oculos
3507 4499 3807 4563 cherubim,

2234 4605 2332 4661 per
2360 4600 2412 4645 te
2442 4591 2613 4661 ipsum
2647 4590 2790 4660 large
2808 4588 3059 4662 vell‘undis.
3085 4597 3137 4643 et
3165 4590 3398 4643 derivari
3427 4589 3559 4644 facis
3595 4593 3660 4644 ad
3695 4592 3813 4644 illu-

2235 4682 2517 4736 minandas
2556 4679 2932 4734 subordinatas
2963 4679 3067 4732 illis
3095 4678 3295 4732 electas
3332 4679 3604 4746 lampades
3640 4680 3810 4733 admi-

2236 4771 2419 4827 rabilis
2462 4768 2789 4825 tabernaculi
2823 4767 2920 4830 tui,
2954 4783 3072 4835 qua:
3102 4777 3223 4820 ante
3271 4767 3458 4820 faciem
3505 4777 3672 4833 tuam,
3709 4769 3810 4823 Do.

2235 4862 2398 4926 mine,
2437 4857 2944 4928 inexstinguibiliter
2983 4856 3181 4910 lucent.
3228 4857 3305 4910 Tu
3354 4856 3464 4910 Rex
3514 4872 3718 4926 regum,
3757 4867 3812 4912 et

2233 4948 2401 5004 Judex
2431 4947 2673 5016 judicum
2709 4960 2897 5015 magne
2919 4953 2972 4998 et
3003 4943 3305 5009 metuende,
3338 4945 3578 5000 exce's'is
3609 4945 3809 5002 insides

2238 5040 2478 5103 thronos,
2506 5037 2674 5092 solam
2700 5050 2859 5103 super
2881 5050 2937 5088 se
2959 5035 3216 5089 habentes
3238 5034 3604 5088 celsitudinem
3636 5044 3805 5099 tuam,

2235 5129 2393 5183 sedes
2414 5128 2565 5181 vivas
2585 5135 2638 5180 et
2659 5138 2867 5185 suaves,
2889 5124 3278 5191 pacatissimas,
3307 5137 3636 5190 summmque
3661 5132 3807 5175 tran-

2236 5217 2513 5286 quillitatis
2563 5213 2930 5268 uniformitate
2977 5221 3310 5288 compactas,
3361 5225 3455 5280 per
3504 5219 3554 5264 te
3596 5212 3800 5267 discer-

2237 5316 2422 5360 nentes
2447 5307 2563 5359 vias
2588 5302 2848 5363 veritatis,
2878 5316 2970 5370 per
3001 5309 3050 5353 te
3074 5298 3378 5366 judicautes
3405 5297 3603 5365 judicia
3634 5300 3803 5367 tuqui-

2239 5397 2381 5450 tatis.
2409 5394 2721 5449 Dominator
2750 5391 2991 5451 Domine,
3025 5398 3073 5445 te
3101 5388 3523 5442 dominationum
3559 5387 3801 5440 sublimi-

2238 5496 2319 5540 tas
2347 5496 2530 5540 sancta
2575 5484 2783 5547 adorat,
2820 5479 3074 5547 singulari
3122 5478 3309 5533 liberal
3335 5487 3440 5530 tate
3481 5478 3713 5531 animum
3750 5479 3802 5527 in

2239 5578 2416 5634 divina
2453 5575 2767 5638 extendens,
2801 5580 2960 5640 atque
3004 5571 3142 5639 inter
3184 5567 3498 5638 pra‘uobiles
3531 5566 3660 5618 aula:
3702 5573 3807 5618 tuac
