4190 6188
593 251 697 307 775

949 252 1007 306 S.
1048 250 1345 307 ANSELMl
1390 246 1734 304 CANTUAR.
1779 239 2092 299 ARClllEP.
2125 238 2273 297 OPP.
2309 238 2484 291 PARS
2526 237 2583 289 ll.
2628 267 2693 275 -—-
2726 230 3089 291 ΡᾹΒᾸΞΝΕΤ.
3135 236 3218 291 ΕΤ
3246 236 3488 293 ASCET.

3684 49 4099 225 ,Ἶ-

3745 230 3848 307 ΠΒ

591 365 807 432 heroes,
856 379 951 435 per
998 375 1047 419 ιο
1088 364 1376 433 “malum
1424 378 1591 434 agens
1638 361 1731 415 ειιιί
1783 359 2000 415 dominii
2052 357 2167 410 sine
2196 355 2239 408 Λ
2269 350 2584 419 purissimas
2625 349 2857 402 chordas
2899 350 2950 401 in
2997 348 3153 411 coelo,
3202 363 3320 417 qum
3369 350 3500 402 nihil
3552 350 3704 405 triste
3751 366 3850 403 un-

594 455 875 509 altitudine
923 455 1111 506 fastus.
1159 450 1348 507 Nobile
1376 452 1542 507 decus
1584 452 1931 521 principum,
1956 462 2050 516 per
2096 454 2164 511 te,

594 543 820 619 Domine
862 542 1003 595 Deus
1033 556 1210 605 meus,
1238 541 1413 596 celsus
1450 530 1583 595 ordo
1630 539 2023 607 principatuum
2052 536 2169 589 sine

596 635 852 690 invidiosa
906 632 1267 702 praecellentia
1325 632 1659 702 principatur
1708 642 1869 697 super
1922 626 2167 683 militiam

595 722 736 786 (teli,
764 723 849 776 cui
889 723 959 776 ad
1002 722 1265 791 explenda
1309 722 1486 774 divina
1531 719 1807 788 mysteria,
1844 715 1997 785 juxta
2043 731 2167 785 per-

593 820 800 881 ceptam
830 814 1154 869 intrinsecus
1187 812 1363 867 cordis
1408 810 1480 863 tui
1525 810 1951 879 dispositionem,
1999 808 2170 862 dulcis

592 905 892 975 magisterii
925 906 1119 975 prtebet
1153 904 1423 977 ducatum.
1475 896 1588 954 Tua
1638 909 1722 955 est
1768 900 2030 969 potentia,
2073 914 2169 979 po-

594 1002 851 1048 testatum
884 994 1121 1055 Domine,
1152 991 1511 1060 prementium
1545 990 1595 1043 in
1627 988 1871 1042 ﬁammeo
1900 988 2004 1043 telo
2032 987 2166 1042 colla

596 1084 968 1138 tartaricorum
1017 1081 1343 1151 principum,
1386 1089 1442 1139 et
1486 1088 1537 1133 te
1584 1079 1635 1131 in
1669 1077 1775 1133 illis
1805 1086 2051 1132 metuunt
2079 1092 2163 1141 ne,

594 1180 853 1239 quantum
883 1167 1089 1232 volunt,
1114 1168 1330 1223 valeant
1364 1167 1626 1237 perﬁcere
1656 1166 1857 1222 ltialum
1893 1167 1962 1222 ob
1991 1167 2170 1236 perni-

570 1257 729 1315 ,eiem
757 1263 1017 1309 nostram.
1050 1254 1162 1309 Tua
1190 1263 1291 1320 est,
1328 1270 1361 1308 ο
1386 1253 1557 1308 virtus
1584 1253 1781 1317 Patris,
1812 1255 1991 1308 omnis
2021 1254 2172 1308 miri-

593 1342 806 1397 ﬁcentia
829 1342 1114 1398 beatarum
1140 1343 1421 1408 virtutum,
1455 1358 1683 1411 quarum
1722 1344 1899 1412 agitur
1925 1342 2167 1397 ministec

591 1435 693 1498 rio,
726 1442 779 1487 ut
814 1443 865 1488 te
890 1434 1117 1487 miretur
1141 1447 1301 1486 omne
1329 1433 1603 1496 saeculum,
1631 1442 1684 1487 et
1711 1435 2089 1488 obmutescens
2116 1434 2169 1487 in

590 1521 930 1576 mirabilibus
962 1522 1063 1575 tuis
1092 1521 1357 1574 exclamet
1394 1529 1446 1574 et
1482 1521 1625 1574 dicat
1656 1539 1667 1573 :
1702 1518 1892 1575 Omnia
1923 1538 2170 1591 quwcun-

589 1627 691 1680 que
716 1611 877 1665 uoluit
924 1611 1196 1671 Dominus,
1225 1610 1344 1679 fecit
1374 1612 1426 1662 in
1454 1610 1577 1663 caelo
1606 1620 1651 1663 et
1680 1612 1731 1663 in
1760 1620 1918 1675 terra,
1952 1612 2004 1664 in
2037 1612 2170 1665 mari

590 1709 637 1751 et
683 1698 737 1751 in
778 1698 1011 1751 omnibus
1055 1698 1256 1767 abyssi:
1295 1697 1463 1765 (Psal.
1496 1714 1711 1764 cxxxrv,
1743 1699 1823 1768 6).
1856 1699 1967 1753 Tua
1995 1708 2100 1763 est,
2136 1715 2169 1753 ο

593 1788 764 1842 dulcis
792 1788 939 1854 Jesu,
969 1789 1367 1858 magniﬁcentia
1399 1789 1868 1859 archangelorum,
1896 1790 1947 1843 in
1977 1789 2170 1858 quibus

593 1877 773 1930 nntlta:
792 1877 1117 1947 dignationis
1137 1892 1271 1946 opus
1290 1886 1547 1945 operatur
1576 1878 1881 1946 benignitas
1908 1888 2023 1942 tua,
2044 1878 2168 1931 dum

592 1978 698 2022 tam
750 1965 1013 2037 gloriosos
1059 1967 1242 2036 palatii
1295 1968 1372 2021 tui
1428 1967 1685 2036 Satrapas
1738 1968 2013 2021 destinare
2062 1982 2168 2021 non

588 2055 798 2123 spernis
825 2056 878 2109 in
906 2056 1021 2110 hate
1050 2056 1233 2110 mundi
1263 2056 1501 2119 inﬁrma,
1531 2056 1597 2109 ad
1621 2055 2016 2126 suﬁ‘ragandum
2044 2070 2161 2124 par-

586 2144 739 2198 vitati
763 2155 983 2210 nostrae,
1006 2145 1098 2214 qui
1118 2146 1417 2214 comparati
1443 2160 1630 2199 sumus
1653 2145 1864 2209 luto,'et
1891 2144 2168 2199 assimilati

589 2231 785 2286 favilla:
808 2242 882 2286 ret
919 2231 1111 2285 cineri.
1145 2232 1249 2286 Per
1294 2232 1390 2286 bns
1417 2232 1611 2301 quippe
1644 2241 1733 2285 tuo
1771 2229 1925 2298 jussu
1953 2246 2169 2286 summa

456 2376 459 2381 .
528 2326 561 2356 ‘
592 2332 793 2376 nostrae
836 2323 1027 2377 salutis
1084 2322 1532 2377 administrantur
1572 2323 1807 2391 negotia,
1855 2336 2171 2390 summaque

589 2411 754 2480 226
797 2410 1014 2481 superni
1056 2409 1277 2483 consilii
1316 2410 1383 2462 ad
1435 2426 1533 2464 nos
1577 2409 1892 2463 deferuntur
1937 2424 2167 2473 arcana;
2220 2408 2223 2409 ⁷

587 2516 685 2570 per
724 2502 820 2553 hos
848 2500 1111 2554 sanitates
1151 2487 1459 2553 mortalium
1508 2507 1891 2568 procreantur;
1932 2513 2028 2567 per
2074 2499 2173 2552 hos

588 2587 896 2642 consistunt
923 2602 1085 2655 regna
1124 2596 1179 2641 et
1208 2587 1433 2656 imperia
1464 2586 1675 2639 mundi.
1705 2586 1847 2640 Inter
1874 2602 2009 2656 quos
2038 2601 2165 2654 prm-

587 2676 806 2745 eipuum
845 2676 1097 2732 novimus
1124 2685 1271 2729 tuum
1305 2674 1642 2739 Michaelem,
1675 2675 1990 2743 signiferum
2021 2675 2172 2728 nobi-

590 2765 720 2829 lem,
749 2764 869 2819 cceli
900 2765 1094 2828 civem,
1124 2756 1214 2833 qui
1262 2772 1368 2816 stat
1413 2778 1507 2830 pro
1553 2764 1667 2817 acie
1707 2763 1800 2815 Dei
1828 2763 2051 2817 viventis
2079 2778 2172 2816 ex-

594 2854 1165 2919 tendensromphmam
1190 2852 1655 2922 prapugnationis,
1684 2836 1753 2906 ac‘
1774 2868 1905 2906 voce
1936 2852 2170 2907 terriﬁca

592 2942 867 3005 imonans,
910 2942 1024 3008 quis
1071 2951 1123 2992 ut
1168 2940 1349 2995 Deus?
1397 2955 1557 3007 super
1600 2956 1693 2995 eos
1727 2942 1817 3011 qui
1850 2958 1913 2995 ex
1946 2943 2172 2997 adverso

592 3038 737 3085 sunt.
772 3029 877 3084 Sed
909 3039 963 3083 et
993 3030 1077 3083 illa
1112 3030 1345 3084 felicium
1387 3031 1697 3101 angelorum
1741 3034 1990 3087 amabilis
2019 3036 2171 3087 inno-

592 3122 791 3187 centia,
816 3136 994 3175 nouae
1022 3123 1317 3191 pretiosum
1341 3137 1477 3191 Opus
1504 3123 1789 3191 digitorum
1826 3133 2037 3179 tuorum
2066 3133 2173 3189 est,

590 3228 623 3264 ο
663 3210 756 3263 Dei
796 3210 1099 3280 sapientia?
1149 3210 1300 3265 Unde
1331 3211 1605 3265 exornasti
1642 3225 1744 3265 eos
1790 3214 1941 3280 quasi
1992 3214 2172 3268 incor-

593 3300 830 3368 ruptibili
859 3302 1116 3354 vestitura
1148 3302 1202 3353 iu
1232 3301 1317 3352 die
1344 3315 1449 3367 qua
1483 3302 1769 3353 condidisti
1812 3318 1927 3367 eos,
1960 3304 2011 3355 in
2040 3318 2174 3371 npus

593 3372 733 3441 sacri
767 3387 1047 3440 ministerii
1096 3388 1193 3440 tui.
1243 3387 1305 3439 lli
1352 3398 1480 3442 sunt
1508 3389 1627 3440 viva
1660 3389 1833 3442 sidera
1880 3392 2175 3458 superioris

595 3466 739 3540 εαξη,
784 3478 893 3553 lilia
932 3477 1204 3531 interioris
1235 3477 1494 3543 paradisi,
1542 3492 1679 3531 rosa:
1721 3477 1976 3547 plantam:
2016 3496 2176 3549 super

594 3582 791 3636 aquam
833 3566 999 3629 Siloe,
1036 3582 1153 3634 quze
1194 3566 1309 3617 ﬁuit
1340 3582 1461 3618 cum
1507 3567 1741 3631 silentio,
1784 3568 1877 3620 tibi
1918 3571 2173 3622 mentium

597 3655 869 3721 radicibus
898 3654 1247 3707 lmmobiliter
1276 3652 1502 3707 luerent.
1536 3654 1578 3708 Ο
1608 3653 1802 3708 ﬁumen
1829 3658 1999 3725 pacis,
2026 3673 2057 3711 o
2081 3652 2175 3712 de-

596 3745 842 3798 liciarum
876 3743 991 3813 agri
1024 3745 1176 3805 odor,
1212 3759 1243 3796 o
1274 3743 1538 3812 sapientia
1568 3743 1679 3797 sola
1710 3760 1898 3815 gyrum
1925 3746 2045 3800 coeli
2070 3748 2178 3800 cir-

594 3837 800 3899 cuiens,
834 3849 897 3888 ex
938 3843 989 3888 te
1036 3835 1238 3897 lucent,
1276 3834 1540 3898 candent,
1586 3834 1776 3888 rubent
1820 3837 1873 3888 in
1914 3837 2119 3905 sapient
2145 3853 2173 3889 a

597 3924 786 3986 nutlta,
830 3924 881 3977 in
911 3924 1159 3978 castitate
1193 3923 1456 3990 virginea,
1485 3924 1537 3975 in
1570 3924 1853 3976 charitatis
1893 3926 2175 3980 ardoribus

593 4013 961 4082 sempiternis.
989 4013 1206 4065 Florida
1234 4013 1349 4066 [nec
1372 4012 1647 4079 juventus,
1676 4010 1916 4075 Domine,
1950 4015 2177 4069 ﬁdeliter

595 4102 690 4156 tibi
725 4102 777 4155 in
805 4110 989 4155 nostra
1033 4099 1349 4163 inﬁrmitate
1381 4102 1637 4163 deservit,
1671 4101 1796 4155 dum
1830 4103 1881 4156 in
1911 4097 1996 4156 his
2023 4116 2171 4159 tene—

593 4195 709 4250 bris
756 4194 938 4249 mundi
986 4209 1205 4263 gressus
1256 4200 1469 4245 nostros
1521 4193 1858 4261 pazdagogica
1912 4195 2173 4247 manudu-

2271 454 2430 508 quam
2459 448 2774 493 sonuerunt.
2802 436 2983 509 Tange
3008 446 3063 492 et
3108 439 3265 491 istam
3296 436 3560 491 decimam
3604 450 3847 507 gravem,

2271 532 2422 600 cujus
2469 535 2717 600 superior
2762 533 2978 601 quidem
3025 531 3201 601 portio
3227 531 3339 600 jam
3388 540 3652 598 pertracta
3699 532 3766 583 ad
3798 542 3850 585 te

2272 624 2511 677 laetitiam
2540 633 2717 689 sonat,
2746 623 2970 677 inferior
2994 624 3169 676 adhuc
3197 632 3352 675 terra:
3374 620 3595 675 astricta
3631 631 3851 674 incestus

2270 714 2417 768 novit
2444 715 2670 767 roboare
2699 729 2885 767 sonos.

2338 802 2541 858 Cuncta
2580 803 2795 857 virtutis
2826 812 2928 857 tum
2955 817 3141 873 opera,
3170 817 3204 856 ο
3250 798 3341 855 Dei
3379 800 3684 871 Unigenite,
3720 800 3849 853 dum

2272 900 2473 945 attenta
2519 900 2696 946 mente
2738 892 3046 955 considero,
3093 900 3317 960 stupens
3356 904 3679 958 expavesco,
3720 890 3847 958 quia

2272 981 2497 1035 multum
2525 996 2619 1051 per
2639 966 2855 1035 omnem
2884 982 3099 1035 modum
3126 982 3178 1035 in
3205 981 3285 1035 eis
3307 980 3573 1049 gloriosus
3598 993 3845 1048 appares.

2271 1068 2457 1139 Magna
2482 1071 2649 1134 enim,
2677 1070 2898 1139 pulchra
2936 1078 2992 1124 et
3022 1071 3158 1124 bona
3200 1079 3321 1125 sunt
3354 1068 3648 1132 valde,.sed
3675 1070 3739 1122 ad
3772 1070 3844 1123 tu’

2270 1158 2751 1226 comparationem,
2782 1158 2937 1227 quasi
2973 1158 3199 1215 nihilum
3228 1158 3475 1214 etinane
3509 1167 3845 1226 reputantur.

2271 1246 2401 1301 Caeli
2430 1256 2483 1299 et
2508 1255 2674 1312 terra,
2702 1257 2758 1301 et
2784 1249 2960 1301 omnis
2978 1254 3204 1303 ornatus
3230 1263 3442 1314 eorum,
3464 1258 3523 1305 te
3546 1259 3766 1304 auctore
3792 1256 3849 1302 et

2272 1335 2632 1403 gubernatore
2656 1337 2971 1399 subsistunt,
3007 1345 3062 1391 et
3105 1345 3159 1392 te
3196 1347 3469 1407 potentem
3513 1350 3568 1394 et
3606 1347 3869 1393 metuen-'

2272 1426 2419 1489 dum,
2449 1427 2744 1495 sapientem
2776 1434 2830 1481 et
2873 1426 3176 1496 pulchrum,
3226 1428 3422 1482 bonum
3456 1436 3521 1505 ’et
3564 1426 3848 1481 amabilem

2271 1517 2447 1571 omnia
2486 1519 2796 1585 prcedicant,
2831 1528 2885 1572 et
2910 1528 3167 1587 quantum
3214 1518 3301 1571 lux
3340 1518 3611 1584 tenebras,
3642 1527 3849 1571 tantum

2274 1613 2467 1657 cuneta
2513 1604 2658 1658 solus
2691 1604 2967 1674 prmcedis.
3010 1603 3075 1657 Et
3115 1612 3169 1658 tu
3212 1605 3264 1659 in
3308 1605 3447 1659 caelo
3482 1614 3727 1659 servatus
3766 1619 3849 1665 es,

2203 1670 2246 1727 Β
2278 1692 2416 1745 Deus
2446 1707 2621 1755 meus,
2651 1708 2858 1747 merces
2897 1692 3035 1747 servi
3075 1693 3171 1758 tui,
3206 1693 3317 1763 ipse
3360 1693 3515 1748 dator
3555 1702 3608 1748 et
3649 1692 3851 1747 donum

2272 1776 2478 1844 salutis,
2506 1795 2667 1850 quam
2695 1796 2724 1834 a
2753 1790 2803 1836 te
2829 1790 3106 1851 exspectat
3126 1783 3302 1836 anima
3334 1798 3470 1838 mea.
3496 1782 3561 1836 Et
3586 1801 3617 1836 a
3649 1792 3696 1835 te
3723 1780 3873 1852 quid,

2272 1868 2429 1922 uoluit
2458 1886 2611 1938 super
2631 1871 2862 1924 terram?
2884 1871 3053 1938 (Psal.
3083 1887 3250 1936 Lxxn,
3279 1867 3392 1942 25.)
3416 1872 3553 1939 Quid
3574 1872 3757 1927 volvor
3784 1872 3853 1925 de

2272 1959 2409 2012 cmlo
2451 1959 2503 2013 in
2545 1962 2830 2014 centrum?
2870 1961 3007 2028 Quid
3053 1962 3263 2029 melius,
3309 1965 3437 2033 quid
3483 1958 3764 2019 amabilius
3798 1974 3850 2020 te

2272 2048 2569 2102 existimavi
2600 2064 2760 2119 super
2784 2059 2999 2113 terram,
3042 2060 3101 2105 ut
3137 2053 3509 2108 abstraherem
3541 2070 3637 2109 cor
3669 2069 3848 2109 meum

2274 2151 2301 2187 a
2329 2145 2399 2197 te,
2425 2138 2490 2191 ad
2514 2139 2999 2206 concupiscendum
3023 2140 3315 2208 quidquam
3346 2142 3397 2196 in
3424 2144 3621 2197 mundo
3648 2135 3861 2213 absque

2277 2226 2360 2279 te?
2395 2225 2505 2280 Cur
2546 2227 2744 2292 amavi,
2775 2235 2941 2295 quare
2977 2229 3260 2299 eoucupivi
3302 2230 3354 2284 in
3394 2234 3539 2285 omni
3585 2233 3691 2286 vita
3733 2247 3851 2286 mea

2273 2315 2604 2383 quidquam,
2652 2326 2848 2385 praeter
2888 2326 2938 2371 te
2980 2316 3160 2371 Jesmn
3211 2319 3374 2373 Deum
3420 2323 3633 2374 meum?
3675 2321 3854 2385 Quare

2277 2405 2481 2468 distuli,
2514 2420 2611 2458 cur
2640 2405 3050 2460 intermisi-ullo
3077 2416 3314 2477 tempore
3356 2420 3427 2475 te,
3455 2408 3603 2475 JeSn,
3637 2428 3854 2467 versare

2276 2495 2327 2547 in
2359 2497 2539 2559 corde,
2576 2505 2626 2550 te
2656 2506 2765 2549 tota
2795 2506 2972 2552 mente
3003 2498 3275 2567 amplcezi,
3304 2510 3356 2553 et
3379 2501 3646 2555 delectare
3679 2503 3729 2554 in
3760 2512 3852 2555 tua

2273 2584 2552 2639 dulcedine
2592 2585 2770 2638 omnia
2803 2586 3061 2640 interiora
3095 2588 3313 2656 spiritus
3351 2589 3487 2644 mei?
3536 2589 3637 2644 Ubi
3678 2606 3852 2655 eram.

2275 2676 2491 2743 quando
2523 2686 2697 2729 tecum
2739 2685 2917 2730 mente
2960 2692 3065 2729 non
3104 2679 3292 2730 eram?
3340 2678 3455 2743 Quo
3497 2678 3852 2745 defluxerunt,

2276 2766 2489 2833 quando
2518 2780 2621 2819 non
2656 2774 2707 2819 te
2736 2764 2907 2818 solum
2942 2766 3243 2820 habuerunt
3276 2768 3541 2821 desideria
3570 2769 3725 2823 mea?

2348 2855 2489 2908 Deus
2513 2856 2637 2908 vitae
2663 2870 2817 2921 meae,
2841 2870 3003 2923 quam
3032 2871 3166 2911 vane
3188 2867 3500 2927 consumpta
3528 2868 3670 2922 sunt,
3694 2868 3857 2927 quam

2278 2944 2568 2998 infructose
2611 2944 2791 3012 elapsa
2842 2954 2968 2997 sunt
3016 2954 3255 3014 tempora
3306 2962 3456 3009 mea,
3501 2962 3620 3016 qum
3657 2946 3851 3001 dediSti
3924 2993 3928 2997 ι

2226 3034 2243 3075 Τ
2278 3034 2406 3087 mihi
2435 3044 2493 3087 ut
2520 3034 2749 3089 facerem
2778 3034 3102 3087 voluntatem
3135 3044 3276 3087 tuam
3309 3035 3358 3088 in
3385 3038 3483 3100 eis,
3506 3046 3558 3090 et
3586 3051 3690 3090 non
3718 3034 3855 3089 feci?

2276 3124 2472 3190 Quanti
2508 3124 2655 3189 anni,
2688 3133 2818 3191 quot
2850 3126 2994 3177 horae
3027 3125 3302 3194 perierunt
3336 3126 3473 3193 apud
3513 3141 3616 3189 me,
3655 3126 3707 3179 in
3735 3112 3856 3195 quis

2276 3215 2377 3268 bus
2416 3212 2531 3267 sine
2573 3213 2745 3267 fructu
2795 3212 2901 3266 vixi
2946 3229 3125 3267 ceram
3176 3214 3261 3267 te?
3307 3214 3372 3267 Et
3417 3216 3684 3284 quomodo
3726 3215 3855 3269 subs

2278 3300 2501 3355 sistam?
2534 3302 2809 3366 Quomodo
2851 3302 3032 3354 levare
3067 3311 3253 3369 potero
3290 3303 3476 3375 oculos
3510 3318 3661 3363 meos
3690 3303 3742 3357 in
3776 3302 3857 3357 fa-

2278 3390 2412 3442 ciem
2442 3399 2583 3443 tuam
2613 3390 2663 3441 in
2692 3391 2781 3442 illo
2802 3404 2995 3457 magno
3017 3390 3263 3443 examine
3288 3400 3399 3455 tuo,
3424 3391 3467 3444 si
3505 3393 3853 3445 rcmemorari

2273 3478 2498 3546 jusseris
2541 3479 2722 3532 omnia
2768 3488 2991 3546 peccata
3035 3493 3172 3542 mea,
3217 3480 3297 3532 vel
3345 3489 3578 3548 tempora
3621 3495 3758 3539 mea,
3801 3488 3857 3535 et
3940 3474 3970 3551 ’

2276 3568 2509 3621 fructum
2552 3568 2861 3636 requisieris
2903 3567 3267 3637 singulorum?
3305 3569 3701 3624 Patientissime
3747 3568 3855 3623 Pa-

2280 3667 2379 3719 ter,
2412 3674 2515 3711 non
2545 3658 2637 3710 ﬁat
2661 3659 2779 3723 hoc,
2806 3660 2895 3710 sed
2924 3659 3033 3710 sint
3058 3659 3106 3711 in
3135 3660 3401 3711 oblivione
3428 3674 3607 3712 coram
3640 3668 3713 3723 te,-
3736 3672 3857 3728 qua!

2278 3746 2484 3813 perdidi
2533 3738 2793 3814 tempora,
2826 3746 2961 3800 heu!
3017 3746 3179 3799 multa
3232 3747 3412 3800 nimis.
3462 3747 3525 3800 Et
3557 3749 3601 3801 si
3645 3764 3764 3818 qua:
3804 3757 3856 3802 te

2272 3836 2493 3904 juvante
2523 3836 2728 3889 utiliter
2764 3835 2997 3897 servavi,
3035 3852 3283 3903 quorum,
3320 3852 3350 3888 o
3386 3837 3630 3897 Domine,
3660 3852 3851 3890 nume-

2279 3938 2371 3977 rus
2406 3924 2588 3978 brevis
2623 3932 2725 3986 est,
2764 3924 2817 3975 in
2858 3925 3116 3977 memoria
3156 3933 3354 3977 aeterna
3386 3920 3469 3986 fac
3506 3938 3852 3994 permanere;

2281 4010 2391 4074 ﬁat,
2423 4012 2650 4064 amande
2698 4010 2879 4073 Pater,
2925 4012 3114 4065 saltent
3161 4014 3261 4067 hoc
3295 4014 3564 4066 residuum
3598 4015 3856 4081 temporis

2280 4098 2382 4151 mei
2414 4096 2747 4152 fructuosum
2778 4107 2831 4151 et
2862 4098 3253 4151 sanctilicatnm
3285 4100 3336 4151 in
3367 4100 3536 4167 gratia
3571 4110 3680 4165 tua,
3714 4109 3771 4152 ut
3798 4099 3851 4153 in

2278 4186 2468 4240 diebus
2489 4184 2693 4239 aeterni'
2762 4186 2805 4239 2s
2830 4186 3069 4239 inveniat
3100 4184 3295 4252 locum,
3326 4196 3377 4239 et
3406 4187 3761 4256 computabile
3782 4187 3857 4241 sit'

594 4283 777 4339 ctione
803 4282 1006 4349 dirigit,
1029 4282 1152 4335 dum
1184 4280 1405 4333 hostiles
1435 4278 1682 4331 incursus
1706 4294 1734 4330 a
1763 4281 1915 4333 nobis
1947 4282 2173 4349 repellit,
2208 4294 2252 4350 ι)
2279 4283 2402 4326 ante
2432 4282 2503 4327 te;
2536 4272 2655 4327 hut
2684 4288 2748 4327 ex
2795 4274 2897 4327 hoc
2927 4284 3069 4327 nnnc
3101 4276 3279 4327 omnia
3320 4276 3584 4330 desideria
3615 4293 3733 4333 mea
3769 4280 3854 4333 in-

594 4374 721 4427 dum
762 4372 1053 4426 voldntatis
1089 4378 1192 4421 tua:
1221 4379 1428 4421 secreta
1470 4367 1624 4419 nobis
1668 4368 1901 4430 nuntiat,
1940 4370 2063 4422 dum
2109 4370 2173 4421 ad

596 4462 735 4516 bona
768 4474 993 4529 qumque
1041 4460 1247 4511 mentes
1288 4456 1577 4509 dissolutas
1611 4458 1847 4519 roborat,
1887 4458 2009 4511 dmn
2052 4474 2175 4512 ora-

598 4554 803 4604 tinnmn
862 4563 1168 4603 nostrarum
1226 4547 1573 4617 thymiamata
1631 4548 1694 4600 ad
1752 4563 1899 4599 aram
1957 4563 2174 4602 auream

597 4639 877 4703 transfert,
925 4648 979 4691 et
1027 4638 1217 4689 faciem
1268 4638 1338 4704 pii
1392 4636 1570 4689 Patris
1614 4651 1711 4704 pro
1760 4636 1912 4689 nobis
1962 4652 2176 4704 semper

596 4738 803 4783 exorat.
838 4728 937 4791 lta,
968 4728 1054 4794 pie
1085 4725 1270 4787 Pater,
1300 4727 1364 4778 de
1394 4724 1548 4778 nobis
1579 4724 1733 4793 longe
1761 4726 1935 4778 adlmc
1973 4727 2177 4794 agenti-

598 4818 695 4873 bus
739 4821 916 4887 aliqua
969 4818 1059 4870 tibi
1105 4832 1233 4869 cura
1283 4827 1383 4870 est.
1432 4816 1500 4868 Et
1546 4815 1764 4883 si'quid
1810 4816 1964 4883 pretii
2016 4817 2177 4870 habet

600 4911 851 4961 drachma
896 4908 1102 4961 decima
1149 4906 1274 4957 olim
1315 4920 1344 4959 e
1384 4906 1502 4958 sinu
1546 4915 1635 4958 tuo
1678 4905 1890 4971 elapsa,
1934 4916 1987 4957 et
2036 4921 2177 4957 nunc

603 5002 815 5053 tandem
862 5001 913 5051 in
963 5000 1232 5052 laboribus
1267 4997 1369 5050 tuis
1417 4998 1696 5065 requisita,
1750 4999 1848 5051 hoc
1897 4998 1991 5059 tui,
2039 4997 2176 5049 boue

599 5087 744 5145 Jcsu,
776 5086 845 5152 pii
872 5094 951 5137 est
979 5088 1233 5139 muneris.
1278 5086 1331 5138 Si
1364 5087 1489 5152 quid
1525 5086 1814 5138 dulcisona‘,
1843 5087 1986 5137 vocis
2018 5085 2175 5135 habet

604 5182 715 5231 lucc
750 5177 953 5228 decima
994 5178 1191 5228 chorda
1227 5177 1420 5228 divinm
1468 5174 1808 5238 laudationis,
1843 5176 1941 5227 hoc
1972 5184 2091 5226 tuus
2122 5175 2172 5225 in

601 5284 662 5319 ra
702 5266 881 5319 suavis
924 5273 1199 5317 contactus
1230 5274 1506 5332 operatur,
1541 5266 1663 5317 dqu
1705 5266 1755 5315 in
1804 5265 2054 5331 psalterio
2087 5265 2176 5316 deo

603 5358 871 5411 cachordo
919 5355 1099 5424 pSaIIis
1147 5357 1364 5423 gloriam
1414 5357 1609 5409 Patris.
1661 5356 1833 5408 Psalle
1880 5367 1930 5405 ut
1972 5355 2171 5423 psallis,

606 5446 849 5509 Domine,
884 5444 1157 5496 tnodularc
1186 5445 1338 5495 dulce
1372 5445 1535 5499 melos
1561 5444 1707 5497 Patri
1744 5443 2011 5497 velocibus
2043 5444 2173 5495 arti-

608 5535 739 5587 culis
784 5532 1186 5585 multifm‘tnium
1232 5534 1545 5600 gratiarum.
1589 5534 1771 5601 Tange
1820 5548 2011 5589 novem
2061 5533 2175 5585 illas

2279 4362 2553 4428 calescite,
2596 4373 2653 4418 et
2692 4362 2887 4417 elliuite
2934 4364 2986 4417 in
3036 4364 3316 4418 Dominum
3364 4365 3578 4433 Jesum;
3627 4371 3849 4434 currite.

2278 4456 2409 4509 satis
2458 4456 2717 4509 hactenus
2765 4455 3058 4509 tardastis?
3112 4466 3393 4526 properate
3443 4474 3551 4526 quo
3579 4462 3850 4531 -pergitis,

2278 4548 2502 4614 quazrite
2531 4562 2688 4616 quem
2722 4546 2982 4615 qumritis.
3027 4544 3206 4603 Iesum
3235 4548 3467 4616 qmeritis
3512 4546 3849 4605 Nazarenam

2278 4638 2583 4698 cruciﬁxum
2620 4636 2813 4705 (Marc,
2852 4652 2960 4700 xvr,
2993 4636 3068 4705 6).
3110 4637 3364 4690 Ascendit
3402 4638 3452 4690 in
3484 4639 3708 4705 coelum,
3747 4657 3849 4693 non

2277 4739 2349 4780 est
2380 4729 2458 4779 In'c
2489 4700 2683 4796 (ιῦῐάί).
2714 4700 2823 4778 Νοῖι
2865 4736 2947 4779 est
2986 4700 3070 4779 ubi
3108 4736 3251 4790 erat;
3298 4744 3399 4781 non
3441 4738 3523 4782 est
3547 4730 3633 4783 ubi
3672 4700 3849 4784 nobile
3885 4771 3889 4774 .

2279 4829 2438 4886 caput
2466 4832 2619 4870 suum
2661 4817 2922 4870 reclinare
2965 4832 3066 4869 non
3106 4825 3341 4883 poterat;
3378 4833 3479 4869 non
3511 4828 3591 4871 est
3614 4802 3705 4872 ubi
3736 4835 3848 4872 am-

2281 4909 2481 4961 bulavit
2514 4909 2563 4960 iit
2589 4906 2764 4959 medio
2797 4907 3184 4969 tribulationis,
3212 4906 3445 4975 repletus
3474 4909 3842 4976 despectione;

2281 5015 2381 5052 non
2428 5007 2508 5051 est
2556 4998 2642 5049 ubi
2694 4998 2842 5050 stetit
2885 4996 3205 5063 judicandus
3252 5003 3376 5049 ante
3426 4996 3613 5050 faciem
3659 4997 3842 5062 Pilati;

2282 5102 2383 5139 non
2415 5095 2493 5138 est
2523 5085 2608 5137 ubi
2641 5085 2791 5137 stetit
2829 5095 3039 5152 Spretus
3082 5093 3135 5135 et
3166 5082 3352 5136 illusus
3380 5098 3558 5136 coram
3604 5083 3841 5147 Herode;

2281 5192 2384 5227 non
2414 5185 2494 5227 est
2529 5174 2616 5226 ubi
2656 5175 2906 5241 pependit
2944 5183 3258 5241 consputus,
3289 5188 3481 5237 caesus,
3514 5174 3843 5237 vulneratus.

2280 5274 2331 5317 et
2362 5278 2549 5316 cruore.
2594 5263 2838 5330 perfusus
2870 5262 2919 5314 in
2956 5262 3131 5314 medio
3159 5258 3583 5321 sceleratorum;
3621 5275 3722 5312 non
3762 5270 3846 5315 est

2281 5354 2365 5405 ubi
2390 5351 2555 5419 jaCItil
2589 5351 2762 5418 lapide
2790 5351 3021 5411 clausus,
3046 5360 3097 5401 ct
3128 5349 3362 5417 gentium
3394 5348 3579 5401 militia
3612 5350 3847 5403 custodi-

2283 5454 2384 5496 tus.
2414 5443 2513 5495 L'hi
2546 5457 2669 5493 vero
2692 5451 2771 5491 est
2801 5440 3199 5492 amantissimus
3226 5439 3469 5492 Domini?
3493 5438 3694 5492 habitat
3717 5454 3841 5493 con-

2283 5535 2507 5587 fidenter
2536 5540 2587 5584 ct
2625 5529 2887 5595 ﬂagellatur
2934 5542 3038 5581 non
3073 5529 3461 5596 apprOpinquat
3503 5526 3841 5581 laberraculo
