4190 6198
317 259 408 315 ΓιἹ

1638 251 2048 310 IiEDlTATlON
2059 253 2159 308 ES.

3435 258 3542 316 778

309 368 440 437 ejus.
497 367 671 438 Super
720 368 1050 424 altitudinem
1103 367 1390 429 cmlorum,
1447 382 1605 436 super
1658 381 1873 421 omnem
1906 373 1951 429 Α
1981 365 2231 432 gaudium
2266 366 2430 429 sit,o
2469 364 2658 431 Maria,
2709 366 2975 438 virginum
3023 365 3172 434 virgo
3224 366 3548 436 singularis,

308 460 674 515 excellentiam
711 462 1051 530 angelorum,
1102 459 1315 526 propria
1365 458 1560 512 virtute
1607 458 1868 520 ascendit,

309 567 468 620 super
500 553 688 605 solium
718 551 1007 619 singularis
1039 549 1218 618 gloria:
1245 548 1297 601 in
1328 549 1514 602 dextra
1557 548 1755 612 Patris,
1785 548 1871 601 cui

309 649 604 695 comternus
632 649 685 692 et
723 636 1198 693 consubstantialis
1227 637 1396 702 sedet,
1431 647 1488 691 et
1525 638 1706 692 divino
1733 637 1870 689 alni—

310 733 670 793 ctnslninine,
702 740 992 784 coronatus
1038 728 1207 796 gloria
1253 737 1303 783 et
1349 729 1571 793 honore,
1619 739 1678 781 ut
1721 727 1875 782 decet

313 820 655 888 Unigcttitum
683 819 796 879 Dei,
830 832 1050 871 serenus
1080 818 1131 870 in
1166 817 1370 880 ltetitia,
1407 818 1596 886 plenus
1625 817 1873 885 omnipo-

311 919 537 973 tentatu,
583 909 837 960 Dominus
886 910 937 960 in
981 908 1119 963 caelo
1146 917 1201 962 et
1243 908 1294 962 in
1337 917 1500 962 terra.
1541 909 1616 963 lbi
1647 910 1876 962 adorant

311 1015 428 1052 cum
452 1015 637 1051 omnes
665 999 834 1066 angeli
865 1000 977 1069 Dei,
1006 1007 1060 1053 et
1088 999 1335 1053 universa
1366 1001 1653 1054 multitudo
1678 997 1874 1052 civium

310 1085 540 1159 ctelestis
574 1087 722 1139 Sion.
756 1086 809 1140 In
853 1088 965 1156 ipso
991 1089 1319 1141 unanimiter
1359 1088 1609 1141 laetantur
1635 1087 1874 1140 omnium

309 1172 492 1234 corda,
532 1173 583 1224 in
614 1173 730 1240 ejus
769 1175 1107 1229 desiderabili
1142 1173 1274 1228 facie
1303 1184 1598 1244 pascuntur
1635 1174 1877 1228 omnium

310 1263 446 1317 oculi
477 1264 755 1317 bonorum.
782 1265 835 1318 lu
868 1267 1037 1334 ipsum
1061 1265 1295 1332 undique
1315 1263 1589 1318 confluunt
1611 1264 1879 1318 desideria

236 1364 247 1372 ‘
309 1353 548 1405 omnium
604 1364 944 1418 sanctorum,
1003 1354 1098 1422 ipsi
1146 1354 1371 1421 jubilat,
1428 1354 1526 1423 ipsi
1586 1355 1876 1422 applaudit,

311 1441 486 1509 ipsum
534 1445 836 1512 magnillcat
877 1453 983 1496 tota
1016 1444 1233 1496 uranica
1273 1444 1485 1505 civitas,
1524 1444 1752 1513 gloriosa
1787 1459 1880 1514 per

311 1546 524 1587 omnem
555 1537 769 1587 modum
805 1535 854 1586 in
886 1534 1254 1602 splendoribus
1281 1535 1412 1603 ejus.

384 1621 606 1675 Exsulta
642 1633 688 1676 et
720 1624 899 1686 lauda,
935 1623 1183 1677 habitatio
1227 1625 1375 1689 Sion,
1413 1626 1534 1695 quia
1571 1641 1788 1695 magnus
1826 1628 1880 1680 in

1979 470 2096 509 rosa
2127 456 2328 510 cmlicae
2358 457 2705 522 amoenitatis,
2735 456 3077 526 prtelucidum
3109 457 3258 510 sidus
3285 450 3425 512 inter
3448 459 3555 528 pri-

1976 560 2173 599 mmvas
2215 546 2464 600 lucernas
2499 546 2664 601 divini
2716 537 2930 601 luminis
2976 549 3328 617 susceptivas.
3358 547 3414 600 ln
3462 557 3552 600 tuo

1973 639 2099 693 Jesu
2127 640 2235 695 lilio
2262 639 2577 694 dulcissimo
2607 640 2716 694 sola
2749 655 2858 709 prae
2882 641 3127 694 omnibus
3159 640 3329 710 gaude
3354 633 3553 710 gaudio

1976 745 2189 798 magno,
2215 731 2339 799 quia
2377 746 2535 799 quem
2581 739 2638 783 ut
2673 730 2944 786 hominem
2989 730 3270 800 peperisti,
3308 739 3363 785 et
3431 745 3556 800 pro-

1977 820 2111 888 priis
2134 820 2387 874 uberibus
2427 821 2694 884 euutristi,
2726 822 2897 891 ipsum
2945 836 3066 876 cum
3093 821 3296 891 angelis
3339 829 3395 873 et
3433 820 3550 873 uni-

1977 908 2149 962 versis
2176 901 2382 961 civibus
2405 908 2526 962 εωιί
2561 910 2751 963 adoras
2780 919 2835 962 ut
2861 911 3026 964 Deum
3059 911 3238 964 vivum
3263 920 3318 965 et
3342 925 3551 965 verum.

1977 1000 2185 1061 Gaude,
2215 997 2337 1052 felix
2375 1007 2569 1062 mater,
2604 1002 2725 1068 quia
2763 1017 2919 1069 quem
2961 1002 3139 1056 vidisti
3183 1002 3234 1056 in
3260 1001 3403 1074 ligno
3425 1017 3553 1057 cru-

1980 1089 2060 1141 cis
2108 1089 2452 1156 pendentem,
2485 1089 2635 1142 vides
2671 1089 2722 1142 in
2770 1090 2907 1143 etelo
2937 1100 3249 1160 regnantem
3288 1108 3408 1146 cum
3441 1093 3556 1162 glo-

1983 1179 2057 1230 ria
2107 1194 2316 1246 magna,
2360 1179 2507 1233 vides
2553 1194 2767 1232 omnem
2797 1179 3153 1252 .altitudinem
3204 1183 3504 1238 cmlestium
3535 1225 3550 1247 ,

1983 1270 2339 1331 terrestrium,
2356 1280 2410 1322 et
2433 1269 2762 1323 inferuerum
2789 1270 3054 1340 majestati
3079 1272 3193 1340 ejus
3214 1273 3554 1337 inclinatam,

1981 1368 2033 1411 et
2070 1360 2231 1411 'omne
2278 1358 2441 1411 robur
2492 1357 2830 1411 inimicorum
2879 1359 2995 1426 ejus
3042 1361 3304 1415 attritum.
3348 1361 3557 1416 Gaudia

1983 1448 2298 1517 gaudiorum
2341 1457 2463 1500 sunt
2508 1448 2636 1510 tibi,
2674 1449 2850 1501 omnis
2889 1448 3182 1518 plenitudo'
3213 1462 3551 1515 sanctorum,

1976 1539 2136 1592 beata
2189 1537 2520 1590 Hierusalem
2571 1547 2764 1606 mater_
2793 1549 2974 1594 nostra
2995 1581 3010 1604 ,
3035 1555 3158 1610 quae
3203 1557 3416 1596 sursum
3441 1556 3501 1597 es
3539 1559 3552 1595 :

1983 1627 2325 1682 festivitatem
2358 1642 2454 1696 age
2484 1627 2861 1694 lietabundam,
2881 1633 2954 1702 {et
2981 1627 3370 1688 indesinentem
3400 1634 3452 1688 in
3483 1636 3560 1688 vi-

314 1714 482 1764 medio
529 1714 604 1764 mi
642 1725 852 1765 sanctus
893 1712 1062 1767 Israel
1097 1713 1230 1782 (lsa.
1264 1731 1358 1779 xu,
1390 1715 1466 1781 6).
1515 1716 1788 1770 Exsultate
1827 1717 1880 1769 in
1918 1695 1956 1748 Β
1985 1719 2136 1771 sione
2160 1695 2488 1786 pacificatui
2527 1714 2651 1771 Jesu
2693 1695 2957 1776 libertatis
2996 1731 3097 1777 tua:
3121 1725 3378 1778 auctoris.

315 1800 476 1852 nobili
511 1801 617 1853 lilio
651 1811 848 1864 vestro,
875 1817 968 1856 vos
996 1803 1225 1856 illustres
1253 1804 1590 1873 patriarchas,
1627 1805 1750 1873 quia
1784 1805 1885 1858 im-

315 1889 452 1956 pleta
485 1899 569 1942 est
611 1890 662 1942 in
687 1906 751 1944 eo
779 1892 964 1952 omnis,
978 1893 1311 1960 exspectatio
1340 1902 1535 1959 vestra,
1563 1903 1617 1947 et
1648 1895 1758 1962 ipse
1791 1909 1878 1947 suo.

317 1980 493 2033 blimis
521 1990 601 2033 est
632 1982 803 2045 valde,
831 1992 877 2035 et
909 1982 1273 2037 benedicentur
1298 1985 1352 2036 in
1379 1986 1512 2052 ipso,
1536 1994 1715 2038 vestro
1737 1984 1884 2037 vide-

316 2067 439 2122 licet
483 2071 706 2131 semine,
754 2089 927 2124 omnes
955 2081 1158 2139 gentes;
1195 2073 1273 2126 sic
1315 2073 1458 2125 enim
1503 2073 1773 2142 pollicitus
1801 2081 1886 2128 'est

313 2171 493 2211 sermo
515 2157 746 2211 divinus.
769 2158 1007 2213 Gaudete
1031 2160 1081 2211 in
1112 2159 1235 2212 Jesu
1261 2162 1523 2230 propheta
1549 2178 1763 2232 magno,
1790 2179 1883 2219 vos

312 2246 586 2314 prophetae
611 2246 709 2298 viri
741 2261 977 2310 veraces,
1022 2248 1145 2316 quia
1178 2248 1403 2303 mirifice
1431 2258 1486 2303 et
1519 2251 1751 2321 gloriose
1780 2253 1883 2308 im-

310 2333 454 2406 plcta
506 2335 694 2389 videtis
737 2337 935 2402 omnia,
983 2352 1117 2406 quae
1149 2337 1216 2392 dc
1266 2339 1380 2408 ipso
1421 2343 1784 2398 annuntiastis
1830 2345 1884 2399 in

314 2425 518 2496 Spiritu
547 2437 758 2491 sancto,
789 2436 845 2482 et
884 2427 1070 2483 fideles
1101 2429 1305 2485 inventi
1332 2433 1462 2487 estis
1491 2448 1587 2502 per
1617 2434 1789 2503 ipsum
1828 2436 1880 2490 in

313 2517 521 2572 cunctis
551 2519 887 2573 sermonibus
911 2522 1120 2575 vestris.
1153 2520 1392 2578 Gaudete
1419 2524 1471 2578 in
1503 2526 1726 2581 Domino
1753 2527 1883 2594 Jesu

312 2608 571 2676 magistro
615 2617 814 2674 vestro,
862 2624 960 2665 vos
1004 2611 1185 2683 inclyti
1230 2628 1483 2682 proceres
1532 2617 1684 2680 cmli,
1743 2603 1882 2674 beati

312 2696 560 2766 apostoli,
609 2699 833 2766 gaudete
870 2700 922 2753 in
969 2701 1104 2770 ipso,
1135 2710 1190 2755 et
1235 2703 1428 2757 iterum
1472 2704 1614 2771 dico,
1660 2708 1885 2775 gaudete

312 2807 435 2848 cum
463 2793 680 2849 Christo
714 2795 961 2850 familiari
1001 2795 1204 2851 laetitia.
1245 2797 1382 2852 Ecce
1410 2800 1554 2852 enim
1610 2816 1766 2869 quem
1801 2801 1881 2854 vi-

310 2886 469 2942 distis
502 2887 554 2941 in
589 2888 765 2942 medio
790 2889 952 2943 vestri
990 2890 1314 2943 esurientem
1348 2898 1402 2944 et
1441 2891 1730 2958 sitientem,
1761 2890 1882 2946 fati-

312 2985 517 3049 gatum,
548 2984 601 3031 et
646 2977 710 3032 iis
745 2978 941 3031 similia
989 2979 1167 3032 carnis
1204 2978 1412 3032 infirma
1463 2979 1774 3034 tolerantem
1812 2982 1880 3036 ab
1907 3011 1951 3070 Ο

311 3067 562 3120 omnibus
592 3067 889 3136 reprobari,
915 3075 968 3121 et
1000 3083 1118 3122 cum
1149 3067 1426 3123 sceleratis
1463 3071 1721 3140 reputari,
1745 3086 1879 3140 quo-

313 3154 472 3208 modo
495 3154 644 3218 vicit,
671 3156 937 3224 quomodo
965 3166 1170 3225 regnat,
1195 3158 1463 3225 quomodo
1492 3159 1539 3212 ei
1570 3160 1746 3213 omnia
1779 3159 1880 3214 sub

312 3242 535 3310 pedibus
563 3252 707 3308 sunt,
735 3260 892 3313 quam
917 3246 1176 3314 gloriosus
1208 3245 1259 3297 in
1287 3260 1385 3298 suo
1415 3245 1652 3300 dominio
1684 3247 1882 3303 lumine

313 3332 498 3403 fulget,
525 3341 578 3386 et
620 3333 701 3386 sui
731 3335 930 3404 gaudii;
961 3350 1069 3388 sua:
1099 3334 1485 3404 inemibilisque
1519 3336 1700 3406 gloria:
1740 3354 1881 3394 nunc

312 3435 409 3473 vos
437 3421 612 3474 socios
640 3422 819 3486 habet,
852 3423 941 3492 qui
972 3423 1095 3476 olim
1123 3425 1495 3492 permansistis
1524 3440 1644 3479 eum
1685 3429 1796 3496 ipso
1828 3430 1878 3482 in

315 3511 700 3565 tentationibus
746 3513 889 3579 suis,
940 3521 994 3565 et
1043 3514 1384 3568 vexationum
1441 3514 1556 3582 ejus
1601 3526 1880 3572 consortes

313 3599 510 3654 fuistis.
556 3603 789 3656 Adorate
818 3619 957 3657 nunc
986 3603 1158 3657 dulcia
1188 3605 1273 3657 illa
1309 3621 1479 3673 genua
1513 3619 1630 3672 qua:
1663 3621 1721 3658 se
1750 3621 1876 3659 cur-

314 3701 573 3744 voverunt
597 3703 720 3747 ante
747 3707 838 3748 vos
863 3708 1028 3762 usque
1056 3694 1120 3747 ad
1146 3705 1360 3757 terram,
1387 3694 1695 3748 sedentibus
1726 3697 1876 3751 vobis

315 3783 380 3836 ad
407 3785 797 3838 sanctissimam
829 3800 1058 3838 cmnatn.
1089 3786 1319 3839 Adorate
1341 3801 1481 3840 nunc
1509 3798 1877 3846 sacrosanctas

315 3873 429 3927 illas
461 3890 668 3936 manus,
698 3875 890 3942 quibus
917 3875 1186 3942 pulverem
1212 3877 1402 3943 pedum
1433 3885 1731 3932 vestrorum
1763 3879 1876 3935 Rex

315 3978 496 4032 regum
531 3965 705 4016 lavare
733 3972 785 4017 et
827 3973 1106 4031 extergere
1144 3966 1388 4034 dignatus
1417 3977 1517 4020 est.
1548 3967 1788 4025 Gaudete
1825 3971 1875 4025 in

311 4051 459 4113 Jesn,
498 4054 735 4121 principe
771 4054 969 4108 militia:
1003 4064 1208 4119 vestrae,
1258 4071 1352 4110 vos
1402 4068 1668 4129 martyres
1714 4063 1877 4116 victo-

309 4143 458 4203 riosi,
485 4145 574 4211 qui
606 4145 777 4212 ipsnm
825 4160 920 4212 pro
963 4161 1069 4213 quo
1099 4147 1392 4201 tradidistis
1424 4149 1474 4201 in
1505 4159 1729 4204 mortem
1763 4153 1876 4206 ani-

312 4246 426 4285 mas
464 4242 686 4300 vestras,
737 4236 930 4303 ipsum,
980 4237 1218 4304 inquam,
1263 4237 1466 4306 Jesnm,
1517 4241 1708 4295 Filium
1758 4243 1872 4308 Dei,

2059 1808 2122 1861 Et
2147 1819 2370 1896 tu‘nunc
2401 1828 2612 1866 rursum
2645 1812 2873 1876 elevare,
2911 1813 3086 1866 anima
3121 1829 3256 1875 mea,
3296 1815 3435 1883 quali
3464 1831 3560 1884 po-

1989 1906 2068 1951 tes
2097 1910 2311 1966 conatu,
2345 1910 2401 1955 et
2433 1904 2635 1958 sanctis
2668 1912 2718 1957 le
2754 1912 2936 1973 tngere
2973 1902 3208 1957 millibus
3258 1903 3554 1958 laetantium

1987 1987 2040 2040 in
2074 1987 2299 2044 Domino
2343 1989 2492 2045 Jesu.
2533 1993 2658 2045 Illuc
2703 1991 2825 2044 ﬁdei
2852 2000 2905 2045 et
2947 1991 3059 2060 spei
3094 1992 3342 2046 vehiculo
3371 2008 3556 2062 perge,

1987 2074 2058 2128 ibi
2088 2091 2184 2144 per
2226 2079 2506 2135 charitatis
2537 2081 2784 2144 ardorem
2827 2089 3180 2146 conversare,
3207 2083 3297 2134 ubi
3321 2079 3560 2136 Christus

1984 2175 2057 2219 est
2080 2167 2132 2220 in
2153 2169 2362 2222 dextera
2388 2171 2484 2224 Dei
2514 2173 2696 2226 sedens
2718 2171 2942 2242 (Coloss.
2970 2170 3132 2240 tu,i).
3169 2169 3390 2226 Intende
3412 2187 3561 2249 men-

1987 2256 2055 2311 tis
2077 2258 2289 2313 oculum
2321 2262 2373 2314 in
2399 2261 2598 2316 lumine
2649 2262 2823 2316 vultus
2849 2261 2983 2328 ejus.
3012 2261 3205 2318 Lustra
3232 2277 3295 2317 ac
3330 2263 3557 2318 deoscu-

1986 2345 2097 2401 lare
2141 2348 2529 2430 gratulabunda
2578 2353 2862 2406 devotione
2909 2351 3116 2421 singula
3156 2350 3272 2407 lcca
3319 2352 3556 2407 felicium

1943 2452 1948 2458 '
1977 2438 2260 2507 plagarum
2311 2439 2447 2508 ejus,
2479 2443 2542 2496 de
2576 2443 2771 2511 quibus
2815 2441 3018 2511 egressi
3067 2450 3193 2496 sunt
3230 2443 3450 2511 pretiosi
3478 2443 3558 2498 illi

1986 2525 2221 2595 liquores
2246 2530 2521 2598 sanguinis
2568 2530 2759 2593 sancti,
2789 2544 2894 2600 quo
2933 2537 2986 2582 te
3016 2529 3338 2597 appretiavit
3369 2545 3558 2600 unige-

1987 2615 2129 2669 nitus
2157 2615 2270 2680 Dei,
2293 2626 2345 2670 et
2375 2618 2732 2672 sanctificavit
2768 2634 2820 2671 tu
2857 2618 3022 2671 vitam
3074 2627 3354 2694 :elernam.
3405 2617 3556 2683 Jesu,

1984 2710 2075 2776 qui
2115 2721 2219 2760 non
2259 2715 2405 2762 amat
2449 2719 2518 2772 te,
2570 2710 2853 2764 anathema
2883 2709 2969 2762 sit.
3009 2708 3108 2774 Qui
3154 2721 3204 2764 te
3236 2717 3342 2763 non’
3393 2719 3557 2773 amat,

1983 2800 2436 2855 amaritudinibus
2463 2798 2750 2867 repleatur.
2777 2797 2971 2853 Castus
2995 2809 3078 2853 est
3102 2815 3251 2853 amor
3282 2810 3422 2866 tuus,
3455 2798 3560 2854 Do-

1982 2891 2147 2955 mine,
2172 2899 2227 2943 et
2257 2888 2388 2943 nihil
2439 2888 2767 2956 impnritatis
2794 2888 3048 2942 admittit.
3084 2891 3310 2943 Sobrius
3345 2899 3428 2944 est
3471 2905 3559 2943 sa-

1985 2992 2082 3046 por
2107 2978 2305 3031 amoris
2332 2977 2434 3039 tui,
2468 2985 2524 3030 et
2568 2975 2765 3030 n'ullam
2817 2983 3051 3028 mentem
3083 2977 3282 3031 alienat
3310 2992 3338 3029 a
3385 2986 3553 3030 recto.

1981 3066 2176 3122 Suavis
2205 3076 2286 3121 est
2328 3081 2478 3120 amor
2507 3074 2650 3130 tuus,
2671 3075 2724 3119 et
2759 3068 2889 3122 nihil
2917 3069 3076 3122 habet
3104 3067 3271 3121 amari
3307 3065 3473 3142 {nam
3501 3077 3556 3121 et

1982 3173 2102 3228 quas
2135 3171 2320 3212 amara
2358 3167 2498 3218 sunt,
2535 3157 2742 3218 mundi,
2794 3158 3060 3221 indulcat;
3098 3166 3152 3210 et
3189 3157 3362 3211 dulcia
3395 3157 3510 3226 ejus
3537 3196 3553 3217 ,

1983 3248 2162 3303 reddit
2206 3261 2412 3302 amara.
2450 3245 2598 3301 Inter
2626 3249 2900 3316 angustias
2925 3263 3032 3302 non
3058 3257 3387 3319 coarctatur,
3415 3249 3556 3302 inter

1982 3352 2267 3408 presseras
2299 3352 2406 3391 non
2451 3337 2866 3416 comprimitur;
2892 3353 2995 3391 non
3037 3338 3174 3406 perit
3204 3337 3314 3390 sub
3351 3337 3558 3405 iu0pia,

1982 3441 2088 3480 non
2145 3440 2378 3482 mcerore
2440 3426 2800 3481 contrahitur.
2848 3427 2903 3483 ln
2967 3427 3243 3481 laboribus
3299 3427 3556 3480 manuum

1980 3515 2320 3581 aequanimis,
2351 3515 2495 3567 inter
2528 3515 2700 3568 minas
2739 3520 2984 3586 securus,
3025 3516 3167 3570 inter
3190 3515 3556 3572 blandimenta

1979 3603 2342 3671 incorruptus,
2383 3604 2524 3656 inter
2559 3613 2825 3658 tormenta
2868 3613 3178 3673 perseverat
3215 3605 3468 3668 invictus,
3502 3606 3556 3661 in

1979 3701 2153 3745 morte
2180 3706 2392 3761 semper
2419 3702 2501 3746 est
2526 3693 2695 3747 vivus.
2746 3693 2894 3747 Sicut
2934 3694 2987 3746 in
3019 3695 3276 3748 thesauro
3330 3694 3558 3763 t-upilus

1980 3781 2195 3849 gaudet,
2225 3781 2451 3835 et-sicut
2481 3782 2533 3835 in
2585 3797 2768 3837 amore
2803 3782 2947 3836 unici
2980 3782 3075 3836 ﬁlii
3114 3782 3414 3840 delectatur
3433 3798 3552 3838 ma-

1980 3880 2100 3937 ter;
2131 3871 2200 3925 ita
2233 3872 2484 3941 gaudium
2512 3881 2566 3925 et
2601 3871 2750 3927 delec
2775 3873 2884 3926 atio
2913 3883 2996 3926 est
3021 3883 3170 3942 grata
3205 3873 3256 3926 in
3285 3873 3554 3928 charitato

1980 3971 2094 4028 tua,
2118 3963 2286 4016 dulcis
2320 3960 2444 4016 Jesu
2469 4004 2482 4023 .
2507 3964 2698 4017 animm
2729 3965 2927 4016 amanti
2970 3973 3042 4017 te.
3087 3963 3319 4017 Dulcedo
3350 3961 3553 4025 mellis,

1980 4052 2428 4117 suavitaslaetis,
2464 4052 2572 4106 vini
2608 4052 2881 4106 inebrians
2910 4067 3090 4120 sapor,
3120 4060 3433 4122 cunctaeque
3463 4052 3557 4107 de-

1979 4144 2116 4199 licia:
2146 4159 2254 4226 non
2279 4144 2358 4199 sic
2377 4143 2648 4197 oblectant
2676 4142 2851 4198 fauces
2876 4143 3204 4215 gnstantium
3235 4158 3315 4210 se,
3343 4153 3404 4198 ut
3429 4151 3553 4198 tuus

1979 4248 2131 4288 amor
2169 4242 2377 4287 mentes
2405 4232 2738 4300 diligentium
2766 4240 2836 4285 te.

312 4320 594 4387 possidetis
640 4324 914 4391 praemium
961 4326 1270 4381 certaminis
1313 4331 1498 4382 vestri.
1545 4329 1786 4387 Gaudete
1821 4333 1872 4387 in

2048 4322 2092 4379 Ο
2142 4321 2314 4376 dulcis
2351 4319 2502 4386 Jesu,
2535 4321 2654 4375 vive
2691 4321 2847 4391 panis
2901 4321 3060 4376 nimis
3094 4317 3548 4390 concupiseibilis,

309 4411 434 4466 Jesu
471 4429 679 4467 summo
711 4414 926 4470 doctore
956 4417 1217 4483 veritatis,
1261 4435 1294 4473 ο
1336 4422 1626 4474 venerandi
1667 4423 1880 4477 confes-

308 4515 461 4556 sorcs
505 4506 557 4556 e't
591 4504 856 4567 doctores,
888 4506 1010 4572 quia
1051 4522 1208 4575 quem
1248 4508 1372 4561 olim
1419 4510 1676 4565 doctrinis
1707 4513 1878 4568 sacris

310 4600 366 4645 et
409 4593 660 4660 operibus
700 4594 859 4661 justis
888 4595 1112 4648 confessi
1159 4597 1288 4650 estis
1321 4612 1502 4651 coram
1538 4601 1872 4665 hominibus,

311 4695 454 4732 nunc
483 4681 768 4734 confitetur
795 4697 885 4737 vos
927 4699 1103 4737 coram
1132 4685 1287 4739 Patre
1317 4702 1412 4740 suo
1448 4697 1501 4740 et
1545 4691 1744 4745 sanctis
1781 4707 1877 4745 an-

311 4767 442 4838 gelis
468 4769 601 4836 ejus.
637 4771 874 4828 Gaudete
901 4777 952 4828 in
987 4775 1109 4829 Jcsn
1142 4778 1345 4844 virgine
1381 4790 1434 4832 et
1462 4780 1725 4849 virginum
1752 4799 1878 4836 san-

310 4859 624 4925 ctilicatore,
654 4879 746 4918 vos
785 4867 1148 4933 paradisicola:
1181 4871 1430 4941 virgines,
1458 4888 1551 4926 vos
1577 4874 1780 4942 angelis
1806 4877 1878 4929 si—

313 4949 484 5016 miles,
510 4953 631 5021 quia
661 4969 787 5010 ecce
811 4971 965 5024 quem
992 4961 1228 5021 amastis,
1259 4977 1415 5028 quem
1439 4964 1683 5030 optastis,
1715 4979 1873 5032 quem

313 5042 623 5096 ardentibus
668 5047 944 5102 desideriis
987 5051 1293 5117 expetistis,
1346 5068 1440 5120 pro
1487 5053 1640 5121 cujus
1692 5071 1876 5111 arnore

314 5139 554 5186 terrenos
577 5149 800 5202 sponsos
823 5148 876 5190 et
903 5153 1111 5191 onmem
1149 5151 1395 5193 ornatum
1429 5145 1606 5197 saeculi
1635 5154 1878 5199 contem-

310 5222 520 5288 psistis,
569 5229 760 5279 summi
821 5229 977 5297 Regis
1024 5230 1210 5284 Filium
1262 5246 1402 5284 nunc
1455 5233 1678 5298 videtis,
1733 5251 1875 5290 nunc

313 5309 470 5378 227
503 5314 714 5372 tenetis,
743 5331 882 5368 nunc
919 5318 970 5368 in
1011 5318 1127 5386 ejus
1160 5320 1320 5372 castis
1363 5319 1696 5386 amplexibus
1724 5322 1874 5389 quie-

313 5401 483 5464 scitis,
522 5410 574 5454 et
610 5402 782 5455 divelli
827 5419 853 5454 a
900 5404 1052 5458 vobis
1091 5406 1230 5459 nulla
1282 5406 1610 5460 insidiatoris
1654 5406 1875 5461 fraudu-

314 5492 473 5546 lentia
500 5502 690 5559 potest.

392 5586 578 5638 Verum
641 5586 779 5636 inter
839 5598 1026 5637 omnes
1073 5585 1339 5638 radiculas
1390 5587 1719 5642 uberrimum
1775 5587 1868 5642 tibi

631 5678 897 5734 Ριτιιοι..
939 5672 1204 5735 CLVIII.

1978 4401 2134 4467 botre
2173 4411 2373 4472 suavis,
2401 4410 2578 4465 oleum
2615 4410 2857 4474 mistum,
2880 4411 3025 4464 mitis
3048 4426 3204 4481 agne,
3240 4409 3397 4465 fortis
3445 4409 3550 4474 leo,

1979 4500 2212 4556 formosa
2239 4501 2524 4569 panthera,
2570 4500 2795 4569 simplex
2839 4500 3109 4566 columba,
3148 4503 3304 4555 velox
3349 4501 3548 4570 aquila,

1978 4590 2131 4644 stella
2180 4591 2469 4657 matutina,
2518 4591 2594 4645 sol
2635 4600 2855 4656 aeterne,
2895 4591 3081 4661 angele
3131 4593 3299 4661 pacis,
3351 4592 3550 4646 fontale

1978 4677 2161 4733 lumen
2199 4680 2651 4749 sempiternorum
2695 4680 2987 4745 luminum,
3020 4691 3070 4752 te
3097 4692 3259 4748 amet,
3287 4683 3339 4737 in
3373 4692 3424 4736 te
3453 4684 3550 4737 de‘

1977 4766 2221 4831 lectetur,
2253 4778 2308 4821 te
2343 4768 2639 4822 admiretur
2662 4768 2838 4822 omnis
2871 4783 3059 4822 sensus
3094 4771 3262 4823 bonus
3297 4779 3396 4822 tuae
3418 4785 3547 4824 eou-

1977 4859 2199 4912 veniens
2224 4857 2388 4925 laudi,
2419 4858 2557 4912 Deus
2582 4859 2759 4913 cordis
2786 4859 2913 4926 mei,
2945 4869 2998 4911 et
3023 4875 3148 4927 pars
3186 4875 3302 4913 mea
3329 4860 3546 4914 Christe

1977 4947 2127 5014 Jesu,
2153 4950 2367 5004 deficiat
2394 4964 2486 5002 cor
2520 4965 2697 5003 meum
2732 4949 2921 5018 spiritu
2951 4965 3078 5011 suo,
3108 4959 3162 5002 et
3190 4964 3317 5001 caro
3347 4965 3374 5001 a
3413 4965 3545 5003 con-

1979 5042 2327 5108 cupiscentiis
2362 5041 2494 5102 suis,
2527 5050 2582 5094 et
2607 5041 2756 5093 vivas
2793 5051 2846 5093 tu
2881 5040 2933 5092 in
2965 5055 3073 5101 me,
3105 5049 3159 5092 et
3201 5040 3546 5095 concalescat

1926 5133 1936 5142 '
1979 5132 2031 5184 in
2055 5131 2244 5199 Spiritu
2283 5146 2402 5183 meo
2428 5131 2580 5184 vivus
2624 5130 2785 5182 carbo
2830 5130 3029 5182 amoris
3063 5131 3158 5191 tui,
3191 5141 3243 5184 et
3267 5144 3547 5185 excrescat

1979 5222 2032 5273 in
2061 5221 2238 5286 ignem
2268 5221 2586 5288 perfectum.
2622 5219 2824 5282 F0vcat
2847 5227 2896 5272 et
2934 5221 3170 5273 enutriat
3196 5220 3339 5273 illum
3377 5223 3428 5272 in
3459 5231 3543 5274 mo

1978 5312 2148 5379 gratia
2180 5319 2290 5371 tua,
2321 5319 2378 5362 ut
2405 5308 2806 5376 ardeatjugiter
2835 5310 2886 5362 in
2918 5324 3010 5361 ara
3051 5310 3226 5362 cordis
3269 5308 3369 5361 mei
3398 5325 3410 5359 :
3441 5307 3547 5361 fer-

1979 5412 2100 5456 veat
2131 5403 2180 5455 in
2221 5400 2467 5456 medullis
2497 5401 2649 5462 meis,
2677 5400 2862 5470 flagret
2894 5402 2944 5454 in
2976 5401 3299 5454 absconditis
3326 5400 3541 5468 anim-.2,

1979 5495 2032 5547 in
2069 5494 2156 5547 die
2185 5493 2672 5549 consummationis
2709 5509 2838 5547 mea:
2866 5499 3267 5546 consummatus
3305 5492 3548 5544 invenia-

1982 5594 2068 5640 tur
2096 5586 2233 5655 apnd
2260 5593 2330 5638 te.
2363 5585 2415 5638 In
2446 5585 2531 5638 die
2557 5599 2659 5652 qua
2683 5584 2796 5637 erui
2832 5598 2915 5635 me
2946 5582 3145 5635 videbis
3174 5599 3202 5633 a
3235 5584 3412 5635 tunica
3446 5585 3542 5634 ista

3080 5672 3159 5728 ‘25
