4190 6186
696 114 803 170 ’2⁵79

1045 111 1102 167 S.
1139 105 1433 165 ANSELMl
1460 94 1808 158 CANTUAR.
1854 95 2172 152 ARCIIIEP.
2209 93 2361 150 OPP.
2406 95 2584 150 PARS
2612 96 2671 149 ll.
2715 125 2782 136 -—
2817 95 3178 151 PARENET.
3218 96 3298 149 ET
3347 97 3588 153 ASCET.

3835 99 3930 154 790

703 223 910 280 mortali
945 235 1102 291 quam
1140 232 1278 272 nunc
1327 214 1672 271 circumtero,
1713 208 2010 262 circumdet
2055 218 2141 259 me
2197 204 2278 258 di-
2309 206 2353 260 Α
2380 219 2651 274 nunquam
2676 206 2922 260 amisisti.
2945 205 3224 275 Nunquam
3250 207 3425 276 ineps,
3453 216 3505 260 et
3535 210 3931 275 gaudcslucris.

699 315 860 370 lectio
891 323 1010 376 tua,
1043 311 1115 363 sit
1141 306 1333 359 anima:
1362 316 1493 356 meae
1519 300 1670 368 quasi
1704 298 2082 352 vestimentum
2117 296 2277 348 decu-

704 406 868 468 ris,ut
884 415 986 454 non
1010 397 1149 467 nuda
1170 395 1265 450 sed
1281 393 1469 448 veStita
1489 389 1812 449 inveniatur,
1837 397 1889 439 et
1915 385 2107 462 habeat
2137 383 2277 433 unde

694 473 1107 558 ,absc0ndantur
1138 485 1349 540 iulirma
1371 481 1490 552 ejus
1512 481 1577 534 ab
1602 478 1770 534 oculis
1800 473 2115 541 tuis.lgnem
2144 470 2275 522 alie-

703 597 852 644 num,
883 580 1061 647 ignem
1092 570 1187 646 qui»
1211 589 1315 644 per
1356 570 1692 629 adversarios
1735 575 1855 618 tuos
1885 562 2095 623 ardeat,
2143 557 2278 610 Dile-

703 667 956 724 lectionis
986 675 1090 721 tua:
1143 664 1324 719 fervor
1362 659 1573 726 elonget
1608 671 1635 707 a
1671 667 1754 706 me
1791 668 1804 703 :
1836 651 2069 703 animam
2100 661 2273 700 meam

703 761 770 816 ad
801 770 854 816 te
891 759 1204 826 Creatorem
1251 764 1406 805 suum
1459 744 1790 808 attollat;et
1839 746 2094 809 quantum
2146 735 2276 802 satis

704 860 810 916 est,
838 858 929 903 tuo
960 824 1137 901 divino
1157 839 1357 895 lumine
1391 849 1509 889 eam
1538 834 1842 901 immergat.
1883 827 2105 882 Domine
2123 824 2270 888 Jesu,

704 915 891 996 omnes
921 915 1009 1006 qui
1054 943 1105 987 te
1149 917 1402 1002 diligunt,
1451 925 1758 995 repleantur
1813 919 2277 976 benedictionibus

709 1032 829 1083 tuis.
880 1021 1211 1089 Accedentes
1273 1019 1338 1072 ad
1376 1027 1447 1079 te,
1485 1016 1536 1069 in
1576 1013 1712 1067 coelo
1749 1010 2087 1072 scribantur,
2120 1017 2177 1060 ut
2207 1006 2278 1060 sit

690 1136 804 1194 pax
838 1116 919 1172 eis
942 1116 996 1170 in
1022 1113 1305 1192 velamento
1353 1107 1558 1160 alarum
1611 1113 1818 1155 tuarum
1859 1097 2029 1170 (Psal.
2056 1098 2191 1162 un,
2221 1097 2274 1166 8)

702 1191 796 1276 per
833 1219 1027 1260 aevum.
1060 1190 1176 1257 Tibi
1201 1197 1402 1259 autem,
1442 1195 1596 1247 unice
1643 1191 1768 1253 Dei,
1803 1190 1875 1243 sit
1901 1204 2025 1242 cum
2075 1197 2277 1241 aeterno

706 1274 868 1352 l’atre
897 1303 954 1349 et
981 1302 1174 1348 sancto
1205 1287 1408 1358 Spiritu
1445 1284 1560 1336 laus
1601 1279 1938 1342 indellciens,
1972 1274 2278 1352 inviolabile

703 1391 890 1452 decus,
918 1394 994 1440 et
1037 1379 1270 1450 solidum
1329 1388 1571 1446 regnum,
1620 1383 1948 1442 permanens
1988 1368 2040 1422 in
2083 1363 2276 1419 saacula

690 1476 1046 1554 saeculorum.
1064 1469 1269 1550 Amen.

1173 1551 1544 1611 MEDITATIO
1570 1550 1686 1605 XIV
1715 1551 1808 1602 7“.

697 1711 702 1714 ,
774 1656 1072 1708 Peosocus.
1095 1645 1446 1712 —Quoniam
1477 1642 1529 1696 in
1562 1639 1739 1695 medio
1770 1639 2084 1707 laqueorum
2116 1633 2277 1704 positi

700 1735 910 1806 sumus,
931 1729 1097 1794 facile
1124 1752 1153 1790 a
1183 1718 1392 1791 caelesti
1425 1731 1701 1788 desiderio
1729 1727 2089 1800 frigescimus.
2138 1727 2282 1792 Qua-

708 1843 925 1905 pmpter
970 1829 1188 1885 assiduo
1235 1825 1538 1896 indigemus
1595 1822 1928 1878 monimento
1963 1817 2280 1890 [al.,muni-

700 1921 935 1996 mento],
961 1929 1023 1975 ut
1069 1915 1434 1988 expergefacti
1475 1913 1545 1968 ad
1594 1913 1762 1967 Deum
1808 1919 2050 1964 nostrum
2096 1922 2282 1962 verum

708 2026 761 2069 et
810 2024 1079 2068 summum
1119 2009 1340 2070 bonum,
1384 2018 1508 2059 eum
1559 2000 1868 2064 deﬂuimus,
1919 2011 2276 2050 recurramus.

699 2097 925 2160 .lJcirco‘
957 2115 1062 2155 non
1105 2090 1538 2168 praesumptioms
1587 2088 1912 2153 temeritate,
1943 2085 2034 2139 sed
2087 2097 2279 2153 magna

711 2196 804 2250 Dei
857 2186 959 2248 mei
1009 2187 1293 2260 dilectione
1344 2183 1467 2237 huic
1502 2177 1762 2251 opusculo
1799 2177 1868 2232 ad
1913 2175 2120 2230 laudem
2166 2173 2282 2242 ejus

699 2297 926 2354 operam
953 2279 1096 2345 dedi,
1122 2284 1182 2332 ut
1214 2291 1282 2331 ex
1318 2270 1737 2345 elegantioribus
1778 2267 1937 2321 dictis
1970 2273 2282 2321 sanctorum

715 2374 932 2426 Patrum
961 2370 1125 2424 breve
1154 2375 1209 2421 et
1245 2362 1494 2418 manuale
1532 2359 1755 2414 verbum
1780 2356 1846 2410 de
1872 2356 1982 2409 Deo
2009 2368 2130 2412 meo
2173 2367 2284 2408 me-

704 2479 839 2538 ⁷«τιιιη
890 2471 1102 2526 semper
1126 2454 1394 2509 haberem
1421 2464 1532 2516 ;.ex
1576 2448 1731 2518 cuius
1769 2443 2016 2500 lectionis
2035 2441 2170 2514 [al.,
2201 2442 2283 2497 di-

703 2531 982 2628 :lectionis]
1022 2547 1177 2616 igne,
1236 2541 1446 2611 quoties
1489 2547 1735 2608 tepesco,
1775 2536 1829 2590 in
1869 2533 1984 2603 ejus
2022 2531 2296 2587 accendar-

704 2657 742 2702 ,τι
752 2653 974 2694 morem.

793 2733 832 2784 l.
857 2727 1008 2788 Nunc
1038 2725 1223 2780 adesto
1249 2722 1317 2754 ⁷⁵³
1347 2720 1499 2785 mihi,
1524 2720 1663 2772 Deus
1693 2730 1865 2787 meus,
1887 2717 2048 2784 que'm
2077 2726 2281 2783 quaero,

2378 292 2656 362 Nunquam
2685 296 2847 363 228
2876 312 3088 360 avarus,
3120 306 3173 350 et
3205 311 3398 350 usuras
3425 295 3612 365 exigis.
3646 297 3929 365 Snpercro-

2377 396 2473 451 gas
2500 376 2712 434 cui‘non
2735 384 2927 447 debes,
2951 386 3033 438 vel
3065 397 3276 455 semper
3294 394 3714 454 supererogatur
3747 387 3836 440 tibi
3879 398 3934 442 ut

2378 470 2590 525 debeas.
2615 471 2679 523 Et
2703 475 2823 540 quis
2850 475 3010 529 habet
3031 477 3100 507 m
3129 465 3420 546 quidquam
3444 491 3548 530 non
3575 485 3722 529 tuum
3753 477 3775 530 ἲ
3799 477 3934 533 lted-

2373 561 2460 615 dis
2482 556 2682 626 debita,
2706 564 2835 620 nulli
2864 564 3081 619 debens.
3109 567 3283 620 Donas
3302 566 3500 630 debita,
3526 566 3656 619 nihil
3679 568 3933 634 perdens.

2378 649 2477 716 Qui
2520 652 2715 722 ubique
2739 667 2815 715 es,
2844 662 2897 706 et
2919 651 3118 723 ubique
3143 664 3304 709 totus.
3337 654 3435 721 Qui
3459 657 3646 711 sentiri
3672 666 3846 726 potes,
3883 670 3936 712 et

2376 737 2545 822 videri
2572 755 2673 793 non
2709 749 2878 811 potes.
2915 741 3015 808 Qui
3054 757 3315 812 nusquam
3362 745 3512 811 deos,
3550 755 3606 800 et
3643 755 3818 802 tamen
3870 748 3938 802 ab

2376 824 2682 893 iniquorum
2712 829 3121 897 cogitationibus
3155 830 3309 900 longe
3338 845 3415 885 es.
3440 830 3540 898 Qui
3571 848 3670 887 nec
3695 834 3763 888 ibi
3787 835 3939 899 dees,

2377 913 2465 968 ubi
2491 915 2645 983 longe
2669 932 2756 981 es;
2783 919 2908 986 quia
2939 919 3028 972 ubi
3059 935 3162 972 non
3197 934 3255 974 es
3283 933 3376 987 per
3405 922 3654 991 gratiam,
3687 923 3815 976 ades
3844 939 3940 992 per

2377 1006 2689 1060 vindictam.
2721 1006 2819 1071 Qui
2855 1008 3051 1077 ubique
3086 1023 3325 1078 praesens
3354 1025 3433 1074 es,
3479 1020 3534 1065 et
3573 1013 3663 1065 vix
3710 1011 3938 1067 invenin‘

2379 1106 2547 1165 potes.
2571 1098 2737 1164 Quem
2762 1108 2990 1154 stantem
3015 1100 3309 1169 sequimur,
3333 1110 3386 1154 et
3413 1084 3811 1170 apprehendere
3833 1119 3939 1158 non

2375 1186 2633 1242 valemus.
2661 1187 2760 1253 Qui
2794 1194 2940 1244 tenes
2962 1189 3164 1254 omnia,
3190 1189 3374 1258 imples
3398 1191 3595 1256 omnia,
3627 1193 3943 1262 circumple-

2378 1277 2542 1332 cteris
2577 1280 2781 1345 omnia,
2823 1271 3199 1348 superexcedis
3238 1281 3440 1345 omnia,
3482 1283 3712 1343 sustines
3739 1284 3939 1338 omnia.

2379 1368 2479 1436 Qui
2510 1368 2672 1423 corda
2714 1367 2949 1422 ﬁdelium
3000 1368 3163 1424 doces
3205 1369 3320 1422 sine
3359 1370 3581 1439 strepitu
3629 1373 3940 1425 verborum.

2381 1459 2480 1525 Qui
2513 1457 2647 1512 locis
2673 1463 2781 1511 non
2819 1456 3170 1521 distenderis,
3201 1472 3299 1513 nec
3326 1460 3649 1532 temporibus
3690 1462 3943 1526 variaris,

2379 1564 2480 1604 nec
2509 1549 2676 1602 habes
2710 1560 2959 1603 accessus
3000 1556 3055 1602 et
3094 1562 3356 1603 recessus.
3384 1548 3482 1616 Qui
3535 1550 3736 1603 habitas
3771 1551 3944 1605 lucem

2378 1638 2777 1715 inaccessibiles»
2799 1677 2814 1702 ,
2838 1655 2984 1708 quem
3006 1638 3181 1691 nullus
3213 1639 3478 1692 hominum
3506 1640 3628 1693 vidit
3649 1657 3738 1694 nec
3767 1643 3946 1695 υἰάιτι

2379 1738 2538 1800 potest
2563 1726 2629 1798 '(I
2667 1725 2799 1780 Tim.
2829 1742 2908 1791 vt,
2935 1727 3042 1797 16).
3072 1727 3128 1781 In
3161 1737 3210 1781 te
3237 1743 3458 1782 manens
3483 1729 3715 1796 quietus,
3741 1730 3947 1797 ubique

2381 1819 2576 1877 circuis
2614 1827 2802 1872 totum.
2833 1816 2946 1872 Non
2976 1817 3120 1874 enim
3153 1817 3322 1872 scindi
3343 1826 3396 1872 et
3428 1817 3588 1872 dividi
3617 1827 3786 1888 potes,
3815 1820 3947 1890 quia

2383 1925 2508 1966 vere
2535 1924 2674 1963 unus
2700 1922 2789 1973 es;
2819 1922 2920 1963 nec
2958 1907 3011 1960 in
3056 1915 3236 1975 partes
3263 1905 3490 1962 elﬂceris
3509 1947 3524 1969 ,
3552 1909 3643 1962 sed
3691 1917 3837 1963 totus
3867 1919 3948 1963 to-

2385 2009 2496 2052 tum
2541 2006 2721 2060 tenes,
2767 1996 2933 2050 totum
2981 1995 3199 2065 lmples,
3238 2001 3406 2050 totum
3448 1995 3680 2050 illustras
3727 2004 3781 2050 et
3820 2010 3950 2064 pos-

2382 2089 2549 2143 sides.
2718 2085 2720 2087 ’

2373 2241 2379 2245 _
2452 2178 2508 2232 Si
2548 2187 2718 2233 totum
2751 2176 3006 2232 mundum
3033 2176 3099 2209 ’δ’
3126 2175 3245 2231 libri
3289 2174 3547 2244 repleant,
3581 2170 3666 2225 tua
3717 2171 3946 2226 scientia

2383 2261 2764 2347 inenarrabilis
2789 2282 2892 2322 non
2925 2275 3100 2339 potest
3128 2265 3388 2320 enarrari.
3414 2265 3674 2330 Quoniam
3701 2277 3838 2336 vero
3867 2265 3948 2317 in-

2384 2344 2612 2414 dicibilis
2639 2374 2718 2424 es,
2733 2357 2879 2412 nullo
2908 2358 3065 2412 modo
3094 2356 3254 2411 scribi
3282 2356 3519 2426 poteris,
3542 2369 3644 2410 nec
3672 2344 3947 2409 concludi.

2387 2446 2466 2500 Tu
2495 2461 2556 2501 es
2603 2447 2722 2500 fons
2766 2445 2902 2500 lucis
2929 2444 3141 2510 divinae,
3177 2451 3232 2497 et
3277 2444 3355 2497 sol
3407 2441 3667 2496 claritatis
3707 2449 3946 2495 atternze.

2388 2509 2608 2606 blagnus
2645 2552 2706 2592 es
2753 2537 2870 2592 sine
2915 2535 3212 2604 quantitate
3241 2533 3334 2598 ⁷⁸⁸,
3375 2542 3428 2586 et
3471 2532 3587 2586 ideo
3630 2532 3949 2585 immensus.

2387 2626 2567 2682 Bonus
2594 2627 2712 2679 sine
2733 2623 3020 2694 qualitate,
3047 2631 3100 2677 et
3129 2623 3246 2676 ideo
3272 2636 3396 2675 vere
3425 2628 3477 2675 et
3505 2633 3710 2674 summe
3738 2619 3946 2682 bonus;

2385 2721 2438 2768 et
2467 2729 2626 2768 nemo
2650 2714 2819 2766 bonus
2847 2712 2945 2765 nisi
2973 2721 3025 2782 tu
3048 2710 3211 2764 solus.
3236 2709 3398 2778 Cujus
3419 2707 3663 2762 voluntas
3683 2717 3820 2777 opus
3839 2717 3950 2772 est,

701 2815 871 2891 quem
923 2815 1105 2883 diligo,
1142 2825 1299 2881 quem
1335 2809 1500 2864 corde
1537 2814 1591 2862 et
1628 2819 1723 2861 ore
1763 2785 2044 2869 conﬁteor,
2073 2812 2130 2857 et
2177 2815 2280 2869 qua
2310 2831 2354 2893 ο
2385 2801 2537 2871 cujus
2559 2785 2693 2856 velle
2723 2815 2878 2869 posse
2905 2809 3008 2856 est.
3035 2800 3134 2865 Qui
3166 2799 3344 2853 omnia
3374 2785 3492 2866 qua:
3517 2813 3580 2851 ex
3612 2798 3779 2852 nihilo
3794 2813 3952 2854 crea-

712 2909 863 2965 valeo
908 2905 1108 2961 virtute
1146 2900 1305 2956 laudo
1342 2905 1504 2967 atque
1533 2896 1722 2951 adoro.
1758 2893 1911 2949 Mens
1941 2907 2060 2948 mea
2089 2891 2282 2945 devota

716 2999 833 3064 tibi,
875 2995 949 3052 tui
984 3005 1166 3049 amore
1196 3002 1482 3054 succensa,
1519 2985 1612 3039 tibi
1643 2983 1878 3053 spirans,
1910 2981 2008 3036 tibi
2046 2981 2286 3042 inhians,

706 3101 769 3144 te
796 3088 967 3143 solum
995 3084 1182 3140 videre
1209 3078 1521 3146 desiderans
1543 3068 1678 3130 nihil
1699 3073 1862 3128 habet
1893 3071 2046 3126 dulce
2088 3070 2190 3125 nisi
2225 3071 2292 3124 de

721 3189 773 3231 te
795 3171 961 3244 loqui,
992 3170 1058 3226 de
1089 3177 1142 3224 te
1162 3166 1373 3231 audire,
1397 3163 1465 3219 de
1495 3171 1545 3218 te
1566 3161 1826 3226 scribere,
1852 3159 1917 3231 de
1951 3169 2002 3214 te
2024 3146 2288 3225 conferre,

720 3278 868 3322 tuam
924 3259 1151 3334 gloriam
1177 3256 1504 3326 frequenter
1545 3253 1644 3307 sub
1678 3250 1844 3306 corde
1890 3247 2191 3315 revolvere,
2232 3257 2292 3301 ut

721 3358 796 3412 tui
831 3353 1010 3410 suavis
1064 3346 1325 3405 memoria
1373 3346 1444 3402 sit
1486 3345 1628 3401 inter
1673 3342 1774 3397 hos
1818 3341 2058 3396 turbines
2111 3338 2287 3407 aliqua

715 3445 1022 3520 repausatio
1049 3455 1187 3499 mea.
1221 3439 1296 3494 Te
1318 3453 1447 3507 ergo
1474 3437 1690 3502 invoco,
1715 3431 2193 3494 desideratissime,
2223 3430 2289 3483 ad
2331 3444 2336 3447 ‘

720 3551 770 3592 te
801 3537 976 3590 clamo
1004 3523 1240 3587 clamore
1262 3541 1454 3595 magno
1475 3526 1529 3578 in
1558 3532 1669 3578 toto
1699 3521 1866 3578 corde
1899 3535 2043 3575 meo.
2066 3520 2133 3574 Et
2164 3534 2285 3573 cum

719 3639 771 3685 te
798 3627 1008 3687 invoco,
1034 3621 1217 3690 utique
1243 3620 1296 3672 in
1321 3616 1524 3684 meipso
1551 3617 1741 3670 invoco
1760 3629 1772 3678 ;
1789 3613 2043 3683 quoniam
2069 3610 2287 3667 omnino

712 3732 831 3791 ξιιοιι
861 3727 1061 3777 essem,
1084 3711 1186 3764 nisi
1212 3717 1266 3762 tu
1302 3721 1451 3761 esses
1489 3706 1541 3758 in
1584 3718 1707 3769 me;
1737 3701 1926 3758 etnisi
1967 3715 2066 3771 ego
2116 3713 2290 3756 essem

720 3809 773 3874 in
807 3814 880 3872 te,
904 3818 1010 3858 non
1031 3813 1182 3856 esses
1210 3798 1264 3851 in
1286 3809 1390 3850 me.
1416 3795 1472 3848 ln
1494 3809 1580 3848 me
1609 3809 1687 3859 es,
1717 3792 1975 3862 quoniam
2004 3792 2056 3844 in
2090 3803 2292 3843 memo-

712 3895 801 3954 ria
825 3905 944 3945 mea
979 3901 1199 3951 manes;
1244 3898 1310 3939 ex
1341 3897 1404 3938 ea
1444 3881 1666 3952 cognovi
1700 3889 1774 3944 te,
1803 3888 1859 3934 et
1892 3879 1945 3933 in
1973 3893 2036 3932 ea
2076 3877 2290 3933 invenio

725 3994 795 4048 te,
827 3977 948 4036 cum
998 3976 1319 4033 reminiscor
1364 3973 1459 4038 tui,
1490 3981 1544 4028 et
1585 3970 1824 4025 delector
1864 3970 1915 4024 in
1942 3979 1991 4024 te
2025 3970 2089 4023 de
2114 3979 2184 4034 te,
2223 3985 2288 4022 ex

720 4093 828 4149 quo
857 4075 1058 4138 omnia,
1082 4086 1179 4143 per
1207 4085 1366 4142 quem
1409 4067 1613 4133 omnia,
1646 4076 1702 4121 et
1726 4065 1780 4120 in
1809 4079 1916 4135 quo
1946 4064 2146 4120 omnia.

2389 2895 2482 2962 sti,
2532 2893 2642 2948 sola
2689 2893 2960 2957 voluntate
3004 2890 3197 2945 fecisti.
3233 2888 3333 2956 Qui
3377 2904 3589 2944 omnem
3638 2899 3952 2945 creaturam

2385 2993 2538 3054 tuam
2564 2980 2764 3047 absque
2795 2978 3084 3048 indigentia
3129 2977 3305 3046 aliqua
3336 2977 3593 3045 possides,
3624 2983 3676 3030 et
3716 2977 3837 3031 sine
3871 2976 3952 3031 la-

2391 3071 2523 3125 bore
2553 3072 2838 3140 gubernas,
2875 3077 2930 3121 et
2971 3067 3172 3134 absque
3216 3066 3372 3120 taedio
3413 3066 3574 3134 regis,
3605 3076 3658 3118 et
3702 3065 3839 3118 nihil
3871 3074 3954 3121 est

2392 3161 2533 3231 quod
2564 3159 2842 3215 conturbet
2874 3156 3113 3212 ordinem
3140 3155 3345 3224 imperii
3373 3155 3468 3218 tui,
3494 3156 3574 3208 vel
3614 3154 3663 3207 in
3699 3157 3949 3221 summis,

2393 3252 2478 3308 vel
2502 3254 2552 3307 in
2577 3250 2716 3304 imis.
2743 3247 2840 3315 Qui
2881 3247 2931 3301 in
2972 3247 3217 3301 omnibus
3245 3245 3380 3298 locis
3420 3244 3537 3316 ’siue
3567 3243 3681 3298 loco
3709 3245 3951 3310 habt-ris,

2392 3349 2449 3396 et
2482 3339 2658 3395 omnia
2707 3337 2952 3391 contines
2985 3337 3102 3390 sine
3131 3335 3354 3399 ambitu,
3383 3341 3437 3388 et
3486 3335 3680 3403 ubique
3709 3350 3952 3403 prznsens

2391 3445 2450 3484 es
2471 3430 2587 3484 sine
2616 3430 2719 3483 Sitti
2748 3439 2801 3484 et
2825 3437 2990 3483 motu.
3037 3424 3134 3490 Qui
3177 3437 3274 3476 nec
3319 3424 3438 3476 mali
3469 3425 3655 3476 auctor
3683 3438 3763 3487 es,
3806 3426 3952 3492 quod

2391 3522 2696 3578 facerenon
2737 3529 2908 3592 potes.
2937 3516 3037 3581 Qui
3067 3511 3197 3565 nihil
3238 3526 3339 3564 non
3387 3521 3562 3580 potes,
3593 3498 3688 3564 nec
3711 3526 3950 3580 unquam

2391 3613 2678 3682 quidquam
2723 3620 2774 3665 te
2811 3608 3000 3663 fecisse
3042 3605 3305 3674 paenituit.
3341 3602 3503 3670 Cujus
3541 3600 3778 3655 bOnitate
3827 3600 3950 3655 facti

2391 3717 2595 3766 sumus,
2623 3709 2678 3755 et
2709 3699 2916 3770 jus’titia
2943 3709 3129 3767 poenas
3167 3693 3378 3754 luimus,
3413 3699 3468 3744 et
3505 3688 3788 3742 clementia
3824 3688 3954 3741 libe-

2391 3807 2596 3847 ramur.
2631 3788 2793 3856 Cujus
2835 3783 3216 3854 omnipotentia
3261 3780 3438 3835 omnia
3482 3778 3782 3848 gubernat,
3818 3779 3954 3847 regit

2393 3889 2446 3935 et
2472 3879 2655 3952 implet
2693 3892 2811 3947 qua:
2852 3876 3070 3930 creavit.
3105 3873 3211 3926 Nec
3239 3871 3356 3925 ideo
3395 3878 3445 3924 te
3503 3867 3723 3938 implere
3770 3869 3952 3922 omnia

2396 3969 2643 4031 dicimus,
2671 3975 2729 4020 ut
2761 3975 2811 4019 te
2846 3964 3193 4037 contineant;
3227 3962 3317 4015 sed
3348 3961 3458 4028 ipsa
3494 3960 3668 4026 potius
3694 3971 3722 4009 a
3754 3965 3803 4009 te
3829 3972 3955 4010 con-

2396 4060 2682 4115 tineantur.
2711 4056 2822 4112 Nec
2851 4045 3209 4123 particulatim
3242 4049 3428 4116 imples
3466 4048 3663 4109 omnia,
3697 4059 3793 4098 nec
3822 4045 3955 4098 ulla.

792 4170 894 4232 'l‘u,
926 4165 1181 4226 Domine,
1218 4160 1412 4216 ctelum
1435 4157 1504 4193 ⁷⁸⁸
1529 4167 1584 4213 et
1616 4166 1812 4211 terram
1862 4155 2070 4226 imples,
2108 4155 2286 4210 omnia
2324 4145 2369 4199 D
2399 4159 2552 4207 tenus
2593 4149 2666 4204 ita
2697 4147 2986 4218 putandum
3020 4151 3120 4207 est,
3153 4150 3211 4195 ut
3232 4151 3563 4208 unaquaque
3601 4150 3687 4190 res
3711 4149 3812 4204 pro
3843 4149 3954 4188 ma-

722 4269 947 4329 portans
980 4257 1097 4309 sine
1122 4266 1307 4314 onere,
1335 4249 1514 4304 omnia
1554 4247 1779 4318 implens
1809 4248 1925 4302 sine
1970 4245 2285 4301 inclusionc.

724 4348 1191 4418 Semper-agens,
1245 4352 1455 4408 semper
1501 4338 1734 4407 quietus.
1782 4335 2051 4405 Colligens
2087 4343 2139 4387 et
2181 4348 2288 4386 non

721 4452 905 4508 egens.
945 4435 1207 4504 Quaereris
1252 4445 1374 4484 cum
1419 4428 1558 4506 nihil
1596 4427 1737 4483 desit
1767 4427 1882 4480 tibi.
1914 4427 2147 4487 Amans,
2193 4440 2290 4478 nec

723 4526 1094 4590 aestuans”;
1134 4523 1337 4587 zelans,
1379 4529 1433 4576 et
1476 4532 1699 4574 securus
1738 4532 1816 4571 es.
1858 4513 2086 4570 Paenitet
2136 4525 2208 4577 te,
2237 4524 2292 4569 ct

728 4633 833 4672 non
873 4617 1038 4671 doles.
1073 4613 1347 4677 Irasceris,
1382 4608 1705 4680 tranquillus
1747 4622 1826 4663 es.
1870 4605 2043 4676 Opera
2093 4614 2290 4670 mutas,

728 4710 822 4760 sed
866 4721 968 4758 non
1001 4714 1174 4760 mutas
1202 4702 1507 4758 consilium.
1556 4697 1773 4767 Recipis
1811 4696 1952 4766 quod
1979 4696 2208 4761 invenis,
2241 4705 2294 4750 et

2399 4243 2672 4313 gnitudine
2725 4253 2832 4294 suae
2878 4235 3138 4306 portionis
3184 4233 3360 4301 capiat
3401 4238 3465 4292 te,
3499 4229 3552 4283 id
3580 4235 3663 4282 est
3717 4227 3954 4279 maxima

2394 4333 2589 4405 majus,
2615 4329 2829 4384 minima
2861 4327 3186 4388 minus,cum
3215 4321 3369 4376 sist"
3394 4319 3565 4387 potius
3593 4319 3704 4387 ipse
3728 4325 3875 4370 totus
3903 4316 3953 4370 in

2399 4424 2666 4486 omnibus,
2695 4430 2748 4473 et
2790 4418 2966 4472 omnia
3000 4416 3053 4469 ia
3078 4424 3146 4467 te.
3176 4410 3337 4480 Cujus
3367 4406 3750 4478 omnipotentia
3774 4405 3954 4459 omnia

2399 4513 2688 4577 concludit,
2711 4526 2808 4565 nec
2833 4507 3088 4564 evadendi
3113 4502 3401 4573 potentiam
3431 4507 3572 4552 tuam
3603 4496 3722 4564 quis
3751 4493 3954 4547 aditum

2400 4606 2638 4664 invenire
2671 4601 2885 4672 poterit.
2919 4597 3017 4665 Qui
3054 4595 3196 4649 enim
3231 4601 3282 4647 te
3323 4605 3427 4644 non
3466 4588 3626 4641 habet
3664 4585 3951 4654 placatum,

2402 4707 2740 4764 nequaquam
2772 4687 2961 4742 evadet
2988 4684 3206 4738 iratum.

1981 4850 2212 4906 VARUE
2255 4845 2661 4910 LECTIONES.

798 4955 867 4986 ’δ’
897 4953 1098 5006 Collata
1131 4961 1200 5004 est
1227 4968 1338 5004 cum
1371 4950 1513 5007 Edit.
1546 4947 1692 5002 Som.
1730 4955 1776 4999 et
1808 4955 1932 4998 tom.
1961 4943 2026 4996 IX
2063 4944 2195 5011 Aug.
2235 4961 2338 4998 non
2360 4943 2576 4998 habetur
2601 4949 2732 5011 enim
2760 4931 2832 5011 .t'n
2873 4929 3058 5011 nostris
3102 4942 3226 5011 φρ.
3250 4922 3428 5011 llieati’
3451 4921 3682 5011 Anseltni
3709 4919 3870 5011 liilber
3891 4917 3957 5011 de

731 5023 901 5078 salute
927 5023 1140 5086 animae,
1167 5023 1255 5089 qui
1296 5030 1349 5074 et
1384 5017 1765 5089 Euchyridion,
1789 5015 1912 5089 _sive
1941 5014 2189 5089 manu-ale
2227 5015 2329 5089 diei
2359 5030 2390 5089 p

730 5093 928 5148 Christi
956 5084 970 5153 ;
1003 5081 1207 5143 δὶνρῦἐ
1234 5091 1396 5142 verbo
1423 5081 1665 5154 Deifquo
1689 5084 1860 5151 sopita
1891 5081 2123 5154 caelestis
2161 5081 2410 5154 desiderii

731 5178 828 5216 seu
872 5149 1080 5213 libellus
1117 5159 1181 5212 de
1209 5149 1657 5223 contemplatione
1696 5149 1878 5223 ctéqut
1903 5152 1957 5223 in
1988 5149 2134 5223 Edit.
2179 5149 2437 5223 namque

2582 5006 2714 5058 alias
2760 5000 3085 5052 inscribitur.
3118 4994 3354 5065 Libellus
3401 4992 3464 5045 de
3504 4989 3954 5065 contemplatique

2770 5078 3075 5123 renovetur.
3111 5066 3257 5132 Sont.
3289 5059 3548 5132 AManuale
3581 5060 3638 5132 ι).
3673 5052 3952 5132 Αὐκυῇἰηὶ

2511 5123 2755 5197 lli-Rullo
2810 5138 2994 5191 adesto
3055 5145 3150 5186 etc.
3186 5131 3247 5182 lu
3276 5129 3419 5183 Sam.
3474 5123 3804 5197 continuatur
3834 5123 3955 5197 PfOf

733 5187 828 5216 acu
872 5187 1080 5213 ιιυωιυδ
1117 5187 1181 5212 us:
1209 5187 1657 5223 cmumupmuuuu
1696 5187 1876 5206 uerus
1903 5187 1957 5203 ιη
1988 5187 2134 5203 μμ...
2179 5187 2437 5218 uuam"...
2605 5187 2753 5197 -.η-η
2811 5187 2929 5191 me“
2978 5187 2981 5188 ν
3771 5196 3780 5204 ·
3938 5187 3948 5200 ⁸

733 5231 880 5295 logus
972 5229 1042 5262 ὐ
1071 5228 1147 5281 Ttt
1198 5225 1419 5295 Domine
1445 5222 1635 5278 caelum
1663 5232 1761 5295 etc.
1794 5219 1858 5273 In
1896 5218 2038 5295 seu}.
2060 5220 2154 5295 llic
2181 5219 2363 5295 incipit
2395 5218 2556 5295 Caput
2599 5214 2661 5295 ll,
2708 5208 2921 5295 su'li‘hoc
2952 5202 3124 5295 .tilulp
3150 5199 3544 5295 Dqﬂmciraihilli
3590 5193 3953 5295 essettltamble:

733 5255 880 5295 ‘Ugu'
977 5255 1037 5262 ’⁷⁷
1081 5255 1147 5281 ΙΙΙ
1198 5255 1419 5279 υυΙΙΙΙΙΙυ
1445 5255 1635 5278 ιωιυιιι
1663 5255 1761 5275 ὓινσ
1794 5255 1858 5273 ιη
1896 5255 2038 5271 υυυιο
2073 5255 2153 5270 "Iv
2186 5255 2360 5286 ιιινιμιο
2395 5255 2556 5285 usuru-
2616 5255 2661 5276 ιε’
2708 5255 2790 5262 ν-νν
2829 5255 2911 5258 "vi

733 5300 800 5333 m
826 5300 932 5353 Nec
958 5308 1150 5352 aestuas
1176 5297 1226 5348 in
1261 5293 1407 5347 Sam.
1453 5304 1550 5344 nec
1577 5290 1847 5343 aestimans
1940 5287 2010 5319 ⁷⁸⁸
2059 5288 2223 5355 Equis
2273 5286 2434 5347 habet
2489 5286 2552 5355 In
2594 5283 2738 5355 Spit}.
2765 5274 2995 5355 Εξηηξξῖδ
3032 5268 3324 5355 “abavi-5",
3358 5268 3410 5348 ,Si
3447 5276 3610 5355 ξ9¹ξ¹¹¹¹
3639 5255 3952 5355 Ῑξ¹9έ¹¹ξ¹ξῖηίη

739 5348 1211 5434 δοιῖιῖὶιίῖίῆέὲρίι
1242 5362 1408 5434 (λαμπρ
1437 5361 1494 5434 a,
1525 5357 1704 5434 sub_eo
1733 5358 1929 5434 titulo:
1977 5355 2053 5412 De
2078 5348 2336 5411 indicibili
2363 5353 2582 5412 scientia
2621 5348 2712 5402 Dei

739 5437 889 5492 litate
963 5438 1028 5467 “9
1061 5425 1190 5491 Dum
1227 5425 1392 5487 sis'in
1435 5429 1577 5484 Sam.
1611 5426 1734 5480 dum
1760 5425 1838 5479 sic

2808 5333 3035 5397 “Sine
3077 5339 3331 5409 qualitate
3362 5339 3411 5389 in
3446 5335 3590 5389 Som.
3638 5333 3953 5399 sinequan-
