4190 6218
351 146 446 201 781

1688 129 2216 190 MEDITATIONES.

3470 141 3574 200 789

421 257 572 313 11⁷⁸⁸.
610 256 688 314 Te
714 256 903 329 igitur,
934 255 1352 314 clementissime
1397 253 1565 316 Deus,
1614 252 1801 307 invoco
1846 254 1898 307 in
1931 252 1976 310 Α
2003 263 2093 304 ves
2138 249 2375 304 omnium
2427 249 2684 306 bonarum
2741 252 2968 324 dapum,
3010 258 3260 327 superna:
3309 255 3576 313 satietatis

352 347 584 401 animam
609 360 802 412 meam,
828 363 986 416 quam
1014 360 1283 417 praeparas
1309 343 1374 398 ad
1402 339 1718 412 capiendum
1749 349 1822 406 te,
1845 356 1910 396 ex

350 437 613 494 desiderio
646 439 786 510 quod
830 439 1059 508 inspiras
1095 439 1165 492 ei.
1207 437 1373 502 Intra,
1400 439 1569 507 'rogo,
1609 434 1661 488 in
1691 447 1833 499 eam,
1860 442 1914 489 et

350 535 540 596 coapta
567 541 686 582 eam
719 526 840 591 tibi,
864 533 924 581 ut
964 525 1241 596 possideas
1271 518 1416 579 illam
1456 539 1616 594 quam
1648 517 1832 578 fecisti
1861 532 1915 576 et

350 615 620 679 refecisti;
653 624 711 670 ut
739 615 964 670 habeam
1008 624 1060 670 te
1087 615 1233 670 velut
1277 611 1612 684 signaculum
1640 627 1803 683 super
1823 627 1915 667 cor

352 706 775 773 meum.Qua:so,
800 706 1057 775 piissime,
1083 705 1421 762 invocantem
1454 714 1506 760 te
1534 721 1638 760 non
1663 704 1913 768 deseras;

350 794 473 862 quia
507 795 816 865 priusquam
852 803 904 849 te
933 795 1259 861 invocarem,
1297 810 1380 850 me
1407 796 1607 849 vocasti
1641 801 1695 849 et
1725 792 1917 861 qumsi-

351 883 440 944 sli,
471 893 528 936 ut
552 899 650 954 ego
695 900 885 940 servus
920 894 1041 940 tuus
1081 894 1132 940 te
1172 900 1492 954 quaererem,
1529 881 1819 954 qumrendo
1843 882 1918 936 in-

351 972 608 1036 venirem,
632 982 686 1028 et
713 974 986 1030 inventum
1011 989 1272 1030 amarem.
1297 973 1527 1040 Quaasivi
1549 982 1603 1027 et
1632 971 1808 1026 inveni
1845 982 1916 1036 te,

353 1063 598 1129 Domine,
622 1071 678 1121 et
703 1081 885 1120 amare
907 1065 1171 1120 desidero.
1194 1066 1342 1134 Auge
1365 1063 1686 1118 desiderium
1718 1077 1918 1128 meum,

351 1162 407 1206 et
453 1154 516 1207 da
556 1156 695 1224 quod
741 1165 893 1224 peto;
929 1155 1182 1225 queniam
1235 1155 1279 1208 si
1321 1162 1515 1208 cuncta
1559 1167 1680 1222 quae
1737 1151 1912 1206 fecisti

354 1245 484 1299 mihi
544 1245 774 1313 dederis,
814 1263 918 1300 non
961 1244 1154 1300 sufﬁcit
1191 1259 1346 1299 servo
1389 1254 1505 1306 tuo,
1550 1244 1648 1298 nisi
1693 1243 1919 1313 teipsum

354 1335 584 1391 dederis.
621 1337 694 1389 Du
736 1353 864 1407 ergo
903 1337 1129 1406 teipsum
1182 1336 1332 1403 mihi,
1367 1336 1506 1391 Deus
1547 1350 1694 1389 meus
1721 1352 1735 1401 ;
1761 1335 1923 1389 redde

358 1437 410 1480 te
435 1427 580 1480 mihi.
601 1427 675 1504 En
704 1442 824 1482 amo
848 1436 927 1494 te;
958 1436 1012 1482 et
1038 1428 1080 1483 si
1107 1440 1292 1497 parum
1330 1435 1434 1494 est,
1466 1443 1639 1484 amem
1672 1421 1918 1482 validius.

357 1515 456 1572 Tui
510 1533 638 1588 ergo
685 1533 867 1574 amore
917 1529 1136 1585 teneor,
1170 1520 1246 1574 tui
1298 1519 1567 1574 desiderio
1612 1517 1800 1588 ﬂagro,
1843 1518 1918 1574 tui

2012 336 2412 410 cpulcntissime
2448 342 2674 411 largitor
2698 342 2859 410 Deus,
2881 345 2948 399 da
2984 350 3129 403 lasso
3157 348 3360 412 cibum,
3391 348 3579 419 collige

2013 430 2335 501 dispersum,
2382 431 2549 487 libera
2580 433 2848 501 captivum
2890 442 2946 489 et
2983 436 3284 506 redintegra
3328 438 3576 493 scissum.

2014 511 2091 577 En
2112 531 2221 576 stat
2249 523 2316 575 ad
2344 523 2538 578 ostium
2567 535 2618 579 et
2644 523 2840 594 pulsat.
2865 523 3102 582 Obsecro
3129 542 3225 596 per
3252 527 3456 582 viscera
3480 527 3581 582 ιιιί-

2014 609 2320 669 sericordia:
2359 625 2480 680 tum,
2519 614 2706 682 quibus
2761 614 2990 670 visitasti
3032 632 3127 670 nos
3166 619 3338 674 oriens
3366 633 3431 672 ex
3472 617 3579 672 alto

2015 707 2167 777 (Luc.
2197 722 2236 772 ι,
2265 706 2376 775 78),
2399 707 2528 777 jube
2556 708 2786 778 pulsanti
2826 708 3024 763 misero
3047 711 3263 779 aperiri,
3293 720 3352 766 ut
3397 711 3581 770 liberis

2014 795 2284 866 gressibus
2313 795 2643 864 ingrediatur
2662 797 2726 851 ad
2757 805 2827 860 te,
2846 805 2899 852 et
2927 799 3229 867 requiescat
3257 798 3308 852 in
3337 806 3477 864 te,et
3498 815 3581 855 reo

2017 886 2230 940 liciatur
2260 884 2324 939 de
2355 893 2406 939 te
2432 899 2567 954 pane
2588 886 2791 941 cmlesti
2823 905 2834 939 :
2869 896 2922 941 tu
2953 888 3095 942 enim
3119 903 3177 944 es
3199 888 3354 958 panis
3380 899 3434 944 et
3465 887 3582 948 fons

2017 975 2161 1041 vitae,
2195 985 2246 1030 tu
2279 974 2454 1029 lumen
2501 975 2765 1030 claritatis
2811 987 3041 1046 aeternae,
3069 986 3123 1033 tu
3167 979 3346 1034 omnia
3374 994 3437 1035 ex
3463 981 3587 1050 qni-

2018 1067 2118 1124 bus
2145 1068 2330 1121 vivunt
2359 1068 2487 1122 recti
2514 1068 2603 1135 qui
2630 1066 2859 1137 diligunt
2893 1079 2962 1124 te.

2084 1147 2154 1213 ἰν
2182 1158 2273 1212 ⁷⁸³.
2314 1158 2454 1213 Deus
2479 1156 2655 1212 lumen
2695 1157 2935 1212 cordium
2979 1167 3027 1212 te
3054 1158 3365 1225 videntium,
3388 1167 3444 1215 et
3473 1158 3583 1215 vita

2021 1249 2318 1303 animarum
2351 1259 2400 1303 te
2435 1235 2750 1312 amantium,
2791 1256 2845 1302 et
2891 1247 3060 1300 virtus
3102 1249 3484 1318 cogitationum
3533 1259 3586 1304 te

2021 1339 2391 1404 quaerentium.
2409 1339 2472 1391 da
2504 1347 2559 1391 ut
2583 1346 2768 1392 sancto
2797 1347 2884 1391 tuo
2905 1338 3076 1392 amori
3104 1337 3585 1402 inb:ercam.Veni,

2025 1442 2172 1498 rogo,
2217 1429 2268 1482 in
2312 1442 2407 1483 cor
2436 1443 2632 1492 meum,
2670 1438 2724 1482 et
2765 1430 2834 1484 ab
2865 1429 3114 1484 ubertate
3149 1429 3435 1499 voluptatis
3485 1439 3587 1485 ture

2023 1517 2226 1572 inebria
2285 1517 2441 1582 illud,
2473 1523 2532 1582 nt
2576 1510 2862 1585 obliviscar
2907 1519 3004 1586 ista
3051 1519 3381 1589 temporalia.
3418 1518 3587 1582 Rndet

360 1605 499 1660 dulci
535 1606 787 1661 memoria
839 1607 1100 1664 delector.
1141 1609 1277 1664 Ecce
1323 1608 1450 1664 dum
1483 1609 1579 1665 tibi
1616 1624 1768 1664 mens
1800 1624 1919 1665 mea
1948 1592 1993 1654 Β
2023 1625 2084 1664 ac
2120 1609 2261 1679 piget
2288 1623 2373 1663 me
2404 1609 2528 1662 talia
2553 1609 2683 1677 pati,
2713 1609 2889 1678 qualia
2921 1611 3151 1665 mundus
3183 1612 3282 1665 iste
3307 1610 3436 1681 agit.
3467 1608 3588 1665 Tri-

357 1697 616 1766 suspirat,
643 1707 716 1770 et
765 1707 908 1753 tuam
953 1697 1272 1754 inell‘abilem
1315 1700 1570 1770 pietatem
1608 1701 1918 1768 meditatur,

359 1784 473 1854 ipsa
499 1786 673 1841 carnis
713 1788 920 1842 sarcina
973 1788 1146 1844 minus
1171 1799 1384 1860 gravat,
1405 1789 1788 1858 cogitationum
1841 1796 1927 1841 tu-

362 1875 563 1931 multus
604 1889 799 1943 cessat,
836 1879 1042 1948 pondus
1093 1880 1436 1935 mortalitatis
1486 1888 1542 1933 et
1585 1879 1923 1933 miseriarum

361 1978 511 2019 more
557 1965 713 2021 solito
740 1983 843 2021 non
896 1968 1136 2034 hebetat,
1167 1968 1327 2023 silent
1372 1976 1596 2030 cuncta,
1640 1965 1926 2037 tranquilla

362 2064 488 2109 sunt
519 2058 719 2111 omnia.
747 2058 852 2113 Cor
876 2059 1050 2123 ardet,
1082 2059 1293 2114 animus
1323 2058 1538 2130 gaudet,
1563 2059 1820 2113 memoria
1849 2059 1927 2112 vi.

361 2153 474 2213 get,
504 2144 807 2202 intellectus
831 2146 991 2214 lucet,
1019 2157 1074 2203 et
1116 2157 1258 2204 totus
1296 2148 1516 2219 spiritus
1551 2163 1615 2201 ex
1661 2145 1928 2202 desiderio

367 2238 587 2292 visionis
639 2248 741 2294 tua:
789 2255 1070 2304 accensus,
1119 2240 1461 2295 invisibilium
1508 2253 1690 2319 amore
1726 2238 1836 2307 rapi
1868 2253 1927 2294 se

368 2329 529 2383 videt.
557 2325 813 2386 AsSumat
837 2333 1056 2404 spiritus
1083 2348 1232 2388 meus
1266 2326 1474 2403 pennas
1503 2341 1560 2385 ut
1588 2329 1801 2398 aquilre,
1836 2345 1930 2385 vo-

367 2420 437 2475 let
467 2429 520 2476 et
549 2437 652 2476 non
675 2423 887 2478 deliciat
914 2431 943 2490 ;‘
967 2423 1126 2488 volet,
1150 2434 1205 2480 et
1233 2425 1509 2495 perveniat
1542 2439 1711 2492 usque
1738 2422 1802 2477 ad
1832 2422 1923 2475 de-

366 2527 548 2566 corem
597 2513 785 2570 domus
816 2522 938 2579 tuae,
980 2524 1034 2570 et
1069 2517 1319 2570 thronum
1360 2513 1542 2585 gloria:
1587 2523 1689 2570 tua:
1717 2531 1731 2566 :
1760 2522 1816 2566 et
1859 2513 1941 2574 ibi,

303 2629 310 2634 -
367 2619 528 2674 super
559 2620 792 2659 mensam
814 2605 1123 2662 refectiouis
1146 2607 1340 2661 civium
1377 2619 1726 2676 supernorum
1747 2618 1936 2673 pasca-

371 2701 459 2748 tur
498 2695 563 2748 dc
593 2693 763 2749 oculis
793 2695 898 2748 tuis
939 2694 990 2748 in
1024 2694 1140 2750 luco
1188 2709 1396 2765 pascua:
1419 2695 1573 2764 juxta
1598 2693 1794 2749 ﬂuenta
1827 2693 1936 2764 ple-

370 2782 611 2837 nissima.
645 2782 724 2838 Tu
754 2792 868 2839 esto
907 2785 1194 2841 exsultatio
1231 2797 1432 2849 nostra,
1460 2784 1550 2855 qui
1588 2799 1648 2840 es
1677 2801 1798 2855 spes
1835 2800 1932 2840 no-

369 2880 501 2936 stra,
532 2870 673 2926 salus
699 2875 866 2941 atque
900 2873 1213 2943 redemptio.
1259 2874 1336 2928 Tu
1368 2884 1483 2929 esto
1511 2869 1751 2929 nostrum
1797 2890 1931 2944 gau—

371 2962 540 3030 dium,
571 2963 660 3031 qui
705 2978 764 3018 es
800 2963 1008 3019 futurus
1038 2967 1333 3035 prmmium.
1367 2965 1441 3021 Te
1491 2981 1702 3036 semper
1727 2976 1932 3035 quaerat

371 3051 548 3104 anima
579 3066 716 3119 mea,
748 3061 803 3107 et
831 3063 883 3107 tu
930 3065 1121 3124 praesta
1148 3065 1207 3110 ut
1234 3059 1520 3126 qurerendo
1561 3071 1666 3112 non
1698 3059 1928 3114 deﬁciat.

442 3142 503 3196 lll
527 3143 616 3196 ⁷⁸⁸.
639 3142 725 3197 Va:
755 3144 965 3198 miserm
987 3147 1208 3200 animm!
1232 3162 1349 3216 qua:
1368 3147 1637 3201 Christum
1663 3163 1764 3201 non
1792 3164 1935 3216 quze-

373 3230 446 3284 rit
469 3245 566 3284 nec
612 3241 774 3296 amat,
810 3234 957 3286 arida
1008 3244 1186 3287 manet
1232 3244 1286 3288 et
1327 3235 1540 3289 misera.
1571 3234 1751 3292 Perdit
1795 3239 1937 3306 quod

364 3323 525 3387 vivit,
554 3323 642 3393 qui
691 3333 743 3378 te
771 3323 939 3379 Deum
971 3341 1076 3380 non
1102 3325 1294 3396 diligit.
1323 3326 1424 3393 Qui
1447 3338 1600 3381 curat
1623 3329 1801 3384 vivere
1831 3345 1935 3385 non

375 3423 591 3485 propter
621 3426 691 3480 te,
725 3417 971 3482 Domine,
1003 3417 1134 3471 nihil
1158 3427 1259 3481 εει,
1287 3426 1344 3472 et
1386 3432 1484 3487 pro
1509 3418 1676 3474 nihilo
1703 3429 1802 3474 est.
1836 3420 1935 3487 Qui

376 3509 470 3563 tibi
503 3501 680 3565 vivere
704 3520 938 3575 recusat,
970 3520 1211 3566 mortuus
1245 3525 1348 3568 est.
1382 3512 1480 3579 Qui
1513 3511 1604 3566 tibi
1637 3527 1739 3566 non
1775 3513 1934 3581 sapit,

361 3599 590 3668 desipit.
617 3601 1134 3668 Misericordissime,
1169 3603 1262 3656 tibi
1304 3617 1387 3656 me
1413 3602 1750 3667 commendo,
1779 3603 1940 3657 reddo

366 3700 428 3746 'ct
460 3693 715 3758 concedo,
748 3709 841 3762 per
873 3711 1028 3765 quem
1059 3711 1196 3759 sum,
1226 3695 1345 3749 vivo
1374 3703 1428 3748 ct
1453 3693 1621 3763 sapio.
1651 3693 1705 3748 ln
1738 3703 1788 3748 te
1815 3709 1942 3749 con-

369 3779 504 3848 fido,
546 3799 701 3851 spero
736 3793 792 3837 ’et
834 3793 995 3838 totam
1050 3801 1197 3855 spem
1235 3799 1407 3840 meam
1441 3798 1610 3853 pono,
1642 3798 1736 3854 per
1781 3800 1941 3853 quem

379 3888 674 3943 resurgam,
705 3875 877 3928 vivam
905 3885 960 3930 et
991 3877 1346 3944 requiescam.
1391 3874 1469 3928 Te
1496 3874 1673 3943 cupio,
1703 3874 1863 3943 diligo
1893 3885 1945 3928 et

368 3956 582 4027 adoro;
629 3982 747 4020 cum
793 3982 899 4035 quo
953 3967 1197 4032 manebo,
1240 3965 1473 4036 regnabo
1516 3975 1571 4020 et
1603 3965 1791 4019 beatus
1829 3980 1940 4020 cro.

377 4046 572 4110 Anima
603 4074 722 4126 quze
763 4069 816 4113 te
859 4074 960 4112 non
993 4059 1187 4127 quznrit
1225 4073 1324 4112 nec
1352 4056 1543 4126 diligit,
1573 4057 1828 4111 mundum
1861 4056 1942 4110 di-

375 4143 512 4216 ligit,
546 4149 782 4217 pet-catis
826 4150 991 4204 servit
1020 4159 1074 4202 et
1102 4148 1246 4202 vitiis
1273 4148 1512 4218 subjecta
1541 4156 1641 4212 est,
1675 4163 1943 4216 nunquam

2024 1705 2103 1750 ste
2133 1705 2216 1749 est
2245 1696 2372 1750 mihi
2414 1697 2554 1764 quod
2585 1696 2754 1760 video,
2799 1711 2960 1766 grave
2998 1708 3080 1753 est
3122 1714 3282 1754 omne
3329 1699 3470 1770 quod
3519 1700 3587 1756 de

2027 1785 2354 1840 transitoriis
2384 1785 2560 1840 audio.
2601 1786 2807 1855 Adjuva
2833 1803 2937 1852 me,
2967 1789 3188 1844 Domine
3229 1789 3368 1844 Deus
3403 1804 3584 1856 meus,

2027 1885 2083 1932 et
2101 1877 2166 1931 da
2200 1877 2438 1932 lmtitiam
2474 1879 2526 1933 in
2554 1879 2714 1934 cerdc
2746 1895 2884 1947 meo,
2917 1881 3038 1956 veni
3059 1882 3125 1936 ad
3165 1895 3251 1936 me
3287 1890 3344 1936 ut
3381 1873 3590 1949 videam

2030 1977 2101 2022 tc.
2128 1969 2231 2024 Sed
2253 1982 2478 2041 angusta
2511 1979 2594 2026 est
2620 1971 2747 2026 mihi
2774 1971 2963 2027 domus
2989 1973 3182 2027 anima:
3213 1985 3362 2035 mete,
3389 1987 3589 2041 quous-
3665 1973 3670 1979 ’

2027 2075 2132 2130 que
2159 2061 2343 2116 venias
2370 2062 2438 2115 ad
2476 2077 2618 2130 eam,
2653 2071 2705 2116 et
2747 2063 2999 2117 dilatetur
3037 2079 3066 2116 a
3102 2073 3173 2118 te.
3219 2061 3454 2118 Ruinosa
3487 2072 3588 2128 est,

2028 2152 2188 2206 retice
2202 2165 2341 2206 eam.
2367 2151 2537 2206 ilabet
2564 2151 2791 2222 plurima
2814 2167 2932 2221 quae
2957 2151 3230 2209 offendant
3248 2150 3429 2209 oculos
3451 2165 3588 2222 tuos,

2029 2241 2202 2296 fateor
2224 2251 2278 2296 et
2304 2241 2448 2307 scio;
2481 2241 2574 2295 sed
2613 2240 2735 2310 quis
2774 2241 3053 2297 mundabit
3079 2252 3344 2306 eam,aut
3383 2243 3470 2299 cui
3512 2242 3593 2298 al-

2031 2332 2130 2386 teri
2149 2340 2342 2402 prmter
2367 2341 2417 2386 te
2447 2330 2685 2405 clamabo
2712 2331 2736 2385 τ
2765 2331 2840 2385 Ab
2874 2331 3088 2386 occultis
3108 2333 3238 2387 meis
3265 2334 3459 2390 munda
3488 2348 3590 2401 me,

2032 2420 2271 2486 Domine,
2301 2429 2346 2473 et
2382 2421 2445 2474 ob
2483 2419 2665 2474 alienis
2697 2436 2850 2488 parce
2879 2436 3024 2475 servo
3062 2429 3173 2475 tuo.
3231 2419 3403 2491 (Paul.
3438 2438 3592 2488 xvm,

2035 2511 2149 2580 l5.)
2176 2509 2284 2565 Fac
2305 2524 2409 2576 me,
2428 2510 2600 2565 dulcis
2621 2509 2852 2574 Christe,
2868 2509 3008 2566 bone
3025 2509 3172 2578 Iesu,
3199 2509 3282 2568 fac
3306 2527 3414 2578 me,
3442 2527 3594 2585 rogo,

2037 2615 2218 2656 amore
2247 2609 2303 2655 et
2331 2599 2600 2676 desiderio
2626 2600 2700 2654 tui
2719 2600 2985 2670 deponere
3011 2614 3147 2656 onus
3177 2601 3474 2657 carnalium
3505 2602 3598 2657 de-

2036 2679 2380 2758 sideriorum,
2404 2699 2456 2746 et
2505 2701 2835 2746 terrenarum
2878 2693 3453 2762 concupiscentiarum.
3491 2692 3598 2750 Do.

2035 2782 2270 2837 minetur
2308 2783 2460 2837 carni
2496 2782 2704 2844 anima,
2739 2781 2933 2838 animae
2981 2783 3150 2850 ratio,
3191 2785 3385 2841 rationi
3423 2785 3596 2856 gratia

2039 2881 2146 2936 tua,
2177 2877 2246 2925 et'
2264 2879 2368 2926 tute
2397 2886 2484 2928 me
2525 2869 2750 2925 interius
2779 2879 2833 2926 et
2858 2871 3095 2929 exterius
3122 2874 3289 2930 subde
3312 2875 3594 2932 voluntati.

2033 2959 2233 3020 Tribue
2260 2963 2392 3018 mihi
2425 2972 2481 3017 ut
2517 2963 2695 3019 laudet
2724 2970 2774 3016 te
2797 2975 2892 3018 cor
2924 2978 3125 3026 meum.
3155 2973 3208 3020 et
3231 2963 3410 3036 lingua
3450 2981 3592 3032 mea,

2032 3064 2087 3108 et
2108 3055 2285 3108 omnia
2314 3069 2434 3110 ossa
2461 3069 2602 3112 mea.
2633 3055 2803 3111 Dilata
2833 3067 3065 3111 mentem
3104 3070 3298 3122 meam,
3332 3065 3386 3112 et
3409 3057 3595 3113 attolle

2037 3145 2289 3198 intuitum
2333 3144 2510 3199 cordis
2557 3145 2685 3212 mei,
2708 3151 2786 3199 ιιι*
2800 3145 2885 3199 vel
2929 3146 3113 3214 rapida
3141 3145 3464 3214 cogitatione
3487 3147 3600 3217 spi-

2039 3235 2172 3288 ritus
2224 3250 2373 3290 meus
2414 3236 2644 3306 attingat
2685 3244 2734 3291 te
2771 3226 3028 3290 aeternam
3073 3233 3388 3304 sapientiam
3439 3250 3600 3306 super

2037 3324 2215 3382 omnia
2240 3334 2566 3381 manentem.
2590 3325 2831 3383 Dissolve
2857 3339 2961 3389 me,
2983 3340 3101 3392 oro,
3136 3341 3165 3380 a
3201 3325 3431 3383 vinculis
3483 3327 3602 3398 qui-

2039 3414 2139 3470 bus
2185 3415 2510 3494 cqnstrictus
2551 3426 2769 3483 teneor,
2814 3427 2872 3471 ut
2917 3416 3227 3487 relinquens
3275 3415 3458 3472 omnia
3498 3417 3602 3474 ista

2042 3507 2134 3561 tibi
2177 3505 2426 3562 festinem
2456 3508 2556 3573 7“,
2598 3509 2689 3563 tibi
2727 3508 2825 3564 soli
2867 3509 3179 3574 inhaeream,
3227 3506 3324 3564 tibi
3361 3506 3465 3566 soli
3515 3509 3602 3565 ln-

2043 3598 2272 3659 tendam.
3482 3657 3484 3659 ,

2087 3688 2250 3758 229
2267 3688 2302 3741 V
2321 3690 2411 3743 ⁷⁸⁸.
2431 3689 2578 3744 Felix
2599 3689 2796 3755 anima,
2811 3705 2929 3760 quae
2945 3698 3157 3746 terreno
3169 3687 3404 3745 resoluta
3419 3703 3604 3746 carce-

2045 3795 2102 3833 re
2128 3781 2291 3834 libera
2318 3780 2510 3833 coelum
2527 3779 2681 3848 petit,
2709 3795 2825 3850 quae
2852 3788 2902 3836 te
2921 3778 3289 3834 dulcissimum
3317 3778 3604 3834 Dominum

2046 3870 2181 3925 facie
2209 3872 2272 3924 ad
2304 3870 2494 3926 faciem
2527 3871 2722 3934 cernit,
2750 3887 2867 3939 qua:
2895 3871 3040 3926 nullo
3071 3878 3212 3925 metu
3252 3870 3443 3925 mortis
3488 3867 3608 3924 am-

2047 3962 2211 4024 citur,
2240 3961 2332 4014 sed
2352 3961 2418 4014 de
2448 3961 2848 4028 incorruptione
2870 3971 3139 4030 perpetua:
3165 3959 3348 4030 gloriae
3371 3958 3603 4014 laetatur.

2050 4050 2360 4120 Tranquilla
2392 4059 2550 4104 estet
2573 4065 2784 4115 secura,
2807 4050 2918 4117 jam
2951 4065 3058 4104 non
3091 4049 3241 4102 timet
3266 4035 3477 4103 hostem
3506 4059 3607 4102 nec

2049 4153 2296 4198 mortem.
2329 4142 2497 4196 llahet
2537 4151 2586 4196 te
2617 4141 2757 4209 pium
2788 4140 3087 4205 Dominum,
3111 4152 3271 4209 quem
3295 4138 3384 4193 diu
3415 4135 3609 4206 φηθεὶ-

377 4240 714 4308 quiescit'",
739 4255 1010 4310 nunquam
1035 4255 1220 4295 secura
1241 4239 1664 4294 est.Famuletur
1688 4239 1776 4291 tibi
1807 4254 1943 4293 sem.
1979 4245 2022 4299 Ι)
2054 4235 2146 4296 vit,
2196 4247 2514 4302 semperque
2541 4232 2761 4297 amavit,
2801 4229 3123 4300 hymnidieis
3152 4227 3354 4283 sociata
3391 4224 3606 4292 choris,

378 4347 476 4399 per
502 4347 654 4386 mens
683 4347 822 4396 mea,
855 4333 1111 4402 piissime.
1139 4333 1384 4402 Suspiret
1416 4331 1507 4385 tibi
1550 4345 1760 4401 semper
1789 4345 1942 4400 pere-

379 4424 614 4494 grinatio
655 4438 797 4487 mea,
827 4425 1010 4477 ardeat
1054 4424 1106 4477 in
1152 4437 1337 4479 amore
1371 4423 1443 4476 tui
1475 4437 1570 4477 cor
1613 4435 1810 4475 meum.
1845 4420 1947 4476 Re.

380 4513 621 4582 quiescat
645 4512 697 4566 in
728 4522 800 4577 te,
831 4513 968 4567 Deus
991 4526 1161 4574 meus,
1186 4511 1362 4565 anima
1397 4508 1948 4578 mea,contempletur

379 4588 434 4660 te
465 4605 515 4658 in
551 4604 743 4658 mentis
770 4617 1013 4667 excessu,
1045 4612 1223 4658 cantet
1254 4601 1440 4656 laudes
1473 4599 1944 4670 tuasjubilatioue,

382 4708 436 4751 et
462 4698 573 4751 haec
602 4697 672 4751 sit
699 4697 750 4749 in
786 4696 888 4749 hoc
915 4695 1102 4750 exsilio
1135 4709 1252 4748 meo
1296 4691 1592 4747 consolatio
1638 4705 1777 4744 mea.
1806 4689 1948 4744 Con-

383 4789 544 4859 fugiat
579 4803 730 4842 mens
757 4802 874 4842 mea
905 4787 1002 4842 sub
1023 4787 1210 4841 umbra
1239 4785 1440 4840 alarum
1470 4792 1681 4838 tuarutn
1712 4781 1780 4836 ab
1808 4782 1952 4836 aesti-

381 4875 483 4935 bus
510 4878 892 4951 cogitationum
937 4879 1114 4934 saeculi
1147 4878 1327 4949 hujus.
1364 4875 1633 4946 Repausct
1661 4875 1713 4928 in
1753 4884 1803 4928 te
1851 4888 1944 4928 cor

385 4989 584 5041 meum,
615 4991 708 5031 cor
733 4989 880 5030 mare
931 4985 1206 5041 magnum,
1245 4978 1457 5024 tumens
1501 4965 1771 5021 ﬂuetibus.
1795 4963 1840 5018 O
1871 4963 1950 5019 di-

2048 4325 2298 4381 mcllillua
2338 4333 2606 4394 perpetua:
2649 4322 2952 4377 festivitatis
3002 4320 3242 4376 carmina
3296 4315 3363 4373 ad
3399 4315 3608 4373 laudem

2049 4419 2232 4488 gloria:
2291 4426 2417 4480 tuae,
2467 4415 2580 4469 Rex
2612 4413 2826 4469 Christe
2874 4413 3012 4467 bone
3061 4410 3207 4478 Jesu,
3255 4409 3308 4463 in
3349 4415 3607 4464 retentum

2051 4507 2306 4564 concinit.
2345 4505 2646 4560 lnebriatur
2676 4504 2816 4557 enim
2859 4503 2926 4556 ab
2965 4501 3209 4555 ubertate
3259 4497 3450 4552 domus
3485 4502 3608 4556 tua.

2053 4608 2107 4654 et
2139 4605 2375 4652 torrente
2400 4594 2691 4663 voluptatis
2717 4602 2816 4646 tuae
2835 4601 2986 4661 potas
3006 4580 3122 4646 eam
3142 4586 3313 4658 (Psal.
3339 4598 3504 4648 xxxv,
3528 4582 3607 4652 9).

2057 4687 2208 4743 Felix
2256 4685 2488 4738 societas
2539 4697 2893 4753 supernorum
2921 4679 3139 4746 civium,
3163 4687 3217 4732 et
3237 4673 3469 4746 gloriosa
3517 4688 3610 4728 soo

2054 4777 2308 4834 lemnitas
2341 4773 2577 4827 onmium
2605 4772 2672 4827 ad
2708 4781 2759 4826 te
2790 4769 3118 4826 redeuntium
3142 4767 3209 4821 ab
3231 4764 3386 4832 hujus
3415 4772 3613 4819 nostra:

2053 4865 2502 4938 peregrinationis
2549 4863 2689 4918 tristi
2743 4862 2926 4916 labore
2965 4862 3033 4915 ad
3081 4858 3448 4913 anltenitatem
3500 4852 3616 4924 pul-

2052 4957 2387 5022 chritudinis,
2406 4956 2469 5009 ad
2502 4952 2891 5009 formositatem
2920 4951 3079 5007 totius
3100 4949 3423 5019 Splendor-is,
3453 4954 3613 5013 atque

1757 5140 1988 5196 VARIIE
2031 5133 2424 5194 LECTIONES.

455 5271 527 5304 "°
585 5270 710 5324 Car.
765 5269 819 5321 2.
872 5268 936 5321 In
977 5267 1120 5322 Som.
1171 5265 1336 5334 Caput
1385 5264 1446 5334 δε
1499 5261 1575 5334 De
1625 5255 1908 5334 desiderio
1947 5255 2138 5309 animre
2186 5244 2632 5334 sitigntiyslngeum

2734 5243 2801 5275 ⁷⁵¹
2851 5243 2978 5298 CAP.
3038 5242 3088 5294 3.
3131 5239 3192 5294 In
3245 5236 3390 5290 Som.
3445 5233 3615 5303 Caput

388 5340 444 5395 4.
840 5308 1473 5404 οἶιῖἰηῖἶίιίξεψίίπῆν).
1614 5308 1936 5389 tiodiem,
1990 5308 2090 5378 nec
2120 5320 2305 5392 quzerit
2335 5387 2344 5397 _
2379 5316 2448 5398 7."
2479 5314 2760 5396 Nunquam
2778 5312 3014 5438 guisseit
3042 5313 3106 5392 'in
3146 5308 3289 5387 Sqm.
3341 5319 3616 5428 n?:|.‘l‘(!‘|“'

391 5411 564 5438 -..:.....
639 5407 834 5438 mn...
887 5406 913 5438 ι
970 5405 1026 5438 ι..
1056 5407 1174 5438 cn...
1226 5403 1389 5438 rm...
1420 5401 1450 5438 ιις
1499 5400 1574 5438 ηρ
1602 5396 1870 5438 nmium-in
1901 5395 2112 5438 animm-
2186 5390 2256 5420 ""
2288 5386 2403 5438 Ttbt
2432 5385 2676 5438 festtuetn
2700 5401 2751 5438 tn
2819 5400 2920 5438 om.
2963 5382 3054 5436 ttbt
3083 5389 3310 5433 seruam
3517 5388 3613 5429 «AP-

390 5385 571 5479 ἀὶιίεῖἇ
600 5385 1468 5479 "Viselli?"413566.caput5;
1499 5400 1574 5479 ne
1602 5396 1870 5479 desiderio
1901 5385 2118 5479 animm.
2136 5385 2676 5479 'A_":A'_I:i‘bi‘festiuem
2700 5386 2751 5439 in

2819 5400 2920 5438 om.
2963 5381 3054 5436 tibi
3083 5378 3310 5433 serviam
3386 5372 3456 5406 "'

391 5456 931 5546 Ri"i&"som.'c};,}u1
953 5456 1021 5531 ϐξ
1041 5456 1417 5530 Deifmlici'tate
1447 5471 1635 5525 animae
1661 5484 1688 5522 a
1736 5477 1947 5522 terreno
1977 5476 2192 5520 carcere
2231 5456 2474 5515 resoluta
