4190 6204
663 180 763 235 783

977 179 1033 243 ε.
1079 134 1369 237 sitsicut
1415 177 1767 236 emrtua.
1814 174 2129 260 ARClilEP.
2162 174 2235 230 or

2359 172 2536 228 rans
2570 171 3118 244 l[.---PAB1ENET.
3175 171 3262 226 ετ
3297 171 3545 230 ascur.
3571 236 3599 243 _

3795 175 3894 235 781

661 293 970 365 dignitatem
1003 302 1164 348 totius
1186 293 1487 362 elegantias,
1517 291 1607 345 ubi
1637 301 1688 347 te
1715 272 1938 362 jngiter,
1973 288 2224 354 Domine,
2255 294 2301 350 Α
2335 288 2448 342 dies
2473 286 2642 340 nescit
2669 273 2873 341 habere
2899 292 3130 354 tempus,
3157 285 3249 339 ubi
3281 285 3453 340 vietor
3485 286 3644 341 miles
3675 298 3793 360 post
3815 291 3894 348 1..

663 384 739 441 tui
790 385 935 438 cives
974 394 1221 438 cernunt.
1276 382 1422 437 Nihil
1477 383 1699 437 omnino
1744 381 1886 451 quod
1935 379 2227 434 conturbet

660 490 695 529 ιι
716 481 915 534 entem.
948 472 1142 526 ibidem
1172 473 1392 527 auribus
1412 474 1597 526 audire
1629 474 1812 525 datur.
1835 469 1964 536 Qua:
1987 467 2230 523 cantica?

657 561 786 630 Qua:
819 563 1055 633 organa?
1075 560 1211 647 Quae
1233 561 1556 616 cantilenas?
1584 559 1712 626 Quae
1737 557 1982 612 melodis:
2011 556 2080 611 ibi
2114 556 2230 611 sine

660 656 764 712 llue
817 645 1206 711 deeantanlnr?
1279 645 1488 710 Sonant
1540 653 1610 705 ibi
1673 665 1888 720 semper
1974 649 2228 703 mellillua

659 747 978 818 hymnorum
1013 763 1235 818 organa,
1290 744 1606 800 suavissima
1633 738 1944 810 angelorum
1972 740 2226 806 melodia,

660 841 866 896 cantica
895 841 1229 895 canticorum
1250 837 1405 902 mira,
1433 850 1553 905 quae
1579 836 1646 888 ad
1675 833 1888 896 laudem
1920 842 1975 886 et
2004 832 2226 902 gloriam

659 943 806 986 tuam
837 948 864 986 a
890 931 1142 1000 supernis
1171 929 1381 983 civibus
1410 911 1790 982 decantanlur.
1838 925 2152 979 Amaritudo
2175 931 2226 978 et

641 1023 833 1078 'ainuis
864 1021 1000 1076 fellis
1025 1022 1292 1089 asperitas
1329 1019 1382 1073 in
1417 1019 1638 1088 regione
1668 1027 1757 1073 tua
1787 1017 1962 1072 locum
1992 1031 2096 1072 nou
2131 1014 2228 1066 ιιτι-

654 1112 805 1176 ,Ιιοιιμ
838 1109 954 1166 Non
1001 1098 1146 1164 enim
1193 1118 1278 1164 est
1308 1109 1379 1164 ibi
1413 1107 1586 1163 malus
1638 1119 1812 1176 neque
1841 1104 2062 1159 malitia.
2111 1101 2226 1158 Non

659 1201 1002 1259 adversarius
1025 1210 1080 1256 et
1114 1201 1455 1271 impugnans,
1492 1214 1589 1255 nec
1619 1207 1701 1253 est
1731 1197 1837 1251 ulla
1877 1195 2084 1266 peccati
2110 1193 2226 1248 ille-

643 1293 843 1358 eebra.
866 1290 1023 1346 Nulla
1047 1300 1125 1346 est
1148 1290 1221 1346 ibi
1253 1289 1570 1356 indigentia,
1597 1288 1829 1341 dedecus
1857 1283 2080 1346 nullum,
2109 1281 2226 1336 rixa

659 1384 828 1450 nulla,
872 1383 1074 1439 nullum
1128 1379 1531 1452 improperium,
1579 1373 1832 1433 causatio
1855 1375 2020 1442 nulla,
2048 1373 2226 1454 nullus

655 1477 848 1540 timor,
901 1474 1047 1530 nulla
1098 1471 1430 1543 inquietudo,
1483 1469 1627 1525 nulla
1690 1483 1873 1540 prona,
1933 1467 2074 1522 nulla
2131 1467 2227 1520 duo

663 1568 863 1634 hletae,
893 1566 1037 1620 nulla
1071 1562 1348 1627 violentia,
1391 1560 1535 1615 nulla
1557 1561 1856 1624 discordia;
1892 1558 1988 1614 sed
2022 1565 2106 1614 cst
2153 1555 2225 1610 ibi

657 1620 1033 1728 paxaumma,
1075 1653 1313 1708 charitas
1337 1620 1525 1721 plena,
1573 1620 1922 1718 jubilatiovet
1969 1648 2086 1702 laus
2132 1644 2225 1700 Dei
2257 1620 2306 1682 Β

649 1753 879 1807 -ειοηιε,
924 1741 1044 1794 sine
1079 1739 1185 1793 line
1215 1752 1404 1793 secura
1440 1738 1678 1806 requies,
1709 1744 1762 1792 et
1789 1735 2042 1807 gaudium
2083 1748 2228 1788 sem-

652 1851 753 1911 per
797 1835 850 1889 in
901 1833 1104 1903 Spiritu
1155 1841 1365 1910 sancto.
1417 1830 1461 1886 Ο
1510 1835 1670 1899 quam
1702 1830 2008 1885 fortunatus
2037 1840 2153 1894 ero,
2181 1827 2226 1882 'si

651 1925 914 1984 audivero
942 1922 1362 1995 iucundissimas
1401 1922 1596 1976 civium
1657 1930 1871 1975 tuorum
1899 1918 2228 1984 cantilenas,

657 2007 901 2085 carmina
941 2011 1192 2068 mellillua
1251 2011 1436 2065 laudes
1490 2024 1713 2065 summae
1752 2007 2000 2061 Trinitati
2048 2006 2230 2060 debito

654 2112 864 2165 honore
891 2105 1206 2176 promenlia.
1251 2101 1355 2157 Sed
1377 2111 1430 2155 et
1472 2100 1697 2155 nimium
1729 2096 1878 2161 felix,
1909 2097 1952 2150 si
1977 2110 2078 2167 ego
2118 2095 2231 2166 ipse

653 2186 1146 2255 tueruero’cantare
1166 2195 1438 2250 canticum
1481 2191 1712 2246 Domino
1749 2188 1876 2244 Jesu
1900 2187 2134 2251 Christo,
2163 2185 2231 2239 de

647 2288 904 2346 'dulcibus
933 2285 1162 2341 canticis
1193 2283 1345 2337 Sion.

727 2377 791 2433 VI
817 2377 912 2430 ⁷⁸⁸.
945 2377 989 2431 0
1017 2374 1124 2428 vita
1156 2372 1358 2436 vitalis,
1409 2371 1516 2425 vita
1569 2369 1900 2439 sempiterna
1931 2377 1984 2422 et
2032 2367 2230 2436 sempi-

655 2479 811 2523 terne
831 2465 1022 2521 beata!
1055 2463 1144 2517 ubi
1170 2463 1422 2531 gaudium
1452 2460 1570 2515 sine
1598 2467 1855 2524 maerore,
1877 2458 2090 2527 requies
2114 2456 2232 2512 sine

655 2559 866 2624 labore,
891 2556 1124 2629 dignitas
1148 2557 1267 2609 sine
1310 2563 1566 2617 tremore,
1604 2563 1738 2618 opes
1761 2549 1876 2603 sine
1911 2547 2230 2610 amissione,

655 2652 867 2708 sanitas
904 2650 1023 2705 sine
1049 2647 1324 2720 languore,
1373 2641 1699 2698 abundantia
1734 2641 1853 2696 sine
1909 2638 2230 2704 defectione,

651 2727 771 2800 vita
797 2743 914 2800 sine
939 2752 1136 2806 morte,
1167 2736 1501 2808 perpetuitas
1523 2734 1640 2787 sine
1661 2730 2029 2801 corruptione,
2062 2728 2234 2783 beati-

653 2835 789 2892 tudo
816 2816 932 2889 sine
981 2831 1313 2894 calamitate,
1363 2825 1453 2880 ubi
1500 2823 1852 2880 omniabona
1876 2823 1929 2876 in
1953 2822 2023 2853 ⁷⁸⁷
2054 2820 2235 2875 chari-

652 2933 771 2982 tate
794 2919 1055 2993 perfecta,
1083 2918 1171 2974 ubi
1204 2915 1427 2986 species
1459 2923 1514 2970 et
1545 2912 1682 2968 visio
1729 2909 1868 2967 facie
1896 2911 1963 2964 ad
2009 2908 2230 2976 faciem,

656 3016 752 3073 ubi
803 3014 960 3087 plena
1013 3009 1238 3066 sc‘ieutia
1269 3007 1322 3061 in
1365 3005 1615 3061 omnibus
1650 3011 1705 3058 et
1753 3016 1849 3072 per
1891 2999 2096 3062 omnia,
2139 2998 2228 3052 ubi

657 3117 872 3164 Summa
897 3102 992 3157 Dei
1028 3100 1243 3156 bonitas
1272 3095 1515 3152 cernitur
1556 3103 1613 3146 et
1638 3091 1820 3146 lumen
1854 3089 2162 3144 illuminans
2200 3104 2232 3143 a

661 3184 868 3252 sanctis
893 3176 1245 3262 gloriﬁcatur,
1274 3183 1364 3239 ubi
1393 3195 1632 3254 praesens
1681 3180 1941 3251 maiestas
1973 3177 2068 3232 Dei
2100 3192 2232 3231 conc

663 3284 912 3357 apieitur,
938 3265 994 3334 et
1017 3280 1121 3334 hoc
1148 3276 1274 3330 vitae
1302 3272 1424 3329 cibo
1451 3272 1569 3328 sine
1591 3269 1800 3325 delectu
1840 3281 1993 3323 mens
2025 3265 2233 3319 intuen-

661 3380 801 3438 tium
831 3373 1091 3439 satiatur;
1124 3371 1306 3425 vident
1341 3381 1576 3438 semper,
1603 3373 1660 3419 et
1697 3365 1878 3419 videre
1908 3361 2231 3422 desiderant,

664 3463 786 3528 sine
811 3466 1088 3523 anxietate
1117 3459 1444 3523 desiderant,
1483 3467 1537 3512 et
1557 3457 1672 3512 sine
1699 3455 1912 3510 fastidio
1934 3453 2228 3514 satiantur;

666 3543 755 3618 ubi
774 3573 931 3614 verus
949 3551 1041 3612 Sol
1064 3552 1286 3623 iustitia:
1307 3550 1442 3604 mira
1460 3563 1570 3604 $010
1588 3545 2006 3617 pulchritudinis
2033 3544 2233 3596 visione

661 3665 853 3710 omnes
877 3647 1070 3712 reiicit,
1099 3652 1154 3698 et
1184 3644 1256 3696 ita
1280 3640 1560 3694 universos
1605 3637 1843 3693 cmlestis
1880 3633 2067 3704 patriae
2087 3631 2233 3686 cives

664 3739 928 3800 Illnminat
958 3720 1021 3794 ut
1071 3737 1284 3790 luceant
1328 3732 1454 3802 ipsi,
1510 3732 1692 3784 lumen
1743 3727 1990 3780 videlicet
2039 3722 2235 3777 illumi-

661 3845 850 3891 natum
871 3846 968 3902 per
999 3829 1186 3888 Deum,
1209 3823 1390 3876 lumen
1415 3820 1488 3852 ⁷⁵⁸
1511 3818 1820 3872 illuminans
1848 3815 1985 3868 ultra
2018 3825 2233 3867 omnem

663 3926 795 3984 solis
821 3901 989 3977 nostri
1021 3915 1381 3990 splendorem,
1417 3919 1578 3980 atque
1614 3915 1932 3986 cunctarum
1962 3901 2236 3958 stellarum

669 4016 968 4075 claritatem
1001 4005 1288 4062 immortali
1321 4003 1661 4057 adhmrentes
1696 3994 1906 4059 deitati,
1939 4008 2002 4048 ac
2023 4008 2120 4062 per
2137 3991 2239 4045 hoc

670 4105 1004 4168 immortales
1041 4112 1096 4157 et
1144 4096 1578 4168 incorruptibiles
1628 4092 1698 4124 ⁷⁸⁸
1743 4086 2085 4156 lacti,'juxta
2114 4101 2240 4155 pro-

661 4202 979 4264 missionem
1015 4195 1223 4252 Domini
1263 4190 1607 4248 Salvalnris:
1641 4185 1823 4247 Pater,
1882 4197 2013 4251 quos
2051 4178 2240 4232 dedisti

2257 2968 2299 3026 C

2333 378 2514 432 borcut
2547 376 2701 430 donis
2733 375 2803 429 in:
2823 373 3095 430 ll'abilibus
3121 373 3446 429 cumulatur.
3542 409 3544 412 ν

2503 465 2691 522 Nobile
2709 477 2958 536 perpetua
2981 477 3133 538 caput
3157 465 3494 532 autplertente
3518 483 3731 524 roranti.

2404 557 2614 613 Utinam
2658 558 2883 612 remissa
2930 556 3609 629 pcccatorum'molmme
3657 557 3901 614 ultimum
3981 561 4014 596 -‘

2332 666 2612 705 servorum
2647 649 2848 703 Christi
2891 650 3107 718 jubcrct
3143 649 3322 704 divina
3352 648 3524 719 pietas
3558 650 3694 704 hanc
3719 652 3902 706 carnis

2332 746 2599 800 sarcinam
2629 745 2920 814 deponere,
2946 753 3002 799 ut
3030 747 3208 801 insuze
3227 745 3463 800 civitatis
3485 744 3678 815 gaudia
3703 727 3901 804 averna

2332 834 2701 904 repansanihts
2762 835 3086 902 transirem,
3133 821 3496 890 sanctissimis
3545 850 3904 903 supernorum

2330 929 2519 986 choris
2550 931 2886 996 interessem,
2917 945 3039 984 cum
3069 927 3397 984 bcatissimis
3415 927 3696 999 spiritibsfa
3721 928 3906 998 gloria:

2329 1018 2636 1076 Conditoris
2686 1021 3020 1086 assisterem,
3051 1028 3372 1092 praesentem
3403 1017 3496 1075 Dei
3532 1019 3736 1074 vultum
3788 1034 3907 1072 cer-

2331 1128 2538 1181 nerem,
2585 1105 2730 1170 nullo
2760 1115 2948 1170 mortis
3005 1123 3153 1170 metu
3196 1123 3478 1184 tangeret,
3522 1115 3589 1170 de
3635 1123 3908 1185 perpetua

2332 1205 2761 1261 immortalitatis
2789 1206 3194 1277 incorruptione
3233 1220 3460 1264 securus
3503 1205 3824 1278 gauderem,
3851 1216 3909 1264 et

2330 1296 2519 1350 scienti
2548 1296 2727 1350 omnia
2766 1293 3085 1364 coniunctus
3115 1311 3330 1350 omnem
3379 1295 3701 1367 ignorantiae
3733 1297 3907 1363 crci-

2332 1393 2494 1438 tatem
2539 1383 2868 1450 amitterem,
2918 1394 3131 1438 terrena
3177 1393 3373 1464 cuncta
3425 1385 3909 1458 parvipenderetu.

2316 1465 2629 1530 convallem
2662 1462 3026 1542 lacrymarnm
3073 1473 3231 1527 istam
3267 1460 3468 1527 intueri
3506 1456 3604 1528 vel
3631 1473 3910 1532 reminisci

2331 1564 2557 1620 ulterius
2584 1577 2688 1618 non
2731 1563 3011 1632 dignarer,
3037 1564 3129 1617 ubi
3167 1565 3274 1616 vita
3304 1561 3600 1627 laboriosa,
3639 1563 3751 1617 vita
3787 1577 3910 1618 cor-

2334 1653 2624 1724 ruptibilis,
2649 1651 2758 1706 vita
2781 1651 2929 1706 omni
2957 1651 3320 1706 amaritudine
3350 1651 3525 1721 plena,
3558 1651 3666 1704 vita
3688 1651 3912 1720 domina

2331 1743 2616 1808 malorum,
2643 1740 2835 1795 ancilla
2863 1739 3220 1807 infernorum,
3249 1755 3410 1810 quam
3451 1740 3708 1798 humores
3748 1739 3912 1808 turni:-

2339 1836 2492 1902 dant,
2535 1833 2752 1890 dolores
2799 1841 3121 1897 extenuant,
3176 1832 3402 1888 ardores
3450 1831 3748 1896 exsiccant,
3779 1845 3911 1889 aera

2333 1926 2666 1990 morbidaul,
2720 1941 2860 1980 esca:
2900 1921 3412 2003 inﬂuantJjejunia
3448 1932 3766 1990 macerant,
3797 1923 3912 1994 ioci

2331 2017 2569 2083 solvunt,
2618 2017 2850 2072 tristitiae
2880 2024 3230 2080 consumunt,
3275 2014 3583 2072 sollicitudo
3633 2024 3909 2072 coarctat.

2331 2110 2599 2163 securitas
2628 2109 2867 2175 hebetat,
2893 2107 3093 2164 divitiae
3127 2108 3353 2177 iactant,
3383 2094 3676 2179 paupertas
3705 2106 3910 2176 dejicit,

2324 2199 2585 2269 juventus
2606 2200 2837 2266 extollit,
2863 2211 3115 2256 senectus
3145 2200 3417 2270 incurvat,
3441 2199 3734 2256 inﬁrmitas
3756 2198 3911 2256 {rati-

2330 2285 2428 2359 git,
2462 2303 2665 2342 mwror
2704 2285 2981 2358 deprimit,
3039 2287 3288 2344 diabolus
3319 2287 3626 2358 insidiatur,
3673 2288 3943 2362 mundus~

2331 2377 2599 2444 adulatur,
2638 2391 2769 2432 caro
2815 2378 3138 2445 delectatur,
3173 2379 3352 2434 anima
3395 2389 3718 2442 excecatur,
3767 2389 3914 2435 totus

2335 2469 2495 2523 homo
2544 2467 2927 2523 conturbatur!
2963 2470 3030 2525 Et
3057 2470 3144 2525 bis
3185 2477 3264 2524 tot
3289 2476 3346 2525 et
3369 2456 3546 2525 tantis
3578 2470 3737 2526 malis
3767 2484 3919 2527 mora

2335 2554 2618 2611 furibunda
2642 2561 2903 2624 succedit,
2937 2562 3192 2631 vanisque
3217 2561 3428 2632 gaudiis
3451 2559 3708 2616 italinem
3741 2560 3917 2630 impo-

2334 2647 2434 2712 nit,
2467 2659 2527 2703 ut
2548 2665 2668 2703 cum
2699 2664 2819 2704 esse
2847 2651 3124 2716 desirrint,
3153 2666 3251 2707 nec
3273 2651 3440 2708 fuisse
3459 2657 3736 2722 putentur.

2405 2738 2510 2794 Sed
2555 2756 2691 2810 quas
2722 2743 2788 2774 ’⁸⁸
2819 2741 3022 2808 laudes,
3078 2759 3279 2812 quasve
3323 2745 3618 2813 gratiarum
3667 2745 3916 2801 actiones

2335 2829 2427 2884 tibi
2457 2830 2660 2886 referre
2691 2832 2982 2900 valeamus,
3009 2835 3149 2888 Deus
3171 2844 3374 2899 noster,
3402 2835 3490 2903 qui
3518 2850 3618 2891 nos
3639 2835 3804 2890 etiam
3829 2835 3915 2892 in.

2335 2931 2420 2975 ter
2465 2923 2563 2976 has
2589 2932 2765 2976 tantas
2792 2924 3136 2980 mortalitatis
3159 2935 3360 2980 nostra:
3386 2941 3662 2981 aerumnas
3681 2942 3792 2980 non
3815 2926 3916 2982 de-

2335 3012 2468 3068 sinis
2514 3014 2783 3069 consolari
2819 3015 2953 3068 mira
2998 3015 3309 3072 visitatione
3359 3018 3545 3086 gratiae
3575 3019 3715 3071 tute!
3773 3018 3916 3074 Ecce

2336 3118 2422 3157 me
2466 3105 2722 3182 miserum
2765 3105 2948 3161 multis
2983 3104 3309 3163 maeroribus
3350 3107 3590 3177 plenum,
3634 3107 3763 3162 dum
3791 3110 3916 3165 vita:

2292 3211 2306 3218 κ
2339 3207 2473 3247 mea:
2501 3192 2658 3248 linem
2693 3195 2881 3262 timeo,
2902 3197 3027 3250 dum
3057 3205 3276 3265 peccata
3301 3212 3420 3252 mea
3445 3198 3752 3264 considero,
3785 3201 3917 3254 dum

2333 3282 2594 3350 judicium
2628 3292 2774 3336 tuum
2809 3282 3061 3351 formido,
3099 3285 3226 3340 dum
3270 3288 3460 3342 mortis
3489 3287 3678 3342 horam
3707 3288 3915 3358 cogito,

2340 3376 2464 3428 dum
2518 3375 2775 3445 supplicia
2825 3376 3015 3430 tartari
3053 3376 3270 3442 horreo,
3306 3379 3431 3432 dum
3457 3391 3622 3446 opera
3657 3393 3780 3434 mea
3808 3394 3918 3450 qua

2338 3461 2678 3517 districtione
2699 3473 2752 3516 ct
2774 3464 3107 3520 discussione
3127 3479 3156 3519 a
3183 3472 3232 3519 te
3253 3466 3772 3537 pensenturignoro,
3787 3471 3916 3522 dum

2340 3565 2445 3619 quo
2492 3551 2598 3606 ﬁne
2629 3552 2715 3606 illa
2745 3553 3028 3608 clausurus
3073 3554 3174 3610 sim
3211 3556 3422 3624 penitus
3449 3558 3652 3622 nescio,
3677 3558 3923 3628 dumque

2340 3640 2454 3693 haec
2483 3650 2534 3694 et
2558 3639 2662 3694 alia
2693 3641 2857 3695 multa
2888 3657 3096 3697 mecum
3119 3645 3220 3698 sub
3246 3645 3408 3699 corde
3433 3655 3686 3708 retracto,
3719 3661 3920 3702 conso-
4007 3700 4013 3706 .

2339 3731 2545 3788 laturus
2566 3734 2694 3788 ades
2714 3733 2867 3788 solita
2893 3734 3111 3802 pietate,
3131 3734 3356 3790 Domine
3382 3735 3545 3803 Deus,
3571 3748 3625 3791 et
3649 3738 3793 3793 inter
3820 3739 3922 3794 bas

2341 3823 2611 3891 querelas,
2667 3823 2968 3894 nimiosque
3013 3823 3256 3894 ploratus
3302 3841 3365 3880 ac
3415 3811 3680 3895 profunda
3736 3830 3920 3884 cordis

2344 3912 2598 3979 suspiria,
2632 3912 2866 3968 assumis
2887 3923 3133 3968 mmstam
3170 3923 3224 3967 et
3247 3915 3461 3968 anxiam
3490 3925 3728 3971 mentem
3751 3931 3920 3989 super

2345 4001 2448 4056 alta
2469 4000 2595 4074 juga
2624 4005 2885 4059 montium
2911 4006 2978 4058 ad
3028 4003 3243 4059 areolas
3285 4020 3456 4073 usque
3505 4015 3834 4074 aromatum,
3861 3996 3919 4064 et

2346 4091 2581 4147 collocas
2610 4108 2694 4148 me
2723 4095 2776 4148 in
2829 4093 2946 4148 loco
2993 4107 3205 4163 pascua:
3245 4107 3405 4149 secus
3449 4094 3651 4148 rivulos
3677 4096 3920 4151 dulcium

2347 4197 2637 4252 aquarum,
2667 4184 2756 4238 ubi
2798 4198 3071 4253 przeparas
3103 4184 3155 4236 in
3198 4193 3485 4254 conspectu
3523 4199 3644 4238 meo
3675 4199 3916 4239 mensam

665 4298 816 4362 mihi,
856 4292 967 4348 volo
1021 4303 1075 4344 ut
1104 4289 1189 4341 ubi
1215 4302 1306 4354 ego
1337 4299 1473 4346 sum,
1495 4289 1538 4333 et
1571 4278 1648 4330 illi
1679 4278 1778 4329 sint
1807 4287 2007 4326 mecum
2039 4282 2056 4322 .'
2089 4280 2142 4323 ut
2163 4271 2241 4323 vi-
2275 4296 2318 4350 Ι)
2349 4274 2659 4343 multiplicis
2710 4284 3023 4344 apparatus,
3082 4291 3199 4344 qua:
3234 4274 3518 4343 fatigatum
3549 4276 3798 4346 spiritum
3823 4289 3913 4332 re-

668 4391 822 4446 ‘deant
842 4386 1132 4439 claritatem
1154 4392 1340 4440 meam,
1367 4383 1421 4425 ut
1453 4386 1626 4424 omnes
1658 4383 1820 4422 unum
1861 4367 1986 4428 sint,
2010 4363 2140 4417 sicut
2184 4371 2240 4414 tu

670 4477 831 4534 Pater
854 4478 906 4532 in
944 4491 1048 4541 me,
1074 4483 1121 4526 et
1161 4487 1252 4538 ego
1283 4468 1338 4520 in
1361 4477 1428 4530 te,
1453 4474 1497 4517 et
1524 4463 1621 4532 ipsi
1660 4463 1714 4513 in
1739 4459 1882 4512 nobis
1929 4472 2087 4510 unum
2136 4456 2240 4507 sint

669 4570 792 4643 (Iob
817 4583 948 4632 xvu,
971 4563 1180 4631 22-94).
1213 4603 1217 4608 .

741 4661 830 4718 Vll
863 4660 955 4712 "'.
985 4659 1228 4725 Regnum
1275 4647 1553 4709 caelorum,
1596 4657 1813 4714 regnum
1853 4639 2238 4703 felicissimum,

672 4766 895 4824 regnum
919 4762 1116 4803 carens
1141 4750 1336 4804 morte,
1364 4748 1418 4792 et
1452 4749 1652 4790 vacans
1690 4732 1814 4797 line,
1841 4731 1925 4785 cui
1943 4728 2085 4782 nulla
2110 4735 2236 4780 tein-

674 4821 805 4917 pora
838 4841 1130 4896 succedunt
1162 4849 1259 4906 per
1286 4844 1483 4893 mrum,
1509 4826 1596 4882 ubi
1619 4825 1908 4880 continuus
1935 4821 2052 4875 sine
2084 4827 2239 4871 nocte

2347 4374 2556 4436 pauset,
2589 4374 2642 4419 et
2671 4382 2765 4420 cor
2813 4368 2962 4421 triste
2998 4366 3253 4432 laetilicet,
3303 4365 3500 4436 quibus
3538 4368 3753 4422 tandem
3780 4368 3921 4424 refo-

2349 4455 2563 4510 cillatus
2608 4455 2836 4520 deliciis,
2874 4464 2927 4509 et
2969 4455 3259 4510 multarum
3301 4455 3642 4510 miseriarum
3675 4471 3920 4510 mearum

2345 4547 2562 4612 oblitus,
2585 4546 2814 4613 {levatus
2841 4563 3001 4616 super
3027 4546 3364 4600 altitudinem
3407 4555 3586 4610 terrm,
3619 4546 3672 4599 in
3702 4556 3754 4600 te
3790 4560 3920 4600 vera

2344 4651 2476 4706 pace
2502 4637 2723 4706 quiesco
2751 4637 2842 4688 ⁷⁸⁸.

2835 4724 3209 4782 MEDITATIO
3232 4724 3326 4781 xv
3347 4727 3447 4797 (δ).

2350 4818 2424 4872 De
2479 4818 2859 4886 prateritorum
2923 4819 3284 4884 beneﬁciorum
3376 4815 3573 4873 Christi
3644 4815 3919 4884 memoria,

1940 4979 2167 5036 VARIE
2200 4978 2603 5034 LECTIONES.

745 5116 814 5150 ’⁸⁸
845 5114 969 5169 Car.
995 5113 1047 5164 (i.
1099 5109 1160 5162 In
1191 5107 1337 5161 Sam.
1377 5101 1542 5169 Caput
1568 5100 1619 5151 'l.
1652 5098 1726 5152 De
1756 5093 1951 5169 gaudio
1979 5091 2210 5169 paradisi
2275 5088 2572 5169 ."7ﬂ0mni'a
2605 5090 2737 5143 bona
2782 5094 2917 5169 irriti
2946 5089 3378 5169 Sonkonmiajn

3478 5088 3549 5120 ""
3595 5087 3699 5141 Per
3723 5088 3915 5151 Deum,

680 5154 938 5240 lumenv
959 5154 1488 5248 'svo'mi'I'wili'timuiii
1521 5170 1696 5223 lumen
1758 5154 1838 5196 ‘7"
1871 5154 2233 5248 lurirporales
2269 5161 2321 5212 in
2346 5158 2501 5248 [βοτη.
2537 5159 2971 5248 incorruptibiles
3011 5162 3112 5240 .7“
3142 5161 3271 5248 Car.
3296 5159 3348 5212 7.
3381 5158 3445 5213 In
3476 5158 3619 5212 Som.
3668 5154 3835 5237 Caput
3859 5155 3912 5211 8.

681 5254 757 5310 De
781 5269 940 5322 regno
967 5253 1246 5322 cielorutu.

683 5315 984 5379 consolatur
1015 5324 1170 5375 Deus.
1199 5315 1305 5370 Sed
1347 5325 1482 5382 quas
1508 5319 1604 5362 etc.

1322 5243 1389 5273 ⁷⁸⁸
1423 5239 1526 5294 Sed
1557 5252 1687 5306 quas
1721 5247 1816 5306 etc.
1865 5235 1925 5286 In
1959 5227 2100 5306 Sam,
2131 5228 2298 5306 Caput
2346 5230 2398 5282 9.
2431 5231 2710 5306 {promon
2735 5227 2852 5306 post
2887 5231 3106 5306 _n_iuiio_s_
3128 5230 3366 5306 ploratus
3406 5237 3654 5283 maestam
3683 5227 3916 5294 animum

1687 5308 1754 5339 ⁷⁸⁸
1783 5305 1922 5360 Pace
1959 5303 2196 5370 quiesco.
2241 5298 2538 5354 Somnalius
2567 5301 2647 5354 hic
2666 5298 2851 5369 Capita
2880 5303 2968 5354 Ξῖ.
2994 5299 3264 5368 subjungit

2174 5410 2399 5467 ΝΟΤᾸΞ.

754 5544 829 5611 (3)
860 5537 1004 5594 lianc
1027 5540 1081 5593 S.
1113 5534 1396 5591 Anselmus
1423 5525 1639 5594 scripsit
1665 5525 1731 5580 ad
1755 5539 1994 5580 sororem
2028 5538 2207 5577 suam.
