4190 6220
642 356 748 414 785

999 360 1058 417 Ξ.
1105 360 1397 418 ANSELMI
1432 353 1780 418 CANTUAR.
1813 359 2133 419 ARCIIIEP.
2173 362 2228 420 0]

2313 403 2323 419 .
2353 363 2533 422 PARS
2572 367 2707 424 ll.-
2737 371 3105 432 PARENET.
3129 374 3219 432 ΕΤ
3245 378 3488 434 ASCET.

3771 382 3871 440 788

647 471 937 528 dettntihns
980 481 1036 528 et
1077 470 1442 530 nescientibus
1487 473 1541 526 in
1576 473 1709 528 urbe
1759 469 2066 532 manentem
2118 492 2215 546 per
2243 479 2288 538 Α
2313 481 2590 536 mittuntur
2630 483 2726 538 tibi
2768 496 2980 554 peccata
3027 496 3119 540 tua
3153 481 3379 560 (Matii,
3417 502 3493 553 Ix,
3524 489 3602 557 εἰ).
3650 486 3695 545 Ο
3741 493 3869 549 mira

647 561 884 616 triduum
931 576 1051 616 cum
1110 568 1283 614 matre
1344 563 1659 641 gumsieris?
1707 563 1751 621 Ο
1805 558 2005 636 quanta
2051 567 2204 639 copia

646 653 811 711 liuent
839 654 1110 726 lacrymte.
1133 674 1254 714 cum
1289 661 1524 716 audieris
1556 661 1778 716 Matrem
1810 663 1949 724 dulci
1976 665 2204 731 quadam

645 747 1012 816 increpatione
1045 749 1242 807 Filium
1268 753 1644 810 verberantetn
1678 773 1691 809 :
1726 755 1851 820 Fili,
1878 757 2001 824 quid
2039 757 2209 826 [ecisti

643 837 789 892 nobis
807 837 922 891 sic?
945 837 1098 910 (Luc.
1122 857 1184 908 It,
1205 842 1322 914 48.)

713 923 774 980 Si
817 935 999 983 autem
1047 931 1202 1000 sequi
1251 931 1517 1002 Sponsum
1575 931 1837 1002 virginem
1887 946 2210 1005 quocunque

644 1014 768 1074 ierit
794 1018 979 1090 (Apoc.
1009 1038 1119 1088 xiv,
1148 1022 1203 1094 4)
1225 1023 1449 1078 delectet
1475 1022 1668 1077 altiora
1697 1023 1815 1094 ejus
1841 1034 1897 1081 et
1915 1024 2208 1082 secretiora

643 1118 916 1177 scrutare,
945 1119 1005 1166 ut
1033 1113 1086 1166 in
1110 1110 1356 1166 Iordanis
1396 1109 1614 1168 ﬂumine
1646 1114 1832 1170 audias
1876 1114 1929 1170 in
1961 1130 2091 1170 voce
2107 1114 2210 1170 Pa-

643 1202 808 1262 trmt,
835 1195 890 1254 in
918 1213 1078 1254 carne
1101 1197 1315 1265 Filium,
1348 1199 1400 1252 in
1430 1199 1676 1255 columba
1729 1189 1912 1258 videas
1951 1202 2209 1272 Spiritum

644 1295 913 1345 sanctum.
935 1288 1010 1345 ibi
1034 1290 1101 1344 ad
1124 1290 1430 1359 spirituales
1453 1293 1666 1362 nuptias
1692 1294 1914 1347 invitata
1942 1293 2207 1366 Sponsum

645 1373 874 1442 Suscipis
903 1376 1084 1430 datum
1120 1393 1151 1432 a
1177 1377 1357 1444 Patre,
1386 1380 1754 1450 purgationem
1786 1395 1815 1435 a
1838 1380 1993 1448 Filio,
2019 1382 2211 1453 pignus

647 1464 852 1521 amoris
875 1480 906 1520 a
933 1464 1135 1543 Spiritu
1169 1476 1354 1522 sancto
1413 1459 1619 1524 Exinde
1650 1468 2028 1527 dilectissimus
2055 1471 2212 1541 «lesus

643 1551 950 1611 soltndinis
988 1556 1082 1612 tibi
1130 1564 1334 1613 secreta
1368 1558 1593 1631 dicavit,
1619 1565 1675 1613 et
1701 1550 2065 1615 sanetiﬁcavit
2115 1561 2208 1615 tibi

637 1645 899 1725 jejunium
948 1651 1318 1716 subeundum,
1372 1652 1570 1708 docens
1623 1667 1745 1706 cum
1801 1653 1999 1708 callido
2057 1653 2210 1708 hoste

639 1741 974 1801 cenbictum.
1028 1743 1154 1799 liam
1181 1743 1253 1798 ibi
1295 1742 1456 1807 facta,
1485 1758 1586 1820 pro.
1614 1754 1664 1799 te
1693 1743 1858 1816 laeta,
1888 1754 1944 1801 et
1973 1759 2206 1816 quonam

647 1831 811 1886 modo
839 1829 978 1886 facta
1011 1839 1138 1886 sunt
1180 1830 1463 1900 diligenter
1486 1809 1770 1888 attendas.
1797 1809 1964 1905 bilige
1991 1809 2123 1891 eum
2177 1847 2206 1887 a
2239 1809 2284 1869 Β

645 1934 755 1991 quo
783 1922 924 1976 facta
955 1931 1080 1976 sunt
1099 1931 1152 1977 et
1173 1922 1392 1978 imitare
1417 1937 1536 2007 qua:
1563 1923 1702 1977 facta
1734 1933 1876 1979 sunt.
1911 1999 1916 2002 Π

714 2009 976 2070 Occurrat
993 2012 1107 2082 jam
1142 2023 1283 2069 nunc
1310 2015 1586 2085 memoria:
1611 2014 1908 2084 mulierilla
1933 2015 1985 2071 in
2010 2013 2215 2072 adniteo

643 2103 728 2161 rio
750 2104 1109 2174 deprehensa,
1132 2113 1189 2159 et
1213 2102 1371 2160 Jesus
1405 2113 1620 2174 rogatus
1652 2106 1717 2160 ad
1745 2105 2063 2162 sententiam
2083 2096 2213 2175 quid

644 2194 840 2268 gerit,
867 2195 1061 2264 quidve
1087 2195 1305 2261 dixerit,
1355 2196 1663 2252 recordare.
1697 2195 1753 2250 lu
1785 2206 1984 2251 terram
2028 2197 2213 2255 oculos

642 2287 796 2355 iecit,
821 2301 886 2344 ne
919 2286 1058 2341 forte
1078 2295 1384 2343 accusatam
1415 2285 1705 2354 respiciens
1736 2287 1895 2343 nimis
1919 2283 2213 2344 confundee

646 2386 747 2432 ret.
775 2377 907 2434 Cum
936 2378 1080 2433 enim
1111 2377 1354 2432 scribens
1395 2377 1447 2430 in
1481 2385 1646 2441 terra,
1693 2367 1934 2434 terrenos
1974 2389 2068 2432 eos
2105 2390 2210 2432 non

645 2467 894 2527 calestes
937 2467 1283 2538 prodidisset,
1332 2466 1422 2537 qui
1461 2467 1574 2525 sine,
1606 2477 1814 2535 peccato
1839 2478 1912 2520 est
1943 2479 2207 2536 vestrum,

641 2554 1042 2627 inquit,printus
1069 2555 1122 2609 in
1143 2553 1296 2609 illam
1310 2554 1536 2624 lapidem
1560 2557 1737 2608 mittat
1773 2553 1954 2623 (Joan.
1979 2568 2099 2619 vnt,
2131 2553 2208 2624 7).

646 2647 692 2704 0
713 2646 850 2701 mira
877 2655 930 2700 et
956 2644 1413 2719 inexstinguibilis
1439 2643 1646 2700 Christi
1679 2643 2011 2711 benignitas!
2037 2645 2212 2709 Quam

641 2736 1014 2792 condemnare
1033 2735 1178 2804 juste
1206 2733 1641 2812 potuit,'advertc
1665 2748 1826 2803 quam
1857 2733 1943 2802 pie
1970 2741 2025 2788 et
2050 2747 2212 2804 quam

548 2854 551 2856 >
649 2833 810 2882 caute
833 2823 1100 2880 liberavit.
1133 2823 1267 2879 Cum
1301 2824 1446 2878 enim
1475 2837 1660 2876 omnes
1682 2822 1949 2895 sententia
1981 2821 2214 2876 trivisset

648 2927 707 2974 et
745 2917 1040 2989 expulisset
1069 2931 1100 2972 e
1132 2915 1349 2997 templo,
1391 2915 1686 2988 imaginare
1718 2914 1874 2983 231
1907 2927 2065 2982 quam
2099 2913 2215 2982 pios

646 3007 834 3065 oculos
862 3007 916 3061 in
948 3007 1090 3060 illam
1120 3006 1402 3069 levavenit,
1439 3020 1601 3073 quam
1633 3003 1774 3057 dulci
1805 3014 1860 3058 et
1895 3003 2047 3056 suavi
2082 3016 2212 3058 voce

2307 571 2620 629 clementia!
2661 590 2695 630 o
2727 575 3016 640 indicibilis
3041 577 3438 642 misericordia!
3473 579 3696 648 Accepit
3741 582 3862 638 felix

2307 664 2677 720 remissionem
2701 658 3044 737 peccatorum
3074 683 3292 724 suorum
3316 683 3474 737 quam
3499 682 3608 724 non
3637 672 3872 738 petebat,

2307 767 2464 820 quam
2516 769 2620 807 non
2676 765 3027 824 prcceesserat
3081 757 3392 823 confessio,
3449 773 3549 813 nec
3604 773 3876 817 meruerat

2307 842 2624 906 satisfactio.
2663 860 2766 898 non
2792 847 3044 917 exigebat
3076 849 3352 903 contritio.
3374 849 3629 919 Corporis
3652 849 3876 905 salutem

2307 931 2546 1000 petebat,
2579 949 2684 987 non
2713 935 2929 1001 animae,
2960 945 3016 991 et
3043 937 3270 992 salutem
3322 941 3566 1009 corporis
3600 950 3657 996 et
3685 942 3879 997 animo:

2309 1020 2530 1088 recepit.
2564 1021 2721 1086 Vere,
2757 1024 3011 1089 Domine,
3059 1026 3168 1080 vita
3223 1027 3277 1082 in
3329 1028 3628 1085 voluntate
3655 1040 3740 1084 tua
3773 1070 3789 1095 ,
3830 1032 3877 1086 si

2309 1108 2614 1164 decreveris
2658 1111 2872 1168 salvare
2916 1128 3054 1178 nos,
3113 1130 3272 1170 nemo
3323 1118 3520 1188 pulerit
3575 1119 3877 1186 prohibere.

2311 1197 2366 1252 Si
2393 1199 2537 1252 aliud
2569 1199 2902 1268 decreveris,
2934 1218 3038 1257 non
3068 1211 3151 1258 est
3174 1205 3268 1274 qui
3293 1206 3492 1261 audeat
3521 1199 3702 1262 dicere.
3730 1209 3881 1265 :ACur

2311 1285 2384 1342 ita
2407 1284 2576 1342 facis?
2605 1276 2896 1355 Pharisaze,
2925 1291 3053 1360 quid
3077 1304 3383 1348 murmuras
3405 1293 3428 1346 ἲ
3453 1293 3534 1348 An
3551 1296 3734 1349 oculus
3761 1307 3882 1353 tuus

2313 1395 2529 1448 nequam
2558 1391 2663 1446 est,
2697 1383 2818 1453 quia
2853 1383 2968 1453 ipse
3019 1384 3183 1440 bonus
3233 1385 3351 1441 est?
3387 1386 3605 1458 (Matth.
3654 1404 3729 1454 Ix,
3770 1391 3882 1460 l5.)

2310 1469 2469 1524 Certe
2504 1470 2796 1529 miseretur
2825 1474 2910 1529 cui
2944 1475 3176 1531 voluerit
3205 1476 3377 1548 (Rom.
3427 1494 3502 1542 Ix,
3547 1480 3670 1548 l8);
3711 1482 3883 1552 plore-

2312 1574 2430 1614 ntus
2459 1569 2514 1615 et
2539 1573 2757 1617 oremus
2794 1572 2851 1618 ut
2897 1564 3044 1619 velit.
3082 1565 3244 1621 Bonis
3269 1567 3430 1639 etiam
3477 1571 3731 1638 operibus
3760 1573 3882 1640 pin-

2311 1662 2530 1719 guescat
2559 1653 2752 1715 oratio.
2785 1663 3047 1722 augeatur
3076 1657 3311 1724 devotio,
3342 1645 3612 1715 excitetur
3640 1662 3880 1716 dilectio.

2313 1744 2583 1799 Levenlur
2612 1757 2759 1815 pura:
2780 1761 2975 1802 manus
2995 1747 3048 1802 in
3074 1749 3338 1814 oratione,
3369 1765 3502 1820 quas
3532 1760 3636 1806 nan
3667 1754 3886 1823 sanguis

2314 1833 2670 1890 inmunditiae
2698 1837 3006 1903 maculavit,
3049 1847 3225 1894 tactus
3255 1840 3470 1897 illicitas
3506 1858 3609 1897 non
3638 1843 3883 1910 fiedavit,

2313 1927 2539 1980 avaritia
2575 1943 2684 1982 non
2730 1929 3091 1997 exasperavit,
3121 1923 3329 1985 levetur
3353 1941 3407 1987 et
3446 1947 3541 1986 cor
3568 1933 3685 1987 sine
3712 1933 3788 1986 ira
3831 1943 3889 1986 et

2312 2013 2736 2086 disceptatione,
2775 2019 2925 2087 quod
2967 2020 3334 2090 tranquillitas
3385 2009 3624 2089 sedavit,
3670 2032 3725 2076 et
3779 2039 3886 2092 pax

2313 2105 2617 2176 compesuit
2687 2108 2895 2179 puritas
2919 2109 3266 2166 conscientia:
3291 2110 3440 2165 lavit.
3478 2111 3587 2166 Sed
3621 2111 3753 2171 nihil
3784 2114 3888 2167 lto-

2316 2212 2432 2250 rum
2463 2197 2791 2268 paralyticos
2819 2200 2922 2254 iste
2964 2199 3160 2270 legitur
3199 2201 3549 2270 praemisisse,
3578 2203 3672 2272 qui
3703 2213 3890 2277 tamen

2314 2287 2508 2357 legitur
2553 2290 2923 2345 remissionem
2954 2291 3191 2345 omnium
3220 2301 3563 2361 peccatorum
3596 2282 3890 2349 meruisse.

2314 2374 2440 2448 llaec
2468 2386 2549 2432 est
2579 2389 2756 2432 autem
2803 2377 3088 2446 ineﬂabilis
3124 2380 3504 2436 misericordiae
3531 2382 3646 2452 ejus
3676 2383 3888 2449 virtus,

2311 2465 2397 2521 cui
2432 2467 2571 2518 sicut
2605 2466 2975 2536 biasphemum
3007 2477 3093 2522 est
3137 2469 3422 2540 derogare,
3460 2472 3532 2525 ita
3561 2480 3621 2526 et
3648 2472 3891 2526 hocsibi

2311 2572 2658 2629 prtesutnere,
2686 2556 3088 2611 stultissimum.
3106 2559 3288 2614 Potest
3315 2560 3616 2631 cuicunque
3645 2560 3757 2616 “vult
3784 2562 3894 2617 hoc

2314 2644 2487 2718 iiis“!!!
2516 2645 2810 2704 efﬁcaciter
2837 2646 3020 2702 dicere
3047 2647 3188 2718 quod
3238 2647 3375 2704 dixit
3421 2649 3716 2721 paralytico
3741 2668 3755 2705 :
3784 2650 3892 2704 Di-

2313 2738 2698 2790 ntittunturtibi
2717 2748 2927 2806 peccata
2953 2747 3045 2792 tua
3069 2734 3283 2808 (Matth.
3305 2752 3382 2802 Ix,
3407 2738 3484 2806 5).
3520 2737 3625 2793 Sed
3654 2739 3896 2809 quicun-

2312 2837 2417 2893 que
2435 2821 2552 2879 sine
2578 2839 2675 2879 suo
2707 2823 2909 2891 labore,
2932 2825 3021 2880 vel
3035 2826 3378 2890 contritione,
3405 2827 3486 2880 vel
3517 2827 3900 2894 confessione,

2314 2912 2396 2967 vel
2444 2914 2604 2969 etiam
2640 2913 2906 2981 oratione,
2956 2913 3058 2970 sibi
3122 2915 3546 2978 boc'diccndum
3575 2926 3894 2986 exspectat,

2314 3019 2594 3072 nunquam
2615 3005 2670 3059 ei
2695 3007 3038 3059 remittuntur
3059 3012 3296 3078 peccata.
3606 2997 3608 3004 ’

635 3095 972 3156 sententiam
1009 3095 1363 3171 absolutionis
1408 3093 1523 3164 ejus
1558 3091 2034 3162 prnltthzt'it?-Pttln
2067 3093 2210 3161 quod
2237 3135 2280 3192 Ο
2379 3093 2487 3166 (Sed
2511 3095 2814 3146 exeundum
2846 3102 2932 3146 est
2961 3094 3110 3159 hinc,
3140 3104 3194 3148 ct
3219 3095 3284 3148 ad
3329 3094 3644 3174 Bethaniatn
3667 3095 3903 3186 veniene

643 3183 964 3254 Suspiravit,
1019 3185 1164 3253 quod
1209 3183 1536 3253 lacrymatus
1577 3180 1758 3245 fuerit,
1808 3196 1928 3235 cum
1961 3181 2206 3246 diceret:

647 3273 818 3335 Nemo
840 3283 886 3328 te
912 3256 1270 3328 condemnavit
1297 3272 1488 3327 mulier
1511 3272 1686 3343 (ibat,
1710 3272 1817 3342 10);
1845 3281 1948 3326 etc.
1967 3259 2134 3334 Felix,
2160 3281 2218 3326 ut

649 3367 725 3422 ita
754 3365 952 3430 dicam,
982 3366 1094 3438 inec
1136 3349 1377 3418 aduitera
1417 3363 1628 3429 mulier,
1674 3378 1793 3432 quae
1837 3364 1902 3416 de
1926 3356 2218 3432 praeteritis

649 3455 966 3528 absolvitur,
1000 3469 1190 3522 secura
1213 3452 1442 3508 efﬁcitur
1473 3454 1539 3508 de
1573 3452 1787 3506 futuris.
1816 3452 1940 3506 Jesu
1974 3453 2130 3515 bone,
2165 3460 2217 3507 te

646 3543 883 3609 dicente,
919 3561 1010 3598 nec
1033 3560 1124 3613 ego
1150 3553 1205 3606 te
1230 3542 1579 3597 condemnabo
1603 3541 1776 3611 (ibid.,
1806 3541 1916 3611 Η),
1941 3542 2061 3610 quis
2087 3556 2215 3595 con-

650 3633 968 3689 demnabit?
995 3633 1136 3687 Deus
1167 3642 1241 3686 est
1277 3631 1368 3700 qui
1398 3630 1678 3699 justi/Scal,
1707 3629 1821 3698 quis
1868 3638 1942 3683 est
1975 3631 2062 3699 qui
2093 3645 2216 3683 con-

645 3709 888 3792 deauret?
911 3722 1082 3792 (Rom.
1113 3736 1230 3785 vtn,
1253 3721 1342 3785 33,
1365 3720 1482 3788 34.)
1511 3720 1773 3772 Audiatur
1801 3718 1868 3771 de
1888 3727 2083 3773 cretero
2113 3735 2210 3774 vox

648 3826 759 3880 tua,
775 3791 934 3874 Vade,
959 3822 1006 3866 et
1020 3811 1137 3880 jam
1161 3810 1383 3879 amplius
1398 3806 1505 3862 noli
1515 3823 1727 3877 peccare
1753 3806 1933 3878 (Joan.
1966 3823 2084 3872 vttt,
2103 3809 2120 3859 l
2140 3809 2211 3877 ι).

711 3899 829 3971 Jam
869 3915 1010 3958 nunc
1033 3897 1334 3971 ingredere
1351 3899 1567 3952 domum
1591 3895 1868 3961 Pharisaei,
1896 3897 2211 3951 recumben—

645 4005 753 4048 tctn
784 3993 853 4047 ibi
881 3969 1164 4047 Dominum
1196 4001 1346 4045 tuum
1371 3987 1606 4050 attende,
1636 3987 1832 4043 accede
1860 4002 1982 4041 cum
2009 3988 2210 4042 beatis-

646 4084 781 4141 sima
829 4081 1131 4152 (mecatrice
1165 4079 1424 4155 adapedes
1452 4076 1588 4145 ejus,
1618 4077 1736 4131 lava
1762 4076 2033 4148 lacrymis,
2065 4086 2211 4145 terge

643 4173 873 4247 capillis,
901 4172 1144 4242 demulxce
1169 4169 1386 4236 osculis,
1412 4168 1532 4223 fove
1558 4164 1862 4245 unguentis.
1890 4157 2078 4223 Nunne
2100 4169 2209 4238 jam

645 4281 803 4336 sacro
825 4266 1048 4334 liquoris
1077 4264 1220 4331 illius
1239 4263 1405 4317 odore
1426 4254 1804 4330 perfunderis?
1832 4258 1887 4315 Si
1919 4259 2011 4313 tibi
2035 4261 2209 4315 adhuc

644 4372 772 4413 suos
801 4365 959 4427 negat
999 4355 1182 4426 pedes,
1217 4353 1387 4420 insta,
1435 4366 1568 4429 ora,
1589 4359 1643 4404 et
1675 4345 1925 4420 gravidos
1960 4351 2211 4422 lacrymis

2320 3182 2469 3254 dum,
2503 3184 2590 3236 tibi
2634 3183 2998 3238 sacratissima
3049 3182 3251 3238 foedera
3282 3184 3535 3239 amicitia:
3567 3177 3897 3239 auctoritate

2322 3273 2528 3326 Domini
2578 3283 2986 3330 consecrantur.
3039 3273 3296 3346 Diligebat
3353 3275 3495 3329 enim
3539 3274 3693 3328 Jesus
3733 3273 3895 3328 Mar-

2319 3361 2460 3414 tltam
2483 3403 2497 3425 ,
2547 3363 2772 3416 Mariam
2812 3375 2865 3417 et
2905 3364 3166 3417 Lazarum
3197 3365 3376 3434 (Joan.
3407 3381 3484 3429 XI,
3519 3365 3596 3434 5).
3629 3365 3784 3431 Quod
3821 3366 3896 3419 ob

2319 3451 2549 3518 speciale
2581 3453 2828 3506 amicitia:
2867 3453 3227 3528 privilegium,
3277 3468 3384 3522 quo
3422 3443 3498 3512 illi
3547 3452 3896 3517 lamiliariori

2319 3541 2666 3598 adhaerebant
2712 3542 2906 3597 ali‘ectu
2951 3533 3150 3597 dictum
3183 3528 3343 3597 nemo
3372 3552 3456 3599 est
3505 3544 3593 3613 qui
3625 3543 3893 3610 ambigat.

2288 3692 2291 3694 _
2318 3631 2509 3699 Testes
2535 3639 2659 3684 sunt
2679 3629 2925 3701 lacrytna:
2953 3630 3054 3684 illa:
3076 3630 3283 3696 dulces,
3313 3631 3897 3701 quibuscoliacryma-

2319 3730 2408 3773 tus
2431 3730 2513 3774 est
2554 3720 2972 3790 lacrymantibns
3004 3734 3140 3789 quas
3182 3730 3324 3776 totus
3347 3713 3578 3792 populus
3609 3720 3888 3791 interpre-

2315 3812 2529 3865 tabatur
2557 3809 2756 3862 amoris
2786 3809 3062 3862 indicium.
3104 3808 3304 3876 Videte,
3336 3810 3602 3879 inquiens,
3626 3812 3896 3881 quomodo

2314 3892 2656 3956 amabat-eunt
2689 3900 2868 3968 (Joan.
2898 3916 2972 3968 χι,
2999 3900 3110 3970 56).
3147 3899 3213 3954 Et
3239 3915 3365 3957 ecce
3389 3893 3589 3970 faciunt
3618 3904 3666 3957 ei
3688 3920 3894 3960 cwnam

2313 3992 2406 4054 ibi,
2428 4001 2474 4045 et
2498 3989 2709 4043 Mart/ta
2739 3990 3100 4056 ministrabat;
3135 3989 3368 4060 Lazarus
3399 4001 3574 4045 autem
3609 4011 3744 4048 unus
3775 4006 3896 4048 erat

2313 4097 2376 4135 ea:
2428 4080 2890 4149 discumbentibus,
2927 4079 3101 4133 Maria
3152 4082 3369 4152 sumpsit
3427 4081 3746 4136 alabastrum
3790 4101 3896 4137 un-

2312 4171 2486 4239 guenti
2518 4168 2695 4242 (Joan.
2718 4184 2791 4222 xu
2813 4209 2830 4237 ,
2853 4167 2909 4234 2,
2934 4168 3012 4238 5),
3042 4177 3148 4224 etc.
3177 4168 3382 4235 Gaude,
3411 4185 3614 4239 quaeso,
3648 4170 3774 4226 huic
3807 4172 3899 4236 in:

2315 4272 2515 4315 teresse
2541 4260 2807 4316 convivio.
2833 4260 3176 4329 Singulorum
3224 4261 3492 4331 distingue
3515 4260 3711 4316 oﬂieia.
3742 4263 3894 4318 Mar-

2316 4352 2402 4405 tha
2430 4351 2791 4411 ministrabat,
2815 4349 3195 4403 discumbebat
3219 4348 3484 4418 Lazarus,
3515 4347 3665 4422 ungit
3690 4351 3888 4415 Maria.

641 4451 828 4506 oculos
854 4448 1061 4517 attolle,
1107 4448 1319 4519 tuisque
1353 4443 1623 4513 suspiriis,
1656 4443 2212 4512 inenarrabilibusque
2245 4477 2292 4533 ι)
2324 4443 2434 4495 lloc
2465 4441 2709 4520 ultimum
2747 4451 2892 4495 tuum
2923 4449 3039 4526 est;
3065 4438 3255 4532 frange
3282 4440 3355 4496 ibi
3389 4434 3719 4498 alabastrum
3761 4459 3892 4500 cor-

643 4538 930 4610 gemitibus
951 4545 1213 4604 extorque
1231 4535 1371 4604 quod
1393 4533 1551 4604 petis.
1569 4530 1801 4586 Luctare
1825 4547 1946 4586 cum
1974 4547 2059 4598 eo,
2076 4533 2215 4586 sicut

643 4629 811 4685 Jacob
841 4626 993 4694 (Gen.
1030 4641 1214 4696 χχχιι,
1242 4625 1370 4696 24),
1412 4617 1478 4682 ἰιι
1535 4629 1648 4700 ipse
1703 4641 1761 4682 se
1789 4625 2018 4695 gaudeat
2059 4640 2217 4694 supe-

646 4719 778 4775 rari.
809 4715 1217 4773 Videbitur'tibi
1254 4709 1547 4786 aliquando
1576 4716 1719 4784 quod
1751 4724 1961 4769 avertat
2006 4715 2208 4780 oculos,

646 4808 788 4879 quod
813 4822 972 4862 aures
995 4805 1243 4870 claudat,
1270 4796 1416 4874 quod
1436 4801 1774 4860 desideratos
1800 4805 1960 4878 pedes
1987 4804 2215 4859 abscon-

647 4900 756 4955 dat.
795 4896 874 4952 Tu
908 4896 1256 4950 nihilominus
1282 4884 1421 4950 insta
1465 4904 1783 4965 opportune,
1811 4896 2100 4964 importune
2125 4894 2208 4964 (II

648 4989 781 5044 Tim.
811 4989 984 5057 tv,2),
1011 4989 1180 5046 clama
1208 4984 1222 5039 ξ
1251 4985 1523 5056 Usquequo
1546 4986 1813 5051 clamabo,
1838 4996 1887 5038 et
1926 5001 2027 5037 non
2050 5000 2212 5038 exau-

647 5081 800 5139 dies.’
832 5080 990 5150 (Ilab.
1020 5097 1068 5143 I,
1107 5078 1188 5148 2.)
1218 5076 1393 5130 Redde
1420 5075 1584 5138 mihi,
1612 5072 1735 5129 Jcsn
1779 5075 1932 5137 bone,
1976 5074 2211 5127 lwtitiam

644 5172 894 5231 salutaris
927 5171 1000 5222 tui
1028 5167 1194 5238 (Psal.
1227 5183 1274 5233 ι,
1305 5166 1391 5233 id)
1413 5183 1430 5234 ;~
1459 5165 1581 5233 quia
1615 5164 1708 5218 tibi
1731 5165 1860 5218 dixit
1889 5179 1976 5216 cor
2006 5180 2171 5215 meum
2194 5205 2208 5229 ,

646 5264 860 5335 ηιατἰυὶ
901 5262 1088 5331 [aciem
1133 5269 1301 5320 tuam,
1337 5259 1518 5325 faciem
1564 5271 1706 5334 tuam
1736 5261 1992 5328 requirant
2025 5255 2207 5326 (l’sal.

647 5370 796 5418 xxvr.
828 5352 1211 5422 8).Certe,non
1244 5347 1458 5413 negabit
1489 5349 1650 5415 pedes
1678 5363 1803 5402 suos
1829 5349 2046 5416 virgini,
2075 5362 2209 5414 quos

649 5442 967 5504 esculandos
989 5437 1212 5508 praebuit
1239 5432 1544 5503 peccatrici.

721 5532 829 5592 Sed
853 5543 912 5588 et
933 5533 1150 5587 domum
1178 5526 1322 5581 illam
1348 5537 1454 5578 non
1481 5522 1796 5590 praeteribis,
1821 5525 1908 5578 ubi
1937 5539 2028 5591 per
2059 5533 2208 5592 tegu-

660 5631 734 5685 ω
763 5623 1095 5696 paralyticus
1139 5627 1266 5671 ante
1314 5613 1478 5682 pedes
1528 5608 1643 5674 ejus
1691 5610 2067 5676 submittitur,
2121 5613 2208 5665 ubi

688 5720 824 5774 (Im
852 5726 902 5772 et
944 5723 1174 5785 pblestas
1204 5705 1555 5762 obviavcrunt
1586 5696 1707 5750 sibi.
1746 5697 1870 5761 Fili,
1901 5701 2091 5768 inquit,
2127 5720 2204 5756 rc.

2321 4531 2431 4594 dis,
2459 4539 2515 4585 et
2554 4517 2810 4599 quidquid
2841 4529 3007 4584 trabes
3030 4523 3349 4598 devotionis,
3372 4531 3630 4602 quidquid
3657 4535 3887 4603 amoris,

2319 4621 2575 4691 quidquid
2623 4621 2892 4685 desiderii,”
2929 4620 3188 4690 quidquid
3217 4622 3543 4689 affectionis,
3593 4633 3762 4679 totum
3805 4627 3890 4681 ef-

2317 4712 2477 4768 funde
2504 4728 2665 4782 super
2698 4721 2858 4782 caput
2905 4710 3097 4782 Sponsi
3145 4713 3243 4780 tui,
3273 4713 3506 4769 adorans
3557 4714 3612 4768 in
3661 4715 3888 4772 homine

2315 4804 2503 4869 Deum,
2524 4813 2579 4856 et
2599 4803 2867 4858 hominem
2907 4803 2961 4859 in
2995 4804 3120 4857 Deo.
3147 4801 3209 4858 Si
3236 4803 3437 4869 fremit,
3468 4805 3522 4858 si
3552 4817 3880 4873 tnunnurat,

2315 4895 2366 4967 si
2409 4895 2613 4950 invidet
2648 4893 2909 4962 proditor,
2940 4891 2988 4947 si
3041 4892 3395 4962 perditionem
3425 4904 3581 4948 vocat
3628 4893 3880 4951 devotio-

2315 4998 2467 5047 nem,
2501 4997 2603 5039 non
2633 4981 2704 5037 sit
2733 4980 2828 5037 tibi
2863 4995 3027 5037 curre.
3059 4980 3126 5036 Ut
3165 4983 3315 5052 quid,
3347 4982 3444 5048 ait,
3475 4983 3700 5053 perditio
3725 4985 3838 5042 lucc
3857 4988 3885 5040 Ρ

2311 5080 2510 5141 poterat
2535 5071 2630 5124 hoc
2656 5081 2978 5140 unguentum
3001 5071 3287 5126 renuntiari
3314 5071 3478 5126 multo
3514 5071 3707 5143 (Marc.
3753 5090 3875 5142 xxv,

2313 5165 2367 5234 4)
2402 5204 2416 5229 ,
2456 5171 2558 5218 etc.
2593 5162 2898 5219 Pharisteus
2949 5173 3249 5219 murmurat
3293 5164 3872 5247 invidens'ptenitcnti,

2313 5263 2614 5309 murmurat
2659 5253 2823 5310 Judas
2871 5255 3116 5310 invidens
3163 5254 3408 5310 edusioni
3451 5243 3730 5326 unguenti.
3761 5256 3875 5313 Sed

2312 5345 2480 5400 iudex
2526 5346 2919 5401 accusationem
2959 5361 3064 5401 non
3113 5345 3342 5416 recipit,
3407 5355 3713 5401 accusatam
3773 5348 3877 5402 ab-
3921 5379 3932 5385 ε

2313 5436 2486 5491 solvit.
2541 5436 2745 5502 Sinite,
2804 5438 3015 5505 inquit,
3061 5437 3246 5503 illam;
3310 5439 3497 5492 bonum
3545 5438 3681 5491 enim
3740 5454 3871 5507 opus

2312 5531 2482 5596 (ibid.,
2526 5528 2610 5599 6),
2647 5538 2749 5584 etc.
2803 5527 3328 5596 Laborctgblartba‘,
3373 5529 3667 5592 ministret,
3713 5539 3869 5600 paret

2310 5621 2592 5690 hospitium
2636 5621 2944 5689 peregrino,
2997 5621 3249 5677 esurienti
3279 5618 3485 5688 cibum,
3535 5622 3733 5679 sitienti
3761 5635 3866 5690 po-

2314 5718 2445 5774 lum,
2484 5721 2682 5768 vestem
2725 5711 2940 5780 algenti.
2977 5711 3085 5784 Ego
3115 5714 3258 5772 solus
3281 5714 3459 5773 Mariae
3493 5725 3546 5772 ct
3591 5714 3676 5774 illa
3706 5710 3861 5782 mihi,-

3580 6215 3633 6220 __.
3705 6208 4075 6220 -ιιῄή
