4190 6204
313 297 414 356 789

1668 260 2193 353 nentrartoscs.

3423 282 3565 359 ιω,

311 413 506 468 Totum
536 421 749 482 praestat
800 413 943 483 quod
985 411 1175 474 habet;
1207 424 1235 462 a
1271 423 1355 463 me
1401 410 1665 478 quidquid
1698 415 1870 476 optat,
1906 406 1947 461 Α
1974 402 2137 455 sudor
2162 399 2312 471 (Luc.
2344 415 2478 468 ml,
2504 400 2625 469 ιι),
2652 407 2753 455 etc.
2770 396 2909 466 Quid
2934 404 3048 483 stas
3075 401 3392 483 accurtepet
3412 364 3537 452 sna-

311 514 606 574 exspcctel.
633 504 771 575 Quid
807 507 983 560 enim?
1027 504 1177 558 Tune
1204 503 1382 557 Maria:
1413 504 1649 559 consulis
1669 543 1683 566 ,
1710 502 1873 556 relin-

312 597 524 664 quendo
563 597 726 663 pedes
770 610 906 665 quos
952 592 1180 648 dulciter
1229 593 1539 658 osculatur,
1584 590 1874 646 avertendo
1910 618 1911 621 η

310 685 497 740 oculos
521 687 590 739 ab
618 686 703 739 illa
750 683 1148 754 speciosissima
1186 681 1323 737 [acie
1350 699 1509 753 quam
1547 680 1876 749 contempla—

314 784 425 841 tur,
454 775 753 829 amovendo
786 775 1024 829 auditum
1052 774 1121 828 ab
1161 774 1279 843 ejus
1316 775 1465 829 suavi
1496 774 1876 841 sermoneque

313 866 584 921 reficitur?
618 848 627 855 ’
1508 844 1509 851 χ

384 956 489 1012 Sed
505 955 617 1023 jam
648 966 931 1027 surgentes
951 972 1137 1012 eamus
1157 957 1300 1011 hinc.
1325 957 1474 1024 Quo?
1502 956 1700 1026 inquis.
1720 953 1877 1009 Certe

310 1054 371 1101 ut
396 1046 715 1101 insidentem
748 1049 915 1102 asello
941 1048 1062 1102 caeli
1113 1057 1377 1116 ternaque
1406 1047 1688 1103 Dominum
1713 1044 1878 1099 comi-

314 1134 465 1198 teris,
499 1144 759 1205 tantaque
804 1137 916 1191 ﬁeri
962 1154 1058 1208 pro
1087 1146 1135 1192 te
1159 1138 1566 1208 obstupescens,
1590 1122 1877 1206 parvorum

310 1221 556 1279 laudibus
587 1236 702 1281 tuas
727 1227 954 1291 inseras,
978 1228 1220 1282 clamans
1258 1239 1313 1283 et
1343 1230 1530 1283 dicens
1565 1247 1577 1281 :
1624 1228 1875 1282 "osanna

310 1313 420 1378 [ilio
446 1313 613 1367 David
644 1315 858 1386 (Matth.
883 1332 994 1378 ιιι,
1024 1317 1078 1385 il)
1097 1357 1111 1381 ,
1137 1326 1247 1371 etc.

380 1404 497 1458 Jam
528 1421 669 1460 nunc
710 1409 940 1462 ascende
969 1422 1088 1461 cum
1115 1422 1180 1462 eo
1216 1408 1266 1461 in
1296 1406 1614 1461 caemcntum
1660 1408 1876 1476 grande,

309 1502 529 1545 stratum
563 1493 754 1561 (Marc.
780 1511 892 1559 xw,
923 1495 1013 1565 15)
1030 1534 1045 1562 ,
1069 1503 1123 1549 et
1148 1494 1401 1549 salutaris
1424 1509 1593 1549 cmna:
1621 1497 1878 1549 interesse

310 1580 519 1638 deliciis
541 1584 835 1653 gratulare.
863 1585 1060 1640 Vincat
1101 1586 1478 1640 verecundiam
1512 1600 1684 1650 amor,
1718 1587 1876 1639 timo-

311 1684 427 1727 rem
466 1674 719 1728 excludat
756 1674 1002 1742 allectus,
1040 1684 1099 1741 ut
1135 1676 1325 1730 saltem
1371 1676 1436 1729 de
1488 1676 1643 1730 micis
1679 1692 1876 1731 mensa:

1975 488 2225 543 vissitnas
2252 487 2370 568 illas
2399 493 2577 557 guttas
2620 486 2835 549 lambe,
2855 494 2909 540 et
2940 482 3214 553 pulverem
3240 481 3435 550 pedum
3465 482 3534 537 il-
3586 532 3587 535 η

1975 578 2078 633 lius
2119 577 2281 647 linge.
2327 574 2445 629 Noli
2485 575 2722 629 dormire
2769 589 2895 628 cum
2943 573 3234 636 Petro,ne
3283 569 3540 627 merearis

1975 666 2164 724 audire
2202 684 2218 722 :
2250 665 2340 722 Sic
2379 682 2480 719 non
2510 665 2722 736 potestis
2754 680 2859 717 una
2904 664 3035 717 hora
3064 661 3278 732 vigilare
3306 654 3542 719 nucum!
3563 670 3583 699 η’

1977 756 2189 830 (Matth.
2222 771 2347 811 xxvi
2367 797 2381 821 ,
2412 754 2529 823 40.)

1959 870 1965 879 ι
2046 848 2334 919 ξθκβθό
2362 861 2488 903 ecce
2501 845 2614 916 jam
2642 843 2974 914 proditorem
2997 852 3321 911 praeeuntem
3354 838 3544 907 impio-

1979 953 2098 995 tum
2116 938 2279 993 turba
2322 937 2684 1007 prosequitur,
2719 944 2775 990 et
2819 932 3066 989 osculum
3110 930 3379 1001 praebente
3408 928 3543 982 inda

1978 1042 2170 1086 manus
2207 1026 2455 1097 iniiciunt
2501 1028 2554 1079 in
2602 1024 2809 1088 Jesum,
2841 1021 3125 1077 Dominum
3164 1034 3319 1075 suum
3365 1026 3548 1072 tenent
3596 1058 3599 1065 .

1978 1121 2223 1189 ligatum,
2270 1124 2326 1172 et
2364 1116 2487 1170 illas
2536 1114 2717 1170 dulces
2758 1128 2949 1168 manus
2997 1108 3229 1171 vinculis
3251 1110 3547 1174 stringunt.

1940 1246 1943 1249 -
1979 1211 2117 1278 Quis
2140 1208 2318 1264 ferat?
2365 1205 2515 1270 Scio,
2542 1213 2770 1273 occupat
2814 1215 2957 1258 nunc
3004 1216 3097 1257 cor
3144 1208 3296 1256 tuum
3335 1199 3506 1268 pietas
3533 1236 3559 1256 .-

1978 1303 2160 1360 omnia
2190 1301 2399 1356 viscera
2433 1304 2523 1351 tua
2552 1293 2706 1351 zelus
2734 1292 3051 1348 inﬂammat.
3082 1288 3243 1354 Siue,
3279 1304 3423 1359 rogo.
3457 1302 3550 1356 pa-

1981 1397 2163 1459 tiatur,
2196 1392 2288 1462 qui
2317 1402 2415 1460 pro
2447 1396 2502 1443 te
2526 1385 2754 1457 patitur.
2783 1380 2923 1451 Quid
2942 1390 3094 1451 optas
3116 1379 3387 1449 gladium?
3422 1376 3565 1446 quid,

1980 1484 2267 1541 irasceris?
2288 1480 2417 1551 quid
2444 1475 2779 1557 indlgnarip‘i
2808 1469 2867 1527 Si
2899 1472 3072 1557 instar
3097 1469 3241 1557 Petri
3271 1467 3577 1557 cujuslibet,

1935 1592 1942 1612 ο
1981 1574 2159 1629 autem
2190 1568 2507 1634 abscideris,
2539 1565 2583 1621 si
2634 1554 2778 1619 ferro
2823 1556 3103 1615 brachium
3135 1554 3343 1635 tuleris,
3372 1554 3416 1605 si
3465 1566 3553 1621 pe-

1981 1670 2101 1721 dem
2133 1661 2469 1718 truncaveris
2489 1698 2507 1725 ,
2536 1657 2653 1728 ipse
2686 1651 2934 1710 restituet
2963 1647 3164 1703 omnia.
3195 1644 3295 1712 Qui
3326 1644 3486 1697 etiam
3512 1642 3557 1699 si

311 1759 454 1816 illius
476 1761 868 1833 eleemosynam
893 1732 1127 1834 praebeat
1152 1764 1499 1819 meudicanti.
1532 1765 1625 1819 Vel
1657 1781 1685 1817 a
1717 1765 1875 1833 longe
1912 1733 1954 1789 Β
1982 1768 2142 1824 quem
2196 1749 2485 1813 Occideris,
2519 1746 2726 1813 absque
2770 1741 2934 1796 tlllbio
2983 1735 3286 1801 suscitabil-
3321 1732 3559 1799 Sequere

312 1860 417 1913 sta,
454 1859 507 1904 et
531 1852 684 1919 quasi
709 1867 910 1921 pauper
928 1853 1212 1907 attendens
1236 1852 1289 1905 in
1319 1853 1559 1919 divitem,
1588 1865 1644 1905 ut
1672 1852 1872 1921 aliquid

314 1942 565 2011 accipias,
595 1943 825 1997 extende
869 1957 1106 2006 manum,
1151 1944 1345 1997 famem
1400 1944 1652 2013 lacrymis
1688 1942 1872 2012 prode.

311 2031 445 2087 Cum
478 2043 656 2088 autem
698 2026 922 2106 surgens
951 2051 981 2089 a
1012 2051 1163 2090 coma
1190 2036 1357 2089 linteo
1395 2049 1452 2089 se
1486 2037 1828 2104 prmcinxerit
1852 2075 1866 2102 ,

310 2122 624 2192 miseritque
650 2139 843 2193 aquam
873 2126 925 2179 in
952 2125 1147 2194 pclvim
1173 2124 1350 2193 (Joa'n.
1369 2142 1489 2193 xm,
1516 2126 1567 2190 4,
1601 2126 1677 2194 5),
1702 2127 1876 2196 cogita

311 2225 432 2278 quze
463 2213 736 2281 majestas,
764 2226 887 2283 qua:
920 2221 1156 2283 potestas
1201 2215 1476 2268 hominum
1508 2216 1671 2285 pedes
1707 2215 1874 2270 abluit

311 2310 367 2355 et
393 2304 648 2371 cxtergil,
673 2319 793 2371 qua:
822 2303 1122 2373 benignitas
1152 2304 1439 2372 proditoris
1462 2305 1682 2375 vestigia
1708 2305 1878 2360 sacris

266 2421 270 2423 ›
313 2388 564 2443 manibus
593 2390 786 2457 tangit.
827 2389 1047 2458 Specta,
1070 2400 1125 2444 ct
1168 2403 1445 2461 exspecm,
1473 2400 1528 2445 et
1555 2393 1740 2447 ultimo
1764 2408 1881 2446 um-

310 2480 460 2536 niutn
489 2489 607 2533 tuos
631 2480 677 2534 ei
700 2481 879 2548 praebe
908 2480 1071 2549 pedes
1099 2480 1410 2542 ablneudos,
1430 2482 1555 2551 quia
1582 2480 1741 2551 quem
1766 2482 1882 2552 ipse

311 2584 418 2630 non
450 2569 659 2634 laverit,
688 2586 794 2624 non
846 2571 1063 2629 habebit
1105 2580 1311 2640 partem
1349 2588 1471 2627 cum
1503 2588 1567 2627 eo
1590 2573 1878 2643 '(ibid.,.8).

310 2660 451 2727 Quid
503 2660 660 2716 modo
702 2659 927 2719 festinas
972 2662 1155 2717 exire?
1197 2661 1414 2718 Sustine
1445 2663 1741 2733 paululum.
1798 2665 1884 2719 Vi-

311 2751 484 2807 desne
506 2750 755 2820 quisnam
801 2751 892 2806 ille
920 2760 1003 2806 est
1026 2791 1041 2816 ,
1080 2768 1210 2819 rogo
1258 2762 1339 2817 te,
1387 2754 1478 2823 qui
1510 2768 1672 2821 super
1697 2762 1882 2822 pectus

310 2838 428 2907 ejus
459 2839 705 2894 recubuit
748 2840 923 2911 (ibid.,
965 2842 1091 2910 25),
1135 2852 1189 2895 et
1234 2843 1285 2894 in
1333 2843 1510 2896 sinum
1556 2842 1671 2911 ejus
1722 2846 1883 2913 caput

316 2928 581 2989 reclinat?
600 2929 785 2995 Felix,
799 2931 1108 3001 quicunque
1134 2940 1216 2986 est
1248 2932 1354 2985 ille.
1382 2931 1425 2986 Ο
1455 2940 1601 2987 certe
1619 2949 1745 2988 ecce
1768 2930 1897 3002 jam'

310 3019 469 3112 video
488 3019 765 3112 lAJoannes
787 3029 869 3076 est
899 3035 1097 3076 nomen
1120 3021 1255 3090 ejus.
1285 3021 1328 3077 Ο
1352 3021 1604 3087 Joannes,
1631 3024 1757 3091 quid
1784 3025 1876 3078 tibi
1905 3016 1947 3112 ὁ

308 3110 629 3176 dulcedinis,
674 3111 801 3180 quid
827 3113 1016 3183 gratia:
1064 3121 1118 3166 et
1155 3113 1457 3176 suavitatis,
1494 3114 1620 3183 quid
1648 3114 1878 3168 luminis

312 3200 690 3263 et-devotionis
716 3202 1094 3259 hauriebasab
1125 3204 1216 3255 illo
1253 3203 1435 3257 fonte?
1462 3203 1537 3277 lbi
1578 3211 1728 3258 certe
1758 3219 1879 3257 om-

316 3304 412 3342 nes
457 3290 690 3346 thesauri
724 3291 1003 3360 sapientia:
1046 3299 1101 3344 et
1149 3290 1387 3344 scientiae
1418 3291 1717 3346 absconditi
1757 3301 1882 3345 sunt

315 3375 449 3447 (Col.
498 3393 556 3443 tt,
599 3380 675 3443 5).
706 3380 781 3434 lbi
827 3380 947 3434 fons
994 3379 1399 3445 misericdrdim,
1431 3379 1505 3433 ibi
1549 3379 1882 3436 domicilium

314 3466 549 3535 pietatis,
594 3468 665 3522 ibi
715 3466 871 3530 favus
918 3477 1132 3522 interna:
1176 3467 1477 3525 suavitatis.
1514 3465 1677 3523 Unde
1708 3467 1824 3531 tibi,
1850 3482 1884 3521 ο

313 3556 571 3623 Joannes,
609 3557 794 3611 omnia
826 3558 963 3612 ista?
1012 3556 1259 3625 Nunquid
1300 3567 1352 3611 tu
1397 3557 1674 3617 Sublimior
1702 3556 1881 3622 Petro,
1914 3596 1917 3599 ι

315 3644 529 3699 Andrea
581 3646 863 3713 sanctior,
894 3654 987 3699 aut
1022 3655 1167 3698 certe
1201 3642 1735 3712 omnibusapostolis
1763 3658 1879 3712 gra-

321 3730 546 3797 tiosior?
579 3734 823 3806 Speciale
870 3735 971 3790 hoc
1002 3735 1326 3804 virginitatis
1358 3734 1715 3804 privilegium,
1754 3736 1889 3804 quia

321 3827 472 3895 virgo
507 3842 588 3895 es,
649 3826 863 3881 electus
898 3841 930 3880 ιι
980 3825 1224 3888 Domino,
1258 3834 1422 3892 atque
1468 3825 1612 3880 inter
1658 3835 1911 3883 cancros

228 3973 231 3977 ,
320 3914 488 3983 magis
508 3913 756 3993 dilectus.
782 3912 900 3970 1am
930 3928 1069 3967 nunc
1093 3912 1500 3983 exsulta,virgo,
1530 3917 1729 3970 accede
1756 3931 1883 3984 pro-

320 4005 465 4073 pius,
511 4011 563 4055 et
591 4001 825 4069 aliquam
854 3996 1011 4071 hujus
1052 4001 1348 4069 dulcedinis
1378 4004 1678 4072 portionem
1709 4004 1899 4059 vindi-.

320 4105 446 4144 rare
494 4104 595 4142 non
646 4089 903 4156 dill‘eras,
956 4091 1000 4144 si
1033 4092 1241 4160 potiora
1278 4106 1404 4144 non
1458 4102 1632 4162 potes,
1681 4093 1888 4148 dimitte

319 4179 510 4234 Juanni
536 4191 742 4248 peetus,
774 4179 863 4233 ubi
894 4194 953 4235 se
976 4196 1099 4234 cum
1131 4180 1253 4236 vino
1275 4181 1472 4236 laetitiae
1500 4183 1555 4236 in
1582 4182 1889 4238 divinitatis

321 4269 647 4338 cogitatione
700 4269 964 4333 inebriat;
1026 4280 1079 4323 tu
1121 4286 1363 4326 currens
1414 4273 1482 4326 ..d
1538 4274 1890 4330 humanitatis

1976 1848 2156 1918 potius
2183 1860 2307 1899 eum
2334 1855 2504 1912 usque
2549 1839 2615 1893 ad
2645 1836 2843 1893 atrium
2898 1830 3162 1904 principis
3191 1827 3555 1891 sacerdotum,

1979 1915 2036 1991 ct
2062 1932 2522 2004 speciosissimam
2548 1927 2741 1982 faciem
2772 1924 2890 1994 ejus
2917 1937 3078 1992 quam
3120 1915 3556 1987 spnti'sillinunt,

1983 2036 2036 2080 tu
2068 2023 2324 2095 lacrymis
2356 2022 2501 2075 lava.
2546 2020 2762 2073 intuere
2808 2029 2969 2085 quam
3011 2012 3113 2082 piis
3144 2008 3314 2064 oculis
3337 2049 3349 2069 ,
3394 2021 3555 2078 quam

1982 2113 2449 2178 misericorditer,
2503 2123 2664 2179 quam
2720 2104 3014 2161 cllicaciter
3074 2100 3229 2155 tertio
3276 2103 3560 2167 negantem

1983 2205 2285 2276 respexerit
2315 2202 2557 2266 Petrum,
2591 2198 2811 2270 quando
2846 2194 2951 2251 ille
2980 2205 3274 2248 conversus
3303 2198 3362 2244 et
3404 2189 3459 2243 in
3502 2202 3561 2269 se
3600 2204 3601 2207 ‘

1982 2310 2235 2351 reversus
2266 2292 2643 2345 llevitamare.
2697 2286 2938 2349 Utinam,
2967 2285 3109 2339 bone
3146 2279 3449 2346 Jesu,,tuns
3479 2292 3564 2332 me
3610 2334 3613 2343 η

1982 2385 2155 2440 dulcis
2184 2380 2379 2437 oculus
2413 2378 2687 2450 respiciat,
2738 2375 2833 2443 qui
2866 2385 2918 2427 te
2964 2372 3124 2427 toties
3148 2371 3219 2423 ad
3249 2382 3435 2433 vocem
3461 2381 3561 2431 an-

1982 2474 2117 2529 cilia:
2162 2470 2425 2543 procacis,
2469 2466 2649 2524 carnis
2697 2464 2905 2519 scilicet
2964 2474 3122 2525 mem,
3158 2455 3406 2527 pessimis
3424 2468 3597 2537 ope...

1986 2563 2134 2617 ribus
2163 2560 2555 2627 all‘ectihusque
2585 2555 2800 2625 negavi.
2844 2551 2948 2607 Sed
2976 2548 3087 2618 jam
3112 2588 3127 2613 ,
3169 2561 3327 2601 mane
3376 2543 3519 2601 facto
3541 2582 3560 2609 ,

1990 2652 2222 2708 traditur
2279 2648 2473 2711 Pilato,
2531 2646 2606 2701 ibi
2653 2651 2963 2704 accusatur,
2992 2650 3047 2695 et
3097 2646 3257 2713 tacet,
3303 2634 3561 2705 quoniam

1986 2751 2235 2811 tanquam
2272 2739 2380 2793 ovis
2400 2736 2472 2791 ad
2508 2734 2819 2789 occisionem
2845 2730 3031 2784 ductus
3053 2737 3141 2784 est
3168 2726 3324 2795 (110.,
3347 2740 3463 2787 Lm,
3489 2725 3519 2777 7
3540 2741 3564 2786 t;

1984 2836 2102 2885 Act.
2128 2828 2391 2895 vm,.52).
2410 2827 2565 2890 Vide,
2598 2823 2819 2879 attende
2848 2819 3122 2891 quomodo
3143 2826 3253 2873 stat
3279 2827 3404 2872 ante
3429 2830 3564 2885 prac-

1982 2922 2161 2977 sidem
2183 2918 2468 2987 ,iuclinato
2498 2916 2700 2990 capite,
2734 2911 2987 2971 demissis
3032 2906 3226 2970 oculis,
3261 2902 3569 2974 Vultu'plae

1983 3009 2129 3073 cido,
2153 3021 2403 3064 sermone
2431 3010 2826 3073 rat-0,.paratus
2857 3000 2922 3054 ad
2947 2997 3258 3069 opprobria,
3284 3003 3564 3066 promptus

1980 3099 2046 3153 ad
2077 3098 2320 3152 verbera.
2345 3095 2492 3160 Scio,
2522 3108 2628 3148 non
2652 3090 2855 3162 poteris
2883 3088 3108 3144 ulterius
3147 3086 3437 3148 sustinere,
3464 3098 3589 3147 nec.

1981 3188 2356 3245 dulcissimum
2389 3186 2608 3240 dorsum
2639 3182 2755 3250 ejus
2781 3179 3009 3251 ﬂagellis
3035 3176 3218 3244 atteri,
3239 3192 3339 3232 nec
3365 3174 3564 3231 faciem

1983 3277 2155 3346 alapis
2181 3270 2334 3342 caedi,
2370 3291 2472 3353 nec
2503 3284 2750 3330 tenerum
2799 3271 2929 3326 illud
2980 3278 3143 3340 caput
3180 3268 3352 3339 spinis
3401 3281 3583 3333 coro»

1985 3368 2127 3433 nari,
2160 3383 2259 3423 nee
2293 3367 2595 3428 dexteram,
2630 3378 2750 3433 qua:
2786 3361 2991 3417 .cmlum
3044 3361 3183 3432 regit
3224 3368 3279 3419 et
3323 3368 3561 3423 terram,

1986 3460 2249 3515 arundine
2310 3447 2682 3522 dehonestari,
2716 3453 2825 3508 tuis
2859 3451 3034 3509 oculis
3063 3450 3311 3520 aspicere
3341 3452 3564 3520 poteris.

1987 3552 2126 3608 Ecce
2154 3549 2421 3614 educitur,
2454 3546 2762 3617 ﬂagellatur
2789 3552 3014 3621 portans
3036 3541 3284 3615 spineam
3311 3555 3565 3598 coronam

1983 3650 2038 3694 et
2081 3653 2410 3708 purpureum
2437 3638 2843 3707 vestimentum,
2875 3643 2930 3689 et
2974 3633 3187 3689 Pilatus
3208 3633 3334 3689 dicit
3370 3647 3405 3690 ι,
3436 3632 3569 3689 Ecce

1984 3730 2137 3783 homo
2165 3726 2351 3797 (lacn.
2383 3726 2605 3795 xtx,5).
2652 3724 2793 3778 Vere
2814 3772 2817 3780 ,
2840 3725 3003 3778 homo
3031 3731 3137 3788 est,
3166 3724 3297 3791 quis.
3318 3720 3593 3779 dubitet?

1984 3818 2176 3874 Testes
2196 3822 2326 3871 sunt
2351 3815 2519 3886 plaga:
2547 3815 2837 3889 virgarum,
2886 3811 3023 3867 livor
3052 3812 3335 3866 vulnerum
3353 3850 3370 3876 ,
3398 3809 3561 3866 iusdi-

1987 3916 2079 3963 tas.
2116 3914 2420 3977 sputorum.
2463 3903 2599 3961 Jam.
2632 3918 2778 3957 nunc
2824 3917 3114 3971 cognosce,
3142 3900 3373 3965 Zabule’,
3404 3900 3565 3954 homo

1989 4005 2089 4055 est.
2123 3996 2262 4053 Vere
2295 3995 2456 4057 homo
2496 4001 2582 4047 est
2619 3993 2749 4057 iste,
2777 3990 2975 4060 inquis.
3005 3990 3114 4045 Sed
3144 3991 3290 4059 quid
3319 3998 3404 4047 est
3440 3990 3563 4052 iste,

1991 4085 2191 4156 inquis.
2220 4084 2326 4143 Sed
2353 4083 2481 4152 quid
2510 4092 2617 4149 est,
2639 4083 2781 4151 quod
2809 4082 2861 4135 in
2895 4089 2974 4135 tot
2994 4078 3207 4150 injuriis
3243 4093 3348 4143 non
3374 4078 3563 4147 irasci-

1994 4186 2077 4231 tur
2108 4185 2163 4231 ut
2188 4177 2371 4240 homo,
2402 4191 2509 4229 non
2558 4184 2805 4231 movetur
2835 4182 2892 4233 ut
2922 4173 3103 4234 homo.
3139 4187 3245 4226 non
3288 4169 3590 4233 suisrindig

1992 4278 2186 4338 gnatur
2240 4265 2536 4321 tortoribus
2586 4274 2646 4318 ut
2699 4265 2898 4318 homo?
2953 4264 3091 4333 Ergo
3130 4262 3250 4331 plus
3270 4273 3363 4316 est
3407 4275 3581 4330 quam

324 4359 487 4413 ubera
519 4357 599 4412 lac
629 4359 891 4429 exprime,
931 4374 1038 4427 quo
1070 4361 1344 4415 nutriaris.
1400 4362 1541 4416 Inter
1571 4362 1681 4417 haec
1706 4400 1733 4427 ,
1766 4376 1889 4416 cum
1920 4372 1966 4429 ξ)
1995 4358 2174 4411 homo.
2205 4356 2320 4411 Sed
2341 4356 2464 4430 quis
2511 4354 2788 4426 cognoscit
2821 4354 3005 4421 illum?
3031 4351 3385 4421 Cognoscitur
3424 4358 3572 4404 certo

322 4450 666 4504 sanctissima
723 4451 810 4503 illa
858 4453 1118 4505 oratione
1172 4452 1462 4521 discipulos
1513 4453 1893 4506 commendans

298 4530 467 4591 [Patri
492 4535 696 4592 'diret'it
725 4554 739 4591 :
780 4537 955 4602 Pater,
986 4558 1131 4592 serva
1157 4558 1243 4593 eos
1272 4543 1325 4593 in
1370 4542 1572 4595 nomine
1599 4552 1685 4594 tuo
1710 4540 1887 4611 (Joatt.

324 4644 465 4689 xvu,
494 4629 580 4698 il)
601 4669 614 4692 ,
648 4630 843 4683 inclina
869 4641 1029 4697 caput
1060 4640 1205 4686 tuum
1226 4671 1239 4694 ,
1274 4641 1331 4684 ut
1368 4647 1546 4685 nterea
1560 4632 1632 4685 ris
1656 4631 1843 4685 audire
1874 4649 1887 4684 :

339 4716 461 4771 Volo
483 4723 537 4771 ια
560 4719 646 4771 ubi
676 4735 767 4787 ego
781 4734 915 4781 sum,
939 4729 984 4770 et
1015 4719 1090 4770 illi
1117 4720 1214 4772 sint
1243 4736 1438 4773 mecum
1467 4720 1639 4789 (ibid.,
1666 4719 1778 4788 2i).

406 4808 608 4862 Bonum
630 4817 713 4860 est.
749 4807 842 4861 tibi
872 4808 959 4861 hic
980 4822 1129 4873 esse,
1156 4810 1249 4863 sed
1276 4811 1575 4862 exeundum
1603 4819 1704 4864 est.
1744 4808 1892 4864 Prte-

327 4900 482 4953 cedet
511 4902 623 4969 ipse
653 4902 718 4953 ad
764 4910 1000 4956 montem
1033 4889 1226 4955 Oliteti
1249 4940 1261 4961 ,
1297 4912 1347 4954 tu
1382 4915 1502 4953 eum
1536 4917 1783 4968 sequere.
1827 4900 1896 4955 Et

326 4992 457 5046 li.et
498 5002 771 5061 assumpto
827 4992 989 5047 Petro
1040 5003 1094 5047 et
1142 4996 1347 5047 duobus
1398 4993 1519 5049 liliis
1555 4992 1794 5051 Zebcdaei
1825 4993 1894 5047 ad

327 5091 535 5137 secreta
564 5083 878 5146 secesserit,
912 5082 993 5136 vel
1039 5097 1067 5134 a
1108 5082 1263 5150 longe
1308 5084 1515 5136 intuere
1538 5081 1813 5150 quomodo
1838 5080 1892 5133 in

327 5187 388 5230 Sc
414 5174 1013 5234 Itnstratntranstulerit
1040 5176 1435 5228 necess'tatcnt.
1466 5174 1597 5226 Vide
1626 5170 1894 5241 quomodo
1928 5214 1929 5217 η

332 5262 419 5315 ille
472 5263 623 5331 cujus
670 5273 795 5315 sunt
832 5263 1049 5335 omnia,
1111 5278 1305 5331 pavere
1363 5263 1523 5329 cmpit
1564 5273 1618 5315 et
1676 5264 1889 5317 laudere.

334 5350 517 5403 Tristis
540 5364 631 5413 est,
650 5353 914 5419 inquiens,
938 5353 1112 5405 anima
1136 5368 1244 5405 mea
1271 5350 1479 5420 (Matth.
1498 5351 1887 5421 xxvl,38),ctc.

336 5441 489 5497 Unde
512 5444 635 5507 hoc,
658 5442 797 5497 Deus
818 5446 1001 5497 meus?
1031 5444 1103 5497 Ita
1129 5442 1449 5512 compateris
1479 5442 1609 5494 mihi
1632 5443 1893 5497 exhibens

335 5532 628 5597 hotninetn,
671 5542 729 5585 ut
778 5535 1171 5601 quodammodo
1210 5532 1439 5586 videaris
1492 5533 1700 5585 nescire
1753 5534 1891 5600 quod

340 5619 485 5677 Deus
514 5636 589 5677 es.
624 5620 928 5703 Pt'ostratus
971 5623 1019 5674 in
1064 5622 1250 5674 facient
1303 5636 1462 5684 oras,
1503 5629 1548 5672 et
1606 5619 1775 5687 [nctus
1821 5629 1892 5672 est

1996 4449 2157 4508 homo
2193 4447 2485 4516 impiorum
2536 4455 2709 4517 terrae,
2744 4442 2950 4512 judicia
2990 4442 3286 4506 sustinens,
3334 4438 3426 4503 sed
3472 4455 3571 4493 ερον
3604 4486 3609 4491 ,

1996 4546 2283 4604 κηιιεοειυιο
2310 4536 2450 4590 Deus
2475 4516 2931 4605 ‘jttdici’al‘aciens.
2958 4532 3093 4587 Sero
3123 4528 3572 4595 animadvertisti,

1995 4626 2213 4681 Zabulc.
2242 4626 2395 4692 Quid
2429 4626 2521 4681 tibi
2555 4640 2651 4695 per
2679 4624 2959 4679 mulierem
2989 4636 3157 4692 agere
3184 4621 3356 4676 visum
3387 4627 3488 4681 est,
3516 4628 3574 4673 ut

1996 4716 2342 4770 dimittatur?
2380 4714 2556 4769 Tarde
2603 4714 2813 4770 locutus
2863 4728 2942 4770 es.
2977 4711 3141 4769 Sedet
3180 4726 3284 4779 .pro
3322 4708 3581 4765 tribunali

1989 4806 2176 4875 judex,
2208 4804 2430 4875 prolata,
2467 4813 2551 4869 est
2580 4800 3017 4864 sementim-Jan)
3046 4798 3316 4869 prOpriam
3350 4806 3572 4864 portans

1995 4909 2212 4948 crucem
2244 4894 2459 4949 ducitur
2482 4894 2550 4946 ad
2586 4900 2835 4945 mortem.
2875 4888 2925 4949 Ο
2956 4887 3355 4963 spectaculum!
3387 4884 3571 4938 Vides-

1994 4984 2100 5038 ne?
2137 4984 2270 5037 Ecce
2307 4984 2629 5053 principatus
2675 4981 2787 5049 ejus
2815 4996 2971 5049 super
2994 4978 3265 5031 humerum
3289 4976 3404 5044 ejus
3436 4973 3569 5045 (Ita.

1999 5090 2072 5137 ιχ,
2107 5075 2181 5144 6).
2231 5073 2356 5128 llaec
2388 5081 2472 5133 est
2518 5072 2670 5141 virga
2725 5068 3018 5139 mquitatis,
3074 5066 3222 5137 virga
3273 5065 3421 5138 regni
3464 5064 3599 5120 sui-

1997 5167 2166 5221 Datur
2193 5166 2242 5219 ci
2274 5165 2456 5219 vinum
2489 5162 2610 5223 felle
2635 5160 3107 5229 mistutn,exuitur
3131 5156 3486 5218 vestimentis,
3514 5162 3570 5209 et

1997 5256 2136 5309 inter
2168 5255 2365 5308 milites
2396 5252 2729 5313 dividuntur.
2775 5246 2981 5306 Tunica
3022 5264 3137 5321 non
3167 5244 3445 5306 scinditur,
3474 5240 3579 5298 sed.

1994 5352 2140 5399 sorte
2170 5343 2364 5396 transit
2401 5340 2464 5399 ad
2496 5355 2682 5397 unum.
2730 5338 2925 5394 Dulces
2958 5351 3147 5392 manus
3174 5334 3287 5402 ejus
3311 5340 3368 5385 et
3406 5331 3571 5403 pedes

1995 5435 2163 5489 clavis
2197 5432 2559 5501 perferantur,
2600 5439 2655 5484 et
2688 5440 2946 5484 extensus
2971 5429 3022 5482 in
3047 5412 3219 5482 cruce.
3247 5425 3385 5479 inter
3408 5424 3571 5477 latro.

1996 5541 2093 5580 nes
2132 5523 2495 5594 suspenditur.
2531 5520 2796 5575 Mcdiator
2845 5504 2937 5573 Dei
2978 5526 3033 5571 et
3079 5516 3378 5577 hominum,
3431 5516 3567 5568 inter

1997 5616 2196 5674 emittm
2223 5623 2273 5669 et
2300 5625 2499 5667 terram
2533 5611 2738 5665 medius
2783 5609 3036 5668 pendens,
3058 5606 3163 5659 ima
3195 5606 3401 5665 superis
3433 5606 3582 5668 unit,_
