4190 6194
628 169 720 224 798
946 171 1007 224 S.
1047 169 1344 230 ANSELMI
1383 171 1732 226 CANTUAR.
1769 129 2208 226 ARGHIEP.\OP

2317 167 2494 224 PARS
2535 171 2596 222 ll.
2641 202 2705 209 —
2746 169 3109 224 ΡΛΗΑΞΝΕΤ.
3154 168 3240 225 ΕΤ
3269 171 3506 227 ASCl-IT.

3781 181 3878 236 79:!

633 281 936 335 salcstilius
973 290 1182 334 terrena
1212 281 1509 349 eunjungit.
1554 283 1749 352 Stupet
1795 281 2014 346 emittm,
2059 293 2200 337 terra
2233 290 2275 346 Α
2307 284 2495 352 spiritu
2528 298 2748 337 cernere
2783 286 3040 339 merearis
3063 302 3201 337 nunc
3233 303 3392 354 super
3415 289 3641 354 lapiiem
3672 294 3876 347 revolu-

632 373 925 427 miseratur
950 371 1038 424 ⁷⁸³.
1087 370 1220 435 Quid
1255 371 1355 423 tu?
1395 371 1508 424 Non
1543 374 1736 426 mirum
1785 375 1827 427 si
1853 415 1866 436 ,
1912 374 2205 428 sole‘con-

630 463 866 524 triStat'o,
902 472 953 514 tu
985 460 1361 524 contristaris;
1401 462 1445 514 si
1477 473 1617 516 terra
1644 465 2117 526 contremisecute,
2153 472 2204 514 tu

631 551 1002 606 contremiscis
1037 568 1049 602 :
1094 552 1136 605 si
1173 553 1358 607 scissis
1391 555 1557 616 saxis,
1588 571 1683 608 cor
1714 563 1859 606 tuum
1901 551 2203 617 scinditur;

629 643 676 693 si
724 640 974 707 ﬂentibus
1017 642 1171 709 juxta
1229 658 1444 697 crucem
1494 643 1824 702 mulieribus,
1883 649 1936 693 tu
1991 641 2208 694 concla-

631 732 816 785 maris.
875 730 1001 786 Inde
1051 733 1104 787 in
1165 735 1416 788 omnibus
1466 733 1530 786 iis
1560 733 1864 786 "considera
1916 732 2044 785 illud
2092 731 2209 786 dul—

631 822 909 875 cissimum
953 833 1138 891 pectus
1186 839 1344 892 quam
1376 821 1839 889 ~tranquillitatem
1911 821 2208 874 servaverit

628 913 869 981 pietatis.
915 913 1027 967 Non
1059 930 1207 967 suam
1243 912 1471 964 attendit
1506 912 1761 980 iujuriam
1792 953 1805 975 ,
1848 926 1958 963 non
1995 926 2205 978 pteuam

633 1013 867 1072 reputat,
918 1020 1020 1056 non
1060 1004 1223 1056 sentit
1256 1001 1636 1055 contumelias.
1673 1001 1778 1053 Sed
1812 1001 1940 1068 ipsis
1972 999 2146 1065 potius
2176 1015 2205 1050 a

635 1095 828 1160 quibus
859 1095 1079 1159 patitur,
1107 1091 1193 1144 ille
1215 1091 1573 1158 compatitur;
1606 1104 1635 1142 ει
1661 1089 1854 1158 quibus
1878 1087 2120 1141 vulnerat
2158 1101 2206 1149 r,

633 1187 722 1239 ille
749 1185 1017 1248 medetur;
1049 1183 1136 1236 ille
1166 1184 1329 1236 vitam
1359 1190 1678 1250 procurat,a
1709 1181 1903 1248 quibus
1924 1179 2205 1232 occiditur.

633 1273 765 1326 Cum
805 1287 908 1341 qua
941 1272 1136 1327 mentis
1183 1271 1484 1333 dulcedine,
1518 1284 1638 1322 eum
1684 1283 1792 1337 qua
1841 1267 2070 1335 spiritus
2119 1265 2211 1320 d:-

633 1365 1009 1427 votione,cum
1036 1377 1140 1431 qua
1168 1361 1456 1415 charitatis
1473 1359 1808 1430 plenitudine
1823 1358 2022 1412 clamat
2049 1372 2064 1410 :
2101 1357 2210 1408 Ρα-

635 1463 731 1517 ter,
763 1456 968 1522 ignosce
995 1451 1138 1504 illis?
1161 1449 1312 1520 (Luc.
1339 1435 1630 1540 ιχιιίῷᾼ.)
1660 1450 1798 1503 Ecce
1819 1464 1939 1518 ego,
1964 1447 2209 1510 Domine,

636 1550 739 1593 tua:
794 1540 1087 1608 iuajestatis
1139 1539 1423 1604 adorator,
1483 1538 1587 1592 non
1639 1538 1712 1592 tui
1753 1539 1996 1606 corporis
2045 1538 2210 1591 inter-

2310 381 2418 424 tum
2443 373 2509 425 ab
2533 374 2674 425 Ostio
2698 378 3026 428 monumenti
3063 376 3309 444 angelum
3342 369 3872 450 residentem(.ilurc.

2308 477 2421 524 xvi,
2454 462 2596 528 5—5);
2632 477 2774 515 nunc
2816 464 2952 516 intra
2984 475 3383 518 mnuumentum
3415 482 3577 518 unum
3606 470 3670 519 ad
3699 481 3875 538 caput,

2315 568 2481 604 tmttm
2514 555 2579 607 ad
2617 555 2778 620 pedes
2813 557 3224 610 resurrectionis
3260 557 3482 625 gloriam
3526 560 3883 626 prmdicantes

2308 638 2491 706 (Joau.
2514 655 2601 704 xx,
2639 641 2746 708 1‘2);
2772 659 2912 696 nune
2933 645 3102 711 ipsum
3133 646 3406 699 Christum
3427 647 3644 700 Mariam
3667 647 3880 702 ﬂentem

2307 744 2360 785 et
2403 733 2608 784 tristem
2664 745 2770 787 tam
2806 736 2946 788 dulei
2991 740 3313 792 relicientem
3357 739 3534 800 oculo,
3567 750 3690 803 tam
3732 742 3880 794 suavi

2308 838 2437 878 voce
2467 825 2732 878 dicentem
2779 844 2789 877 :
2851 827 3023 879 Maria
3063 829 3239 896 (tbid.,
3271 829 3379 896 16).
3426 830 3765 898 Rumpuntur
3815 834 3883 885 ad

2309 917 2450 971 hanc
2492 933 2678 970 vocem
2711 934 2899 971 omnes
2930 921 3121 988 capitis
3163 932 3468 989 cataractae,
3502 924 3568 974 ab
3613 924 3742 990 ipsis
3771 940 3887 977 me-

2306 1008 2465 1060 dullis
2497 1009 2786 1065 eliciuntur
2829 1009 3102 1079 lacrynize,
3134 1012 3398 1079 singultus
3438 1021 3492 1065 ct
3538 1015 3770 1082 suspiria
3818 1017 3889 1070 ab

2311 1097 2433 1150 imis
2480 1099 2766 1151 traliuntnr
2815 1101 3132 1155 visceribus.
3181 1101 3376 1156 Maria.
3411 1103 3455 1157 Ο
3503 1104 3656 1160 beata
3686 1147 3700 1170 ,
3754 1108 3888 1176 quid

2312 1187 2408 1241 tibi
2440 1189 2636 1241 mentis
2665 1189 2784 1254 fuit,
2811 1189 2937 1257 quid
2969 1192 3158 1253 animi,
3187 1207 3308 1246 cum
3349 1194 3415 1246 ad
3445 1196 3584 1248 hanc
3609 1211 3793 1250 vocem
3833 1206 3889 1251 te

2310 1288 2678 1346 prosternens,
2712 1289 2766 1332 ct
2807 1280 3034 1334 reddens
3063 1282 3233 1334 vicem
3282 1281 3559 1347 salutanti,
3596 1285 3887 1350 clamares,

2313 1365 2585 1421 Ilabbom‘?
2616 1368 2789 1438 (ibid)
2834 1367 2971 1434 Quo,
3017 1386 3167 1439 rogo,
3203 1373 3417 1435 ali’eetu,
3461 1388 3566 1440 quo
3595 1376 3885 1440 desiderio,

2313 1459 2615 1526 mentisque
2639 1461 2832 1512 ardore
2850 1459 3114 1522 clamasti,
3150 1459 3381 1513 Rabboui
3397 1465 3421 1513 γ
3442 1461 3592 1517 Nune
3621 1464 3770 1531 plura
3803 1466 3890 1519 di-

2314 1562 2437 1602 cere
2476 1548 2731 1616 laerymze
2779 1549 3105 1617 prohibent,
3147 1565 3268 1604 cum
3305 1565 3486 1604 vocem
3535 1552 3772 1606 excludit
3810 1553 3896 1607 af-

633 1628 836 1696 fector;
882 1641 984 1684 tua:
1020 1630 1210 1684 mortis
1265 1639 1580 1694 venerator,
1629 1645 1736 1683 non
1789 1638 1888 1682 tua}
1943 1628 2208 1698 passionis

2313 1637 2504 1702 fectus,
2531 1654 2827 1707 omnesque
2861 1639 3056 1692 animae
3097 1643 3447 1710 corporisque
3473 1657 3662 1696 sensus
3683 1644 3896 1698 nimius

626 1720 874 1788 derisor;
919 1729 1021 1774 tua:
1064 1721 1448 1776 misericordia:
1476 1720 1888 1789 contemplator,
1922 1736 2028 1775 non
2058 1719 2210 1773 infir-

634 1813 838 1865 mitatis
874 1822 1228 1881 contemptor.
1275 1812 1583 1881 lnterpellet
1625 1813 1805 1880 itaque
1852 1827 1950 1880 pro
1999 1829 2084 1865 me
2121 1820 2209 1864 tua

639 1903 811 1957 dulcis
839 1903 1167 1967 lmmauitas,
1191 1904 1530 1957 comniendet
1555 1919 1640 1956 me
1666 1902 1810 1956 Patri
1848 1912 1937 1956 tuo
1959 1911 2046 1955 tua
2073 1901 2210 1955 in'ef-

585 1994 593 2001 '
637 1992 813 2046 rabilis
854 1994 1047 2060 pietas.
1101 1992 1194 2047 Dic
1240 1993 1425 2063 igitur,
1467 1993 1640 2048 dulcis
1689 1993 1912 2049 Domine
1966 2010 1978 2044 :
2028 1992 2208 2057 Pater,

634 2084 839 2151 ignesce
863 2083 960 2141 illi.

707 2173 779 2225 At
807 2181 883 2234 tu,
918 2172 1090 2242 virgo,
1121 2173 1205 2228 cui
1245 2173 1420 2242 major
1448 2184 1532 2230 est
1577 2177 1718 2244 apud
1761 2173 1991 2244 Virginis
2014 2174 2208 2229 Filium

635 2261 959 2315 conﬁdentia
991 2277 1152 2330 quam
1184 2263 1501 2318 mulieribus
1547 2279 1667 2333 qua:
1693 2264 1848 2333 longe
1889 2272 2052 2330 stant,
2086 2279 2208 2323 eum

636 2359 807 2404 matre
823 2349 1039 2421 Virgine
1062 2361 1116 2407 et
1145 2353 1407 2423 discipulo
1429 2355 1635 2426 virgine
1663 2356 1860 2411 accede
1881 2354 1947 2408 ad
1970 2370 2210 2418 erucem,

617 2448 694 2493 ‘et
719 2440 992 2510 perfusum
1028 2442 1230 2512 pallore
1269 2444 1473 2498 vultum
1520 2444 1770 2499 cominus
1813 2445 2042 2518 intuere.
2075 2442 2212 2514 Quid

639 2531 804 2601 ergo?
831 2531 908 2584 Tu
937 2534 1052 2587 sine
1083 2534 1356 2603 Iaerymis,
1391 2535 1785 2599 amantissima,
1829 2533 2069 2588 Domina:
2113 2542 2214 2588 tua:

639 2621 910 2692 laerymas
939 2623 1178 2696 videbis?
1206 2624 1284 2678 Tu
1332 2625 1491 2679 siccis
1523 2641 1708 2681 manes
1758 2626 1930 2680 oculis
1953 2665 1969 2690 ,
2019 2635 2074 2680 et
2102 2625 2216 2692 ejus

639 2712 877 2765 animam
909 2714 1198 2781 pertransit
1227 2715 1437 2784 gladius
1465 2716 1699 2770 doloris?
1729 2715 1879 2786 (Luc.
1907 2733 1967 2780 ιι,
1992 2716 2104 2785 55.)
2135 2717 2214 2770 Tu

640 2802 1025 2870 sinesingultu
1071 2804 1256 2857 audies
1303 2804 1568 2858 dicentem
1599 2806 1753 2859 Matri
1786 2821 1800 2857 τ
1835 2805 2028 2858 Mulier
2053 2846 2068 2872 ,
2099 2822 2214 2860 ecce

638 2891 782 2957 ﬁlius
809 2899 964 2952 ttms;
990 2899 1045 2943 et
1083 2889 1275 2950 .loanni
1301 2909 1313 2945 :
1342 2889 1475 2962 Ecce
1517 2903 1682 2945 mater
1709 2895 1838 2945 tua?
1872 2893 2059 2962 (Joau.
2098 2909 2210 2959 xu,

2311 1741 2462 1779 amor
2483 1726 2788 1780 absorbeat.
2823 1725 2996 1789 Sed,o
3020 1727 3191 1782 dulcis
3223 1728 3372 1792 Jesu,
3400 1745 3496 1783 cur
3519 1745 3546 1783 a
3572 1733 3800 1785 sacratis
3827 1749 3898 1788 ac

2311 1814 2788 1870 desideratissimis
2835 1816 3058 1883 pedibus
3107 1817 3210 1882 tuis
3255 1817 3333 1877 sic
3376 1834 3529 1871 arces
3570 1821 3897 1883 amantem?

2312 1902 2467 1966 Noli,
2512 1904 2692 1973 inquis
2719 1944 2734 1968 ,
2766 1921 2846 1958 me
2885 1915 3092 1975 tangere
3139 1907 3312 1976 (ibid.,
3349 1908 3451 1977 17).
3503 1908 3571 1962 Ut
3603 1910 3750 1976 quid,
3787 1909 3898 1963 Do-

2313 1994 2493 2048 mine?
2518 1993 2694 2059 Quare
2718 2011 2824 2048 uou
2855 2008 3066 2063 tangam
3100 1997 3188 2050 illa
3213 1998 3514 2050 desiderata
3553 2000 3772 2070 vestigia
3802 2009 3900 2053 tua

2311 2099 2408 2152 pro
2439 2101 2525 2138 me
2555 2085 2826 2153 perforata
2861 2086 3048 2148 clavis,
3089 2086 3299 2155 perfusa
3327 2090 3610 2157 sanguine,
3644 2106 3748 2148 non
3773 2100 3900 2149 tan-

2311 2189 2453 2244 gam,
2483 2190 2582 2229 nec
2616 2175 3003 2229 deosculabor?
3037 2176 3119 2228 An
3168 2177 3480 2232 iuimicitior
3529 2180 3703 2240 solito,
3738 2181 3874 2249 quia

2311 2261 2634 2331 gloriosior?
2663 2262 2799 2322 Ecce
2828 2277 2931 2316 non
2957 2263 3220 2330 dimittam
3253 2272 3322 2328 te,
3349 2280 3447 2318 nec
3485 2268 3730 2320 ret-etlam
3757 2282 3788 2320 a
3819 2278 3896 2332 te,

2313 2365 2419 2404 non
2457 2365 2677 2420 parcam
2729 2350 3000 2420 lacrymis,
3032 2361 3220 2419 pectus
3252 2353 3574 2422 singultibus
3621 2357 3902 2425 suspiriisq

2315 2455 2419 2508 que
2476 2448 2773 2507 rumpetur,
2807 2439 2906 2492 uisi
2950 2448 3185 2508 tangam.
3222 2440 3288 2494 Et
3343 2441 3430 2495 ille
3485 2442 3705 2510 inquit:
3753 2441 3899 2496 Noli

2315 2533 2514 2584 timere.
2544 2529 2658 2584 Non
2691 2530 2962 2584 auferetur
2998 2531 3088 2584 tibi
3135 2532 3232 2584 hoe
3266 2532 3487 2590 bouu.u,
3536 2535 3577 2584 si
3611 2533 3902 2608 differtur;

2319 2621 2450 2674 vade
2500 2629 2700 2684 tamen,
2730 2629 2787 2673 et
2817 2619 3004 2673 nuntia
3034 2619 3296 2674 fratribus.
3337 2621 3469 2673 meis
3500 2623 3623 2689 quia
3673 2628 3903 2695 surrexi

2317 2710 2512 2781 (ibitl.).
2557 2708 2811 2762 Cucurrit
2835 2708 2968 2770 cizo,
2992 2708 3103 2760 cito
3131 2707 3313 2761 voletis
3347 2708 3542 2762 redire.
3577 2709 3762 2776 lledit;
3796 2714 3908 2766 sed

2315 2817 2437 2854 cum
2469 2799 2589 2852 aliis
2619 2798 2958 2859 mulieribus,
3004 2799 3202 2866 quibus
3240 2800 3352 2867 ipse
3391 2799 3549 2854 Jesus
3599 2816 3900 2857 occurrens

2317 2889 2508 2941 hlamla
2537 2887 3128 2955 salutationedejeetas
3150 2888 3332 2957 erigit,
3368 2891 3550 2944 tristes
3579 2891 3902 2946 consolatur

639 2944 730 3044 '26,
768 2979 879 3048 21.)
904 2944 1166 3034 Similiter
1209 2944 1331 3036 cu...
1365 2944 1885 3052 ἰιιεξίριιιοιιιιιτοιιῖ
1904 2944 2210 3038 aiatait;
2240 2944 2284 3004 (ἶ
2312 2978 2527 3051 (Μαιιιι⁸
2561 2949 2751 3042 ωἰίι,
2776 2979 2852 3048 9)-
2873 2944 3104 3033 Adi/crte
3122 2996 3135 3032 ε
3156 2944 3282 3034 iunge
3305 2944 3389 3034 est
3407 2944 3596 3035 damni
3615 2985 3757 3052 quod
3786 2944 3901 3050 [κεί

639 3080 754 3134 ret,
784 3070 978 3125 latroni
1007 3071 1313 3141 paradisum
1356 3075 1733 3143 promitteret,
1789 3084 1914 3129 tunc
1966 3091 2104 3132 unus
2145 3090 2213 3128 ex

640 3158 899 3213 militibus
948 3160 1130 3222 lancea
1168 3161 1316 3230 latus
1365 3163 1481 3229 ejus
1537 3164 1830 3231 perforavit
1877 3164 2049 3226 (tbid.,
2099 3164 2212 3232 54).

642 3249 884 3313 Festina,
919 3265 985 3303 ne
1037 3252 1355 3316 tardaveris,
1389 3238 1842 3306 comede'lavum
1896 3262 2042 3304 tuum
2093 3267 2214 3305 cum

644 3342 806 3396 melle
840 3352 931 3396 tuo
977 3343 1152 3412 (Cum.
1177 3359 1228 3409 τ,
1264 3344 1334 3413 1).
1361 3343 1490 3398 Bibe
1521 3345 1703 3396 vinum
1738 3355 1883 3397 tuum
1916 3360 2038 3397 eum
2079 3344 2218 3398 laete

650 3441 741 3486 tuo
772 3433 967 3504 (ibitl.).
1007 3432 1239 3505 Sanguis
1279 3435 1375 3490 tibi
1422 3435 1475 3488 in
1529 3437 1705 3488 vinum
1752 3437 2108 3500 convertitur,
2158 3445 2216 3488 ut

645 3523 950 3578 inebriet-is.
983 3524 1037 3578 ln
1079 3525 1162 3578 lac
1191 3541 1326 3593 aqua
1360 3533 1620 3588 mutatur,
1650 3533 1707 3577 ut
1734 3526 2014 3578 nutriaris.
2051 3525 2212 3579 Facta

643 3621 769 3665 sunt
794 3614 885 3667 tibi
913 3614 966 3667 in
997 3623 1147 3682 petra
1178 3613 1420 3678 ﬂumina,
1454 3615 1505 3666 iu
1543 3614 1799 3667 membris
1831 3615 1944 3682 ejus
1968 3615 2210 3685 vulnera,

643 3711 698 3756 et
724 3705 776 3756 in
799 3705 1044 3774 corporis
1066 3706 1180 3775 ejus
1207 3705 1456 3768 mat-cria,
1472 3721 1722 3762 caverna.
1745 3705 1799 3759 in
1822 3708 2016 3775 quibus
2046 3709 2216 3762 instar

643 3793 904 3848 columba:
931 3795 1146 3860 latitans
1175 3805 1230 3847 et
1257 3794 1571 3848 deosculans
1601 3793 1832 3863 singula,
1860 3811 1924 3848 ex
1959 3797 2216 3864 sangu'ne

645 3883 760 3950 ejus
792 3883 920 3935 [iant
966 3883 1096 3934 sicut
1149 3883 1267 3934 tritta
1292 3881 1500 3934 coccina
1541 3883 1694 3943 labia,
1730 3893 1842 3946 tua,
1882 3893 1928 3934 rt
1957 3882 2213 3952 eloquium

647 3980 793 4021 tuum
837 3968 987 4020 dulce
1014 3967 1188 4039 (Cant.
1215 3984 1286 4032 iv,
1309 3969 1387 4038 ὅ).

719 4059 824 4112 Sed
865 4059 1040 4112 adhuc
1071 4067 1365 4127 exspecta,
1414 4060 1585 4114 donec
1623 4062 1815 4116 nobilis
1864 4063 1950 4117 ille
1997 4063 2215 4118 decurio

644 4152 866 4206 veniens
906 4151 1161 4204 extractis
1193 4151 1361 4205 clavis
1388 4166 1579 4206 manus
1618 4153 1902 4222 pedesque‘
1934 4153 2210 4206 dissolvat.

2316 3077 2440 3132 ante
2477 3069 2726 3140 dilatum.
2767 3069 3100 3122 Accesserant
3132 3071 3275 3124 enim
3303 3112 3316 3134 ,
3351 3081 3398 3124 et
3426 3083 3700 3134 tenuerunt
3735 3075 3901 3142 pedes

2316 3158 2427 3221 ejus
2448 3157 2620 3224 (ibid.}
2647 3157 2742 3209 llic
2769 3157 3002 3225 quandiu
3027 3159 3629 3227 potes,virgo,morare.
3647 3159 3760 3214 Non
3789 3162 3906 3232 has.

2319 3247 2542 3301 delicias
2572 3257 2696 3300 tuus
2726 3263 2948 3301 somnus
2979 3248 3303 3318 interpellet,
3333 3251 3509 3305 nullus
3547 3253 3782 3306 exterior
3809 3261 3899 3307 tu-

2319 3336 2518 3389 multus
2566 3337 2844 3405 impediat.
2902 3339 3097 3393 Verum
3135 3341 3258 3408 quia
3299 3341 3354 3394 in
3403 3341 3504 3396 hac
3532 3344 3640 3397 vita
3691 3344 3903 3415 misera

2319 3426 2451 3480 nihil
2483 3427 2693 3493 stabile,
2725 3428 2855 3480 nihil
2878 3439 3138 3481 :etcrnum
3171 3438 3284 3498 est;
3316 3446 3414 3485 nec
3435 3447 3668 3502 unquam
3699 3432 3898 3488 eodem

2317 3528 2456 3572 statu
2503 3533 2782 3586 permanet
2812 3520 2994 3582 homo,
3029 3534 3245 3575 necesse
3275 3529 3358 3575 est
3387 3532 3448 3598 ut
3464 3522 3645 3575 anima
3681 3535 3895 3590 nostra,

2314 3608 2443 3665 dum
2493 3608 2746 3674 vivimus,
2790 3612 3020 3680 quadam
3060 3614 3322 3669 varietate
3367 3625 3639 3684 pascatur.
3683 3616 3837 3672 Unde
3863 3637 3901 3693 διε

2313 3699 2713 3768 prmteritorum
2763 3702 3155 3767 recordatione,
3208 3704 3274 3757 ad
3312 3705 3697 3772 experientiam
3753 3723 3896 3775 prae-

2315 3794 2472 3845 sem.
2500 3808 2551 3845 m
2588 3801 2948 3856 transeamus,
2983 3803 3042 3846 ut
3069 3808 3134 3847 ex
3177 3793 3262 3847 his
3296 3809 3528 3863 quoque,
3566 3805 3827 3864 quantum
3861 3816 3901 3870 al

2317 3882 2472 3944 nobis
2495 3882 2798 3951 diligendus
2820 3883 2902 3936 sit
2928 3883 3068 3937 Deus
3085 3924 3100 3939 .
3131 3883 3538 3947 intelligamus»

2821 3992 3188 4048 MEDlTATlO
3231 3993 3365 4059 XVI,

2319 4084 2434 4136 Sive
2480 4083 2826 4135 ntetlitaﬁonis
2869 4081 3062 4149 quinta:
3122 4082 3334 4135 decima:
3368 4100 3489 4150 pars
3537 4086 3781 4136 secunda.
3819 4117 3892 4126 —

2671 4151 2749 4204 De
2769 4151 3108 4228 prtesentibus
3134 4151 3390 4218 beneﬁciis
3417 4151 3532 4205 Dei.

643 4241 777 4296 Vide
800 4242 1066 4310 quomodo
1091 4241 1412 4296 felicissimis
1442 4244 1676 4298 brachiis
1696 4259 1905 4314 corpus
1931 4245 2212 4314 ainpleeti-
2247 4267 2290 4318 ι)
2388 4244 2546 4312 233
2586 4242 2700 4296 Non
2733 4257 2956 4311 parvum
2985 4242 3195 4295 aestimo
3220 4239 3562 4304 beneﬁCium,
3601 4258 3710 4311 quo
3748 4244 3895 4298 Deus

645 4341 753 4395 tur,
787 4347 850 4383 ae
896 4345 993 4383 suo
1046 4331 1295 4398 astringit
1333 4333 1557 4400 pectori.
1589 4334 1738 4387 Tunc
1789 4337 1962 4402 potuit
2002 4326 2080 4388 \‘ir
2126 4337 2214 4390 ile

645 4421 1019 4477 sanctissimus
1070 4421 1247 4474 dicere
1297 4435 1312 4474 :
1363 4420 1672 4504 Fasciculus
1720 4428 1944 4493 "tyrr/ite
1998 4427 2213 4480 dilectus

644 4528 787 4566 meus
819 4511 994 4579 (Cum.
1041 4529 1081 4576 ι,
1113 4511 1232 4579 l2),
1275 4522 1377 4567 etc.
1415 4513 1650 4581 Sequere
1683 4523 1735 4566 tu
1767 4517 2212 4584 pretiosfssimum

651 4603 770 4656 cmli
826 4615 1085 4669 terrthue
1130 4603 1442 4656 thesaurum
1472 4644 1486 4668 ,
1539 4613 1591 4657 et
1621 4606 1700 4658 vel
1732 4617 1885 4673 porta
1918 4607 2101 4674 petes,
2132 4606 2214 4658 vel

651 4708 841 4745 manus
888 4692 1215 4762 brachiaque
1261 4704 1533 4758 sustenta,
1589 4697 1669 4749 vel
1725 4707 1871 4750 certe
1922 4698 2213 4763 dentientes

651 4785 956 4836 minutatim
1006 4787 1386 4852 pretiosissimi
1421 4789 1700 4856 sanguinis
1725 4799 1905 4858 guttas
1952 4793 2214 4846 curiosius

651 4871 858 4938 collige,
887 4882 936 4924 et
984 4875 1252 4939 pulverem
1292 4886 1484 4944 pedum
1525 4878 1639 4944 ejus
1674 4880 1835 4948 lingc.
1881 4881 2051 4935 Cerne
2081 4899 2216 4950 pne-

652 4976 796 5015 terea
832 4978 988 5028 quam
1043 4964 1286 5031 dulciter,
1335 4985 1494 5035 quam
1547 4969 1830 5038 diligenter
1875 4971 2216 5025 beatissimus

651 5053 978 5107 Nic-edemus
1005 5053 1341 5107 sanctissima
1373 5060 1486 5123 ejus
1520 5060 1757 5112 membra
1796 5068 1988 5111 tractat
2016 5060 2211 5127 digitis,

652 5144 793 5198 fovet
822 5149 1123 5215 unguentis,
1144 5159 1197 5200 et
1224 5149 1424 5202 cuan.
1455 5149 1648 5218 Joseph
1674 5150 1965 5202 involutum
1993 5151 2215 5202 sindone

655 5237 878 5290 collocat
905 5238 956 5290 in
991 5238 1234 5306 sepulcro
1263 5237 1413 5307 (Luc.
1457 5256 1566 5304 xix,
1592 5242 1802 5309 58-59.).

724 5330 834 5383 Noli
877 5341 1130 5398 prmterea
1171 5329 1351 5383 Marim
1376 5330 1691 5399 Magdaleuze
1715 5337 1961 5386 deserere
1997 5334 2215 5385 comita-

660 5429 784 5482 tum,
819 5422 908 5472 sed
937 5423 1137 5488 paratis
1160 5421 1492 5474 aromatibus
1513 5436 1632 5472 cum
1663 5435 1723 5473 ea
1765 5423 2098 5475 Dominicum
2136 5437 2218 5475 seu

660 5510 895 5562 uult-rum
933 5513 1144 5568 visitare
1179 5524 1465 5565 memento.
1504 5513 1543 5564 ι)
1576 5513 1711 5566 sicut
1741 5513 1824 5564 illa
1860 5513 2045 5567 oculis.
2080 5525 2131 5565 tu
2163 5515 2213 5565 in

2319 4337 2454 4388 bene
2481 4344 2633 4386 utens
2655 4331 2796 4386 malo
2819 4339 3100 4400 parentum
3128 4340 3432 4384 nostrorum
3459 4330 3664 4385 creavit
3691 4347 3790 4387 nos
3823 4335 3893 4387 de

2316 4440 2477 4480 carne
2503 4426 2798 4488 illorum,ct
2829 4423 3108 4491 inspiravit
3135 4423 3186 4475 in
3213 4423 3368 4478 nobis
3396 4423 3726 4491 spiraculum
3743 4425 3890 4488 vitm,

2317 4517 2629 4571 discernens
2677 4529 2774 4568 nos
2811 4514 2876 4566 ab
2918 4512 3020 4566 illis
3089 4512 3181 4579 qui
3234 4510 3317 4564 vel
3357 4511 3612 4564 arbortivi
3641 4498 3888 4580 dprojeeti

2317 4616 2441 4663 sunt
2464 4607 2532 4659 ab
2560 4615 2736 4668 utero,
2761 4604 2839 4658 vel
2865 4604 2954 4672 qui
2985 4605 3123 4656 inter
3145 4611 3386 4654 materna
3413 4603 3617 4654 viscera
3639 4600 3888 4670 sutl‘ocati

2317 4714 2486 4768 pinnae
2519 4698 2767 4749 videntur
2797 4693 3038 4760 concepti
3073 4706 3176 4743 non
3208 4693 3346 4744 vitm.
3379 4690 3529 4756 Quod
3556 4691 3890 4745 etiam‘inteo

2317 4803 2409 4856 gra
2439 4782 2674 4840 nobis'et
2717 4798 2843 4836 sana
2874 4781 3110 4835 membra
3141 4780 3362 4847 ereavit,
3401 4795 3468 4833 ne
3505 4795 3749 4834 essemus
3792 4796 3862 4835 no

2317 4877 2442 4931 stris
2476 4874 2665 4936 dolori,
2682 4872 2872 4926 alienis
2893 4870 3204 4939 opprobrio.
3230 4868 3477 4938 Magnum
3501 4878 3582 4923 est
3600 4870 3883 4924 hoccerte.

2318 4963 2424 5019 Sed
2452 4961 2721 5032 quomodo
2745 4960 2871 5013 illud
2890 4968 3169 5028 quatiueve
3192 4959 3445 5012 bonitatis
3473 4959 3882 5023 testimabimus,

2318 5055 2458 5124 quod
2483 5069 2546 5106 eo
2574 5064 2812 5124 tempore
2840 5060 2893 5105 et
2918 5051 3058 5126 inter
3087 5050 3219 5104 tales
3243 5049 3388 5103 nasci
3410 5050 3598 5114 voluit,
3624 5066 3719 5118 per
3748 5065 3886 5119 quos

2319 5146 2383 5196 ad
2419 5145 2574 5197 tidem
2612 5157 2762 5196 suam
2789 5150 2843 5194 et
2866 5147 3198 5194 sacramenta
3227 5139 3602 5208 pervenimus?
3629 5139 3887 5194 Videmus

2319 5233 2796 5288 innumerabilibus
2809 5231 3110 5284 hominibus
3137 5231 3237 5284 hoc
3262 5239 3534 5299 negatum,
3563 5231 3704 5301 quod
3727 5233 3884 5286 nobis

2319 5326 2650 5394 gratulamur
2690 5338 2810 5378 esse
2839 5336 3174 5385 concessum,
3217 5337 3339 5376 cum
3373 5330 3565 5392 quibus
3590 5339 3692 5376 una
3720 5334 3806 5377 est
3829 5333 3884 5375 et

2323 5418 2476 5472 nobis
2508 5417 2762 5469 conditio.
2795 5414 2870 5469 llli
2901 5412 3139 5469 tlcrclieti
3176 5424 3297 5464 sunt
3333 5431 3426 5483 per
3461 5414 3751 5481 justitiam,
3785 5428 3882 5466 nos

2326 5510 2491 5561 \oeati
2545 5525 2725 5564 sunms
2771 5524 2862 5562 eor
2910 5507 3154 5574 gratiam.
3201 5508 3559 5580 Procedatntts
3610 5506 3886 5575 intuentes~

3925 6037 4016 6083 ,μὲι
4035 6065 4052 6083 ,;
