4190 6222
448 208 551 264 793
664 252 689 276 ,

1819 193 1865 246 Μ
1875 190 2342 248 EDITATIONES.

3577 187 3678 250 79!

448 330 642 371 munus
668 313 785 380 ejus
812 311 996 372 fuisse,
1021 307 1161 378 quod
1183 308 1393 361 educati
1422 323 1449 357 a
1480 306 1796 374 parentibus
1821 304 2018 358 fuimus
2050 311 2095 365 Α
2123 303 2264 370 quod
2295 302 2584 371 fugientem
2614 310 2924 371 persecutus
2956 310 3060 365 est,
3089 299 3345 355 metuenti
3374 297 3671 365 blandieba-

354 468 357 471 _
448 403 787 459 Christianis.
818 400 966 466 Quod
999 414 1098 451 nos
1140 398 1350 449 ﬂamma
1383 409 1484 446 non
1515 393 1669 458 ltcsit,
1704 392 1843 461 quod
1872 408 2009 459 aqua

445 512 552 551 non
583 493 879 554 absorbuit,
926 490 1066 559 quod
1114 503 1217 541 non
1267 486 1432 539 vorati
1485 501 1512 536 a
1561 486 1821 551 dzemone,
1868 484 2011 552 quod

444 600 550 640 non
584 582 819 653 percussi
856 597 884 633 a
924 579 1129 643 bestiis,
1158 578 1298 646 quod
1328 576 1619 645 praecipitio
1666 593 1769 629 non
1812 576 2007 640 necati,

443 674 585 743 quod
638 687 805 739 usque
850 669 916 723 ad
956 654 1244 738 congruam
1284 676 1495 721 aetatem
1535 667 1587 721 in
1635 667 1749 736 ejus
1805 666 1905 719 fide
1956 674 2011 717 et

443 762 582 814 bona
608 759 881 813 voluntate
919 758 1126 810 nutriti.
1160 755 1273 810 lluc
1313 772 1479 824 usque
1519 772 1579 810 ea
1624 758 2005 826 percurrimus,

444 864 620 912 soror,
652 848 847 917 quibus
895 846 992 900 fuit
1040 846 1193 900 nobis
1231 862 1335 900 una
1378 848 1636 911 conditio,
1685 864 1819 917 quos
1868 848 2007 901 idem

442 948 595 1008 pater
623 938 828 1008 genuit,
875 952 937 991 ac
978 937 1117 989 idem
1142 947 1330 991 venter
1355 919 1665 1008 compleitus
1690 950 1791 1002 est,
1821 939 2008 993 eadem

441 1028 651 1081 viscera
683 1027 1054 1097 profuderunt.

509 1113 629 1168 Jatn
676 1133 836 1180 nunc,
886 1132 1057 1179 soror,
1108 1119 1161 1171 in
1208 1133 1290 1173 me
1339 1120 1558 1174 adverte
1583 1130 1783 1189 quanta
1824 1120 2009 1176 fecerit

440 1205 583 1259 Deus
622 1208 813 1261 anima:
841 1216 965 1272 tute.
995 1207 1189 1263 Divisit
1220 1210 1362 1263 enim
1398 1210 1535 1263 inter
1558 1227 1645 1265 me
1677 1219 1731 1267 et
1760 1221 1827 1275 ιι,
1855 1213 2008 1279 quasi

440 1297 585 1351 inter
607 1298 777 1352 lucem
809 1308 865 1353 et
885 1299 1149 1367 tenebras,
1179 1300 1277 1356 sibi
1306 1310 1356 1356 te
1385 1317 1627 1366 serVans,
1657 1320 1741 1358 me
1768 1300 1897 1358 mihi
1922 1319 2005 1359 re-

440 1374 706 1456 linquens.
743 1389 880 1445 Deus
910 1406 1078 1455 meus,
1101 1407 1207 1461 quo
1233 1393 1376 1447 abii?
1400 1410 1507 1462 quo
1530 1394 1675 1466 fugi?
1698 1411 1803 1466 quo
1823 1398 2009 1452 evasi?

439 1477 655 1545 Ejectus
682 1494 711 1532 a
742 1478 878 1535 facie
910 1493 996 1535 tua
1026 1484 1164 1537 sicut
1198 1481 1352 1550 Cain,
1388 1484 1620 1539 habitari
1650 1487 1702 1540 in
1741 1496 1885 1542 terra
1916 1504 2009 1543 va—

440 1583 538 1638 gus
564 1578 617 1624 et
658 1570 935 1641 profugus,
967 1584 1021 1628 et
1046 1575 1350 1645 quicunque
1376 1576 1639 1631 invenerit
1670 1596 1774 1642 me,
1799 1581 2008 1638 occidet

440 1675 546 1714 me.
579 1659 716 1727 Quid
764 1663 908 1716 enim
944 1675 1129 1734 ageret
1171 1668 1493 1724 miserabilis
1536 1681 1811 1735 creatura,
1848 1688 1876 1726 a
1911 1691 2007 1727 suo

438 1748 690 1819 derelicta
727 1755 1021 1811 Creatore?
1050 1757 1168 1824 Quo
1195 1758 1314 1820 iret,
1339 1766 1515 1828 quo've
1545 1760 1741 1816 lateret
1771 1765 1888 1817 ovis
1918 1780 2005 1818 er-

440 1855 601 1896 rouea
628 1857 727 1896 sue
754 1845 1003 1900 destituta
1032 1849 1287 1916 pastore?
1329 1848 1373 1903 Ο
1407 1864 1580 1913 soror,
1623 1850 1736 1905 fera
1775 1854 2008 1921 pessima

436 1927 714 1989 devoravit
735 1930 954 1988 fratrem
985 1942 1158 1990 tuum.
1179 1935 1236 1989 in
1267 1952 1354 1992 me
1379 1930 1508 2010 ergo
1532 1954 1714 2008 cerne,
1749 1954 2007 2012 quantum

438 2018 511 2074 ibi
533 2022 818 2077 contulerit
841 2025 931 2092 qui
963 2034 1013 2079 te
1041 2040 1070 2079 a
1100 2025 1186 2079 tali
1216 2026 1386 2082 bestia
1410 2032 2003 2089 conservavititltcsam.

437 2108 606 2176 Quam
631 2111 795 2166 miser
815 2127 913 2180 ego
935 2128 1075 2181 sum,
1106 2116 1196 2184 qui
1222 2131 1394 2170 meam
1425 2118 1735 2186 pudicitiam
1764 2123 2003 2194 perdidi;
2041 2137 2047 2146 '

438 2209 546 2252 tam
577 2198 731 2253 beata
764 2210 842 2266 tu,
862 2203 1014 2272 cujus
1036 2205 1400 2274 virginitatem
1427 2207 1794 2263 misericordia
1823 2211 2005 2268 divina

438 2290 691 2358 protexit.
722 2291 944 2356 Quoties
982 2303 1203 2360 tentata,
1243 2299 1455 2367 quoties
1490 2300 1729 2368 impetita
1775 2287 1863 2357 tua
1907 2305 2006 2361 tibi

438 2377 660 2431 castitas
680 2388 763 2433 est
779 2390 1011 2447 servata,
1034 2398 1156 2438 cum
1180 2400 1281 2459 egq
1300 2387 1473 2444 libens
1500 2390 1551 2444 in
1583 2392 1754 2461 turpia
1783 2409 2007 2465 qumque

433 2469 806 2538 progrediens,
855 2476 1171 2528 ceacervavi
1212 2477 1343 2531 mihi
1392 2482 1678 2536 materiam
1725 2484 1865 2553 ignis
1899 2500 2007 2554 quo

437 2561 806 2626 comburerer,
856 2565 1136 2627 materiam
1175 2565 1364 2625 fetoris
1395 2585 1500 2639 quo
1543 2588 1788 2638 necarer,
1838 2586 2008 2629 matc—

436 2648 575 2715 riam
612 2652 872 2707 vermium
902 2672 930 2707 a
964 2656 1161 2723 quibus
1200 2660 1555 2730 corraderer?
1584 2662 1778 2720 llecole
1814 2665 1857 2719 si
1893 2666 2007 2736 pla-

436 2749 523 2794 cet
570 2740 689 2795 illas
734 2741 1006 2799 fmditates
1039 2762 1186 2803 meas
1212 2763 1309 2819 pro
1355 2754 1551 2820 quibus
1587 2756 1895 2827 plangebas,
1952 2769 2006 2812 et

436 2833 764 2900 corripiebas
792 2850 951 2904 saepe,
984 2836 1156 2906 puclla
1202 2831 1510 2909 parvulum,
1547 2845 1743 2899 femina
1794 2862 2006 2905 mascn-a

2115 404 2222 458 tur,
2255 395 2393 460 quod
2436 394 2609 446 erexit
2653 394 2702 445 in
2750 406 2895 460 spem
2931 394 3090 445 totius
3129 392 3493 460 desperatum,
3538 391 3681 458 quod

2112 484 2223 537 suis
2252 482 2431 535 obruit
2458 482 2734 537 beneﬁciis
2758 484 3047 551 ingratum,
3070 481 3207 549 quod
3230 493 3382 548 gustu
3408 481 3680 536 interioris

2111 572 2427 636 dulcedinis,
2471 572 2760 626 immundis
2809 579 3079 624 assuetum
3110 570 3548 631 delectationibus
3583 578 3683 623 at-

2114 664 2271 716 traxit
2298 672 2352 715 et
2392 662 2579 727 illexit,
2616 663 2757 731 quod
2791 659 3178 716 iiulissulubilia
3208 659 3360 713 mala:
3395 669 3682 715 unisuetu-

2111 751 2251 807 dinis
2289 752 2497 806 vincula
2527 753 2787 816 dissolvit,
2827 760 2882 805 et
2919 752 3246 804 abstractum
3283 751 3477 805 s'ecnln
3528 751 3682 805 beni-

2109 859 2211 914 gne
2237 845 2504 913 susvepit?
2530 844 2703 898 Taceo
2751 843 2939 905 multa,
2968 852 3022 896 et
3052 858 3256 909 magna:
3299 843 3680 899 misericordia

2109 952 2218 990 sate
2243 936 2385 990 circa
2416 950 2500 988 me
2521 950 2705 1003 opera,
2736 949 2802 988 ne
2823 934 3024 1003 aliquid
3051 932 3234 1002 gloria:
3262 948 3394 993 sua),
3423 948 3541 1001 qua)
3569 942 3678 987 tota

2109 1026 2252 1080 illius
2280 1034 2384 1091 est,
2416 1026 2482 1079 ad
2514 1040 2600 1079 me
2631 1025 2874 1077 videatur
2903 1027 3151 1078 transire.
3187 1025 3259 1077 Ita
3291 1025 3452 1077 etiam
3483 1040 3681 1079 secuit-

2109 1115 2235 1169 dum
2283 1116 2557 1170 hominum
2607 1115 3023 1171 aestimationem
3075 1115 3179 1170 sibi
3228 1117 3465 1173 coharret
3508 1117 3683 1185 gratia

2109 1203 2285 1258 dantis
2314 1216 2368 1260 et
2408 1204 2636 1259 felicitas
2668 1204 2996 1275 recipientis,
3033 1212 3092 1256 ut
3130 1222 3231 1258 non
3281 1206 3450 1258 solum
3499 1206 3685 1260 laude-

2111 1304 2221 1357 tur,
2255 1296 2378 1363 quia
2430 1296 2575 1349 solus
2624 1294 2924 1349 laudandus
2956 1303 3103 1348 esset
3132 1294 3218 1346 ille
3251 1296 3337 1361 qui
3378 1297 3542 1358 dedit,
3583 1298 3680 1349 sed

2108 1387 2271 1441 etiam
2304 1387 2389 1440 ille
2414 1387 2505 1455 qui
2548 1386 2758 1455 recipit.
2788 1386 2921 1453 Quis
2949 1386 3090 1439 enim
3125 1385 3282 1439 habet
3313 1385 3511 1453 aliquid
3540 1387 3682 1454 quod

2110 1494 2215 1534 non
2248 1477 2546 1545 receperit?
2597 1476 2655 1530 Si
2704 1485 2882 1529 autem
2910 1475 3078 1545 gratis
3109 1474 3335 1542 accepit,
3365 1489 3532 1543 quare
3572 1474 3682 1527 latt-

2110 1571 2273 1625 datur
2320 1570 2468 1624 velut
2516 1570 2911 1639 promeruerit?
2963 1569 3080 1622 Tibi
3138 1568 3298 1643 igitur
3354 1568 3487 1629 laus,
3543 1569 3685 1623 Deus

2041 1636 2082 1696 Β
2114 1675 2285 1723 meus,
2320 1658 2413 1712 tibi
2441 1636 2630 1729 gloria,
2674 1658 2766 1712 tibi
2796 1659 3088 1729 gratiarum
3129 1636 3300 1721 a'ctio;
3342 1658 3468 1711 mihi
3502 1670 3686 1727 autem.

2110 1749 2354 1804 confusio
2383 1748 2538 1803 faciei
2570 1764 2700 1804 mea:
2730 1749 2890 1820 (itan.
2924 1765 2999 1811 ιιι,
3026 1749 3101 1819 7),
3138 1748 3228 1819 qui
3260 1758 3333 1802 tot
3373 1749 3511 1802 mala
3554 1748 3677 1811 feci,

2109 1853 2165 1895 et
2190 1850 2267 1896 tot
2306 1842 2443 1893 bona
2476 1840 2662 1909 recipi.
2690 1840 2827 1907 Quid
2852 1842 3012 1909 igitur
3037 1829 3259 1917 (inquis)
3288 1856 3371 1893 me
3395 1840 3569 1894 minus
3591 1855 3680 1894 aco

2109 1930 2332 2003 cepisti"
2360 1930 2404 1985 Ο
2432 1946 2610 1997 soror,
2644 1932 2771 2001 quia
2800 1931 3012 1984 felicior
3043 1941 3128 1984 est
3154 1926 3271 1994 ille‘,
3296 1930 3447 1997 cujus
3485 1944 3676 1987 navem

2109 2026 2324 2103 plenam
2348 2023 2618 2081 mercibus
2644 2034 2700 2079 et
2726 2032 2974 2078 onustam
3001 2022 3201 2077 divitiis
3220 2015 3376 2103 ﬂatus
3398 2030 3683 2076 ventorum

2109 2098 2374 2187 integram
2404 2116 2615 2171 revexit
2643 2116 2711 2170 ad
2741 2124 2977 2186 portum,
3009 2129 3170 2183 quam
3199 2098 3304 2184 qui.
3321 2129 3512 2183 passus
3548 2128 3683 2169 nano

2106 2206 2353 2275 fragium,
2372 2205 2548 2261 nudus
2575 2205 2749 2261 evasit
2778 2213 3028 2258 mortem.
3063 2203 3142 2257 Tu
3176 2219 3304 2273 ergo
3330 2203 3522 2279 initis,
3553 2217 3685 2276 quas

2109 2297 2205 2353 tibi
2234 2298 2412 2351 divina
2434 2297 2607 2367 gratia
2635 2280 2994 2361 conservavit,
3022 2296 3262 2350 exsultas
3287 2295 3518 2359 divitiis;
3549 2296 3683 2350 mihi

2107 2391 2375 2445 maximus
2430 2390 2583 2444 labor
2631 2389 2893 2443 incumbit
2944 2398 3003 2441 ut
3055 2389 3225 2441 fracta
3282 2388 3679 2455 redintegrent,

2108 2480 2303 2533 amissa
2330 2493 2664 2547 recuperem,
2688 2479 2856 2532 scissa
2882 2477 3191 2532 resarciam.
3217 2476 3598 2531 Verumtamen
3626 2487 3683 2533 et

2108 2585 2195 2624 me
2225 2569 2343 2624 volo
2368 2578 2424 2622 ut
2446 2569 2733 2631 mmuleris,
2768 2568 3028 2637 valdeque
3051 2574 3207 2636 putes
3228 2566 3678 2631 erubescendum,

2107 2662 2153 2716 si
2202 2669 2326 2730 post
2358 2668 2436 2714 tot
2474 2658 2691 2729 .ﬂagitia
2745 2659 2797 2714 in
2832 2659 2921 2713 illa
2958 2659 3063 2712 vita
3109 2658 3201 2711 tibi
3237 2657 3487 2713 inventus
3532 2657 3685 2712 fuero

2105 2751 2350 2820 aequalis,
2376 2766 2494 2804 cum
2514 2764 2653 2820 saepe
2678 2750 2999 2820 virginitatis
3013 2749 3238 2818 gloriam
3266 2748 3681 2803 intervenientia

2106 2840 2351 2908 qutedam
2382 2840 2510 2893 vitia
2536 2841 2797 2899 minuant,
2828 2848 2882 2893 et
2911 2841 3107 2894 veteris
3137 2838 3565 2893 conservationis
3584 2853 3682 2907 op-

436 2921 567 2977 lum.
602 2924 705 2977 Sed
734 2939 838 2978 non
870 2926 1001 2979 fallit
1028 2926 1309 2998 Scriptura
1334 2948 1452 3001 qua:
1484 2933 1558 2988 ait
1600 2952 1613 2988 :
1642 2935 1809 2990 Nemo
1835 2949 2000 3004 potest

2104 2927 2376 2996 probrium
2410 2943 2617 2982 morum
2663 2928 2891 2981 imitatio
2925 2938 2977 2981 et
3006 2928 3355 2982 succedentes
3380 2926 3539 2981 vitiis
3569 2927 3679 2980 viro

434 3015 710 3084 corrigere,
759 3034 907 3088 quem
962 3017 1100 3073 Deus
1141 3021 1371 3091 despexit
1417 3024 1612 3096 (Eccle.
1666 3042 1760 3090 vit,
1809 3027 1916 3099 Η).
1959 3029 2003 3086 Ο

437 3119 598 3173 quam
628 3106 923 3175 diligendus
952 3117 1033 3164 est
1056 3125 1085 3163 a
1122 3119 1191 3174 te,
1218 3113 1310 3180 qui
1338 3116 1463 3169 eum
1505 3131 1589 3169 me
1620 3117 1921 3185 repelleret,
1953 3129 2006 3173 te

436 3194 688 3258 attraxit;
718 3203 916 3249 etcum
945 3212 1095 3265 aequa
1136 3201 1373 3254 conditio
1413 3201 1549 3255 foret
1580 3205 1878 3274 utriusque,
1919 3218 2005 3261 ta-

436 3300 558 3338 Inen
601 3301 687 3339 mc
726 3286 1050 3356 despexerit,
1111 3298 1164 3344 te
1210 3291 1478 3347 dilexerit.
1514 3294 1708 3350 Recole
1737 3313 1897 3362 tuine,
1950 3308 2009 3355 ut

434 3374 567 3446 dei.
600 3379 974 3445 corruptiones
1002 3394 1166 3442 meas,
1215 3396 1336 3435 cum
1366 3371 1913 3441 exaltaretur'nebula
1937 3387 2005 3440 li-

435 3463 633 3518 bidinis
678 3481 745 3518 ex
790 3465 1063 3522 luxuriosa
1090 3468 1526 3539 concupiscentia
1566 3475 1765 3541 carnis,
1807 3485 1861 3530 et
1898 3493 2004 3530 non

435 3566 577 3620 esset
605 3559 697 3628 qui
736 3559 969 3628 eriperet
1004 3554 1060 3615 et
1092 3561 1298 3616 salvum
1332 3561 1535 3617 faceret
1570 3564 1743 3634 (Paul.
1802 3582 1897 3631 vit,
1923 3570 2002 3638 3).

445 3640 612 3698 Verba
637 3646 777 3699 cnim
816 3647 1111 3716 iniquarum
1131 3650 1512 3718 pra-valuerunt
1536 3669 1691 3720 super
1717 3669 1796 3707 me
1829 3652 1997 3725 (Psal.

434 3751 581 3805 μιν,
618 3736 697 3805 4),
740 3738 829 3807 qui
872 3738 927 3791 in
971 3739 1121 3793 suavi
1172 3740 1361 3808 poculo
1405 3743 1604 3796 amoris
1647 3746 2017 3814 propinabaut

435 3828 563 3882 mihi
591 3845 850 3883 venenum
894 3829 1139 3886 luxuriat.
1179 3830 1571 3888 Convenientes
1598 3836 1650 3889 in
1682 3853 1845 3891 uaum
1874 3840 2009 3892 allen

432 3919 626 3978 etionis
669 3922 907 3975 suavitas
952 3930 1005 3976 et
1032 3922 1341 3991 cupiditatis
1381 3924 1685 3999 impuritas,
1723 3928 2005 3996 rapiebant

434 4011 752 4066 imbecillem
788 4013 967 4066 adhuc
1000 4021 1213 4068 tetatem
1242 4029 1416 4067 meam
1452 4031 1547 4084 per
1575 4017 1801 4087 abrupta
1844 4019 2001 4074 vitio-

433 4116 577 4165 rum,
612 4110 775 4170 atque
819 4103 1136 4174 mergebant
1181 4104 1389 4173 gurgite
1433 4104 1777 4174 ﬂagitiorum.
1828 4109 2001 4163 Vene-

434 4202 561 4248 runt
611 4208 774 4263 super
803 4211 888 4250 me
918 4197 996 4249 ira
1039 4204 1093 4250 et
1124 4195 1419 4264 indignatio
1459 4204 1566 4260 tua,
1614 4197 1773 4264 Deus,
1821 4209 1875 4251 et
1901 4214 2001 4270 ego

2108 3017 2251 3073 tutes
2296 3018 2629 3073 oblitterent.
2674 3018 2778 3072 Sed
2812 3008 3066 3085 jamilla,
3116 3019 3167 3069 in
3204 3017 3397 3087 quibus
3440 3017 3535 3071 tibi
3564 3016 3675 3072 sola

2105 3110 2318 3165 conscia
2358 3124 2419 3162 es
2461 3109 2654 3162 divina:
2693 3108 2965 3169 bonitatis,
3012 3107 3215 3175 inSpice
3249 3122 3395 3161 nunc
3427 3109 3678 3174 munera,

2107 3214 2266 3268 quam
2306 3198 2542 3266 jucunda
2581 3199 2720 3251 facie
2758 3198 3158 3251 abrenuntianti
3189 3198 3385 3251 saeculo
3429 3197 3679 3253 Christus

2107 3288 2426 3354 occurrerit,
2474 3288 2670 3357 quibus
2717 3286 3041 3340 esurientem
3077 3286 3284 3340 deliciis
3330 3288 3499 3356 pavit,
3544 3300 3680 3357 quas

2105 3379 2512 3434 miseratiouum
2555 3392 2772 3432 suarum
2801 3377 3013 3430 divitias
3057 3377 3312 3444 ostendit,
3344 3391 3480 3445 quos
3507 3377 3676 3447 iuspi-
3736 3420 3743 3427 .

2108 3469 2249 3523 ravit
2276 3468 2520 3534 affectus,
2545 3484 2652 3537 quo
2683 3478 2734 3523 te
2759 3469 3040 3523 charitatis
3054 3468 3245 3537 poculo
3271 3467 3521 3523 ebriavit.
3540 3466 3676 3525 Nam

2105 3562 2150 3616 si
2198 3561 2481 3627 fugitivum
2525 3575 2739 3614 servum
2770 3572 2826 3615 et
2855 3559 3107 3614 rebellem
3153 3558 3264 3613 sola
3309 3574 3406 3614 sua
3446 3561 3675 3614 misera—

2106 3653 2248 3705 tione
2280 3658 2582 3714 revocatum
2611 3649 2966 3719 spiritualium
2992 3648 3423 3705 consolationem
3452 3664 3556 3703 non
3581 3664 3673 3704 re-

2107 3744 2260 3813 liquit
2289 3742 2660 3809 inexpertum;
2692 3740 2819 3810 quid
2849 3740 3146 3795 dulcedinis
3184 3740 3507 3795 crediderim
3548 3753 3672 3792 cum
3747 3768 3753 3775 -

2102 3835 2296 3906 virgini
2321 3833 2643 3890 contulisse?
2670 3832 2725 3886 Si
2753 3832 3068 3897 teutabaris,
3100 3832 3188 3886 ille
3219 3829 3589 3896 sustentabat:
3625 3831 3675 3884 si

2104 3926 2425 3991 tluctuabas,
2456 3927 2545 3982 ille
2583 3925 2870 3982 solidabat.
2914 3924 3137 3991 Quoties
3178 3940 3287 3994 pra:
3323 3926 3516 3979 timore
3550 3938 3673 3989 are-
3732 3962 3737 3969 ρ

2103 4019 2273 4074 scenti
2301 4019 2420 4089 pius
2445 4016 2750 4075 consolator
2775 4016 3023 4070 astabat?
3050 4014 3273 4082 Quoties
3294 4013 3542 4070 atstuanti
3564 4028 3673 4083 pra:

2103 4125 2311 4175 amore,
2348 4110 2463 4177 ipse
2493 4123 2550 4162 se
2592 4108 2696 4161 tuis
2724 4107 3020 4160 visceribus
3057 4106 3404 4167 infundebat?
3446 4103 3668 4171 Quoties

2100 4200 2412 4269 psallentem
2459 4198 2543 4251 vel
2584 4197 2844 4265 legentem
2894 4196 3252 4265 spiritualimn
3292 4211 3543 4249 sensuum
3586 4192 3664 4247 ln-

434 4287 763 4340 ncseiebam.
793 4286 933 4340 Ibam
965 4286 1171 4356 longius
1213 4302 1242 4338 a
1286 4294 1353 4348 te,
1388 4295 1440 4340 et
1466 4286 1696 4343 sinebas.
1721 4289 1994 4357 iactabar,
2028 4282 2075 4340 Ι)
2105 4289 2247 4343 mine
2276 4287 2606 4342 illustrabat?
2635 4285 2855 4352 Quoties
2882 4292 3126 4338 orantem
3154 4284 3207 4337 in
3236 4284 3502 4352 quoddam
3531 4283 3675 4340 inel-

434 4386 489 4430 et
514 4376 840 4442 cﬂ‘nndebar,
882 4387 938 4431 et
961 4377 1244 4447 .delluebar
1289 4394 1383 4448 per
1412 4380 1779 4436 immunditias
1805 4399 1956 4439 meas
1982 4424 1998 4451 ,

330 4529 347 4535 ,
433 4477 486 4530 et
516 4470 751 4523 taeebas.
785 4469 899 4534 Eia,
929 4484 1106 4533 soror,
1130 4469 1411 4539 diligenter
1429 4473 1652 4526 attende
1686 4473 1866 4527 omnia
1897 4475 1998 4529 ista

435 4561 606 4629 turpia
639 4570 693 4614 ct
716 4560 966 4625 nefanda,
999 4560 1051 4614 iu
1077 4572 1195 4629 qua:
1222 4577 1307 4615 me
1335 4562 1691 4632 praecipitavit
1714 4575 1898 4617 meum‘
1917 4579 2004 4618 ar—

432 4650 684 4713 bitt-ium;
713 4659 768 4703 et
792 4650 926 4703 scito
952 4651 1090 4718 quod
1120 4651 1171 4703 in
1198 4652 1313 4704 haec
1340 4652 1658 4716 corruisses,
1693 4653 1736 4706 si
1766 4662 1817 4707 te
1846 4652 2003 4707 Chri-

433 4742 501 4794 sti
524 4741 887 4795 misericordia
917 4757 1020 4794 non
1056 4751 1340 4799 servasset.
1381 4741 1495 4796 Non
1540 4744 1655 4798 haec
1696 4745 1816 4798 dico
1847 4747 2001 4813 quasi

434 4829 567 4883 nihil
600 4830 726 4882 mihi
768 4829 1057 4883 contulerit
1080 4830 1225 4893 boni,
1253 4829 1378 4884 dum
1410 4831 1651 4902 exceptis
1678 4832 1745 4887 iis
1767 4847 1884 4901 quae
1910 4847 2002 4886 su-

432 4923 614 4991 perius
667 4922 899 4976 diximus
958 4922 1239 4991 utriusque
1283 4924 1501 4989 collata,
1554 4925 1691 4979 mira
1742 4926 1998 4996 patientia

435 5029 582 5068 ineas
619 5013 936 5066 sustinuerit
963 5012 1293 5080 iniquitates.
1331 5013 1430 5075 Cui
1470 5016 1639 5070 debeo
1669 5017 1812 5086 quod
1858 5027 1998 5072 terra

434 5122 538 5159 non
566 5122 650 5159 me
692 5106 992 5170 absorbuit,
1026 5119 1127 5160 nec
1169 5104 1475 5159 fulminavit
1498 5108 1720 5174 omium,
1764 5122 1862 5163 nec
1896 5108 1999 5163 ﬂu-

435 5200 571 5251 mina
599 5198 1036 5252 subtnerserunt?
1060 5196 1338 5263 Quomodo
1357 5198 1499 5250 enim
1522 5200 1812 5255 sustineret
1841 5215 1997 5254 creao

434 5302 551 5344 tura
584 5301 785 5344 tantam
814 5290 1062 5359 injuriaiu
1087 5288 1357 5343 Creatoris
1371 5290 1487 5352 'sui,
1523 5291 1566 5344 si
1605 5307 1710 5345 non
1743 5293 1995 5361 impetum

434 5388 548 5455 ejus
592 5386 867 5440 cohiberet
912 5384 1002 5439 ille
1048 5382 1160 5449 ipse
1198 5383 1289 5449 qui
1335 5384 1593 5447 condidit,
1627 5386 1717 5454 qui
1751 5401 1853 5438 non
1888 5383 1998 5437 vnlt

435 5492 645 5533 mortem
674 5482 974 5546 ueccoton’s,
1006 5480 1095 5533 sed
1123 5480 1292 5549 magis
1321 5488 1374 5531 ut
1398 5487 1725 5532 convertatur
1747 5487 1793 5530 et
1823 5476 1997 5528 vivat?

443 5568 633 5625 τελετὴ
695 5588 883 5631 xxxiii,
944 5570 1053 5643 il.)
1086 5570 1163 5624 Ad
1205 5569 1330 5621 illud
1375 5579 1585 5625 quantm
1636 5568 1735 5621 fuit
1785 5566 2002 5630 gratim,

2103 4380 2268 4436 fabile
2304 4379 2628 4434 desiderium
2677 4394 2832 4431 suum
2871 4378 3144 4446 rapiebat?
3186 4377 3406 4442 Quoties
3434 4387 3670 4432 mentem

2108 4480 2250 4526 tuam
2280 4484 2309 4523 a
2335 4468 2564 4523 terrenis
2606 4467 2963 4531 subtractam,
2996 4466 3064 4519 ad
3093 4466 3344 4520 cmlestes
3369 4464 3586 4520 delicias
3616 4476 3674 4520 et

2103 4561 2336 4633 paradisi
2372 4560 2720 4614 amoenitates
2754 4557 3188 4628 transportabat?
3213 4557 3339 4611 llaec
3372 4555 3551 4609 omnia
3584 4569 3681 4610 τοο.

2105 4650 2257 4707 volve
2285 4650 2482 4712 animo,
2516 4658 2574 4703 ut
2607 4650 2660 4703 in
2689 4637 2811 4703 eum
2843 4659 2976 4703 tuus.
2996 4657 3139 4701 totus
3184 4646 3489 4701 revolvatur
3531 4643 3661 4699 aﬂ'e-

2103 4754 2239 4804 ctus.
2278 4743 2515 4797 Vilescat
2564 4740 2658 4794 tibi
2708 4740 2959 4803 mundus,
3009 4738 3185 4792 omnis
3231 4752 3382 4790 amor
3428 4735 3668 4792 carnalis

2099 4830 2335 4905 sordeat,
2364 4832 2571 4888 nescias
2601 4839 2651 4886 te
2671 4831 2875 4885 essein
2906 4830 3104 4883 mundo
3143 4829 3275 4893 hoc;
3310 4826 3563 4896 quoniam
3595 4828 3667 4884 ad

2102 4924 2221 4978 illos
2247 4922 2337 4992 qui
2370 4922 2422 4975 in
2456 4919 2594 4974 ciete
2624 4926 2746 4972 sunt
2791 4929 2847 4973 et
2874 4919 2982 4973 Deo
3020 4921 3227 4981 vivunt,
3256 4926 3405 4969 tuum
3430 4924 3669 4970 transtu-

2100 5014 2206 5071 listi
2238 5013 2582 5084 prepositum.
2615 5004 2713 5064 Ubi
2741 5021 2815 5065 est
2847 5011 3119 5063 thesaurus
3141 5017 3286 5072 tuus,
3310 5006 3381 5060 ibi
3410 5006 3480 5061 sit
3508 5016 3554 5061 et
3577 5023 3671 5062 cor

2100 5118 2246 5162 luunt
2277 5106 2488 5179 (Matth.
2517 5120 2594 5169 vl,
2615 5104 2729 5175 2|).
2774 5100 2890 5155 Noli
2920 5115 3042 5155 cum
3065 5099 3334 5169 argenteis
3359 5097 3665 5152 simulacris

2098 5200 2188 5253 vili
2242 5197 2510 5266 marsupio
2548 5205 2638 5249 tuo
2695 5204 2841 5248 tuum
2890 5190 3165 5244 includere
3215 5190 3482 5251 animum;
3528 5188 3659 5255 quia

2101 5302 2367 5356 nunquam
2386 5300 2522 5357 eum
2548 5297 2884 5338 nummorum
2919 5279 3155 5349 pondere
3182 5276 3382 5346 poteris
3414 5285 3657 5341 transvo-

2099 5384 2209 5436 lare
2239 5381 2304 5434 ad
2334 5379 2551 5433 cmlum.
2598 5378 2727 5431 l’uta
2779 5385 2829 5429 te
2876 5373 3116 5443 quotidie
3146 5369 3481 5435 morituram,
3509 5377 3563 5423 et
3594 5367 3661 5423 de

2100 5471 2335 5527 crastino
2364 5485 2468 5522 nou
2493 5466 2772 5535 cogitabis.
2802 5464 2915 5518 Non
2951 5472 3000 5516 te
3036 5457 3196 5529 235.
3223 5456 3384 5511 futuri
3408 5456 3661 5525 temporis

2100 5563 2355 5621 sterilitas
2395 5569 2614 5623 terreat,
2663 5574 2766 5611 non
2820 5558 3007 5609 futurae
3054 5551 3207 5605 famis
3235 5548 3391 5603 timor
3428 5554 3659 5605 metuent
