4190 6184
508 257 614 360 ns

860 300 925 359 S.
960 300 1258 359 ANSELMI
1297 299 1654 359 CANTUAB.
1696 296 2014 354 ARCUIEP.
2056 303 2066 348 t

2158 297 2210 352 P.
2248 296 2427 356 PARS
2461 301 2600 359 Il.-—
2635 301 2999 365 PARJSNET.
3038 303 3128 359 ΕΤ
3164 300 3409 361 ASCET.

3522 228 3547 253 ἱ

3622 302 3723 362 796

508 425 657 472 tuam
703 415 936 485 dcjiciat,
984 414 1077 469 sed
1121 430 1189 469 ex
1239 414 1355 485 ipso
1404 421 1516 469 tota
1563 411 1754 467 fiducia
1801 420 1890 463 tua
1935 425 2068 479 pen-
2095 410 2142 466 Α
2169 407 2365 478 duplici
2395 410 2551 477 stola,
2574 413 2779 470 scilicet
2802 428 3044 485 corporis
3062 421 3115 469 et
3140 414 3334 468 anima:
3366 424 3620 485 perpetua
3648 418 3722 475 fe-

507 502 747 569 deat'qui
785 515 911 555 aves
943 502 1140 570 pascit,
1188 500 1295 561 lilia
1341 502 1520 559 vestit.
1568 500 1682 568 Ipse
1710 498 1782 555 sit
1812 498 2064 555 horreum

508 600 690 656 tuum,
722 589 834 659 ipse
885 592 1167 663 apotheca,
1200 592 1313 659 ipse
1360 589 1687 659 marsupium
1732 597 1904 651 tuum,
1951 586 2064 655 ipse

504 682 728 744 divitiae,
789 682 903 751 ipse
946 682 1155 739 delicia:
1210 690 1353 749 tuae;
1412 680 1556 736 solus
1608 678 1703 733 tibi
1762 677 1835 733 sit
1881 677 2065 732 omnia

502 771 555 826 in
607 773 873 829 omnibus.
940 772 1066 827 ilzee
1119 772 1333 827 interim
1393 770 1458 825 de
1517 768 1870 840 praesentibus
1932 767 2064 823 satis

501 862 623 916 sint.

995 973 1364 1029 MEDITATIO
1402 973 1565 1042 xvu,

403 1142 411 1150 ι
500 1108 619 1165 Sive
648 1110 996 1181 meditationis
1040 1113 1236 1181 quintm
1275 1113 1497 1181 decimter
1532 1127 1656 1179 pars
1686 1110 1859 1165 tertia.
1891 1139 1957 1149 —
1989 1107 2063 1161 De

961 1180 1153 1248 futuris
1180 1182 1438 1249 beneficiis
1468 1180 1584 1234 Dei.

563 1313 663 1380 Qui
694 1324 874 1371 autem
902 1323 1121 1384 praestat
1148 1315 1258 1369 suis
1301 1324 1447 1368 tanta
1488 1315 1539 1368 in
1571 1312 1819 1383 praesenti
1861 1318 2059 1380 quanta

494 1405 600 1461 illis
623 1416 804 1463 servat
833 1407 885 1461 in
914 1407 1131 1461 futuro?
1158 1406 1485 1475 Principium
1517 1398 1819 1458 futurorum
1857 1411 1911 1457 et
1937 1401 2061 1478 finis

491 1496 862 1563 praesentium,
896 1510 1038 1549 mors
1076 1476 1182 1548 cst.
1228 1493 1376 1547 lianc
1422 1494 1575 1561 cujus
1607 1501 1797 1551 natura
1826 1506 1932 1561 non
1965 1476 2060 1542 ab-

493 1584 712 1641 horret?
742 1584 891 1653 cujus
921 1599 1024 1638 non
1055 1574 1361 1651 expavescit
1401 1582 1655 1637 affectus?
1704 1582 1834 1635 Nam
1875 1582 2058 1635 hestim

493 1672 638 1744 fuga,
682 1674 934 1739 latibulis,
975 1682 1028 1728 et
1067 1674 1187 1729 aliis
1219 1674 1362 1728 mille
1392 1673 1559 1726 modis
1589 1682 1816 1728 mortem
1841 1680 2054 1738 cavent,

2163 499 2369 557 licitate
2407 500 2675 559 fruantur.

2232 590 2347 645 Jam
2406 608 2547 645 nunc.
2596 593 2807 657 intuere
2847 594 2990 650 illius
3039 595 3142 651 diei
3188 604 3473 659 terrorem,
3508 597 3721 665 quando

2165 682 2419 739 caelorum
2442 684 2666 759 virtutes
2692 685 3069 751 movebuntur,
3095 685 3356 741 elementa
3385 686 3523 756 ignis
3543 685 3721 757 calore

2163 773 2457 839 solventur,
2487 776 2745 843 patebunt
2775 775 2957 842 inferi,
2985 777 3194 832 occulta
3232 777 3411 832 omnia
3440 777 3718 831 nudabuu-
3757 760 3761 767 ’

2165 872 2276 931 ιιιι·;
2303 865 2479 919 veniet
2507 864 2737 935 desuper
2764 867 2936 921 iratus
2968 866 3164 933 Judex,
3194 854 3389 922 ardens
3414 866 3559 920 furor
3578 863 3717 933 ejus,

2160 965 2216 1009 et
2235 963 2287 1007 ut
2316 964 2801 1024 tempestas.currus
2822 956 2935 1026 ejus
2959 955 3091 1026 (Jer.
3122 973 3196 1021 tv,
3228 958 3338 1025 15),
3369 964 3428 1008 ut
3456 954 3645 1009 reddat
3667 954 3718 1011 In

2162 1046 2239 1098 ira
2270 1044 2558 1099 vindictam
2587 1055 2643 1100 et
2674 1038 2978 1101 vastitatem
3010 1046 3065 1100 in
3097 1046 3308 1101 flamma
3338 1046 3495 1117 ignis.
3522 1036 3718 1101 Beatus

2159 1142 2238 1188 est
2270 1135 2358 1203 qui
2388 1145 2604 1207 paratus
2625 1144 2708 1190 est
2734 1151 3018 1211 occurrere
3060 1136 3155 1190 illi.
3188 1136 3323 1203 Quid
3350 1146 3478 1213 tunc
3507 1134 3719 1192 miseris

2161 1225 2437 1279 animabus
2466 1216 2603 1280 erit?
2628 1225 2797 1301 Quam
2827 1236 2954 1281 tunc
2984 1227 3164 1283 miseri
3205 1237 3388 1294 erunt,
3417 1242 3549 1296 quos
3580 1240 3721 1280 nunc

2161 1313 2368 1368 luxuria
2412 1314 2598 1383 findat,
2642 1318 2866 1371 avaritia
2914 1318 3157 1387 dis'sipat,
3200 1314 3405 1372 extollit
3446 1316 3715 1386 superbia.

2160 1404 2387 1461 Exibunt
2423 1408 2613 1478 angeli,
2653 1418 2700 1462 et
2733 1409 3045 1477 separabuut
3072 1409 3237 1463 malos
3262 1411 3325 1462 de
3350 1410 3524 1479 medio
3549 1409 3718 1478 justo-

2158 1513 2273 1549 rum
2297 1497 2511 1566 (Matth.
2540 1514 2660 1566 xm,
2690 1497 2805 1564 49),
2832 1499 2950 1554 illos
2978 1515 3006 1552 a
3034 1500 3258 1562 dextris,
3288 1500 3407 1554 illos
3430 1515 3465 1567 aq
3486 1492 3719 1552 sinistris
3768 1504 3769 1507 ‘

2155 1596 2471 1643 statuentes.

2226 1678 2409 1747 Cogita
2441 1687 2492 1732 te
2522 1694 2662 1732 nunc
2688 1688 2812 1734 ante
2847 1678 3090 1733 tribunal
3114 1678 3313 1733 Christi
3344 1678 3486 1731 inter
3508 1687 3715 1757 utram—

492 1764 654 1818 vitam
684 1771 917 1816 tuentur.
948 1760 1063 1815 Jattt
1092 1777 1232 1816 nunc
1263 1762 1545 1833 diligenter
1569 1762 1787 1835 attende
1816 1762 1941 1831 quid
1965 1773 2054 1813 tua
2085 1756 2130 1815 Β
2159 1783 2262 1838 que
2284 1769 2422 1823 hanc
2442 1767 2753 1823 societatem
2782 1770 3055 1833 assistere,
3081 1779 3132 1823 et
3157 1771 3381 1825 necdum
3412 1770 3463 1821 in
3491 1767 3716 1823 alterum

489 1852 585 1905 tibi
639 1852 956 1919 respondeat
999 1851 1351 1929 conscientia,
1396 1852 1525 1920 quid
1571 1860 1857 1920 prmsumat
1903 1850 2053 1917 fides,

487 1941 614 2009 quid
649 1956 771 2013 spes
811 1942 1111 2010 promittat,
1145 1941 1271 2010 quid
1314 1949 1533 2009 expetat
1576 1940 1818 1994 allectus.
1853 1941 1909 1993 Si
1949 1941 2055 1995 vita

489 2040 577 2084 tua
604 2030 699 2099 tibi
724 2028 873 2085 pueri
903 2040 1004 2093 est,
1034 2030 1079 2085 si
1108 2030 1335 2084 mundus
1371 2029 1604 2094 fastidio,
1636 2028 1679 2083 si
1706 2044 1834 2084 caro
1862 2029 2053 2095 dolori,

488 2122 727 2191 profecto
755 2122 1024 2177 desiderio
1067 2137 1213 2176 mors
1255 2132 1339 2176 est
1384 2121 1500 2186 tibi,
1535 2136 1656 2190 quae
1678 2118 1862 2189 jugnm
1899 2119 2056 2187 hujus

487 2208 676 2267 oneris
718 2212 956 2283 deponit,
1012 2212 1149 2266 tollit
1197 2211 1489 2275 fastidium,
1540 2212 1783 2279 corporis
1812 2211 2052 2266 dolorem
2095 2212 2097 2216 ⁴

487 2308 730 2365 assumit.
764 2307 876 2360 lloc
902 2323 1065 2359 unum
1097 2306 1215 2359 dico
1243 2307 1494 2361 omnibus
1522 2306 1682 2374 hujus
1709 2308 1891 2361 mundi
1919 2323 2055 2377 pra:-

486 2402 631 2446 starc
667 2393 897 2473 deliciis,
928 2393 1225 2447 honoribus
1254 2402 1418 2464 atque
1469 2395 1693 2461 divitiis,
1734 2394 1777 2448 si
1821 2395 1890 2449 ob
1927 2409 2057 2449 con-

484 2484 723 2553 scientia:
751 2486 1120 2547 serenitatem,
1154 2485 1273 2541 fidei
1306 2488 1637 2548 ﬁrmitatem,
1688 2488 1801 2558 spei
1833 2490 2054 2543 certitu-

488 2573 671 2627 dinem
700 2584 924 2649 mortem
950 2591 1054 2628 nou
1080 2578 1288 2630 timeas.
1311 2576 1463 2643 Quod
1489 2578 1577 2631 ille
1606 2580 1804 2647 poterit
1823 2581 2056 2635 maxime

486 2662 715 2733 experiri
746 2664 857 2733 qui,
891 2664 1070 2733 aliquo
1094 2674 1333 2733 tempore
1356 2666 1453 2720 sub
1481 2667 1581 2720 hac
1604 2669 1864 2721 servitute
1886 2670 2058 2738 suspi-

397 2804 405 2811 ,
487 2766 638 2814 rans,
679 2751 731 2805 in
779 2752 1058 2807 liberiores
1098 2755 1441 2809 conscientiae
1490 2771 1651 2810 auras
1689 2758 1879 2812 evasit.
1931 2757 2056 2812 Haec

486 2849 613 2894 sunt
659 2839 851 2911 futurae
894 2838 1242 2895 beatitudinis
1276 2854 1377 2896 tua:
1406 2844 1655 2912 primitiae
1682 2845 1965 2911 salutares,
1998 2853 2057 2901 ut

488 2940 659 2984 morte
686 2932 1092 3006 superveniente
1131 2934 1429 2987 naturalem
1474 2934 1753 2989 horrorem
1789 2936 1921 2990 ﬁdes
1958 2952 2053 2992 su-

422 3020 429 3026 ’
485 3028 656 3101 pet-et,
688 3034 813 3091 Spes
866 3032 1147 3091 temperet,
1179 3024 1507 3079 conscientia
1542 3040 1673 3094 pura
1702 3027 1956 3095 repellat;
1995 3035 2052 3084 et

484 3110 609 3165 inde
632 3112 1023 3181 quodammodo
1046 3128 1190 3168 mors
1218 3124 1302 3168 est
1321 3114 1641 3183 principium
1662 3116 1879 3185 quietis,
1908 3115 2050 3171 labo-

487 3216 604 3255 rum
640 3211 804 3265 meta,
830 3203 1181 3271 peremptoria
1217 3204 1490 3258 vitiorum.
1513 3203 1605 3259 Sic
1623 3206 1766 3259 enim
1791 3206 2053 3274 scriptum

486 3298 567 3344 est
599 3308 612 3342 :
647 3284 792 3343 iienti
819 3292 1030 3356 mortui,
1072 3294 1158 3359 qui
1196 3293 1249 3345 in
1280 3292 1502 3345 Domino
1532 3294 1827 3346 moriuntur
1868 3294 2050 3363 (Apoc.

488 3366 743 3448 x1v,l‘5).
799 3377 950 3434 Unde
993 3381 1250 3449 propheta
1304 3382 1650 3450 reproborum
1710 3396 1939 3437 mortem
1988 3384 2056 3438 ab

487 3464 779 3523 electorum
817 3478 988 3545 morte
1028 3471 1363 3534 discernens,
1402 3466 1629 3536 Omnes,
1662 3474 1859 3542 inquit,
1914 3492 2053 3545 rcges

487 3554 808 3613 dormierunt
855 3561 908 3611 in
943 3559 1133 3630 gloria,
1177 3563 1527 3631 unusquisque
1568 3563 1813 3620 in.domo
1841 3582 1971 3629 sua;
2000 3578 2053 3617 tu

486 3650 656 3698 autem
688 3646 949 3713 projectus
978 3663 1029 3698 es
1058 3647 1122 3699 de
1152 3648 1388 3716 sepulcro
1420 3659 1528 3712 tuo,
1560 3651 1709 3718 quasi
1730 3652 1904 3717 stirpis
1936 3653 2052 3704 inu-

484 3728 609 3793 tifis,
639 3735 865 3802 pollutus
894 3745 941 3788 et
972 3736 1238 3791 obvolutus
1281 3738 1417 3807 (Isn.
1470 3756 1583 3805 xw,
1632 3743 1718 3804 l8,
1754 3743 1871 3813 i9).
1921 3743 2055 3795 Dor-

487 3824 720 3878 ntierunt
754 3826 951 3893 quippe
990 3826 1042 3877 in
1074 3826 1237 3894 gloria
1272 3843 1495 3894 quorum
1526 3840 1749 3884 mortem
1780 3847 2054 3886 commen-

486 3911 577 3965 dat
606 3912 740 3967 boua
782 3914 1135 3975 conscientia,
1177 3915 1298 3980 quia
1330 3918 1553 3981 pretiosa
1583 3927 1659 3971 est
1691 3920 1745 3971 in
1784 3932 2055 3986 conspectu

489 4000 697 4053 Domini
737 4016 875 4053 mors
915 4010 1212 4054 sanctorum
1253 4003 1365 4071 ejus
1404 4004 1577 4073 (Psnl.
1606 4022 1727 4072 cxv,
1764 4006 1872 4076 15).
1920 4008 2056 4062 Dor-

490 4091 723 4144 mieruut
757 4105 886 4146 sane
923 4092 974 4144 in
1006 4092 1173 4160 gloria
1198 4109 1429 4162 quorum
1461 4096 1767 4151 dormitioni
1801 4099 2075 4153 assistunt

491 4181 683 4251 angeli,
709 4192 1001 4247 occurrunt
1028 4184 1221 4247 sancti,
1254 4184 1461 4239 concivi
1495 4201 1593 4240 suo
1630 4189 1932 4256 praebentes
1956 4205 2056 4242 au-

488 4272 697 4335 xilium,
726 4280 780 4325 et
824 4271 1191 4339 impertientes
1220 4273 1499 4337 solatium;
1532 4273 1775 4329 hostibus
1805 4290 1863 4331 se
1887 4291 2054 4347 Oppo—

2076 3073 2127 3136 Ο

2158 1867 2360 1935 partem
2382 1871 2703 1929 separatam.
2728 1859 3156 1915 Deﬂecteoculos
3178 1874 3318 1913 nunc
3339 1861 3408 1913 ad
3437 1858 3718 1912 sinistram

2156 1949 2445 2018 Judicis,et
2468 1952 2719 2005 miseram
2746 1951 2891 2006 illam
2915 1951 3310 2007 multitudinem
3333 1951 3715 2020 contemplare.

2157 2043 2341 2109 Qualis
2385 2043 2454 2099 ibi
2496 2043 2707 2106 horror,
2739 2045 2859 2113 quis
2896 2044 3096 2113 pudor,
3136 2045 3257 2114 quis
3295 2044 3451 2106 fetor,
3498 2045 3616 2113 quis
3652 2043 3720 2096 ti-

2156 2149 2295 2198 mor,
2319 2134 2440 2201 quis
2464 2133 2651 2188 dolor?
2676 2133 2830 2188 Stant
2859 2132 3036 2188 miseri
3064 2144 3118 2188 et
3141 2133 3401 2195 infelices,
3431 2134 3719 2189 stridentes

2155 2222 2423 2287 dentibus,
2459 2223 2600 2277 nudo
2626 2222 2798 2276 latere
2838 2222 3178 2292 palpitantes,
3221 2214 3444 2293 aspectu
3490 2222 3721 2278 horribi-

2156 2309 2254 2375 les,
2291 2312 2437 2364 vultu
2468 2310 2755 2376 deformes,
2780 2312 2972 2381 dejecti
2998 2328 3107 2382 prae
3130 2314 3352 2382 pudore,
3388 2328 3498 2381 prae
3526 2326 3717 2381 corpo-

2153 2400 2230 2454 ris
2259 2400 2586 2469 turpitudine
2612 2408 2666 2454 et
2689 2398 3185 2455 nuditate“'confusi.
3219 2400 3411 2455 Latere
3439 2400 3642 2463 volunt,
3665 2410 3722 2455 et

2156 2506 2261 2545 non
2284 2493 2469 2556 datur;
2500 2490 2685 2560 lugere
2717 2498 2950 2553 tentant,
2987 2505 3087 2544 nec
3126 2490 3473 2559 permittitur.
3507 2490 3563 2545 Si
3594 2505 3723 2543 ocu-

2156 2578 2237 2634 los
2268 2578 2446 2634 levant
2478 2572 2733 2647 desuper,
2765 2575 2966 2632 Iudicis
2992 2577 3235 2632 imminet
3260 2578 3441 2641 furor;
3479 2564 3523 2639 si
3561 2577 3722 2644 depo-

2156 2681 2312 2736 nunt,
2342 2669 2625 2725 infernalis
2651 2667 2797 2738 putei
2823 2667 2903 2721 eis
2925 2667 3186 2735 ingeritur
3208 2666 3419 2720 horror.
3448 2665 3562 2718 Non
3597 2681 3721 2732 sup-

2156 2763 2289 2833 petit
2336 2762 2624 2817 critniuum
2666 2759 2965 2823 excusatio,
3026 2773 3125 2813 nec
3172 2759 3238 2817 de
3290 2758 3471 2825 iniquo
3512 2755 3721 2821 judicio

2154 2865 2279 2920 erga
2310 2842 2685 2917 Deumaliqua
2727 2846 2924 2917 poterit
2954 2860 3073 2900 esse
3100 2845 3360 2911 causatio,
3394 2860 3515 2898 cum
3558 2842 3718 2911 quid-

2154 2934 2282 3010 quid
2307 2939 2576 2993 decretum
2599 2936 2782 3000 fuerit,
2800 2935 3004 3004 justum
3040 2948 3161 2987 esse
3187 2933 3355 3003 ipsam
3377 2947 3561 2987 eorum
3588 2946 3719 2984 con-

2156 3028 2438 3085 scientiam
2479 3042 2581 3081 nou
2625 3024 2832 3080 latebit.
2872 3023 3047 3077 Cerne
3081 3037 3223 3077 nunc
3253 3037 3414 3091 quam
3458 3019 3721 3073 amandus

2159 3117 2250 3173 tibi
2285 3117 2378 3182 sit,
2405 3116 2493 3190 qui
2535 3124 2585 3169 te
2616 3117 2682 3169 ab
2726 3115 2827 3168 hac
2863 3113 3116 3168 damnata
3151 3112 3409 3166 societate
3440 3108 3715 3179 prmdcsti-

2154 3205 2331 3258 nando
2355 3203 2629 3268 discrevit,
2666 3201 2907 3254 vocando
2932 3199 3221 3268 separavit,
3252 3197 3597 3265 justifieaudo
3624 3203 3722 3264 pu-

2158 3293 2406 3347 rificavit.
2952 3306 2959 3312 ‘
3746 3300 3749 3301 '

2227 3383 2498 3452 Retorque
2531 3395 2672 3435 nunc
2708 3380 2775 3434 ad
2803 3380 3095 3434 dexteram
3126 3377 3327 3440 oculos,
3360 3385 3415 3430 et
3438 3374 3631 3443 quibus
3668 3383 3724 3429 to

2156 3473 2502 3543 glorificaudo
2538 3474 2607 3526 sit
2632 3473 2931 3525 iuserturus
2969 3470 3207 3524 adverte.
3248 3468 3379 3534 Quis
3417 3467 3486 3519 ibi
3533 3465 3721 3529 decor,

2155 3563 2275 3631 quis
2302 3563 2471 3615 honor
2515 3570 2570 3613 et
2596 3575 2715 3629 qua:
2744 3558 2992 3625 felicitas,
3039 3565 3091 3610 et
3130 3544 3247 3626 quae
3273 3555 3570 3610 securitas?
3615 3554 3723 3609 Alii

2148 3649 2431 3720 judiciaria
2468 3649 2595 3702 sede
2624 3648 2903 3712 sublimes,
2932 3645 3019 3699 alii
3048 3659 3242 3699 corona
3277 3636 3516 3712 martyrii
3545 3640 3723 3710 splen-

2154 3744 2358 3805 dentes,
2388 3740 2473 3793 alii
2504 3739 2633 3793 ﬂore
2660 3736 2985 3806 virginitatis
3027 3735 3263 3797 candidi,
3292 3734 3381 3787 alii
3420 3733 3723 3801 cleemosy-

2157 3845 2344 3883 uarum
2391 3828 2672 3897 largitione
2715 3823 2949 3889 fecundi,
3004 3824 3096 3877 alii
3145 3822 3382 3877 doctrina
3437 3830 3491 3875 et
3536 3821 3723 3875 crudi-

2158 3919 2299 3970 tione
2348 3915 2645 3985 prmiari”
2679 3914 2733 3969 in
2784 3928 2949 3967 unum
3014 3911 3294 3967 charitatis
3339 3910 3514 3965 [tedas
3559 3924 3724 3980 copu-

2158 4007 2354 4061 lantur.
2399 4006 2567 4060 Lucet
2608 4006 2688 4059 eis
2730 4003 2909 4059 vultus
2955 4002 3104 4066 Jesu,
3146 4016 3251 4055 non
3301 4000 3575 4064 terribilis,
3626 4000 3721 4053 sed

2157 4095 2432 4161 ainabifis;
2465 4110 2571 4150 non
2602 4108 2844 4159 amarus,
2872 4093 2965 4148 sed
2997 4092 3202 4155 dulcis;
3234 4106 3337 4144 non
3363 4101 3593 4156 terrens,
3626 4089 3721 4145 sed

2158 4188 2453 4243 blandiens.

2228 4278 2322 4331 Sta
2354 4293 2494 4331 nunc
2522 4275 2674 4345 quasi
2700 4274 2751 4329 in
2783 4272 2979 4335 media,
3005 4270 3250 4324 nesciens
3279 4268 3470 4336 quibus
3498 4278 3547 4321 te
3575 4267 3722 4320 .lndi-

491 4370 627 4415 nunt
654 4401 666 4425 ,
713 4361 1036 4415 obsistentes
1074 4363 1351 4431 repellunt,
1410 4363 1649 4418 refellunt
1716 4379 2051 4433 accusantes,
2088 4390 2133 4444 Ι)
2159 4369 2237 4423 eis
2261 4367 2521 4421 sententia
2546 4363 2840 4433 deputabit’.
2868 4360 2912 4416 Ο
2936 4362 3068 4415 dura
3091 4358 3448 4429 exspectatio!
3478 4355 3657 4409 Timor
3675 4362 3721 4408 et
3786 4382 3791 4388 ν

493 4461 547 4507 et
588 4452 672 4503 sic
717 4466 884 4519 usque
924 4453 989 4504 ad
1033 4447 1207 4506 sutum
1255 4455 1483 4510 Ahrahm
1529 4466 1772 4510 sanctam
1817 4460 2050 4513 animam

494 4543 813 4597 comitantes
862 4541 913 4594 iu
954 4542 1068 4595 loco
1117 4544 1261 4610 pacis
1289 4544 1551 4597 Collocant
1592 4554 1647 4597 et
1680 4547 1893 4614 quietis.
1937 4548 2052 4602 Non

493 4632 570 4685 sic.
596 4630 769 4699 impii,
804 4645 907 4683 non
939 4633 1039 4694 sic,
1070 4648 1204 4699 qttos
1235 4632 1300 4685 de
1336 4648 1561 4700 corpore
1590 4636 1740 4701 quasi
1772 4637 1837 4689 de
1866 4636 2054 4692 feteuti

494 4722 740 4791 sepulcro
770 4723 982 4791 pessimi
1012 4722 1233 4793 spiritus
1257 4738 1375 4777 cum
1413 4726 1781 4781 instrumentis
1822 4728 2058 4783 inferna-

496 4812 631 4865 libus
659 4814 1021 4875 extrahentes,
1054 4813 1284 4882 pollutos
1319 4814 1554 4881 libidine,
1586 4817 1863 4871 obvolutus
1907 4819 2057 4888 cupi-

498 4906 662 4957 ditate
706 4903 949 4971 iujiciuut
981 4905 1192 4973 ignibus
1222 4906 1545 4969 cxurcndos,
1586 4908 1773 4961 avibus
1818 4908 2059 4962 laceran-

499 4993 614 5055 dos,
661 4992 873 5044 aeternis
927 4994 1185 5046 fetoribus
1234 4994 1488 5062 deputant
1532 4994 1888 5051 suﬂ'ocaudos.
1934 4994 2058 5052 Vere

496 5075 807 5147 respectntio
842 5082 1106 5150 justorum
1149 5083 1361 5148 la’titin;
1409 5100 1520 5153 spes
1568 5097 1738 5139 autem
1784 5088 2058 5156 impiorum

496 5172 680 5240 peribit
714 5171 890 5241 (Prov.
932 5189 987 5235 ι,
1027 5175 1139 5241 28).
1194 5174 1339 5228 Sane
1369 5177 1541 5245 qualis
1580 5176 1649 5229 sit
1687 5177 1771 5230 illa
1826 5174 2059 5247 requies,

502 5278 621 5333 quae
654 5282 754 5335 pax
785 5267 891 5329 illa,
920 5283 1037 5336 qua:
1066 5268 1374 5336 iucunditas
1414 5268 1464 5321 in
1515 5268 1631 5321 sinu
1670 5269 1911 5333 Abrabw,
1944 5284 2062 5338 qua:

503 5353 609 5409 illis
633 5356 1030 5427 quiescentibus
1067 5358 1414 5426 promittitur,
1452 5368 1503 5412 et
1544 5368 1884 5425 exspectatur
1932 5359 2066 5411 laeti-

508 5442 601 5508 tia,
650 5446 771 5513 quia
820 5447 1148 5515 cxperientia
1193 5463 1295 5501 non
1344 5448 1543 5509 docuit,
1582 5446 1752 5515 stylus
1796 5448 2064 5517 explicare

510 5550 612 5589 noo
663 5538 877 5604 poterit.
936 5538 1262 5606 Exspectant
1316 5538 1496 5593 felices
1552 5539 1722 5595 donec
1782 5539 2065 5607 impleatur

510 5638 763 5680 numerus
794 5628 1014 5682 fratrum
1064 5646 1301 5695 suorum,
1346 5638 1400 5682 ut
1441 5630 1490 5682 iu
1530 5630 1612 5683 dic
1658 5629 2063 5685 resurrectionis

2156 4474 2347 4515 tremor
2375 4466 2616 4510 venerunt
2643 4470 2796 4524 δαρει·
2840 4470 2938 4516 me,
2968 4463 3013 4505 et
3037 4458 3371 4505 εοηιεπειίιιιι
3394 4465 3476 4502 me
3502 4447 3722 4500 tenebrat

2158 4548 2326 4618 (l‘sal.
2364 4563 2470 4609 LIV,
2500 4546 2573 4614 6).
2608 4544 2662 4598 Si
2696 4559 2780 4597 me
2809 4543 3042 4596 sinistris
3072 4540 3375 4602 sociaverit,
3404 4554 3506 4591 nou
3533 4552 3720 4590 causa-

2156 4641 2254 4693 bor
2280 4637 2564 4707 injustam;
2593 4635 2635 4688 si
2665 4633 2872 4687 dextris
2901 4632 3236 4699 ascripserit,
3274 4630 3458 4697 gratiae
3482 4628 3597 4693 ejus
3620 4628 3721 4682 hoc

2157 4744 2261 4782 nou
2308 4726 2444 4783 meis
2488 4722 2693 4779 meritis
2732 4732 2815 4775 est
2847 4719 3237 4789 imputandum.
3274 4716 3427 4778 Vere,
3478 4714 3719 4777 Domine,

2154 4821 2265 4875 vita
2296 4820 2347 4873 in
2375 4817 2646 4872 voluntate
2676 4825 2785 4869 tua.
2822 4812 2981 4866 Vides
3023 4826 3152 4881 ergo
3198 4819 3455 4879 quantum
3485 4809 3556 4878 iu
3605 4806 3722 4875 ejus

2159 4925 2339 4966 amore
2365 4917 2489 4963 tuus
2508 4905 2722 4961 extendi
2751 4905 2942 4959 debeat
2963 4903 3193 4965 animus,
3224 4901 3339 4969 qui,
3360 4915 3480 4953 cum
3510 4899 3723 4965 injustis

2156 5010 2335 5072 posset
2374 5000 2427 5053 in
2460 5008 2509 5053 te
2535 4992 2797 5067 prolatam
2847 5003 3156 5060 retorquere
3185 4991 3527 5052 sententiam,
3563 4988 3721 5056 jnstis

2162 5100 2211 5146 te
2240 5088 2428 5142 maluit
2456 5088 2520 5142 ad
2564 5085 2877 5141 salvandum
2919 5085 3171 5136 inserere.
3212 5080 3329 5135 Jatn
3363 5091 3412 5133 te
3445 5088 3714 5147 puta-san-

2160 5190 2259 5236 ctae
2302 5180 2372 5232 illi
2404 5178 2643 5233 societati
2676 5176 3020 5243 conjunctam
3054 5173 3202 5227 vocis
3236 5172 3374 5225 illius
3411 5171 3596 5223 audire
3625 5170 3720 5223 de-

2161 5280 2367 5326 cretum
2400 5288 2411 5322 :
2458 5268 2655 5331 Venite,
2696 5267 2948 5320 benedicti
2994 5263 3170 5317 Patris
3206 5264 3327 5325 mei,
3365 5262 3609 5329 percipite
3648 5276 3717 5313 re.

2162 5379 2318 5431 gnum
2372 5362 2509 5431 quod
2551 5361 2691 5415 vobis
2748 5369 2988 5428 paratum
3033 5367 3105 5411 est
3164 5357 3228 5408 ab
3293 5356 3488 5422 origine
3544 5353 3720 5405 mund‘

2164 5453 2375 5522 (illatih.
2411 5467 2539 5520 xxv,
2580 5451 2693 5515 54).
2731 5449 2853 5503 lude
2884 5448 3094 5503 miseris
3133 5445 3475 5501 audientibus
3504 5444 3719 5497 verbun‘
3772 5480 3773 5483 η

2167 5543 2373 5597 Domini
2399 5542 2612 5613 plenum
2644 5542 2736 5595 ira:
2764 5549 2817 5594 et
2847 5538 3045 5593 fureris
3070 5556 3083 5590 :
3114 5537 3368 5591 Discedite
3388 5554 3419 5588 α
3443 5551 3542 5595 me,
3566 5534 3715 5584 male

2167 5634 2312 5698 dicti,
2345 5634 2394 5687 in
2445 5634 2610 5705 ignem
2658 5642 2904 5686 a'tcruum
2950 5630 3119 5699 (ibid.,
3155 5628 3259 5700 bi).
3299 5628 3439 5681 Tunc
3480 5625 3619 5677 ibunt
3663 5626 3702 5676 ii
