4190 6222
450 367 548 423 79Ἱ

1831 351 2360 414 MEDITATIONES.

451 475 651 544 luquit,.
673 475 726 527 in
755 471 1066 541 supplicium
1093 480 1375 536 retentum;
1393 469 1527 540 justi
1559 478 1732 523 autem
1773 469 1827 522 in
1854 469 2009 520 vitam
2041 470 2084 526 Α
2114 474 2173 519 ut
2204 479 2300 519 nec
2327 463 2547 518 satietas
2583 461 2938 530 desiderium,
2974 480 3072 522 nec
3100 463 3427 519 desiderium
3462 464 3683 521 satieu-

448 575 692 620 ιειενηηηι
726 561 899 630 (ibid.,
929 562 1038 632 46).
1064 560 1108 616 0
1139 563 1268 615 dura
1294 559 1593 631 separatio!
1627 575 1659 614 o
1686 556 2015 613 miserabilis

448 653 714 707 conditio!
748 650 983 706 Sublatis
1023 652 1165 706 enim
1205 651 1385 721 impiis
1426 663 1494 706 ne
1535 649 1750 704 videant
1791 647 2013 719 gloriam

447 744 571 807 Dei;
597 743 660 795 de
680 741 841 810 justis
866 757 993 796 vero
1022 742 1246 813 singulis
1276 742 1573 796 secundum
1608 742 1831 811 gradmn
1860 754 2014 794 suum

447 842 500 886 et
552 834 800 885 meritum
854 831 1110 900 angelicis
1158 831 1437 885 ordinibus
1499 831 1738 895 insertis,
1785 827 1877 883 lict
1929 827 2014 880 illa

446 925 676 994 gloriosa
723 923 1017 992 processio,
1063 922 1279 977 Christo
1335 921 1668 991 praecedente
1707 920 1882 988 capite
1921 932 2018 971 no-

447 1025 578 1078 stro,
635 1013 990 1083 omnibusque
1041 1013 1154 1067 suis
1208 1011 1466 1066 membris
1523 1009 1899 1079 sequentibus,
1961 1013 2015 1058 et

447 1106 687 1159 tradetur
717 1119 937 1175 regnum
984 1104 1091 1158 Deo
1123 1103 1295 1170 Patri,
1335 1111 1393 1155 ut
1437 1103 1552 1171 ipse
1593 1109 1777 1172 regnet
1815 1100 1868 1153 in
1913 1099 2012 1162 eis,

443 1206 498 1249 et
538 1195 637 1264 ipsi
677 1197 725 1249 in
770 1211 856 1260 eo,
895 1212 1115 1265 regnum
1155 1195 1281 1248 illud
1327 1195 1703 1264 peroipientes,
1740 1191 1879 1262 quod
1919 1207 2017 1260 pa-

445 1291 616 1338 ratum
646 1298 718 1340 es:
750 1287 852 1341 illis
899 1290 962 1339 ab
1006 1286 1202 1355 origine
1231 1286 1437 1351 mundi,
1474 1285 1626 1354 cujus
1657 1284 1806 1354 regni
1847 1291 2017 1336 status

446 1391 512 1429 ne
537 1377 756 1444 cogitari
786 1375 999 1443 quidem
1032 1391 1059 1426 a
1091 1375 1246 1427 nobis
1280 1383 1479 1442 potest,
1509 1373 1677 1426 multo
1704 1371 1883 1426 minus
1911 1356 2015 1426 dici

445 1467 526 1520 vel
555 1467 736 1520 scribi.
777 1465 887 1520 lioc
917 1465 1028 1520 scio
1053 1465 1194 1536 quod
1223 1465 1354 1520 nihil
1395 1465 1613 1519 omnino
1658 1463 1832 1519 aberit
1875 1462 2016 1534 quod

446 1555 578 1610 velis
604 1558 812 1611 adesse.

514 1645 700 1700 Nullus
731 1647 889 1715 igitur
920 1646 990 1700 ibi
1015 1645 1212 1712 luctus,
1236 1645 1410 1700 nullus
1431 1645 1608 1710 lIetus,
1636 1644 1812 1700 nullus
1839 1642 2011 1709 dolor,

446 1739 620 1793 nullus
650 1740 826 1793 timor.
860 1739 974 1792 Non
1007 1741 1241 1805 tristitia,
1281 1756 1386 1795 non
1413 1741 1703 1804 discordia,
1743 1755 1846 1794 non
1878 1740 2013 1793 invi-

2118 564 2225 609 tem
2259 556 2528 624 impediat.
2558 552 2694 620 Quid
2733 553 2976 617 esthoc?
3003 556 3161 611 Certe
3189 556 3328 625 quod
3360 555 3544 608 oculus
3581 570 3685 612 non

2117 647 2270 712 vidit,
2302 663 2393 700 nec
2420 647 2562 699 auris
2593 645 2824 709 audivit,
2859 661 2947 698 nec
2981 647 3034 700 in
3077 663 3167 704 cor
3198 647 3422 700 hominis
3454 645 3686 700 ascendit

2116 753 2231 808 qua:
2259 737 2571 807 prtrparuvit
2603 733 2750 788 Deus
2772 734 3177 803 diligentibus“:
3204 735 3253 806 (ι
3287 735 3408 790 Cor.
3441 751 3504 800 It,
3534 735 3612 806 9).

2188 827 2310 882 Ilaec
2355 827 2489 890 tibi,
2529 840 2705 888 soror,
2754 824 2820 877 de
2862 825 3252 892 praeteritorum
3301 824 3684 880 beneﬁciorum

2116 917 2314 972 Christi
2361 916 2618 972 memoria
2648 954 2663 978 ,
2712 913 2776 968 de
2819 915 3156 983 praesentium
3201 916 3574 983 experientia,
3619 915 3687 970 de

2115 1010 2506 1078 exspectatione
2563 1010 2904 1068 futurorum,
2968 1007 3211 1075 quasdam
3275 1007 3682 1062 mcditatiouum

2116 1099 2470 1170 spiritualium
2503 1100 2708 1155 semina
2740 1099 3104 1170 proseminare
3131 1100 3349 1163 curavi,
3374 1114 3455 1162 .cx
3493 1099 3686 1167 quibus

2117 1190 2280 1244 divini
2317 1191 2517 1246 amoris
2553 1190 2819 1244 fructibus
2848 1188 3063 1243 uberior
3095 1190 3303 1244 oriatur
3345 1200 3399 1245 et
3434 1197 3684 1246 Crescat:
3731 1241 3734 1243 ,

2115 1291 2175 1334 ιιι
2217 1280 2490 1336 meditatio
2536 1281 2786 1337 allectum
2825 1280 3062 1344 excitet,
3100 1279 3321 1334 aﬂ'ectus
3364 1279 3686 1334 desiderimn

2115 1375 2309 1444 pariat,
2335 1373 2595 1444 lacrymas
2618 1371 2943 1428 desiderium
2968 1380 3284 1440 extorqueat
3312 1390 3326 1426 :
3358 1382 3413 1425 ut
3437 1373 3531 1427 tibi
3581 1371 3690 1426 sint

2118 1464 2363 1535 larrymte
2393 1474 2494 1520 tua:
2519 1482 2676 1533 panes
2702 1466 2787 1518 die
2810 1481 2871 1517 ac
2899 1474 3046 1517 nocte
3071 1462 3241 1528 (Psal.
3273 1480 3380 1525 xu,
3409 1464 3487 1532 ὁ),
3518 1464 3689 1517 donec

2113 1570 2373 1623 apparcas
2419 1556 2471 1608 in
2512 1562 2798 1624 conspectu
2840 1553 2984 1621 ejus,
3031 1561 3082 1607 et
3126 1554 3438 1622 suscipiatis
3469 1554 3534 1606 ab
3569 1569 3686 1606 am-

2114 1644 2357 1714 plexibus
2384 1643 2528 1711 ejus,
2563 1645 2817 1712 dicasque
2846 1643 2970 1697 illud
3017 1643 3158 1712 quod
3190 1644 3242 1696 in
3281 1642 3520 1697 Canticis
3556 1643 3689 1697 scri-

2112 1747 2260 1808 ptum
2280 1745 2362 1790 est
2394 1753 2408 1788 :
2440 1734 2670 1789 Dilectus
2699 1751 2838 1786 nacus
2865 1733 3011 1795 milii,
3040 1744 3208 1802 et'cgo
3239 1733 3314 1785 illi
3332 1750 3352 1798 ;
3374 1734 3504 1788 inter
3531 1736 3688 1786 ubera

447 1831 676 1892 dia,non
697 1829 996 1893 tribulatio,
1025 1847 1129 1884 non
1151 1833 1394 1897 tentatio,
1419 1847 1522 1885 non
1539 1831 1915 1886 aerismutatio
1929 1830 2012 1885 vel
2045 1810 2090 1869 Β
2116 1848 2230 1887 mea
2257 1827 2661 1886 commorabitur
2687 1824 2862 1896 (Cant.
2896 1841 2935 1890 ι,
2967 1824 3072 1893 η).
3110 1824 3155 1890 Q
3193 1825 3262 1877 od
3292 1826 3402 1894 ipse
3432 1824 3522 1877 tibi
3553 1841 3691 1894 pra--

445 1919 742 1988 curruptio,
788 1935 892 1972 non
931 1921 1187 1990 suspicio,
1218 1937 1321 1974 non
1347 1921 1592 1986 ambitio,
1621 1937 1725 1976 non
1753 1919 2012 1985 adulatio,

445 2024 550 2064 non
577 2009 860 2075 detractio,
879 2024 984 2064 non
1003 2011 1284 2081 mgritudo,
1305 2027 1408 2066 non
1425 2020 1692 2077 senectus,
1718 2025 1824 2065 non
1845 2024 2012 2075 mors,

445 2116 548 2163 nun
579 2110 888 2170 paupertas,
925 2117 1028 2156 non
1061 2117 1187 2168 nox,
1233 2119 1337 2158 non
1380 2103 1635 2166 tenebrae,
1674 2117 1779 2156 non
1820 2099 2016 2155 edendi

447 2190 530 2242 vel
577 2191 792 2246 bibendi
826 2190 907 2247 vel
943 2192 1242 2247 dormiendi
1282 2191 1386 2246 ulla
1421 2190 1737 2256 necessitas,
1774 2190 2016 2259 fatigatio

444 2280 610 2333 nulla.
657 2280 795 2347 Quid
840 2295 968 2352 ergo
1015 2282 1086 2337 ibi
1129 2282 1253 2337 boni
1300 2283 1420 2336 est?
1463 2280 1563 2337 Ubi
1601 2295 1775 2350 neque
1819 2281 2011 2350 luctus,

443 2370 602 2439 235
631 2385 805 2441 neque
834 2371 1006 2439 ﬂetus,
1040 2385 1218 2442 neque.
1253 2371 1422 2436 dolor,
1454 2386 1555 2427 nec
1588 2371 1847 2437 tristitia,
1887 2371 2014 2442 quid

441 2470 615 2528 potest
642 2476 762 2516 esse
794 2462 894 2517 nisi
928 2464 1167 2532 perlecta
1197 2463 1418 2517 laetitia?
1463 2463 1561 2518 Ubl
1596 2462 1738 2516 nulla
1767 2462 2012 2530 lentatio,

445 2554 526 2608 vel
555 2555 850 2623 tribulatio,
877 2557 1016 2611 nu‘lla
1042 2568 1343 2628 temporum
1369 2561 1619 2627 mutatio,
1643 2561 1722 2616 vel
1741 2560 2014 2631 corruptio

443 2647 605 2709 aeris,
634 2655 796 2702 aestus
825 2649 1211 2716 vehementior,
1254 2667 1351 2706 nec
1392 2653 1566 2706 hiems
1595 2652 1854 2723 asperior,
1887 2652 2017 2722 quid

445 2744 621 2805 potest
643 2751 764 2792 esse
784 2739 886 2795 nisi
910 2755 1118 2795 summa
1149 2745 1392 2811 quaedam
1427 2760 1603 2798 rerum
1628 2746 1930 2814 temperies,
1961 2753 2016 2800 et

444 2829 639 2894 mentis
668 2837 721 2883 et
757 2833 935 2885 carnis
973 2846 1096 2886 vera
1135 2840 1191 2886 et
1235 2817 1443 2886 summa
1477 2835 1879 2904 tranquillitas?
1910 2835 2011 2891 Ubi

445 2915 576 2971 nihil
613 2928 695 2972 est
733 2907 873 2989 quad
907 2921 1118 2984 timeas,
1159 2921 1287 2991 quid
1320 2932 1492 2991 potest
1521 2937 1639 2978 esse
1672 2925 1772 2979 nisi
1800 2941 2010 2981 sunnna

443 3009 736 3064 securitas?
766 3010 864 3065 Ubi
903 3011 1044 3064 nulla
1086 3011 1372 3074 discorlia,
1416 3013 1558 3066 nulla
1605 3013 1838 3078 invidia,
1881 3016 2009 3085 quid

2115 1929 2261 1976 stare
2304 1918 2578 1988 dignetur,
2609 1914 2698 1986 qui
2732 1916 2861 1969 vivit
2899 1922 2952 1969 et
3000 1921 3189 1983 regnat
3226 1913 3362 1969 Deus
3397 1913 3449 1966 in
3495 1912 3687 1966 saecula

2116 2013 2457 2069 saeculorum.
2489 2012 2678 2066 Amen.
2740 2041 2744 2044 ν

2607 2099 2975 2155 MEDITATIO
3014 2098 3193 2153 XVIII.

2115 2215 2418 2273 Gratiarum
2439 2213 2665 2269 actiones
2685 2229 2778 2281 pro
2801 2212 3061 2275 beneﬁciis
3073 2211 3259 2264 dirinaz
3283 2202 3652 2263 misericordia:

2531 2293 2577 2337 et
2605 2280 2784 2352 petitio
2810 2283 2972 2336 divini
2997 2280 3271 2350 'adjutorii.

2115 2374 2253 2445 Spes
2282 2388 2421 2438 mea,
2444 2371 2658 2427 Christe
2681 2371 2844 2434 Deus,
2874 2368 3152 2424 hominum
3180 2379 3233 2421 tu
3259 2367 3432 2422 dulcis
3455 2375 3691 2434 amator,

2116 2464 2235 2519 Lux
2258 2478 2396 2528 mea,
2423 2463 2551 2526 vita,
2579 2460 2747 2526 salus,
2773 2476 2874 2528 pax
2898 2467 2954 2514 et
2979 2460 3142 2514 decus
3162 2471 3323 2512 omne
3351 2465 3582 2524 tuorum,

2114 2557 2308 2613 Omnia
2335 2569 2433 2625 pro
2460 2567 2687 2622 quorum
2717 2551 2931 2606 voluisti
2965 2550 3107 2605 ferre
3133 2549 3334 2616 salute,

2117 2640 2382 2714 Carnem,
2415 2645 2610 2708 vincla,
2642 2659 2881 2711 crucem,
2910 2643 3121 2708 vulnus,
3151 2652 3484 2714 mortemque
3513 2641 3692 2712 sepul—

3425 2735 3621 2808 [ct-um.

2113 2834 2244 2889 Post
2273 2843 2381 2888 tres
2407 2832 2532 2887 inde
2558 2830 2672 2886 dies
2701 2828 2912 2884 devicta
2942 2836 3114 2882 morte
3145 2842 3430 2897 resurgens

2115 2923 2403 2992 Discipulis
2435 2922 2603 2984 visus,
2633 2919 2875 2973 nutantia
2907 2919 3071 2972 corda
3101 2917 3428 2984 rel‘ormans,

2111 3013 2238 3068 Inde
2269 3011 2597 3081 quaterdena
2633 3009 2890 3065 cazlorum
2924 3023 3132 3062 summa
3165 3009 3383 3077 petisti,

447 3106 618 3164 potest
658 3113 778 3153 esse
819 3099 921 3153 nisi
951 3114 1158 3166 summa
1192 3110 1243 3154 et
1291 3100 1413 3154 vera
1454 3101 1703 3156 dilectio?
1738 3101 1834 3157 Ubi
1869 3103 2008 3157 nulla
2037 3135 2084 3197 α
2117 3104 2264 3160 Vivis
2297 3104 2348 3157 in
2379 3110 2662 3164 :eternum,
2699 3112 2841 3154 nunc
2868 3107 2921 3152 et
2953 3113 3048 3166 per
3077 3097 3268 3153 saecula
3300 3111 3510 3170 regnas.

446 3183 778 3252 deformitas,
801 3188 927 3255 quid
958 3197 1132 3256 potest
1158 3203 1276 3243 esse
1310 3190 1408 3244 nisi
1435 3205 1643 3244 summa
1667 3201 1720 3246 et
1745 3207 1869 3245 vera
1895 3193 2010 3261 pul-

452 3276 736 3330 chritudo?
767 3277 863 3331 Ubi
894 3277 1034 3330 nulla
1065 3288 1369 3348 paupertas,
1395 3280 1526 3349 quid
1569 3291 1741 3351 potest
1767 3273 1886 3336 esse
1913 3283 2016 3336 nisi

379 3429 381 3432 ι
452 3365 630 3420 culinis
653 3365 959 3433 plenitudo?
983 3365 1082 3422 Ubi
1110 3368 1288 3422 nullus
1318 3370 1472 3424 labor
1502 3371 1582 3424 vel
1610 3354 1861 3437 defectio,
1889 3373 2018 3440 quid

453 3454 555 3510 erit
598 3455 698 3508 risi
731 3455 938 3509 sumina
967 3457 1178 3536 requies
1215 3467 1270 3512 et
1306 3457 1600 3525 lortitudo?
1633 3460 1730 3516 Ubi
1764 3462 1894 3514 nihil
1937 3469 2020 3516 est.

452 3544 592 3610 quod
648 3553 833 3612 gravet
883 3545 965 3598 vel
1019 3555 1238 3611 oneret,
1295 3549 1421 3617 quid
1481 3552 1583 3604 erit
1645 3552 1744 3604 nisi
1807 3568 2015 3606 summa

454 3629 716 3702 felicitas?
749 3632 847 3687 Ubi
873 3648 973 3690 nec
1001 3646 1250 3691 senectus
1281 3627 1642 3706 exspectatur,
1675 3657 1775 3695 nec
1802 3641 2018 3696 morbus

456 3721 689 3793 timetur,
721 3723 846 3793 quid
879 3733 1058 3794 potest
1085 3740 1203 3781 esse
1231 3727 1333 3782 nisi
1365 3743 1488 3782 vera
1521 3717 1765 3794 sanitas?
1793 3730 1890 3786 Ubi
1922 3748 2018 3787 nec

455 3825 581 3883 nox,
620 3813 1022 3878 nec-tenebrae,
1052 3813 1180 3888 quid
1225 3825 1310 3870 est
1337 3815 1438 3870 nisi
1485 3817 1573 3871 lux
1619 3817 1890 3888 perfecta?
1922 3819 2017 3875 Ubi

455 3917 602 3958 mors
628 3911 682 3957 et
713 3905 1010 3961 mortalitas
1031 3895 1208 3962 omnis
1233 3900 1511 3979 absorpta,
1533 3910 1660 3980 quid
1680 3920 1763 3966 est
1785 3913 1887 3968 nisi
1914 3913 2020 3967 vita

456 3993 690 4048 aeterna?

528 4084 665 4150 Quid
698 4093 779 4138 est
822 4084 957 4138 ultra
997 4087 1139 4156 quod
1178 4089 1524 4156 qumramns?
1560 4087 1737 4154 Certe,
1775 4092 1912 4157 quod
1958 4094 2023 4147 iis

459 4175 708 4245 omnibus
733 4175 1082 4230 excellentius
1111 4186 1224 4242 est,
1266 4179 1472 4232 scilicet
1506 4178 1669 4239 visio,
1709 4181 1940 4252 cognitio
1971 4191 2022 4235 et

457 4264 671 4338 dilccuo
710 4265 998 4320 Creatoris.
1031 4268 1309 4322 Videbitur
1335 4269 1385 4321 in
1413 4283 1500 4331 se,
1534 4269 1796 4323 videbitur
1820 4271 1870 4322 iu
1902 4287 2018 4323 om-

458 4354 616 4408 nibus
637 4346 899 4410 creaturis
925 4355 1056 4421 suis,
1085 4371 1273 4426 regcns
1295 4357 1472 4412 omnia
1501 4358 1616 4412 sine
1640 4357 2019 4422 sollicitudine,

2186 3191 2266 3267 'I‘u
2301 3206 2359 3246 es
2397 3190 2537 3245 Deus
2572 3205 2723 3244 meus
2753 3187 2905 3243 vivus
2929 3226 2943 3246 .
2975 3187 3221 3243 Christus
3255 3203 3404 3243 meus
3443 3195 3690 3253 sanctus,

2121 3284 2382 3337 Dominus
2413 3296 2563 3336 mens
2588 3281 2728 3350 pius,
2758 3295 2850 3333 rex
2882 3293 3031 3331 meus
3058 3293 3300 3346 magnus.
3326 3288 3508 3348 pastor
3540 3295 3691 3333 meus

2119 3376 2325 3440 bonus,
2359 3373 2616 3440 magister
2653 3384 2805 3423 meus
2841 3382 3001 3420 verax
3023 3407 3038 3430 ,
3071 3368 3280 3436 adjutor
3321 3384 3470 3423 meus
3498 3384 3694 3438 oppor-

2107 3472 2305 3541 tunus,
2336 3463 2559 3517 dilectus
2587 3474 2736 3514 meus
2775 3457 3169 3528 pulcherrimus
3189 3499 3201 3523 ,
3233 3459 3384 3526 panis
3424 3474 3575 3512 meus
3613 3459 3692 3512 vi-

2119 3571 2251 3620 vus,
2286 3553 2540 3609 sacerdos
2569 3565 2720 3603 meus
2755 3549 2806 3602 in
2837 3557 3094 3600 :eternum
3115 3588 3128 3608 .
3168 3549 3272 3601 dux
3315 3563 3465 3602 meus
3505 3549 3571 3602 ad
3601 3564 3695 3618 pa-

2121 3648 2299 3711 triam,
2331 3645 2418 3698 lux
2449 3657 2565 3696 mea
2593 3655 2772 3698 verax,
2802 3639 3025 3693 dulcedo
3049 3653 3164 3692 mea
3196 3649 3407 3704 sancta,
3433 3640 3540 3694 vita
3573 3628 3692 3694 mea

2123 3743 2290 3798 recta,
2323 3730 2583 3801 sapientia
2609 3745 2723 3783 mea
2749 3727 3026 3796 praeclara,
3054 3729 3368 3798 simplicitas
3392 3745 3506 3784 mea
3534 3745 3690 3798 pura,
3774 3792 3777 3796 ι

2119 3822 2402 3882 concordia
2444 3834 2559 3875 mea
2591 3817 2810 3889 paciﬁca
2830 3858 2845 3883 ,
2894 3816 3138 3871 custodia
3181 3832 3297 3872 mea
3330 3827 3438 3872 tuta
3466 3860 3480 3885 ,
3513 3818 3692 3885 portio

2123 3932 2239 3970 mea
2271 3915 2431 3974 bona,
2460 3909 2602 3965 salus
2640 3921 2754 3962 mea
2783 3905 3142 3974 sempiterna,
3173 3906 3538 3962 misericordia
3567 3923 3687 3962 mea

2125 4003 2315 4070 magna
2340 4041 2354 4063 ,
2395 3995 2650 4068 patientia
2691 3991 2809 4048 mea
2858 3993 3228 4048 robustissima
3256 4037 3271 4061 ,
3314 3995 3530 4050 victima
3573 4011 3690 4050 mea

2125 4088 2488 4151 immaculata,
2514 4086 2810 4158 rctlmuptio
2837 4101 2954 4140 mea
2981 4093 3188 4148 sancta,
3216 4099 3338 4154 spes
3363 4099 3479 4139 mea
3511 4086 3687 4152 ﬁrma,

2122 4181 2357 4235 charitas
2391 4193 2505 4232 mea
2545 4181 2802 4246 perfecta,
2837 4177 3162 4234 resurrectio
3189 4193 3304 4230 mea
3337 4187 3543 4241 sancta,
3582 4178 3690 4230 vita

2123 4286 2238 4324 mea
2269 4278 2466 4323 mtcrna
2491 4309 2505 4332 ,
2535 4269 2821 4322 exsultatio
2863 4278 2916 4322 et
2944 4269 3048 4320 vita
3087 4281 3204 4321 mea
3233 4267 3541 4322 beatissima
3572 4270 3691 4323 sine

2127 4364 2228 4413 line
2254 4375 2521 4413 matisura.
2556 4359 2630 4412 Te
2657 4359 2936 4426 deprecor,
2955 4357 3204 4428 supplico
3257 4366 3310 4414 et
3338 4374 3433 4412 oro
3471 4368 3528 4412 ut
3564 4374 3690 4428 per-

456 4453 769 4498 sustentans
803 4443 982 4497 omnia
1021 4446 1134 4499 sine
1176 4446 1380 4508 labore,
1416 4446 1725 4514 impertiens
1767 4447 2024 4513 quotam-
2049 4457 2098 4515 Ι)
2129 4450 2277 4503 ﬁcias
2319 4449 2370 4502 in
2408 4465 2493 4504 me
2529 4463 2662 4517 opus
2703 4458 2937 4518 emptum
2975 4448 3357 4503 misericordia:
3400 4457 3504 4504 tua:
3537 4464 3552 4502 :
3589 4466 3692 4519 ego

366 4529 374 4551 '
459 4533 616 4586 modo
649 4548 706 4586 se
738 4533 959 4602 singulis
1003 4550 1098 4602 pro
1141 4552 1234 4588 sua
1273 4536 1600 4602 capacitale,
1642 4537 1759 4591 sine
1796 4538 2023 4590 diminu-

458 4623 602 4691 tione
631 4622 713 4675 vel
755 4623 1031 4676 divisione.
1068 4623 1339 4676 Videbitur
1367 4625 1452 4677 ille
1485 4626 1657 4678 vultus
1683 4625 1928 4679 amabilis
1967 4636 2022 4678 ct

459 4713 847 4778 desiderabilis,
878 4713 928 4765 in
957 4729 1112 4780 quem
1145 4714 1313 4782 angeli
1343 4714 1642 4768 desiderant
1671 4715 1977 4782 prospicere
2005 4733 2017 4768 :

459 4806 524 4859 de
550 4805 701 4872 cujus
732 4805 1078 4874 plenitudine,
1108 4805 1172 4858 de
1203 4803 1354 4872 cujus
1383 4805 1597 4868 lumine,
1634 4805 1699 4858 de
1726 4805 1874 4875 cujus
1900 4820 2021 4857 sua-

433 4893 620 4947 'vitate
649 4897 769 4962 quis
805 4896 988 4949 dicet?
1020 4893 1296 4948 Videbitur
1327 4894 1486 4961 Pater
1513 4893 1744 4960 in‘Filio,
1765 4881 1817 4948 et
1855 4895 2021 4950 Filius

461 4985 512 5037 in
563 4985 762 5047 Patre,
810 4984 1042 5052 Spiritus
1086 4995 1302 5038 sanctus
1343 4986 1392 5037 in
1447 4995 1693 5052 utroque.
1747 4984 2025 5038 Videbitur

460 5077 600 5130 enim
632 5075 787 5130 sicuti
817 5085 923 5147 est,
951 5074 1166 5144 impleta
1197 5075 1314 5142 ejus
1342 5075 1693 5142 promissione
1721 5092 1823 5144 qua
1848 5077 1978 5130 dicit
2007 5094 2021 5131 :

463 5166 564 5229 Qui
588 5167 756 5234 diligit
789 5182 889 5227 nte,
918 5164 1152 5233 diligitur
1185 5183 1214 5217 a
1241 5162 1399 5217 Patre
1445 5182 1573 5230 meo,
1610 5176 1658 5218 et
1685 5181 1775 5234 ego
1809 5166 2024 5234 diligunt

461 5272 597 5322 eum,
627 5266 672 5310 et
711 5246 1052 5323 manifestabo
1081 5257 1126 5310 ei
1152 5257 1399 5323 meipsum
1435 5255 1613 5326 (Joan.
1653 5273 1758 5322 xiv,
1798 5257 1910 5328 21).
1947 5258 2023 5313 Ex

465 5345 563 5398 hac
599 5348 800 5402 visione
831 5347 915 5400 illa
948 5346 1183 5416 procedit
1219 5345 1479 5415 cognitio,
1514 5347 1578 5400 de
1612 5361 1714 5414 qua
1757 5345 1868 5415 ipse
1906 5347 1976 5400 ait
2005 5364 2018 5401 :

470 5434 593 5488 ":t'c
629 5448 700 5490 est
737 5438 838 5491 vita
874 5447 1098 5501 wterua,
1140 5445 1193 5488 ut
1225 5445 1529 5505 cognoscant
1568 5444 1616 5489 le
1647 5437 1809 5488 solum
1848 5453 2024 5490 verum

467 5528 630 5580 Deum
667 5529 842 5598 (Jomt.
878 5544 1013 5591 xvn,
1057 5529 1130 5595 ὅ).
1178 5528 1252 5580 Ex
1295 5528 1376 5582 his
1418 5536 1561 5580 tanta
1608 5538 1855 5582 nascetur
1887 5527 2023 5581 dile-

469 5618 593 5682 ctio,
626 5628 802 5672 tantus
827 5618 986 5673 ardor
1011 5618 1079 5688 pii
1107 5618 1304 5671 amoris
1325 5659 1337 5681 ,
1371 5627 1512 5670 tanta
1546 5617 1766 5674 dulcedo
1792 5618 2023 5671 Charita-

473 5708 557 5773 tis,
590 5716 735 5762 tanta
766 5707 973 5764 fruendi
1004 5708 1176 5778 capia,
1208 5718 1352 5763 tanta
1381 5707 1628 5764 desiderii
1664 5711 2020 5776 vehementia,

2106 4540 2288 4606 enim,
2323 4539 2540 4594 ultimus
2569 4555 2849 4594 servorum
2881 4547 3113 4602 tuorum,
3146 4555 3252 4595 non
3290 4541 3573 4596 immemor
3599 4543 3690 4595 he-

2125 4629 2440 4683 neliciorum
2492 4631 2854 4684 miserationis
2902 4639 3041 4694 huc,
3082 4647 3200 4698 qua:
3245 4632 3376 4686 mihi
3424 4635 3692 4699 peccatori

2122 4719 2315 4773 collata
2345 4727 2490 4785 sunt,
2519 4720 2721 4786 gratias
2749 4719 2842 4772 tibi
2874 4735 2994 4789 ago,
3024 4722 3147 4789 quia
3177 4734 3260 4774 me
3290 4721 3562 4786 indignmn
3595 4739 3693 4789 pro

2127 4816 2214 4860 tua
2245 4805 2358 4860 sola
2405 4805 2688 4860 clementia
2719 4821 2788 4860 cx
2832 4806 3157 4862 Christianis
3198 4809 3508 4878 parentibus
3546 4811 3690 4864 nasci

2124 4895 2328 4954 fecisti,
2369 4906 2422 4947 et
2455 4908 2550 4964 per
2579 4908 2772 4962 aquam
2808 4896 2980 4948 sancti
3012 4895 3349 4964 baptismatis
3377 4907 3426 4949 et
3465 4913 3694 4952 renova-

2128 4989 2325 5042 tionem
2356 4985 2524 5039 sancti
2550 4984 2783 5054 Spiritus
2805 4986 2871 5040 ab
2893 4987 3242 5054 originalibus
3273 4989 3499 5043 vinculis
3531 5007 3693 5059 expc-

2127 5079 2281 5144 disti,
2317 5085 2370 5132 et
2410 5077 2461 5130 in
2497 5087 2616 5131 tuos
2655 5078 2958 5146 adeptionis
3004 5078 3139 5133 ﬁlios
3171 5081 3512 5149 aggregasti;
3558 5097 3694 5150 quo-

2125 5172 2266 5225 niam
2299 5167 2426 5223 mihi
2472 5178 2671 5222 rectam
2708 5169 2861 5223 ltdem
2895 5170 3136 5232 donasti,
3181 5184 3404 5237 eamque
3444 5171 3494 5223 in
3529 5171 3692 5225 corde

2127 5277 2246 5315 meo
2281 5274 2496 5327 semper
2535 5272 2732 5328 angere
2779 5267 2830 5313 et
2869 5258 3186 5313 conﬁrmare
3223 5260 3468 5327 dignatus
3501 5276 3558 5313 es
3597 5277 3693 5328 per

2127 5351 2566 5408 illuminationem
2591 5349 2776 5418 gratia:
2799 5359 2918 5408 tute,
2947 5358 3001 5401 et
3027 5366 3121 5418 per
3147 5351 3460 5404 documenta
3490 5360 3691 5404 sancta:

2127 5442 2314 5498 matris
2343 5440 2623 5504 Ecclesiae;
2657 5440 2987 5508 obsecroque
3024 5450 3096 5502 te,
3132 5441 3374 5502 Domine,
3407 5449 3457 5491 et
3493 5439 3688 5508 suppli-

2127 5534 2257 5587 citer
2288 5546 2435 5600 rogo,
2466 5531 2670 5602 adauge
2699 5543 2912 5601 semper
2941 5531 2991 5586 in
3028 5546 3110 5584 me
3141 5532 3273 5583 hanc
3306 5530 3461 5580 tidem
3481 5569 3494 5590 ,
3529 5529 3686 5580 fidem

2127 5637 2305 5675 veram
2329 5632 2383 5676 et
2415 5623 2570 5676 iidem
2600 5629 2861 5684 sanctam,
2891 5621 3207 5678 catholicam
3237 5630 3290 5672 et
3313 5621 3684 5684 orthodoxam,

2132 5715 2282 5767 lidenn
2333 5713 2798 5770 nrmlentissimatn
2839 5723 2888 5771 et
2923 5712 3355 5771 im'ictissiumm,
3395 5712 3548 5765 bonis
3577 5726 3680 5763 om-

3578 343 3685 405 ’198
3755 363 3758 366 ‘
