4190 6236
487 313 589 377 199

803 323 862 380 S.
904 319 1201 376 ANSELM
1240 319 1588 377 CANTUAR.
1630 314 2072 378 montanos

2179 318 2356 374 PARS
2392 317 2451 371 ll.
2493 348 2560 356 —
2597 317 2964 371 ΡΑΙΗΕΝΕΤ.
2993 319 3081 372 ΕΤ
3118 317 3362 373 ASCET.

3623 315 3726 369 δοῦ

489 433 652 488 nibus
679 434 996 500 cunctisque
1025 430 1313 484 virtutibus
1339 430 1685 496 adornatam,
1716 447 1834 500 qua:
1861 447 1953 501 per
1984 433 2062 486 di-
2091 436 2134 492 Α
2163 427 2405 496 operaris
2433 441 2618 495 magna
2651 427 2704 480 in
2733 426 2986 480 minimts.
3021 431 3134 481 Erit
3166 438 3312 483 certe
3347 437 3435 482 tua
3466 427 3584 483 laus
3610 429 3726 484 dul-

493 522 777 580 lectionem
803 530 1053 590 operetur
1083 521 1135 573 in
1173 535 1259 574 me
1285 519 1424 587 quod
1457 521 1549 575 tibi
1581 521 1780 591 placet;
1815 537 1935 591 qua:
1966 538 2057 576 ne-

456 597 462 602 ’
493 617 653 680 quoat
683 609 817 661 vinci
845 610 985 662 inter
1012 607 1172 662 verba
1205 607 1571 664 altercationis
1595 609 1647 664 in
1674 620 1912 680 tempore
1937 627 2059 680 per-

492 699 806 761 secutionis,
835 699 918 752 vel
946 699 996 751 in
1039 698 1125 752 die
1152 699 1492 754 necessitatis
1513 708 1567 754 et
1597 699 1801 754 mortis.
1824 700 2060 755 Cuncta-

439 791 446 798 “
495 803 614 842 rum
645 786 766 841 fons
791 798 846 843 et
878 790 1048 858 origo,
1080 788 1302 858 largitor
1329 798 1383 843 et
1407 799 1751 846 conservator
1777 790 2057 856 'virtutum,

495 875 637 930 Deus
662 916 676 940 ,
715 892 882 946 auge,
925 893 1134 947 qumso,
1184 878 1235 930 in
1285 894 1370 933 me
1417 878 1585 934 fidem
1626 888 1824 936 rectam
1856 922 1870 946 ,
1912 897 2058 949 spem

495 966 912 1032 inmacussam,
963 969 1275 1023 charitatem
1324 969 1655 1038 perfectam,
1708 972 2059 1028 humilitatem

497 1056 814 1126 profundam
839 1100 853 1125 ,
895 1059 1206 1127 patientiam
1246 1059 1684 1126 invictissimum,
1733 1063 1972 1129 corporis
2010 1074 2064 1116 et

497 1147 1020 1203 animae-castitatem
1062 1159 1394 1219 perpetuam.
1423 1152 1500 1207 Da
1530 1152 1657 1208 mihi
1689 1154 2062 1222 prudentiam,

491 1233 779 1303 justitiam,
826 1236 1190 1293 fortiudinem
1229 1250 1281 1292 et
1321 1243 1753 1310 temperantiam,
1787 1244 2064 1300 discretio-

500 1338 622 1382 nem
668 1325 721 1384 itt
761 1327 1033 1392 onmibns,
1074 1337 1127 1383 et
1164 1345 1377 1385 sensum
1419 1333 1751 1400 pervigilem,
1777 1342 1836 1385 ut
1862 1335 2062 1401 possint

497 1413 642 1468 inter
674 1415 809 1469 bona
840 1427 894 1471 et
919 1419 1087 1486 mala,
1123 1421 1263 1474 inter
1287 1423 1530 1474 dextram
1557 1431 1604 1474 et
1634 1422 1907 1476 sinistram
1937 1407 2063 1493 prué

465 1503 692 1560 ‘tlenter
724 1508 1050 1563 discernere.
1091 1510 1196 1564 Fac
1235 1525 1317 1564 me
1360 1527 1486 1581 ergo
1525 1500 1744 1570 divitem
1784 1530 2064 1580 sacrarum

498 1593 787 1661 virtutum,
820 1613 886 1652 ex
922 1599 1113 1667 quibus
1144 1600 1238 1655 tibi
1273 1603 1498 1656 serviant
1525 1644 1537 1664 ,
1581 1619 1677 1672 per
1719 1620 1852 1674 quas
1886 1607 1977 1662 tibi
2013 1610 2064 1661 in

498 1684 730 1739 veritate
759 1686 995 1754 placeant
1025 1705 1051 1742 τ’
1072 1700 1281 1742 amator
1306 1692 1449 1745 enim
1486 1692 1654 1748 factus
1679 1709 1795 1754 tium
1827 1676 2066 1764 pulchri;

2159 519 2294 581 εἰη,
2328 525 2383 571 et
2426 517 2694 586 copiosior
2743 518 2795 571 in
2843 533 2936 572 ore
2985 507 3260 573 hom‘mum
3286 559 3301 585 ,
3339 532 3461 574 cum
3502 534 3598 590 per
3642 536 3729 577 tuo

2161 606 2422 671 tantillum
2455 607 2669 675 operari
2697 607 2887 677 dignus
2912 607 3078 661 fueris
3116 624 3305 678 magna
3338 610 3402 663 de
3425 624 3590 681 grege
3615 618 3724 664 tuo.

2161 697 2308 760 Mitte
2331 714 2458 766 ergo
2481 700 2531 751 in
2554 700 2811 752 auxilium
2841 714 3016 752 meum
3037 708 3284 752 sanetqu
3308 701 3555 770 angelum
3581 710 3727 754 tuum

2161 788 2225 848 de
2248 788 2396 841 rcelis
2423 785 2593 854 (Prol.
2624 803 2738 858 xix,
2769 790 2846 854 5),
2872 789 2960 858 qui
2989 803 3071 841 me
3099 780 3360 856 adiuvans
3385 790 3435 842 itt
3457 793 3731 856 omnibus,

2160 878 2463 946 prosperari
2497 879 2637 930 istud
2662 892 2796 946 Opus
2824 877 2987 932 faciat
3017 879 3068 932 in
3096 895 3254 932 manu
3275 893 3420 944 mea;
3450 880 3518 932 ita
3543 887 3599 931 nt
3623 881 3732 950 glo-

2164 965 2404 1018 riliectur
2430 979 2626 1019 nomen
2655 973 2800 1017 tuum
2828 966 3166 1022 benedictum
3199 966 3250 1020 in
3277 981 3362 1019 me
3390 969 3586 1020 misero
3609 965 3735 1036 νιεεέ

2164 1070 2365 1131 catore.
2401 1060 2558 1116 Dives
2587 1061 2640 1112 in
2672 1059 3062 1124 misericordia,
3094 1059 3275 1129 largus
3300 1059 3352 1112 in
3395 1057 3728 1120 muneribus,

2162 1151 2251 1218 qui
2286 1150 2536 1206 omnibus
2565 1150 2743 1208 onmia
2784 1149 2975 1221 tribuis
2999 1159 3055 1204 et
3082 1150 3213 1204 nihil
3243 1151 3448 1220 perdis,
3487 1148 3557 1208 da
3600 1146 3727 1219 mihi

2163 1240 2399 1298 cmlt-stia
2425 1249 2480 1295 et
2507 1249 2719 1307 terrena
2739 1239 2977 1309 subsidia
3003 1240 3068 1294 ad
3099 1255 3310 1294 omnem
3335 1238 3735 1313 sufficientiam,

2164 1340 2222 1384 ut
2271 1331 2496 1386 habeam
2541 1331 2682 1388 unde
2725 1346 2939 1402 gregem
2983 1340 3132 1388 tuum
3177 1332 3373 1404 possim
3419 1344 3638 1399 pascere
3676 1339 3731 1383 et

2166 1431 2472 1479 sustentare
2495 1433 2600 1477 tam
2622 1424 2976 1492 spiritualiter
2995 1439 3154 1493 quam
3177 1422 3546 1491 corporaliter,
3573 1432 3735 1489 atque
3777 1422 3791 1428 ”

2167 1513 2441 1566 venientes
2472 1514 2524 1566 in
2557 1522 2646 1566 tuo
2675 1513 2892 1572 nomine
2920 1503 3192 1587 suscipere
3219 1513 3419 1580 absque
3444 1510 3732 1564 ullahausl-

2171 1602 2393 1667 latione,
2424 1602 2686 1671 simulque
2714 1602 2828 1656 loca
2855 1603 3142 1666 conmissa
3168 1602 3419 1655 ordinare
3449 1610 3502 1652 et
3534 1615 3733 1670 pra-pa-

2169 1707 2290 1747 rare
2315 1694 2380 1746 ad
2411 1694 2644 1761 quietem
2679 1701 2733 1747 et
2761 1692 2987 1746 salutem
3019 1690 3270 1755 fratrum,
3300 1690 3439 1743 sicut
3477 1689 3642 1744 decet
3681 1697 3736 1742 et
3762 1706 3773 1747 ῃ

495 1771 704 1853 tudinis
728 1788 910 1828 earum
948 1792 1043 1845 per
1079 1780 1306 1847 gratiam
1345 1792 1514 1835 tuam.
1551 1783 1622 1837 Da
1647 1785 1778 1840 mihi
1814 1763 1909 1840 eas
1945 1800 2070 1856 prce
2103 1763 2143 1816 Β
2167 1790 2401 1852 oportet.
2456 1783 2648 1839 Omnia
2693 1799 2723 1838 a
2773 1793 2823 1837 te
2867 1783 2981 1837 [nec
3025 1781 3235 1851 poswlo
3261 1821 3274 1845 .
3330 1779 3552 1842 υυιιιίιιθ
3587 1780 3737 1836 .Drus

497 1869 623 1930 pter
651 1864 906 1920 honorem
931 1878 985 1922 et
1012 1869 1236 1935 gloriam
1267 1873 1499 1925 nominis
1527 1875 1631 1938 tui;
1662 1877 1924 1946 coniunge
1951 1878 2068 1936 illas

500 1950 625 2006 fidei
665 1968 826 2018 mem,
863 1968 920 2009 ιιι
954 1959 1062 2012 sint
1099 1960 1148 2013 ei
1193 1961 1479 2018 individua.-
1519 1964 1741 2020 comites
1780 1982 1882 2035 per
1913 1956 2071 2034 omne

502 2044 860 2110 tempusvitte
890 2062 1052 2116 mea;
1077 2052 1248 2118 ttnde,
1280 2067 1428 2122 rogo,
1479 2054 1560 2108 fac
1590 2071 1675 2110 me
1714 2071 1809 2126 per
1846 2060 2073 2128 gratiam

503 2139 652 2210 tuam
676 2147 889 2204 semper
914 2146 968 2190 et
999 2138 1050 2191 in
1095 2139 1197 2194 fide
1230 2141 1516 2206 stabilem,
1556 2144 1691 2200 etin
1727 2147 1871 2200 omni
1910 2163 2074 2217 apere

502 2217 798 2290 efficacem,
831 2236 888 2281 ut
917 2229 1072 2284 fidem
1105 2241 1270 2297 tuam,
1297 2248 1454 2303 quam
1485 2235 1662 2303 lingua
1692 2230 1807 2290 mea
1837 2237 2071 2308 loquitur

493 2322 563 2388 pet
588 2331 748 2379 manu
780 2333 896 2373 mea
924 2323 1121 2391 scripta
1152 2332 1436 2404 testantur,
1461 2328 1754 2396 probabilis
1783 2331 1891 2387 vita
1918 2334 2072 2391 bonis

503 2404 744 2472 moribus
776 2406 1022 2463 fateatur.
1342 2449 1349 2456 -
2020 2479 2023 2483 ,
2051 2483 2054 2485 Α

572 2492 784 2548 Gratias
807 2496 898 2558 tibi
927 2512 1044 2567 ago,
1078 2501 1315 2564 Domine,
1347 2504 1470 2572 quia
1498 2522 1704 2569 mevas
1732 2526 1981 2578 vacuum,
2017 2523 2073 2569 et

488 2579 746 2656 _i_vtttlilet_tt
786 2585 1001 2643 idiotam
1044 2593 1269 2659 rrplcsti-
1294 2596 1549 2664 scientia,
1593 2579 1977 2670 intelligentia;
2021 2615 2075 2665 et

504 2670 697 2754 dedisti
726 2688 937 2742 semper
976 2678 1557 2750 humilemscientiam,
1585 2702 1703 2753 qua:
1725 2689 1971 2745 :edifiect.
1999 2693 2071 2747 Da

409 2842 423 2856 .
509 2760 637 2814 mihi
668 2763 721 2815 et
747 2764 1088 2820 mitissimam
1121 2778 1176 2822 ct
1208 2771 1501 2839 sapientem
1531 2775 1922 2845 eloquentiam,
1955 2797 2074 2850 qute

509 2852 713 2940 neseiat
743 2853 936 2940 inﬂari,
969 2868 1022 2911 ct
1048 2861 1114 2913 de
1144 2862 1249 2916 tuis
1279 2863 1429 2921 bonis
1456 2883 1620 2936 super
1647 2868 1836 2923 fratres
1865 2873 2069 2929 extolli.

507 2935 685 3004 Pone,
726 2935 936 3007 q‘uzeso,
979 2945 1027 2998 in
1063 2962 1156 3001 ore
1191 2964 1311 3002 meo
1337 2935 1983 3012 verbtnu‘consolatimzis
2019 2968 2074 3012 et

504 3025 876 3109 adﬂictationis
905 3041 965 3108 et
990 3029 1377 3091 earlier-talionis
1411 3055 1505 3108 per
1535 3041 1790 3111 Spiritum
1827 3031 2070 3102 sanetum

500 3123 680 3183 tuum,
724 3127 782 3171 nt
809 3130 864 3176 et
894 3121 1062 3179 bonos
1091 3127 1294 3183 valeam
1337 3131 1402 3184 ad
1436 3133 1655 3187 meliora
1686 3137 1986 3204 exhortari,
2019 3151 2072 3195 et

503 3219 636 3270 eos,
685 3207 776 3276 qui
821 3214 1046 3289 adverse
1088 3219 1427 3285 gradiuntur,
1479 3221 1544 3275 ad
1589 3231 1694 3278 tua:
1738 3207 2073 3284 rectitudinis

504 3293 696 3350 lineam
727 3315 981 3356 revocare
1009 3306 1170 3356 verbo
1192 3316 1245 3358 et
1274 3308 1538 3376 exemplo.
1580 3310 1700 3363 Sint
1719 3312 1890 3381 verba
1912 3355 1924 3375 ,
1955 3331 2074 3383 qua:

507 3386 719 3442 dederis
745 3404 899 3443 servo
932 3401 1019 3446 tuo
1047 3402 1306 3464 tanquam
1329 3399 1832 3474 apntiSsitnajacnla
1851 3444 1866 3468 ,
1893 3414 1946 3460 et
1987 3422 2075 3459 ar.-

508 3474 694 3530 dcntcs
725 3479 933 3547 sagittae
954 3521 969 3544 ,
1010 3497 1128 3550 qum
1158 3496 1435 3551 penetrent
1464 3500 1517 3542 et
1552 3490 1839 3546 incendant
1870 3505 2074 3550 mentes
2103 3515 2113 3525 ·

477 3564 936 3642 \audientiuntad
971 3573 1214 3628 timorem
1243 3586 1295 3628 et
1323 3595 1559 3633 amorem
1590 3590 1757 3635 tutnn.
1787 3584 1862 3635 Tu
1894 3597 2074 3652 pastor

486 3666 558 3742 [et
604 3667 782 3713 rector
818 3665 1054 3717 omnium
1082 3705 1095 3727 ,
1139 3665 1349 3721 Christe
1381 3669 1559 3734 Deus,
1598 3673 1686 3740 qui
1730 3675 1889 3728 nullis
1940 3680 2072 3733 meis

510 3746 744 3812 meritis,
783 3751 875 3804 sed
907 3752 1017 3805 sola
1054 3753 1361 3823 dignatione
1397 3758 1780 3816 misericordia:
1820 3775 1951 3829 tum,
1982 3783 2070 3820 vo-

506 3837 642 3891 casti
677 3841 994 3908 parvitatem
1026 3845 1196 3915 236
1217 3861 1388 3901 meam
1428 3849 1492 3900 ad
1526 3850 1626 3904 hoc
1663 3855 1926 3920 pastorale
1961 3856 2074 3909 ol'fio

505 3929 688 3996 cium;
725 3943 940 4001 propter
982 3945 1031 3988 te
1067 3942 1121 3988 et
1167 3951 1356 3989 nomen
1392 3945 1538 3992 tuttm
1571 3939 1654 3995 fac
1698 3957 1781 3996 me
1825 3945 2073 4000 idoneum

510 4020 576 4073 ad
605 4020 706 4075 hoc
737 4022 1124 4085 ministerium,
1174 4033 1227 4077 ct
1253 4027 1523 4093 sapienter
1552 4029 1764 4084 domum
1815 4040 1958 4087 tuam
1991 4051 2074 4090 re-

509 4124 672 4178 gam,
718 4119 772 4166 et
823 4111 877 4165 in
925 4114 1170 4168 omnibus
1225 4117 1519 4170 secundum
1572 4119 1892 4175 voluntatem
1931 4132 2072 4187 tuam

509 4213 723 4269 gregem
756 4211 901 4255 tuum
928 4219 1148 4270 pascere
1180 4204 1402 4259 valeam.
1444 4207 1637 4262 'l'ribuc
1666 4226 1761 4280 pro
1797 4212 1991 4278 pietate
2019 4224 2075 4270 et

507 4288 744 4350 bonitate
781 4300 886 4352 tua,
920 4301 975 4344 ut
1002 4290 1199 4345 ciliciar
1228 4293 1278 4346 in
1323 4295 1482 4348 domo
1510 4303 1597 4349 tua
1628 4298 1844 4351 lucerna
1881 4302 2073 4356 ardens

2098 3085 2145 3145 C

2171 1869 2371 1947 noster,
2416 1875 2542 1942 quia
2585 1884 2776 1929 cuncta
2818 1875 2954 1928 bona
3005 1882 3230 1944 nostra,
3272 1872 3407 1926 dona
3457 1880 3544 1924 tua
3591 1881 3733 1932 sunt,

2171 1964 2288 2028 Non
2311 1965 2454 2020 enim
2487 1965 2701 2020 aliunde
2733 1979 3019 2035 possumus
3053 1963 3146 2018 tibi
3193 1964 3399 2024 servire
3427 1977 3599 2032 neque
3629 1962 3738 2030 pia~

2171 2069 2314 2118 cere,
2343 2055 2445 2109 nisi
2478 2055 2544 2109 de
2571 2063 2663 2107 tuo
2691 2068 2935 2108 munere.
3587 2091 3590 2094 ι
3692 2107 3696 2112 .

2169 2184 2178 2210 χ
2240 2146 2311 2208 At
2337 2145 2382 2199 si
2415 2160 2520 2200 non
2551 2145 2685 2201 forte
2718 2154 2802 2198 est
2840 2143 2898 2198 in
2949 2143 3172 2198 consilio
3204 2137 3742 2202 teternzevolunuitls

2176 2245 2298 2300 tute,
2327 2244 2384 2303 ut
2408 2221 2576 2290 facias
2600 2251 2698 2305 per
2718 2251 2802 2290 me
2826 2235 2890 2290 de
2916 2235 3105 2289 ovibus
3133 2233 3237 2288 tuis
3277 2231 3513 2286 fructum
3544 2233 3743 2288 bonum

2171 2334 2227 2380 et
2248 2339 2533 2394 magnum,
2562 2327 2788 2380 obsecro
2812 2335 2864 2381 et
2891 2324 3202 2395 suppliciter
3233 2340 3385 2392 rogo,
3410 2323 3639 2379 dissolve
3661 2338 3742 2380 me

2169 2431 2203 2489 ξι
2248 2431 2388 2469 nexu
2430 2415 2562 2468 tanti
2591 2414 2776 2479 ofﬁcii,
2819 2415 2989 2469 modis
3030 2415 3224 2489 quibus
3256 2414 3350 2468 tibi
3393 2414 3723 2479 videtur,,or

2170 2488 2297 2560 dine
2322 2521 2430 2574 quo
2461 2505 2555 2561 tibi
2583 2505 2776 2576 placet.
2823 2502 2944 2560 Scis
2970 2488 3111 2567 enin.
3137 2503 3339 2568 omnia,
3367 2511 3418 2557 et
3456 2513 3607 2572 potes
3634 2518 3720 2556 om

2173 2595 2281 2648 nia.
2312 2592 2451 2660 Quid
2480 2594 2570 2650 hic
2598 2593 2784 2650 facio?
2822 2593 2958 2662 Quid
2989 2609 3175 2649 moror
3211 2593 3264 2648 in
3301 2594 3384 2647 bis
3413 2592 3726 2647 tumultibus

2173 2684 2218 2738 si
2251 2683 2494 2738 facturus
2523 2699 2628 2738 non
2658 2700 2778 2739 sum
2819 2698 2916 2757 per
2941 2683 3167 2756 gratiam
3194 2691 3339 2737 tuam
3381 2682 3580 2751 aliquid
3623 2683 3752 2738 boni.

2172 2775 2240 2828 de
2265 2774 2486 2828 fratrum
2514 2773 2734 2828 salute?
2763 2773 2878 2826 Duo
2900 2789 2929 2825 a
2973 2782 3023 2826 te
3051 2781 3172 2842 peto
3197 2790 3215 2827 :
3246 2789 3408 2828 unum
3437 2773 3625 2826 borum
3653 2788 3743 2852 prr-

2175 2873 2263 2918 tua
2293 2863 2576 2919 clementia
2609 2879 2676 2919 ne
2704 2865 2936 2935 deneges
2974 2863 3126 2918 mihi.
3167 2863 3317 2922 R020
3363 2874 3412 2918 te
3438 2879 3532 2933 per
3561 2879 3748 2918 omnes.

2174 2952 2549 3007 miserationes
2578 2943 2727 3019 tuas,
2769 2953 2836 3006 da
2867 2952 2996 3005 mihi
3019 2952 3438 3013 consolationem
3467 2961 3611 3006 tuam

2176 3042 2364 3098 lestem
2396 3043 2664 3098 inmultis
2693 3043 3131 3098 tribulationibus
3173 3028 3333 3097 meis.
3354 3043 3566 3097 Poudus
3604 3045 3746 3098 enim

2177 3133 2316 3190 istud
2339 3133 2741 3203 gravissimum,
2782 3133 2925 3201 quod
2951 3133 3256 3202 impositum
3278 3141 3362 3186 est
3396 3147 3555 3201 super
3577 3134 3742 3187 cervi.

2165 3239 2265 3279 Ices
2287 3223 2622 3301 measrferre
2643 3239 2747 3278 non
2772 3223 2941 3284 valeo,
2969 3225 3235 3291 deponere
3262 3224 3426 3278 timeo
3453 3241 3466 3275 :
3492 3223 3751 3294 angustia:

2177 3310 2305 3365 mihi
2341 3321 2466 3364 sunt
2505 3310 2772 3385 undique,
2801 3320 2855 3365 et
2883 3312 3009 3380 quid
3038 3311 3232 3387 eligam
3278 3311 3484 3377 ignoro.
3527 3313 3752 3379 Adjutor

2176 3404 2413 3477 omnium
2439 3403 2490 3456 in
2525 3411 2574 3457 te
2602 3404 2932 3472 speranti-am
2959 3404 3118 3468 Deus,
3145 3418 3213 3458 ne
3238 3419 3322 3462 me
3349 3405 3559 3458 deserat
3581 3405 3752 3474 pietas

2179 3500 2291 3556 tua,
2323 3507 2391 3545 ne
2421 3506 2505 3547 me
2537 3477 2876 3560 dérelinquat
2900 3490 3071 3559 gratia
3104 3499 3215 3543 tua.
3263 3490 3319 3543 in
3347 3499 3398 3544 te
3439 3499 3750 3558 sperantem

2174 3580 2337 3642 Deus,
2368 3589 2422 3634 et
2446 3579 2498 3633 in
2526 3589 2612 3632 tua
2642 3577 3011 3632 misericordia
3034 3577 3370 3636 solummodo
3391 3579 3757 3636 confidentem

2176 3670 2364 3739 adjuva
2397 3685 2482 3726 me
2507 3687 2522 3735 ;
2546 3671 2670 3738 quia
2697 3670 2813 3724 sine
2844 3679 2895 3724 te
2921 3669 3014 3722 tibi
3041 3669 3256 3738 placere
3285 3686 3387 3723 non
3421 3669 3590 3723 valeo.
3619 3669 3760 3737 Quis.

2171 3778 2404 3832 unquam
2452 3761 2687 3830 speravit
2729 3761 2785 3818 in
2832 3768 2905 3822 te,
2954 3767 3009 3812 et
3054 3758 3343 3812 derelictus
3393 3758 3749 3826 e'sl?(Eccli.

2174 3868 2235 3914 tl,
2277 3852 2386 3920 ιι.)
2439 3849 2559 3903 Non
2585 3859 2658 3904 est
2695 3848 2994 3904 audituma
3039 3847 3230 3902 saeculo
3277 3847 3457 3918 (Joan.
3501 3863 3553 3903 Ix
3581 3889 3596 3912 ,
3626 3849 3747 3916 δὲ).

2181 3941 2345 4003 Deus,
2375 3950 2426 3994 tu
2467 3955 2525 3993 es
2560 3939 2793 4007 optimus
2834 3938 3060 3992 infinita:
3117 3937 3332 4006 pietatis
3380 3947 3436 3991 et
3476 3939 3752 3992 immensa:

2176 4030 2457 4094 bonitatis,
2499 4029 2589 4098 qui
2619 4028 2671 4082 in
2715 4039 2763 4081 te
2796 4036 3076 4096 sperantes
3105 4041 3380 4098 nunquam
3417 4027 3752 4091 consueviszi

2145 4117 2495 4185 .reliaquere.
2525 4115 2781 4179 Ostende,
2807 4130 2989 4185 qumso
3010 4157 3024 4181 ,
3066 4101 3492 4170 misericordiam
3525 4127 3668 4170 tuam
3694 4117 3750 4170 in

2175 4224 2282 4272 me,
2311 4207 2437 4276 quia
2476 4207 2544 4259 ad
2571 4215 2617 4260 te
2641 4206 2880 4274 confugi,
2927 4216 2982 4259 ut
3024 4207 3225 4260 videant
3253 4207 3344 4274 qui
3384 4223 3466 4259 me
3491 4207 3748 4273 oderunt,

2175 4309 2221 4352 et
2253 4298 2674 4366 confundantur;
2712 4297 2960 4363 quoniam
2999 4306 3077 4362 tu,
3113 4295 3347 4361 Domine,
3397 4296 3642 4364 adjuviin
3670 4314 3752 4352 me

508 4390 564 4434 ‹·ι
602 4380 814 4457 lucens;
845 4383 1076 4436 concede
1103 4393 1320 4451 propter
1361 4384 1613 4438 honorem
1641 4396 1694 4439 et
1728 4388 1947 4456 gloriam
1978 4407 2074 4444 uo-
2105 4402 2150 4460 ο
2178 4395 2223 4440 et
2250 4385 2550 4438 consolatus
2577 4399 2630 4436 es
2662 4399 2740 4463 nte
2772 4381 2943 4452 (Prol.
2972 4398 3197 4447 unm,
3231 4383 3338 4452 17).

509 4470 672 4525 minis
703 4473 799 4534 tui,
833 4480 890 4524 ut
911 4488 1033 4526 cum
1066 4473 1232 4526 multo
1256 4475 1394 4528 bono
1419 4475 1591 4530 fructu
1629 4476 1880 4533 fraternm
1907 4483 2069 4536 socie-

513 4562 668 4624 tatis,
702 4577 910 4618 merear
955 4565 1231 4630 pervenire
1270 4567 1335 4620 ad
1365 4566 1587 4636 gloriam
1633 4577 1774 4622 luant
1813 4589 1824 4622 :
1861 4582 2076 4627 nonest

474 4639 477 4725 ί
512 4652 606 4706 tibi
634 4652 775 4705 enim
803 4653 1090 4722 quidquam
1118 4654 1350 4719 difficile,
1376 4671 1478 4710 non
1506 4657 1702 4726 aliquid
1727 4659 2069 4728 impossibile.

512 4741 660 4796 Velle
696 4750 865 4807 tuum,
897 4742 1108 4810 facere;
1143 4745 1385 4799 voluntas
1413 4756 1500 4800 tua
1522 4790 1537 4813 ,
1567 4765 1701 4817 opus
1729 4760 1830 4802 est.
1865 4751 1928 4804 Et
1955 4750 2075 4805 ideo

511 4836 672 4891 corde
695 4835 875 4904 credo,
904 4845 958 4889 et
983 4851 1078 4890 ore
1107 4837 1368 4892 conliteor
1407 4839 1580 4909 (Rom.
1613 4859 1639 4894 ι
1670 4883 1684 4904 ,
1721 4843 1802 4911 l0)
1846 4844 1985 4912 quod
2017 4851 2074 4896 tu

471 4984 474 4987 _
515 4933 668 4994 potes
697 4933 752 4977 et
790 4926 868 4988 vis
907 4941 1040 4995 opus
1076 4927 1202 4981 illud
1236 4929 1515 4997 magnifice
1551 4932 1835 5001 adimplere
1871 4949 1964 5000 per
1992 4950 2076 4987 me

515 5015 780 5068 tantillum
810 5032 821 5066 :
856 5016 987 5082 scio,
1018 5028 1072 5072 et
1095 5029 1281 5074 certus
1306 5027 1422 5073 sum
1450 5023 1588 5089 quod
1619 5034 1671 5075 tu
1700 5024 1843 5076 vales
1869 5024 2076 5078 fructus

513 5107 684 5161 bonos
706 5115 759 5159 et
785 5123 1001 5175 magnos
1023 5108 1197 5164 facere
1221 5112 1283 5163 de
1313 5127 1472 5180 grege
1498 5121 1584 5165 tuo
1608 5127 1700 5180 per
1721 5129 1802 5166 me
1825 5113 2075 5181 exiguum

469 5240 472 5248 .
515 5209 569 5252 ct
610 5198 900 5253 infirmum.
929 5199 1186 5255 Parvulas
1212 5203 1409 5272 quippe
1444 5219 1581 5266 smn,
1616 5213 1664 5256 et
1697 5205 1891 5273 nullius
1916 5205 2078 5256 virtu-

517 5286 586 5340 tis
627 5288 942 5351 ltomuncio,
981 5290 1110 5343 nihil
1155 5291 1354 5346 habens
1391 5293 1443 5346 in
1487 5309 1570 5348 me
1609 5294 1748 5361 quod
1788 5285 2073 5362 expediat,

516 5375 600 5428 vel
632 5378 772 5444 quod
804 5379 1019 5449 dignum
1053 5381 1116 5433 sit
1158 5383 1288 5435 tanti
1321 5382 1497 5448 ollieii,
1545 5384 1744 5438 idcirco
1785 5385 2080 5453 desperans

516 5468 839 5522 omnimodis
875 5472 940 5524 de
987 5473 1247 5542 parvitate
1274 5514 1288 5537 ,
1329 5490 1431 5552 non
1480 5475 1686 5545 respiro
1726 5476 1822 5529 nisi
1863 5475 1916 5530 in
1966 5476 2076 5530 sola

521 5558 888 5629 misericordia
927 5572 1032 5617 tua.

590 5646 696 5700 Sed
726 5648 848 5704 licet
872 5653 945 5707 sis
983 5671 1205 5723 magnus
1238 5657 1286 5708 ln
1319 5659 1544 5726 magnis,
1584 5658 1865 5727 gloriosius
1904 5668 2076 5712 tamen

2244 4474 2460 4529 Gratias
2485 4473 2577 4527 tibi
2602 4488 2727 4544 ago,
2757 4472 3006 4537 Domine,
3034 4475 3159 4542 quia
3184 4488 3269 4527 me
3291 4483 3343 4528 et
3371 4490 3399 4527 a
3423 4489 3560 4531 vano
3589 4473 3754 4542 hujus

2178 4567 2359 4620 mundi
2386 4565 2660 4622 consortio
2681 4564 2982 4634 separasti,
3007 4573 3062 4619 et
3089 4565 3152 4618 ad
3184 4572 3331 4620 tuum
3367 4574 3608 4619 sanctum
3633 4563 3748 4618 οω-

2175 4658 2316 4719 cium
2340 4656 2661 4728 perduxisti,
2693 4655 2855 4710 nullis
2886 4655 3020 4710 meis
3047 4656 3273 4723 meritis,
3306 4656 3399 4710 sed
3422 4655 3535 4710 sola
3564 4657 3751 4725 digna-

2179 4747 2320 4799 tione
2365 4745 2746 4799 misericordia:
2779 4753 2902 4797 tum.
2932 4743 3196 4798 Beuedico
3238 4753 3314 4808 te,
3354 4745 3580 4799 Domine
3607 4743 3748 4800 Deus

2177 4846 2377 4900 noster,
2404 4837 2493 4899 qui
2520 4835 2648 4887 mihi
2672 4835 2768 4888 das
2792 4835 3011 4903 indigno
3034 4849 3313 4887 servorum
3340 4844 3550 4888 tuorum
3577 4835 3748 4890 socie-

2143 4978 2145 4981 ,
2179 4935 2285 4979 tate
2307 4935 2360 4978 et
2381 4923 2648 4988 eharitate
2670 4923 2895 4993 perfrui.
2917 4925 2989 4976 Da
3013 4925 3141 4977 mihi
3165 4925 3422 4992 quietem,
3443 4933 3498 4979 et
3519 4926 3746 4980 salutem

2176 5017 2419 5086 corporis
2443 5026 2496 5071 et
2526 5017 2748 5082 animae,
2792 5015 3058 5084 simulque
3083 5025 3441 5084 opportunam
3468 5017 3534 5070 ad
3555 5027 3613 5070 te
3654 5032 3748 5070 va-

2177 5108 2460 5182 cationem.
2498 5107 2691 5161 Libera
2719 5121 2804 5160 me
2847 5122 2874 5160 a
2904 5093 3211 5161 vanissiniis
3241 5106 3398 5172 hujus
3429 5107 3608 5160 mundi
3641 5108 3745 5160 int-

2177 5184 2554 5267 plicationihus
2582 5198 2646 5249 ad
2671 5197 2967 5264 profectum
2995 5195 3190 5248 anima:
3221 5211 3370 5259 mete,
3405 5206 3622 5264 propter
3651 5196 3748 5252 ito-

2179 5305 2362 5343 norem
2407 5298 2462 5342 et
2494 5287 2716 5356 gloriam
2769 5287 2998 5340 nominis
3043 5287 3166 5351 tui;
3225 5297 3277 5341 et
3302 5288 3424 5356 quia
3475 5285 3732 5356 scriptum

2178 5388 2261 5434 est
2301 5398 2313 5432 :
2354 5378 2516 5431 Nemo
2547 5377 2775 5429 militans
2809 5377 2910 5428 Deo
2932 5375 3158 5443 implicat
3198 5393 3250 5429 se
3279 5376 3618 5428 sa’cufaribus
3640 5393 3740 5450 ne:

2181 5472 2330 5539 gotiis
2365 5468 2448 5538 (Il
2485 5467 2617 5523 Tim.
2656 5484 2717 5531 ll,
2761 5467 2837 5537 4),
2876 5477 2931 5521 et
2964 5469 3032 5520 ab
3069 5469 3321 5520 omnibus
3364 5482 3613 5520 curarum
3657 5475 3740 5520 tn-

2184 5562 2438 5615 nmltibus
2463 5575 2678 5628 separas
2701 5560 2908 5612 animas
2931 5559 3279 5613 servientium
3311 5558 3496 5623 tibi,ut
3529 5558 3618 5610 tibi
3645 5556 3744 5611 soli

2186 5656 2411 5707 Domino
2449 5662 2638 5707 vacent
2688 5651 2772 5706 die
2836 5667 2897 5704 ac
2945 5662 3129 5715 nocte;
3183 5653 3247 5703 da
3304 5649 3634 5705 fructuosum
3687 5656 3754 5710 ει,
