4190 6194
457 189 556 245 8M

1830 193 2082 253 IIEDITA
2093 195 2251 252 ’ΠοΝ
2261 197 2361 251 ES.

3601 215 3704 274 RD!

457 296 698 369 spiritale
737 299 906 355 otium
957 302 1463 358 abrenuntiantilms
1521 307 1738 374 mnmlo,
1785 317 1842 362 ut
1899 308 2022 378 ipso
2055 312 2104 366 Α
2129 307 2411 376 angnStiis,
2442 309 2893 379 trilmlatianibns,
2931 318 3332 376 calamitatibus
3376 332 3431 378 et
3460 319 3695 386 illitl‘mlo'
3735 331 3740 357 τ

441 391 636 448 ζωηιίε
685 393 862 463 palato
916 406 1134 465 gusteat
1189 407 1244 450 et
1287 400 1500 468 sapiant
1541 399 1796 467 quoniam
1853 399 2024 452 dulcis

455 480 509 552 (l
569 481 712 538 Patr.
761 501 820 547 ιι,
876 485 931 554 5)
985 496 1040 541 et
1086 488 1265 541 suavis
1324 505 1404 550 es,
1457 489 1698 556 Domine,
1749 491 2026 544 sicut-tua

455 570 738 643 Scriptura
774 577 1050 639 admonet,
1097 573 1320 631 dicens:
1357 574 1547 631 Vacale
1592 588 1644 632 et
1680 579 1865 642 videte,
1898 596 2028 648 quo-

453 665 596 717 niam
620 680 713 734 ego
741 683 853 719 sum
879 665 1203 738 Deus(Psal.
1230 681 1338 731 Liv,
1363 668 1471 739 ll).
1499 668 1565 722 Et
1603 671 1728 724 alibi
1756 688 1769 723 :
1801 669 2028 739 Sapien-

453 756 579 811 tiam
635 758 819 833 discite
860 759 914 811 in
955 769 1186 826 tempore
1211 760 1325 823 alii,
1355 769 1402 813 et
1451 762 1540 830 qui
1567 762 1860 818 minaretur
1904 771 2025 814 actu

452 846 561 915 ipse
589 849 832 918 percipiet
861 865 977 901 eam
1003 846 1196 917 (Eccli.
1232 866 1458 918 xxxviii,
1485 853 1603 921 25).
1631 852 1738 908 Sed
1769 862 1822 907 ct
1842 867 2028 916 sacra-

453 936 662 993 tissima
685 940 953 992 sententia
980 948 1070 993 tua
1096 953 1191 996 ore
1215 951 1306 996 tuo
1334 944 1421 1011 pio
1457 943 1662 1013 prolata
1691 944 1903 1012 plenius
1935 944 2030 997 in-

451 1025 651 1079 format
683 1041 803 1090 nos,
836 1036 890 1080 et
915 1042 943 1080 a
979 1029 1263 1084 mundanis
1307 1031 1451 1085 curis
1495 1046 1717 1101 prorsus
1755 1031 2026 1099 prohibet,

448 1115 634 1171 dicens
682 1133 696 1170 :
754 1115 876 1172 Non
943 1120 1153 1188 potestis
1226 1121 1332 1174 Deo
1381 1123 1574 1176 servire
1624 1132 1672 1176 et
1717 1138 2027 1176 mammona:

448 1204 661 1275 (Uouit.
698 1223 796 1283 γι,
849 1209 950 1275 εις
986 1209 1114 1264 Luc.
1141 1227 1251 1274 xw,
1281 1213 1390 1284 15).
1441 1213 1508 1267 Et
1553 1226 1768 1267 rursum
1805 1230 1818 1265 :
1854 1213 2024 1268 Nemo

445 1298 655 1352 mittam
698 1315 914 1355 inuitum
945 1317 1095 1356 suam
1131 1303 1200 1354 ad
1229 1313 1560 1380 aratrum,“
1585 1304 1842 1372 aspiciens
1866 1314 2024 1370 retro,

441 1398 602 1458 aptas
631 1401 899 1462 eum!ng
936 1392 1180 1449 caelorum
1214 1395 1378 1466 (Luc.
1416 1413 1490 1461 ix,
1522 1397 1634 1466 62).
1662 1396 1727 1452 Et
1755 1397 1880 1452 alibi
1927 1405 2023 1454 nos

444 1480 678 1536 evidenti
719 1485 968 1553 exemplo
1019 1487 1303 1541 retrahere
1345 1487 1606 1556 dignaris,
1646 1487 1874 1544 dicens:
1911 1489 2021 1544 lle-

441 1582 666 1626 mntote
692 1576 868 1628 tutoris
915 1574 1017 1628 Lot
1050 1574 1196 1648 (an.
1230 1594 1360 1641 xvu,
1387 1578 1500 1649 32).

427 1701 437 1707 .
515 1658 727 1715 Gratias
766 1662 858 1714 tibi
905 1677 1026 1730 ago,
1075 1665 1575 1721 misericordissime
1627 1668 1871 1732 Domine,
1923 1670 2016 1739 qui

424 1752 806 1807 .memiscrum
845 1754 1176 1824 multumque
1207 1755 1564 1827 negligentem
1601 1769 1937 1828 peccatorem
1983 1776 2015 1815 a

441 1839 730 1910 principio,
760 1852 814 1897 et
843 1859 874 1898 a
906 1845 1185 1900 cunabulis
1206 1839 1303 1916 pei'
1332 1847 1585 1904 universa
1622 1863 1759 1917 pene
1799 1849 1927 1902 vitia
1962 1857 2018 1905 et

441 1941 665 1998 peccata
721 1935 1122 1998 decurrentem,
1165 1934 1397 2004 benigne
1442 1944 1496 1990 et
1525 1937 1796 2004 patienter
1838 1936 2015 2004 adhuc

439 2021 508 2075 ad
547 2023 919 2090 paenitentiam
960 2034 1263 2094 exspectas,
1295 2016 1484 2079 nolens
1529 2041 1617 2090 me
1635 2027 1862 2098 perdere
1891 2043 2013 2093 cum

437 2112 698 2187 pet-catis,
732 2113 898 2176 vitiis,
933 2113 1106 2184 culpis
1129 2123 1182 2168 et
1212 2114 1552 2185 ncgligentiis
1592 2116 1746 2172 meis.
1779 2116 1834 2172 Si
1867 2118 2012 2172 enim

438 2201 598 2268 mibi,
627 2203 876 2268 Domine,
926 2208 1224 2262 secundum
1262 2216 1491 2276 peccata,
1535 2222 1652 2262 mea
1698 2209 1874 2265 facere
1918 2225 2014 2265 vo-

440 2290 657 2356 luisses,
684 2293 814 2347 olim
869 2311 952 2348 me
981 2306 1123 2351 terra
1167 2299 1348 2353 vivum
1394 2299 1686 2355 absorbere
1714 2299 2006 2356 debuisset.

425 2377 546 2436 .Scd
589 2397 738 2453 rogo,
771 2384 855 2452 pic
884 2386 1130 2453 Domine,
1164 2403 1231 2443 ne
1259 2398 1344 2442 tua
1382 2389 1434 2442 in
1477 2405 1562 2445 me
1588 2392 1918 2460 exspectatio
1940 2392 2013 2446 sit

438 2485 630 2536 Vacua,
661 2474 730 2527 sit
761 2477 900 2544 quod
933 2477 1092 2543 absit,
1138 2479 1489 2534 infructuosa.
1532 2481 1610 2535 Tu
1639 2482 1730 2552 qui
1781 2497 1890 2536 non
1929 2483 2011 2540 vis

422 2571 666 2626 mortem
708 2568 1006 2634 peccatoris
1036 2568 1254 2636 (Ezec/z.
1288 2587 1483 2636 χχχιιι,
1527 2571 1636 2638 ll),
1669 2573 1734 2628 da
1790 2571 1918 2626 mibi
1945 2573 2012 2626 de

422 2655 724 2726 prateritis
760 2657 916 2711 malis
944 2659 1081 2714 meis
1113 2660 1530 2732 indulgentiam;
1565 2661 1631 2716 de
1656 2663 2011 2732 prtesentibns

424 2746 670 2807 concede
691 2747 1159 2815 emendationem;
1204 2750 1270 2804 de
1300 2750 1499 2806 futuris
1525 2765 1654 2808 vero
1708 2751 1902 2821 largire
1922 2753 2008 2822 jn-

433 2830 575 2902 gitcr
591 2834 889 2888 cnstoliam
912 2845 1074 2906 atque
1098 2839 1379 2896 cautelam.
1408 2841 1483 2894 Da
1502 2840 1674 2896 locum
1700 2852 1754 2896 et
1774 2844 2006 2912 spatium

436 2919 504 2976 ad
560 2919 752 2993 dignos
801 2926 1132 2994 ptenilentize
1177 2926 1384 2984 fructus
1427 2929 1577 3000 (Late.
1616 2932 1806 3000 111,8).
1843 2933 2004 3001 Aperi
2033 2972 2075 3030 Ο

436 3015 620 3072 oculos
670 3019 849 3074 cordis
896 3020 998 3073 mei
1042 3035 1140 3089 per
1169 3019 1428 3090 Spiritum
1458 3031 1706 3077 sanctum
1737 3031 1911 3090 tuum,
1945 3033 2006 3078 nt

435 3106 645 3163 videam
660 3115 711 3160 et
726 3108 970 3179 plangam
992 3111 1170 3165 omnia
1192 3123 1414 3181 peccata
1444 3129 1584 3167 mea.
1615 3114 1860 3181 Domine,
1879 3125 2010 3170 tem-

346 3233 356 3242 -
435 3215 534 3268 pus
559 3206 644 3253 est
674 3202 1008 3270 acceptabile,
1027 3210 1076 3256 et
1091 3202 1198 3255 dies
1222 3213 1340 3256 sunt
1363 3204 1548 3258 salutis
1587 3203 1668 3272 (11
1701 3205 2002 3272 Cor.vr,2li.

433 3287 689 3345 Βίωνι-ιο
716 3290 844 3350 mei.
865 3291 1178 3355 Domine,et
1198 3306 1264 3346 ne
1288 3293 1482 3360 perdas
1511 3307 1596 3347 me
1622 3309 1743 3348 cum
1770 3294 2007 3364 peccatis

370 3431 392 3447 ,
435 3381 571 3436 meis
592 3379 766 3452 (Psal.
799 3397 923 3444 xxv,
951 3380 1030 3451 9),
1058 3397 1124 3436 ne
1149 3397 1393 3437 reserves
1425 3385 1562 3438 mala
1594 3399 1709 3439 mea
1739 3386 2004 3455 punienda

434 3473 488 3527 in
516 3472 603 3528 illa
635 3472 810 3527 futura
847 3474 976 3537 vita,
1012 3475 1064 3527 in
1093 3474 1197 3529 illis
1233 3473 1584 3531 infernalibus
1627 3478 1919 3547 suppliciis,
1949 3479 2002 3532 in

413 3562 526 3619 illo
563 3565 843 3618 tremendo
881 3566 1129 3620 examine
1189 3575 1299 3622 tuo.
1343 3567 1570 3637 Propter
1605 3583 1850 3638 magnam
1889 3567 2001 3621 cle—

435 3651 690 3707 mentiam
720 3661 861 3705 tuam
906 3652 1052 3706 solve
1091 3656 1331 3709 omnium
1373 3665 1718 3724 peccatorum
1759 3672 1998 3711 meorum

418 3727 664 3803 vincula,
697 3741 1006 3809 priusquam
1035 3742 1104 3795 ab
1155 3743 1254 3798 bac
1281 3744 1391 3797 vita
1430 3746 1696 3814 egrediar.
1755 3746 1830 3798 Da
1871 3746 2001 3821 mihi

434 3842 529 3883 cor
549 3829 839 3885 contritum
885 3840 940 3884 et
970 3832 1328 3898 lmmiliatnm,
1374 3834 1438 3888 da
1474 3835 1604 3888 mihi
1645 3837 1870 3904 gratiam
1922 3839 2001 3889 la-

432 3933 761 3990 crymarum.
793 3921 862 3974 Da
891 3921 1070 3976 lumen
1100 3923 1150 3976 in
1181 3926 1376 3991 corde,
1414 3927 1481 3978 da
1502 3925 1648 3980 vires
1673 3927 1723 3980 in
1746 3942 1999 3996 corpore,

431 4015 496 4064 ιιι
515 4024 632 4078 qtue
661 4011 866 4078 agenda
899 4020 1023 4066 sunt
1049 4013 1282 4078 videam,
1310 4023 1362 4067 et
1390 4016 1454 4067 ad
1485 4030 1548 4067 ea
1577 4012 1858 4083 implenda,
1885 4032 2003 4084 qua:

431 4100 900 4160 videro,gfortiter
957 4103 1330 4157 convalescam
1378 4105 1588 4158 cunctis
1636 4106 1821 4158 diebus
1883 4106 2004 4159 vita:

435 4205 585 4246 mea.
607 4192 852 4246 Miserere
866 4194 985 4259 mei,
1005 4193 1239 4258 Domine,
1253 4197 1492 4249 miserere
1505 4197 1603 4248 mei
1617 4195 1786 4266 (1⁵εαί.
1804 4197 2000 4268 ωἰ,2).

2135 396 2366 462 tatibus;
2428 400 2493 452 de
2543 401 2726 456 multis
2768 403 2960 470 foveis,
3014 407 3245 477 laqueis,
3293 415 3600 485 seandalo;
3629 418 3707 482 [et

2127 487 2391 554 peccatis;
2423 489 2488 543 de
2518 490 2700 544 multis
2725 492 2930 549 insidiis
2965 498 3248 555 visibilium
3272 512 3328 558 et
3358 505 3712 568 invisibiliutn

2131 576 2509 643 inimicorum;
2554 581 2620 634 de
2669 582 2852 640 multis
2885 587 3061 653 malis,
3092 599 3150 644 et
3183 591 3522 662 gravissimis
3564 598 3710 668 peri;
3800 653 3804 658 .

2123 667 2266 723 culis
2295 670 2564 725 hactenus
2597 672 2832 728 liberare
2862 676 3112 747 dignatus
3150 697 3227 748 es,
3261 686 3500 757 dirigens
3534 667 3707 746 mira-‘-

2131 753 2312 810 biliter
2347 769 2402 812 et
2433 759 2860 818 misericorditer
2889 768 3052 822 vitam
3095 787 3267 828 meam
3310 753 3452 831 inter
3473 782 3700 837 advers!

2130 853 2187 899 et
2214 861 2500 917 prospera;
2540 851 2613 905 ita
2655 860 2716 905 nt
2741 867 2861 934 nee
2881 859 3104 913 adversa
3134 879 3218 916 me
3248 865 3564 934 dejicercnt,
3595 887 3695 927 nec

2128 948 2388 1005 prospera
2437 939 2782 997 extollerent.
2821 931 3053 1006 Posuisti
3104 953 3247 1006 enim
3279 931 3496 1020 frenum
3552 931 3700 1018 tuum

2132 1024 2184 1079 in
2224 1027 2459 1081 maxillis
2501 1029 2657 1091 meis,
2692 1038 2748 1083 et
2776 1047 2881 1086 non
2919 1035 3250 1108 dereliquisti
3284 1058 3368 1098 me
3401 1049 3615 1116 penitus
3646 1050 3700 1105 in

2131 1131 2295 1170 manu
2340 1119 2553 1174 arbitrii
2593 1120 2722 1186 mei,
2774 1122 2979 1180 habens
3053 1144 3236 1185 curam
3313 1138 3418 1191 mei
3476 1149 3699 1206 paterna

2129 1207 2351 1273 pietate,
2380 1218 2432 1262 ct
2460 1224 2565 1263 non
2593 1211 2916 1281 permittens
2947 1219 3175 1286 amplius
3211 1227 3405 1279 tentari
3444 1243 3602 1297 supra
3645 1231 3697 1285 id
3783 1251 3786 1254 ·

2127 1296 2270 1366 quod
2302 1307 2494 1366 potero
2518 1301 2788 1356 sustinere
2813 1302 2866 1373 (1
2891 1304 3018 1358 Cor.
3050 1323 3103 1373 ι,
3135 1309 3248 1378 45).
3275 1311 3371 1367 Ubi
3425 1296 3572 1369 locus
3597 1320 3698 1383 fuit

2126 1390 2403 1458 peccandi,
2447 1392 2773 1463 quandoque
2799 1410 2905 1450 non
2943 1396 3044 1452 fuit
3066 1400 3346 1470 voluntas;
3383 1407 3698 1477 relquando

2126 1478 2396 1546 voluntas,
2428 1495 2534 1536 non
2566 1480 2666 1536 fuit
2691 1484 2865 1539 locus.

2196 1568 2281 1624 Sit
2305 1571 2485 1641 itaque
2518 1571 2612 1627 tibi
2642 1573 2791 1637 laus,
2819 1576 2890 1628 sit
2915 1577 3251 1644 benedictio,
3289 1583 3353 1635 sit
3399 1587 3699 1654 gratiarum

2041 1647 2094 1724 Β
2121 1660 2284 1724 actio,
2305 1660 2528 1715 Domine
2546 1662 2687 1716 Deus
2714 1678 2889 1731 meus,
2908 1681 3006 1734 pro
3037 1664 3306 1735 universis
3334 1675 3439 1726 tuis
3465 1676 3618 1729 tionis
3639 1683 3698 1734 tt

2119 1751 2275 1816 datis,
2304 1751 2464 1821 337
2505 1761 2571 1806 et-
2591 1768 2687 1823 pro
2721 1755 2971 1812 omnibus
2994 1760 3270 1816 beneficiis
3292 1765 3419 1827 tuis,
3440 1781 3556 1834 qua:
3576 1756 3697 1824 διιξὲ

2117 1851 2301 1900 macet
2325 1844 2536 1910 corpori
2579 1859 2701 1900 meo
2734 1845 2982 1916 largiris,
3008 1859 3064 1904 et
3116 1854 3594 1933 semper-largitus
3635 1873 3697 1917 cs

2105 1931 2188 1985 ab
2217 1932 2348 2000 ipsis
2372 1934 2676 1999 cunabulis,
2702 1952 2800 2005 pro
2828 1939 3024 2007 pietate
3051 1951 3246 2008 tua,-et
3277 1931 3544 2012 bonitate,
3569 1951 3696 2005 nul-

2117 2023 2183 2078 lis
2206 2026 2340 2109 meis
2368 2029 2574 2082 meritis
2593 2029 2933 2110 exigentibus
2951 2072 2964 2095 ,
2987 2033 3106 2088 .imo
3132 2039 3369 2104 peccatis
3399 2042 3540 2094 meis
3565 2053 3692 2112 gra-

2116 2116 2350 2170 vissimis
2379 2132 2485 2170 non
2523 2119 2881 2176 obstantibus.
2925 2120 3034 2177 Sed
3066 2139 3218 2194 rogo,
3271 2127 3516 2194 Domine,
3564 2142 3695 2201 rogo

2116 2221 2182 2259 ne
2201 2207 2348 2260 sinas
2376 2223 2460 2260 me
2497 2208 2766 2278 ingratum
2791 2226 2912 2266 esse
2944 2215 3105 2270 tantis
3129 2217 3426 2283 beneficiis,
3453 2231 3508 2276 et
3559 2221 3696 2276 imii-

2113 2309 2275 2364 gnum
2311 2307 2416 2348 tam
2449 2297 2631 2352 multis
2688 2300 3148 2358 miserationibus.
3189 2305 3305 2360 Non
3334 2311 3524 2374 mihi,
3585 2327 3691 2366 non

2112 2383 2344 2448 diabolo,
2373 2401 2478 2439 non
2511 2389 2728 2452 mundo,
2752 2405 2857 2444 non
2897 2393 3056 2446 alieni
3089 2409 3292 2461 rerum,
3335 2413 3441 2452 non
3471 2403 3693 2458 cuilibet

2102 2473 2392 2528 hominum
2423 2475 2582 2530 liceat
2606 2479 2658 2531 in
2683 2492 2770 2531 me
2791 2488 2884 2535 tua
2911 2482 3056 2537 dona
3099 2486 3430 2563 subvertere,
3458 2493 3580 2560 quia
3605 2501 3686 2548 too

2109 2569 2228 2616 .tum
2259 2573 2337 2618 est
2365 2563 2557 2635 fragile
2591 2567 2851 2637 quidquid
2879 2570 2974 2624 tibi
3005 2572 3200 2628 nititur
3227 2577 3465 2634 obviare.
3512 2581 3685 2647 Ponc',

2073 2696 2076 2698 .
2110 2670 2295 2724 quaeso
2320 2696 2335 2721 ,
2362 2658 2535 2728 magis
2567 2660 2844 2730 magisque
2899 2663 3112 2719 frenum
3172 2677 3320 2722 tuum
3375 2670 3426 2724 in
3461 2674 3690 2729 maxillis

2111 2748 2267 2812 meis,
2299 2757 2353 2802 et
2383 2750 2537 2804 trahe
2563 2765 2650 2804 me
2669 2761 2797 2820 post
2816 2761 2870 2808 te
2907 2752 3160 2825 tanquam
3199 2771 3536 2828 mansuetum
3567 2763 3687 2816 ani-

2110 2834 2238 2899 mal,
2262 2835 2315 2888 in
2359 2836 2508 2890 nullo
2532 2838 2634 2892 tnis
2675 2837 3012 2906 jussionibus
3061 2846 3530 2916 recalcitrantem,
3591 2853 3688 2907 sed

2108 2923 2269 2994 plano
2295 2927 2684 2997 moderatoque
2712 2929 2926 2985 incessu
2961 2943 3011 2986 te
3043 2933 3329 2990 Dominum
3362 2953 3537 2992 meum
3562 2943 3687 3008 por;-

2111 3023 2329 3079 tantem,
2351 3026 2406 3071 et
2431 3017 2692 3073 voluntati
2723 3028 2824 3074 tua:
2851 3020 2904 3075 in
2930 3023 3180 3078 omnibus
3206 3027 3681 3095 obtemperantem.

2106 3107 2321 3171 Excita,
2352 3107 2597 3174 Domine,
2627 3117 2899 3179 torporem
2928 3127 3107 3166 meum
3122 3115 3229 3168 tuis
3247 3115 3496 3180 stimulis,
3519 3126 3575 3175 et
3593 3118 3678 3174 fac

2108 3213 2196 3252 me
2225 3207 2336 3253 toto
2364 3198 2528 3254 corde
2553 3207 2770 3268 totaque
2799 3201 2997 3256 virtute
3017 3217 3260 3270 quierere
3313 3205 3504 3260 faciem
3533 3216 3682 3263 tuam

2107 3287 2318 3342 cunctis
2341 3274 2543 3344 diebus
2578 3289 2702 3344 vita;
2729 3304 2878 3344 mete.
2920 3291 3147 3348 Attralie
3178 3308 3267 3349 me
3306 3295 3374 3349 ad
3400 3303 3485 3357 te,
3519 3297 3688 3352 virtus

2104 3375 2297 3432 salutis
2337 3388 2558 3442 nostrze,
2589 3377 2751 3444 Deus,
2781 3378 2936 3436 freno
2970 3382 3205 3450 potentis
3248 3385 3434 3453 gratiae
3484 3392 3607 3450 ture,
3635 3395 3689 3441 et

2106 3483 2210 3522 non
2238 3468 2385 3522 sinas
2409 3483 2495 3522 me
2523 3470 2736 3539 prepria
2781 3468 3156 3527 voluntate‘in
3198 3475 3425 3529 arbitrio
3466 3477 3685 3545 propr'o

2105 3557 2339 3625 evagari.
2388 3556 2676 3626 Imaginem
2707 3567 2851 3613 tuam
2878 3575 2983 3613 non
3004 3561 3152 3615 sinas
3178 3561 3229 3615 in
3255 3578 3340 3616 me
3364 3564 3679 3629 obscurari;

2104 3660 2223 3714 quae
2244 3647 2288 3700 si
2331 3655 2381 3700 te
2408 3657 2700 3715 praestante
2721 3647 3067 3713 defendatur,
3090 3665 3303 3718 semper
3328 3655 3564 3720 egregia,
3589 3671 3685 3708 no-

2103 3737 2226 3791 bilis
2255 3747 2307 3791 et
2335 3739 2616 3807 perspicua
2644 3748 2747 3792 est.
2783 3738 3060 3804 Miserere,
3087 3739 3331 3805 Domine,
3359 3742 3461 3796 mei
3491 3744 3681 3796 miscr-

2107 3825 2227 3880 rimi
2250 3836 2306 3882 et
2327 3815 2531 3898 indigni
2564 3829 2707 3882 servi
2743 3828 2855 3893 tui,
2888 3829 3012 3898 quia
3043 3843 3146 3885 non
3178 3841 3325 3884 sum‘
3355 3834 3493 3887 sicut
3525 3834 3680 3890 inmte-

2107 3918 2239 3971 meri
2270 3927 2325 3971 et
2351 3919 2674 3987 multiplices
2704 3919 2886 3974 famuli
2941 3920 3040 3987 tui,
3067 3921 3158 3989 qui
3190 3921 3284 3977 tibi
3320 3922 3390 3976 ab
3428 3923 3678 3991 ipsiscu-

2106 4010 2320 4063 nabulis
2355 4009 2700 4065 devotissime
2748 4011 3084 4076 servierunt;
3120 4027 3226 4066 non
3276 4013 3417 4068 sicut
3469 4014 3544 4069 illi
3589 4015 3681 4082 qni

2103 4110 2223 4170 post
2263 4102 2476 4170 publica
2505 4101 2700 4171 ﬂagitia
2725 4102 3054 4170 paenitendo.
3082 4102 3176 4158 tibi
3224 4114 3536 4160 meruerunt
3563 4119 3688 4162 esse

2105 4193 2302 4247 devoti.
2337 4192 2452 4248 Non
2479 4209 2599 4246 sum
2633 4193 2774 4248 sicut
2802 4193 3082 4249 nonnulla:
3097 4177 3418 4253 Christiana:
3469 4195 3682 4254 femint

437 4282 550 4339 Non
577 4286 858 4355 permittas
888 4284 1031 4340 hanc
1071 4286 1304 4340 animam
1351 4288 1728 4356 peccatricem,
1775 4303 1871 4356 pro
1897 4302 1998 4355 qua
2031 4298 2079 4357 ι)
2105 4287 2237 4342 viris
2265 4286 2572 4356 conjuncta
2608 4303 2728 4358 quae
2749 4287 2842 4342 tibi
2865 4287 3108 4341 serviunt
3135 4286 3188 4341 in
3226 4287 3434 4342 actibus
3469 4288 3681 4344 miseri-

435 4381 488 4428 ct
525 4373 671 4427 nasci
696 4374 759 4427 de
786 4375 1020 4443 Virgine,
1055 4383 1110 4430 et
1148 4375 1284 4428 mori
1330 4375 1384 4429 in
1418 4389 1580 4428 cruce
1621 4376 1869 4446 dignatus
1909 4392 1993 4443 es;

430 4477 539 4518 non
581 4461 789 4529 iubeas,
832 4477 1034 4530 qnmso.
1084 4464 1324 4531 separari
1378 4479 1497 4517 eam
1542 4465 1609 4518 ab
1648 4466 1750 4518 hoc
1788 4465 1999 4519 mortali

430 4537 659 4622 corpore
689 4553 1003 4622 priusquam
1040 4567 1124 4606 me
1156 4554 1322 4608 facias
1349 4554 1504 4623 plene
1529 4567 1583 4608 ct
1615 4555 1849 4624 perfecte
1882 4573 1997 4625 pue-

435 4644 627 4709 Iitere,
658 4655 712 4698 et
751 4645 1003 4715 plangere
1049 4645 1227 4699 omnia
1257 4653 1473 4715 peccata
1521 4662 1634 4700 mea
1668 4663 2000 4716 quzecunque

354 4796 360 4802 .
429 4735 512 4808 egi
560 4745 680 4805 post
723 4736 1044 4806 baptismum
1089 4737 1156 4790 ab
1203 4737 1333 4806 ipsis
1364 4739 1647 4797 cunabulis
1699 4741 1852 4800 meis,
1887 4741 1999 4796 sive

431 4827 666 4882 scienter
686 4836 740 4880 et
770 4827 1222 4890 nescienter,sivc
1248 4827 1498 4894 superbe,
1525 4828 1604 4882 vel
1635 4830 1995 4898 negligenter;

432 4918 505 4973 ita
531 4929 582 4974 ut
617 4921 667 4973 in
700 4919 784 4973 die
814 4919 990 4972 exitus
1021 4919 1144 4980 mei,
1173 4919 1480 4973 emundatis
1512 4920 1720 4972 dilectis
1749 4920 1998 4973 onmilms

415 5006 484 5064 iet
513 5011 646 5064 bene
677 5011 936 5064 correctis
985 5011 1246 5076 moribus,
1287 5025 1508 5064 securus
1556 5019 1610 5063 ct
1653 5012 1890 5080 gaudens
1915 5012 1995 5065 vi-

429 5098 584 5153 deam
635 5100 998 5153 dulcissimam
1040 5108 1094 5152 et
1132 5100 1548 5167 pulcherrimam
1602 5101 1791 5152 faciem
1836 5110 1996 5162 ‘tnam

431 5200 551 5241 cum
592 5187 770 5240 lmtitia
823 5199 873 5240 et
899 5169 1260 5242 exsultatione
1317 5200 1535 5257 prOpter
1577 5199 1720 5240 tuam
1776 5190 1993 5242 nimiam

434 5279 854 5334 misericordiam
891 5290 943 5332 et
972 5281 1286 5334 bonitatem.
1989 5341 1995 5349 ί

480 5357 714 5425 ’σιιιῑὶιιδ
744 5368 835 5419 tibi
866 5383 964 5436 ago
995 5370 1188 5422 iterum
1221 5373 1542 5439 iterumque,
1571 5371 1911 5439 omnipotens
1939 5381 1994 5424 ct

435 5457 737 5512 misericors
785 5459 1016 5520 Christe,
1073 5461 1162 5527 qui
1235 5463 1560 5517 immeritam
1646 5463 1992 5531 exiguitatem

438 5561 836 5619 meamproptcr
861 5562 931 5617 te,
955 5562 1002 5606 et
1033 5567 1224 5629 nomen
1252 5554 1497 5610 sanctum
1524 5565 1694 5621 tuum,
1721 5555 1786 5610 de
1813 5555 1994 5608 multis

2103 4379 2299 4435 cordite
2351 4395 2472 4434 cum
2497 4394 2706 4433 summa
2752 4379 3059 4435 devotione.
3105 4379 3221 4435 Non
3271 4395 3403 4434 sum.
3437 4381 3576 4435 sicut
3627 4392 3682 4436 et

2102 4470 2255 4526 multi
2289 4471 2502 4525 illorum
2531 4471 2622 4541 qui
2665 4470 2720 4525 in
2745 4470 2922 4527 oculis
2949 4470 3228 4525 hominum
3285 4471 3680 4541 tanquam-ini-

2102 4562 2191 4632 qui
2233 4569 2287 4615 et
2311 4561 2551 4630 perversi
2579 4575 2700 4616 esse
2731 4561 3018 4626 videntur,
3057 4561 3152 4615 sed
3205 4561 3372 4625 multo
3419 4561 3578 4615 aliter
3621 4570 3682 4616 se

2103 4651 2300 4705 habent
2341 4651 2392 4703 in
2409 4661 2694 4720 censpectu
2721 4659 2812 4702 tuo
2841 4668 2852 4702 :
2893 4648 2967 4702 Tu
2995 4649 3132 4703 enim
3159 4648 3300 4701 solus
3350 4649 3485 4700 nosti
3517 4649 3681 4702 corda

2101 4741 2332 4809 ﬁliorum
2361 4739 2628 4794 hominum
2657 4737 2740 4810 (II
2774 4739 2899 4794 Par.
2930 4754 3002 4804 vt,
3025 4739 3139 4807 30).
3198 4737 3254 4792 Si
3284 4737 3409 4803 quid
3474 4747 3676 4801 tamen,

2104 4834 2346 4898 Domine,
2375 4832 2498 4887 boni
2536 4831 2697 4894 facio,
2725 4839 2816 4884 aut
2840 4829 3040 4892 fecero,
3072 4838 3157 4882 tua
3180 4827 3351 4895 gratia
3378 4826 3678 4895 largiente,

2101 4939 2208 4994 quo
2237 4925 2340 4976 fine
2373 4924 2473 4977 hoc
2504 4921 2730 4984 faciam,
2761 4934 2933 4990 quave
2961 4916 3296 4972 districtione
3327 4933 3355 4970 a
3405 4926 3460 4971 te
3485 4931 3677 4985 pense-

2104 5024 2212 5077 tur,
2243 5014 2449 5082 ignoro.
2483 5011 2651 5073 Unde,
2693 5009 2830 5062 Deus
2863 5004 3107 5060 terribilis
3142 5008 3194 5059 in
3233 5006 3476 5080 _comiliis
3523 5022 3675 5070 super

2098 5103 2234 5169 ﬁlios
2259 5103 2524 5154 hominum
2556 5096 2725 5168 (l’sal.
2768 5112 2900 5159 va,
2928 5095 3008 5163 5),
3033 5105 3177 5150 tuam
3210 5109 3448 5151 sanctam
3494 5105 3547 5148 et
3580 5097 3665 5146 im-

2101 5208 2340 5245 mensam
2367 5195 2583 5258 supplcx
2615 5198 2669 5242 et
2731 5177 2957 5239 ninltum
3004 5196 3242 5241 tretnens
3279 5187 3536 5255 deprecor
3565 5183 3671 5236 cle-

2098 5281 2375 5343 mentiam,
2405 5291 2460 5333 ut
2486 5281 2574 5349 qui
2607 5278 2873 5332 neminem
2903 5277 2982 5330 vis
3011 5278 3205 5345 perire,
3243 5278 3332 5328 sed
3353 5288 3536 5326 omnes
3561 5273 3668 5325 sal-

2097 5371 2391 5427 vosfacere
2415 5371 2464 5441 (ι
2489 5370 2622 5426 Tim.
2653 5387 2713 5435 ιι,
2737 5372 2813 5440 4),
2841 5388 2943 5427 non
2970 5388 3053 5431 me
3076 5361 3408 5439 dereliiquas
3433 5364 3484 5418 in
3507 5377 3671 5418 manu

2095 5463 2306 5518 consilii
2356 5463 2484 5525 mei,
2529 5477 2702 5531 neque
2738 5463 2789 5516 in
2824 5463 3023 5534 judicio
3077 5456 3281 5511 arbitrii
3330 5455 3457 5518 mei,
3499 5465 3674 5521 neque
3719 5489 3724 5494 -

2098 5555 2153 5608 in
2187 5564 2454 5625 potestate
2482 5563 2576 5608 aut
2607 5555 2900 5608 tcutatione
2930 5554 3226 5606 daemonum
3247 5587 3259 5610 ,
3300 5557 3472 5612 neque
3506 5544 3556 5597 in
3579 5556 3668 5597 er-
