4190 6222
593 202 702 260 803

919 202 983 257 S.
1031 201 1329 258 ANSELMI
1355 199 1710 256 CANTUAR.
1752 199 2067 254 ARCIIIEP.
2093 199 2240 255 OPP.
2275 199 2452 253 PARS
2491 199 2552 251 ll.
2594 227 2663 236 —
2697 197 3061 251 PARENE'I.
3098 199 3176 250 E'l
3222 197 3464 254 ASCET.

3745 201 3848 254 θυι

593 312 969 383 rantejudieio
1008 325 1100 370 aut
1130 311 1550 370 noxio-consilio
1577 287 1858 367 hominum
1886 352 1903 374 ,
1931 310 2025 367 sed
2074 325 2172 381 pro
2197 315 2246 374 Α
2275 308 2573 380 intelligens
2597 284 2822 372 habere,
2869 305 3171 361 mirandum
3217 314 3298 361 est
3349 314 3406 360 et
3427 304 3650 361 multum
3671 307 3852 364 obstu-

598 407 840 461 bonitate
863 421 926 461 ac
953 406 1151 476 pietate
1182 416 1295 470 tua,
1320 405 1472 473 juxta
1506 419 1660 460 suam
1701 404 2169 472 benignissimam,

602 511 727 565 quae
753 495 906 564 insui
937 495 1281 563 dispositione
1329 494 1437 548 falli
1482 509 1589 548 non
1642 502 1838 562 potest,
1882 491 2173 559 providen-

602 585 756 647 tiam,
777 583 996 652 dispone
1027 583 1113 637 hic
1139 592 1193 638 et
1241 584 1465 654 ubique,
1517 599 1660 638 nunc
1689 591 1744 636 et
1785 594 2030 653 semper,
2059 578 2177 634 dies

602 675 729 729 vita:
768 689 900 728 mete
926 675 980 728 iu
1019 674 1356 745 beneplacito
1385 684 1495 742 tuo,
1528 684 1582 728 et
1602 674 1768 742 dirige
1792 685 1887 738 per
1917 668 2177 738 Spiritum

598 775 854 822 sanctum
901 774 1051 820 tuum
1082 782 1195 832 cor,
1227 767 1484 836 linguam,
1516 773 1772 829 actusque
1810 774 1960 814 meos
1982 772 2179 814 secun-

602 857 730 910 dum
759 855 1088 910 voluntatem
1119 865 1262 909 tuam
1290 857 1340 908 in
1376 865 1463 906 tua
1497 849 1864 905 misericordia
1895 856 1956 901 ut
1987 857 2036 902 te
2059 863 2180 903 rec-

606 959 743 1012 tore,
776 957 827 1001 te
853 951 989 1000 duce
1017 947 1103 999 illa
1133 959 1345 1012 semper
1371 928 1614 997 studeam
1644 941 1882 1011 cogitare
1905 980 1921 1006 ,
1948 937 2092 1007 loqui
2121 948 2180 991 et

605 1052 765 1108 agere
792 1049 910 1105 quae
938 1035 1028 1088 tibi
1053 1035 1299 1102 placent,
1325 1047 1420 1100 per
1442 1031 1668 1104 gratiam
1717 1040 1862 1084 tuam
1893 1031 1944 1084 in
1974 1030 2180 1084 verita-

608 1140 699 1194 te;
739 1136 792 1180 et
831 1139 915 1180 me
938 1111 1152 1178 tandem
1184 1123 1250 1176 ad
1281 1123 1445 1177 vitam
1487 1122 1786 1191 perducant
1821 1130 2105 1183 aeternam,
2133 1127 2185 1174 te

604 1217 898 1271 miserante
927 1221 981 1268 et
1029 1212 1282 1275 donante.
1337 1211 1426 1281 qui
1460 1225 1520 1265 es
1573 1209 1792 1280 largitor
1824 1208 2062 1262 omnium
2087 1209 2183 1262 bo-

602 1321 819 1370 norum,
847 1313 902 1359 et
924 1305 1013 1374 qui
1037 1319 1096 1357 es
1122 1305 1259 1357 Deus
1289 1302 1602 1356 benedictus
1644 1317 1765 1355 cum
1798 1300 1959 1353 Patre
1984 1306 2038 1353 et
2066 1298 2189 1366 Spi-

604 1396 709 1450 ritu
737 1385 926 1450 Saiicto
949 1393 1000 1446 in
1029 1392 1222 1447 saecula
1251 1391 1591 1446 Steculorum.
1641 1394 1832 1444 Amen.

1097 1482 1466 1539 MEDI'I‘ATIO
1508 1480 1722 1536 XIX’“.

604 1576 682 1630 De
705 1576 979 1629 dulcedine
1018 1573 1212 1626 divina:
1263 1573 1582 1642 majestatis,
1614 1583 1661 1625 et
1707 1576 1771 1625 de
1811 1571 1931 1625 aliis
1987 1571 2187 1626 multis.

2275 399 2599 470 pescendum
2637 399 2906 469 quomodo
2931 412 3165 466 unquam
3192 396 3361 466 ipsius
3395 395 3851 456 obliviscaturcttl

2286 489 2616 560 complacuit
2647 489 2747 544 sibi
2776 488 2956 544 omnia
2983 489 3082 542 ista
3113 488 3262 541 dare.
3561 475 3569 488 ³

2349 582 2389 634 ll
2451 581 2542 633 ⁸⁷⁷⁸.
2594 580 2859 644 Quantum
2909 577 3173 633 homo'ab
3218 576 3423 630 homine
3454 574 3764 644 diligatur;
3807 586 3852 632 et

2282 686 2444 738 quare
2475 668 2634 722 Deus
2645 669 2762 737 plus
2790 667 2968 721 debeat
3001 667 3171 736 diligi,
3207 682 3365 736 quant
3387 664 3584 735 aliquis.
3609 663 3856 718 home.—

2279 763 2347 794 ⁷⁷⁷
2381 760 2550 813 Homo
2587 759 2764 826 itaque
2808 758 2899 821 ⁷⁷⁸,
2933 759 3018 811 c-ui
3041 759 3108 811 ab
3139 757 3243 810 alio
3264 757 3482 811 homine
3519 754 3736 824 aliquod
3759 753 3838 808 bo-

2281 865 2407 903 num
2433 849 2486 902 in
2501 847 2601 902 hoc
2625 847 2822 900 saeculo
2860 846 3256 915 datur,saepius
3281 857 3386 900 tam
3409 843 3766 900 ferventerm
3798 843 3832 896 il

2283 939 2389 993 lum
2413 937 2805 1005 soletdiligere,
2830 937 2918 1006 qui
2937 936 3038 990 sibi
3074 936 3259 990 mhoc
3282 936 3479 990 bonum
3497 935 3642 998 fecit,
3673 934 3858 1004 sicque

2279 1028 2480 1100 jngilet‘
2506 1046 2562 1085 se
2592 1038 2920 1099 praesentare
2948 1028 3000 1081 in
3031 1027 3146 1095 eius
3210 1027 3531 1096 obsequium
3576 1027 3671 1093 ⁷³⁷,
3707 1036 3766 1081 ut
3811 1026 3859 1081 si

2287 1141 2447 1179 causa
2471 1124 2612 1177 illius
2641 1119 3002 1176 benefactoris
3039 1120 3162 1178 suis
3195 1120 3399 1190 exigat,
3434 1128 3660 1174 mortem
3697 1119 3858 1174 etiam

2287 1215 2483 1284 smpius
2531 1213 2808 1268 incurrere
2834 1227 2930 1282 pro
2953 1211 3040 1265 illo
3070 1226 3177 1266 non
3229 1211 3522 1266 metuatm
3551 1228 3565 1276 ;
3597 1220 3652 1264 et
3679 1220 3860 1264 tamen

2294 1306 2519 1369 nullum,
2552 1304 2690 1374 quod
2734 1315 2968 1374 unquam
3027 1306 3186 1358 homo
3210 1303 3262 1356 in
3293 1304 3394 1358 hoc
3453 1303 3647 1358 sa'culo
3694 1303 3863 1371 possit

2290 1398 2512 1459 habere,
2545 1397 2624 1450 vel
2649 1395 2791 1465 quod
2823 1396 2964 1450 alius
2990 1394 3062 1426 ⁷⁸⁸
3086 1394 3175 1448 alii
3205 1395 3374 1464 possit
3396 1394 3544 1463 dare,
3577 1393 3753 1447 nullus
3775 1401 3862 1446 est

2272 1495 2399 1540 tam
2418 1486 2564 1554 parvi
2579 1500 2767 1539 sensus
2781 1485 2869 1553 qui
2893 1495 2995 1538 non
3013 1483 3271 1553 intelligat
3288 1497 3460 1536 senon
3479 1483 3528 1535 io
3544 1492 3860 1550 perpetuum

2293 1576 2554 1638 retinere,
2583 1573 2781 1638 sed,vel
2805 1582 3090 1644 antequam
3115 1573 3235 1627 linis
3261 1572 3309 1626 ei
3335 1572 3564 1633 eveniat,
3591 1572 3726 1626 velsi
3756 1587 3863 1625 non

691 1669 732 1722 1.
767 1668 1058 1722 Admiratio
1098 1667 1175 1719 de
1195 1663 1449 1737 ineffabili
1480 1666 1704 1718 bonitate
1727 1665 2019 1732 Creatoris,
2050 1675 2095 1718 et
2125 1656 2261 1724 de'B
2289 1664 2640 1730 ante,saltem
2669 1674 2795 1720 tunc
2810 1680 2932 1718 cum
2947 1663 3129 1718 linisei
3157 1662 3451 1726 advenerit,
3476 1661 3746 1716 dimittere
3767 1662 3862 1714 7‘“.

606 1777 797 1830 magna
852 1760 1060 1812 miseria
1115 1757 1273 1810 creati
1319 1756 1564 1810 hominis.
1605 1784 1676 1795 -
1712 1755 1858 1809 Dum
1908 1755 2188 1810 considero

609 1851 740 1920 quid
776 1850 843 1905 sit
904 1851 1061 1913 Deus,
1114 1862 1274 1917 quain
1334 1845 1502 1901 dulcis
1549 1855 1778 1910 natura,
1832 1860 1994 1913 quam
2042 1859 2189 1897 ama-

610 1941 756 2005 bilis,
809 1955 970 2009 quam
1030 1942 1190 2003 bona,
1253 1952 1414 2008 quam
1467 1936 1775 2002 inel'l'ahilis,
1828 1951 1988 2005 quam
2017 1935 2190 1990 admi-

607 2029 818 2094 rabilis,
849 2036 1108 2097 quantum
1169 2026 1236 2080 ab
1295 2025 1440 2081 omni
1505 2035 1750 2080 creatura
1784 2026 2090 2081 veneranda
2134 2032 2189 2080 et

605 2121 902 2185 adoranda,
922 2129 976 2175 et
1002 2120 1194 2174 iterum
1220 2119 1376 2172 video
1401 2126 1454 2171 et
1486 2118 1722 2185 intelligo
1751 2117 1876 2184 quid
1907 2117 1976 2169 sit
2003 2117 2186 2183 homo,

606 2227 770 2282 quem
801 2212 914 2280 ipse
941 2213 1078 2265 Deus
1109 2210 1238 2264 fecit
1261 2210 1328 2263 ad
1375 2210 1658 2279 imaginem
1686 2219 1739 2262 et
1781 2226 1791 2261 ε
1835 2209 2185 2262 militudinem

618 2319 799 2367 suam,
831 2317 1099 2371 quemque
1126 2310 1385 2370 praeterea
1411 2301 1481 2333 ""
1515 2299 1672 2354 talem
1705 2301 1931 2362 ereavit,
1961 2308 2018 2354 ut
2045 2300 2188 2354 sicut

609 2405 825 2461 semper
853 2391 908 2446 in
937 2405 998 2444 se
1047 2388 1376 2458 exprimeret
1405 2389 1691 2458 imaginem
1739 2387 2012 2444 Creatoris
2053 2387 2134 2441 sui
2166 2403 2182 2452 ;

606 2483 687 2538 sic
714 2495 929 2550 semper
955 2480 1008 2534 in
1049 2479 1307 2533 memoria
1360 2479 1587 2533 haberet
1627 2478 1955 2533 voluntatem
1987 2476 2104 2545 ejus
2132 2484 2188 2532 et

607 2569 969 2635 dilectionem,
989 2569 1078 2638 qui
1103 2583 1224 2622 eum
1251 2567 1322 2598 ⁷⁸⁸
1349 2565 1506 2621 talem
1527 2567 1751 2630 creavit,
1773 2565 1939 2620 miror
1960 2566 2187 2621 multum

613 2669 671 2713 et
697 2660 1019 2728 obstupesco
1045 2666 1102 2712 et
1130 2658 1195 2711 de
1224 2655 1578 2711 inteslitnabili
1613 2655 1850 2710 bonitate
1900 2653 1992 2709 Dei
2035 2669 2190 2710 crea-

612 2751 765 2814 toris,
800 2760 855 2804 et
885 2751 951 2804 de
973 2764 1165 2818 magna
1197 2747 1410 2802 miseria
1451 2743 1904 2824 creathhominis.

682 2843 756 2897 De
780 2841 1032 2895 iuell'abili
1091 2841 1331 2895 bonitate
1356 2837 1452 2892 Dei
1483 2838 1651 2892 miror
1682 2839 1844 2907 quod,
1871 2852 1991 2893 cum
2016 2839 2086 2870 ⁷⁸⁷
2115 2838 2188 2893 sit

610 2936 726 3002 ipse
751 2931 1310 3001 omnipotentissimus
1339 2937 1394 2985 et
1418 2927 1772 2997 iustissimus,
1797 2929 2002 2999 patitur
2022 2930 2184 2984 homi-

609 3039 734 3078 nem
759 3023 839 3076 vel
875 3022 940 3075 ad
981 3017 1377 3089 horamvivere,
1405 3038 1564 3092 quem
1585 3027 1868 3091 pr0pterea
1889 3021 2055 3077 voluit
2077 3031 2186 3076 tam

611 3113 978 3169 honorabilem
1009 3128 1196 3168 creare
1233 3114 1306 3144 ⁷⁸⁸
1339 3124 1398 3168 ut
1431 3114 1573 3169 sicut
1613 3114 1729 3183 ipse
1759 3113 1919 3169 homo
1946 3114 2183 3168 honora-

613 3207 774 3260 bilior
793 3213 936 3258 esset
959 3204 1169 3259 caneris
1199 3204 1269 3236 ⁷⁸⁷
1299 3205 1585 3269 creaturis,
1631 3203 1995 3258 honorabilius
2021 3213 2187 3259 caete-

616 3297 692 3350 ris
723 3295 986 3349 creaturis
1013 3294 1217 3348 viveret
1273 3309 1489 3364 semper
1513 3293 1807 3349 secundum
1856 3293 2186 3349 voluntatem

612 3388 696 3443 sui
721 3385 996 3440 Creatoris
1024 3401 1041 3462 ε
1070 3395 1126 3438 et
1173 3385 1288 3453 ipse
1311 3383 1664 3447 miserrimus
1693 3391 1748 3435 et
1793 3380 2190 3439 infelicissimus

614 3494 716 3548 per
733 3477 1060 3532 contrarium
1091 3474 1219 3545 agit,
1246 3476 1407 3544 quod,
1427 3473 1547 3530 eum
1575 3489 1764 3530 omnes
1788 3473 1905 3528 alia:
1929 3483 2193 3529 creatum

618 3582 832 3638 semper
859 3567 1185 3621 concordent
1206 3581 1324 3620 cum
1350 3565 1618 3620 voluntate
1649 3563 1926 3620 Creatoris
1942 3566 2045 3629 sui,
2074 3565 2190 3634 ipse

605 3673 830 3728 semper
851 3656 1078 3711 autfere
1111 3649 1332 3726 semper
1373 3657 1442 3688 ⁷⁷⁰
1501 3656 1701 3712 resistit
1727 3657 1867 3713 illius
1904 3656 2187 3712 voluntati.

620 3750 694 3803 De
729 3749 990 3800 immensa
1021 3761 1147 3800 vero
1170 3745 1390 3799 miseria
1443 3746 1676 3800 hominis
1701 3746 1870 3802 miror
1921 3747 2190 3817 quomodo

615 3853 836 3893 sensum
857 3838 938 3892 sic
957 3837 1028 3867 '"
1069 3838 1333 3906 perditum
1361 3836 1556 3891 habeat
1578 3874 1593 3901 ,
1633 3837 1711 3890 sic
1731 3837 1883 3905 quasi
1912 3850 2074 3906 pecus
2095 3839 2188 3902 '7’,

615 3931 760 3998 quod
789 3943 1004 3983 sensum
1035 3941 1139 3980 non
1167 3927 1348 3991 habet,
1379 3927 1544 3992 vivat,
1579 3934 1639 3980 ut
1690 3926 1763 3958 ⁷⁷³
1790 3942 2025 3997 unquam
2055 3928 2190 3983 obli-

617 4021 856 4074 viscatur
891 4018 1166 4073 Creatoris
1207 4018 1288 4072 sui
1346 4018 1436 4086 qui
1501 4016 1580 4071 sui
1626 4017 1695 4049 7"
1734 4017 1900 4088 ipsius
1952 4034 2056 4074 non
2094 4034 2191 4088 po-

617 4119 723 4165 test
752 4110 1016 4164 oblivisci.
1051 4109 1206 4174 Puto,
1254 4109 1356 4162 nisi
1415 4108 1633 4165 insanus
1660 4109 1748 4174 sit,
1797 4126 2065 4180 nunquam
2106 4112 2186 4165 sui

617 4200 783 4269 ipsius
812 4209 895 4255 est
939 4200 1223 4253 immemor
1267 4198 1374 4264 “'7‘;
1410 4206 1471 4252 ut
1499 4198 1616 4253 non
1644 4199 1906 4270 intelligat
1940 4215 1998 4255 se
2046 4215 2184 4266 esse,

2278 1806 2281 1807 ν
2359 1774 2510 1842 Quod
2538 1773 2822 1830 veroDeus
2853 1772 3054 1827 homini
3087 1773 3138 1828 in
3163 1773 3265 1827 hoc
3287 1771 3483 1826 saeculo
3504 1771 3615 1836 dat,
3643 1779 3735 1824 aut
3757 1771 3866 1826 tale

2290 1874 2374 1920 est
2395 1865 2534 1934 quod
2583 1877 2853 1932 nunquam
2901 1862 3134 1926 amittat,
3177 1869 3234 1915 et
3277 1875 3546 1929 nunquam
3589 1861 3637 1913 ei
3669 1859 3865 1929 aliquis

2291 1955 2501 2010 auferat
2523 1963 2613 2008 aut
2639 1953 2742 2008 tale
2775 1962 2881 2018 est,
2905 1959 2964 2006 ut
2991 1951 3061 1983 ⁷⁸⁵
3113 1950 3324 2006 etiamsi
3370 1951 3531 2005 homo
3587 1950 3711 2004 illud
3741 1966 3868 2020 per.

2290 2047 2402 2112 dat,
2429 2059 2524 2116 per
2551 2043 2676 2098 illud
2704 2051 2878 2098 tamen
2904 2042 3196 2112 promereri
3227 2041 3393 2110 possit
3435 2041 3529 2105 ⁷⁸⁸,
3555 2039 3701 2094 liuita
3728 2045 3868 2110 piae.

2291 2136 2586 2201 sentivita,
2614 2138 2744 2190 utin
2771 2143 3030 2188 aeternum
3059 2132 3129 2186 sit
3171 2146 3291 2186 cum
3351 2130 3608 2185 Creatore
3659 2145 3756 2185 suo
3807 2130 3863 2184 in

2287 2226 2444 2280 beata
2470 2226 2602 2280 vita.
2647 2225 2750 2279 Dat
2786 2233 2975 2277 autem
3009 2222 3150 2277 Deus
3211 2220 3412 2275 homini
3443 2221 3638 2290 sapius
3683 2220 3735 2274 in
3763 2219 3870 2275 hoc

2288 2315 2488 2372 szecnlo
2533 2313 2827 2370 secundum
2899 2312 3161 2367 rationem
3221 2311 3404 2364 vivere
3430 2319 3486 2366 et
3547 2310 3866 2365 Creatorem

2288 2419 2467 2472 suum,
2486 2403 2748 2472 sicutipse
2767 2400 3007 2471 praecipit
3028 2408 3084 2455 et
3099 2399 3303 2468 justum
3331 2398 3698 2468 est,diligere,
3726 2414 3871 2469 prae-

2288 2496 2460 2564 ceptis
2507 2492 2624 2564 ejus
2655 2494 2773 2549 sine
2803 2491 2908 2546 ulla
2959 2490 3388 2546 contradictione
3417 2504 3514 2560 per
3555 2491 3734 2544 omnia
3761 2492 3866 2544 ob-

2289 2595 2612 2656 temperare,
2636 2595 2689 2639 et
2717 2585 2821 2638 hoc
2849 2582 3046 2639 bonum
3074 2581 3255 2638 nullus
3284 2582 3580 2648 hominum,
3613 2580 3715 2636 nisi
3754 2581 3868 2652 ipse

2289 2675 2401 2732 sola
2433 2690 2528 2732 sua
2559 2665 2857 2729 voluntate
2886 2671 3135 2735 dimittat,
3183 2678 3360 2740 potest
3420 2669 3651 2723 auferre.
3704 2667 3868 2724 Pecu.

2283 2767 2430 2820 niam
2464 2762 2834 2835 temporalem,
2865 2761 2994 2816 velit
3029 2761 3160 2815 nolit
3207 2762 3367 2814 homo
3388 2799 3402 2823 ,
3441 2773 3663 2814 necesse
3688 2759 3739 2814 ei
3763 2761 3869 2814 erit

2286 2853 2580 2919 dimittere;
2615 2851 2729 2916 sed,
2759 2850 2884 2904 dum
2907 2864 3022 2904 eam
3046 2848 3236 2913 habet,
3263 2848 3308 2902 si
3334 2847 3556 2916 largitur
3573 2862 3694 2902 eam
3727 2848 3869 2904 sicut
3940 2866 3943 2867 '

2287 2945 2427 2999 Deus
2457 2957 2585 2997 suus
2640 2939 2910 3012 praecepit,
2943 2938 3236 2994 merebitur
3284 2938 3363 2995 sic
3395 2939 3464 2973 ’⁸⁷
3492 2937 3743 2995 faciendo
3800 2942 3870 2996 ad

2288 3039 2598 3102 perpetuam
2624 3030 2790 3083 vitam
2823 3029 3130 3098 pervenire.

2361 3120 2405 3176 0
2440 3120 2703 3174 immensa
2733 3117 3008 3173 Creatoris
3037 3117 3206 3171 nostri
3236 3118 3484 3173 bonitas!
3514 3133 3547 3172 ο
3572 3119 3873 3174 ἱηεεειίηιει-

2290 3212 2416 3268 bilis
2449 3211 2859 3266 misericordia!
2896 3210 3011 3280 Ipse
3034 3209 3087 3264 in
3129 3209 3276 3265 nullo
3312 3211 3382 3242 ⁷⁸⁸
3409 3226 3642 3280 unquam
3702 3227 3904 3283 egens.

2289 3303 2529 3365 homine,
2542 3302 2812 3356 hominem
2837 3309 3011 3354 tamen
3035 3299 3246 3369 prosola
3272 3299 3508 3354 bonitate
3527 3315 3621 3354 sua
3640 3300 3870 3368 creavit,

2297 3391 2530 3447 creando
2561 3389 2924 3445 rationalitate
2947 3391 3228 3444 exornavit
3247 3390 3352 3455 m;
3385 3399 3442 3444 ut
3463 3389 3732 3445 felicitatis
3753 3392 3882 3480 ejus.

2295 3491 2351 3537 et
2376 3481 2694 3536 teternilalis
2719 3490 2898 3551 posset
2924 3496 3042 3535 esse
3063 3481 3131 3512 "°
3163 3481 3454 3550 particeps,
3484 3491 3538 3535 et
3559 3481 3636 3536 sic
3659 3497 3782 3536 cum
3805 3498 3872 3537 eo

2293 3572 2546 3642 gaudium
2577 3572 2740 3642 238
2768 3581 2821 3626 et
2855 3571 3092 3625 laetitiam
3126 3571 3176 3624 in
3222 3581 3538 3641 perpetuum
3573 3573 3874 3641 lpossidere

2292 3662 2384 3715 ⁷⁹¹.
2427 3663 2615 3718 Adhuc
2641 3665 2802 3716 etiam
2843 3678 2963 3716 cmn
3015 3663 3174 3715 homo
3225 3662 3278 3714 in
3320 3661 3506 3714 multis
3553 3663 3872 3716 contrarius

2292 3755 2340 3807 ei
2367 3754 2586 3818 cxistat,
2619 3752 2806 3816 multa,
2838 3759 3144 3821 quanquam
3167 3751 3216 3805 ei
3237 3751 3661 3819 displiceautm,
3689 3755 3872 3807 sciens

2295 3844 2585 3913 volensque
2614 3842 2804 3904 faciat;
2851 3853 3029 3896 monet
3072 3852 3250 3896 tamen
3297 3856 3420 3895 eum
3468 3850 3525 3895 ut
3555 3843 3741 3895 redeat
3771 3883 3786 3907 ,
3819 3852 3875 3898 et

2296 3934 2716 3990 misericordiam
2761 3935 3031 3989 Creatoris
3067 3934 3146 3988 sui
3178 3934 3436 4002 requirat,
3491 3949 3589 3988 nec
3626 3949 3722 4002 pro
3761 3935 3873 3988 ullo

2295 4025 2615 4088 commisso,
2648 4025 2858 4079 tametsi
2891 4025 3037 4094 gravi
3084 4025 3372 4092 desperare
3410 4039 3720 4092 praisumat.
3774 4025 3874 4080 Est

2294 4111 2433 4164 enim
2463 4110 2581 4164 lous
2609 4111 2824 4179 pietatis
2874 4124 2927 4167 et
2952 4111 3361 4175 misericordiae,
3402 4120 3452 4166 et
3485 4127 3696 4179 omnes,
3731 4130 3873 4182 qua-

2292 4214 2502 4270 cunque
2529 4200 2736 4256 maeula
2757 4202 2826 4232 "3
2844 4203 3043 4270 peccati
3066 4201 3172 4253 sint
3193 4201 3392 4261 lcedati,
3421 4200 3691 4255 desiderat
3713 4218 3874 4256 mun-

617 4292 805 4346 vivere
831 4297 886 4342 et
932 4287 1250 4356 intelligere.
1301 4285 1426 4341 llaec
1463 4296 1639 4342 autem
1686 4288 1863 4343 omnia
1911 4289 2072 4343 homo
2130 4307 2188 4344 se
2219 4279 2264 4338 υ
2292 4293 2418 4345 dare
2443 4332 2460 4356 ,
2489 4293 2759 4346 mundatis
2812 4292 3065 4362 perennis
3100 4291 3173 4324 m
3198 4293 3320 4345 vitae
3356 4291 3592 4345 laetitiam
3623 4293 3870 4347 reddere.

1891 4396 2122 4449 VARUE
2157 4396 2552 4454 LECTIONES.

695 4489 766 4521 7“
793 4487 997 4542 Collata
1029 4497 1101 4540 est
1124 4503 1238 4539 cum
1279 4502 1377 4557 ms.
1517 4483 1736 4557 Martini
1768 4484 2107 4538 Tornacensis
2155 4485 2182 4556 §
2234 4485 2271 4538 1.
2303 4486 2498 4557 Stupor
2518 4488 2584 4542 de
2609 4503 2870 4544 memoria
2933 4489 3024 4543 Dei
3070 4499 3122 4544 et
3169 4489 3400 4543 hominis
3435 4489 3718 4544 oblivione.
3769 4509 3869 4545 ins.

619 4561 922 4614 Admiratio
957 4559 1022 4612 de
1058 4556 1312 4612 inetfabili
1345 4556 1586 4626 bonitate
1631 4556 1924 4616 Creatoris,
1978 4564 2032 4626 et
2071 4557 2136 4608 de
2179 4572 2370 4625 magna
2403 4556 2631 4612 ’iniseria
2661 4559 2827 4614 creati
2860 4560 3110 4614 hominis.
3185 4560 3253 4590 ⁷⁸⁵
3279 4560 3555 4626 Quamque
3581 4569 3870 4626 promet-ea

619 4647 715 4683 ms.
741 4644 1006 4697 quemque
1033 4638 1292 4698 praeterea
1367 4625 1436 4657 ⁷⁸⁸
1467 4625 1602 4691 Quia
1633 4641 1764 4698 eum
1797 4642 1889 4698 nis.
1920 4625 2008 4692 qui
2055 4640 2181 4698 eum
2252 4628 2318 4657 7"
2350 4627 2500 4693 Quod
2560 4645 2679 4683 cum
2731 4630 2802 4683 sit
2828 4631 3037 4697 ms.qui
3079 4645 3196 4683 cum
3227 4625 3315 4682 siti
3366 4630 3436 4659 ⁷⁵³
3461 4625 3873 4684 Honorabiliter

620 4694 804 4753 creare
851 4694 948 4750 ms.
1009 4694 1379 4752 houorabilem
1442 4709 1628 4766 creare
1701 4695 1769 4724 ⁷⁸⁸
1807 4694 1958 4748 Esset
2009 4697 2218 4750 cunctis
2256 4713 2352 4749 ms.
2383 4708 2524 4751 esset
2551 4700 2762 4753 (ueteris
2851 4700 2922 4730 ’⁷ο
2967 4694 3200 4766 Semper
3250 4699 3358 4751 fere
3389 4708 3480 4750 aut
3526 4713 3736 4762 semper
3767 4716 3870 4753 ms.

621 4785 834 4837 semper
860 4778 949 4820 aut
978 4768 1087 4821 fere
1109 4781 1322 4835 semper
1395 4766 1479 4838 '7‘»
1500 4765 1587 4820 Sic
1617 4779 1970 4838 sensum_m_s.
2020 4780 2231 4838 sensum
2261 4767 2338 4820 sic
2439 4766 2507 4799 ⁷⁷²
2562 4769 2720 4834 Quasi
2754 4783 2916 4838 pecus
2949 4785 3046 4820 ms.
3095 4765 3171 4838 sic
3198 4769 3367 4838 quasi
3396 4782 3558 4835 pecus
3630 4768 3698 4798 ⁷⁷³
3747 4767 3870 4838 Non

626 4832 782 4901 habet
826 4849 881 4891 ut
925 4854 1020 4890 ms.
1070 4850 1178 4892 non
1217 4832 1397 4900 habet,
1433 4836 1576 4887 vivat
1607 4843 1663 4887 ttt
1735 4835 1806 4864 ⁷⁷⁵
1836 4833 1951 4896 Sui,
1980 4836 2068 4902 qui
2119 4835 2199 4888 sui
2252 4852 2348 4890 ms.
2401 4838 2504 4901 sui,
2540 4832 2675 4890 sicut
2706 4832 2808 4890 non
2848 4838 2927 4891 sui
3005 4839 3074 4872 ⁷⁷³
3123 4832 3245 4890 ΕΓὶί
3295 4832 3576 4890 itmuentor
3625 4853 3719 4888 ius.
3760 4832 3873 4891 'est

626 4908 905 4960 immemor
973 4908 1042 4940 ⁷⁷⁵
1076 4907 1103 4977 §
1137 4907 1198 4958 ΙΙ.
1231 4905 1498 4977 Quantum
1527 4907 1683 4977 homo
1703 4905 1773 4977 ab
1799 4904 2010 4958 homine
2034 4905 2292 4977 diligitur,
2322 4917 2375 4960 et
2397 4923 2566 4974 quare
2600 4908 2852 4960 Dominus
2884 4907 3000 4974 plus
3025 4905 3259 4974 diligitur
3284 4921 3442 4972 quam
3471 4907 3665 4977 aliquis
3699 4907 3870 4961 homo

626 4992 721 5028 ms.
753 4981 1015 5038 Quantum
1042 4975 1197 5029 humo
1229 4981 1295 5030 ab
1325 4975 1542 5029 homine
1572 4975 1834 5043 diligitur;
1868 4984 1918 5027 et
1949 4989 2116 5045 quare
2150 4976 2288 5027 Deus
2331 4977 2446 5043 plus
2478 4979 2669 5029 debeat
2697 4978 2839 5044 diligi
2873 4993 3030 5045 quam
3085 4977 3277 5043 aliquis
3312 4977 3493 5030 homo.
3566 4975 3634 5007 ⁷⁷⁷
3666 4977 3870 5030 Ansel-

628 5061 744 5097 tuus
790 5062 885 5096 ms.
919 5048 1063 5097 omit.
1137 5046 1402 5104 "‘llomo
1446 5059 1674 5111 namque
1704 5061 1798 5096 ms.
1853 5047 2009 5096 homo
2038 5044 2215 5112 itaque
2306 5047 2374 5075 ⁷⁷³
2403 5046 2690 5098 Ferventer
2727 5062 2823 5097 ms.
2859 5044 2963 5098 tam
3011 5045 3276 5098 ferventer
3363 5046 3433 5075 ⁷⁸⁰
3464 5045 3598 5111 Quia
3633 5045 3734 5099 sibi
3765 5062 3868 5099 ms.

625 5118 706 5183 qui
757 5113 865 5167 lsibi
939 5114 1004 5144 ⁷⁸⁸
1047 5113 1170 5180 Ejus
1194 5116 1466 5183 obsequiis
1494 5130 1590 5167 ms.
1625 5114 1738 5182 ejus
1771 5114 2082 5180 obsequium
2158 5115 2225 5145 ⁷⁸⁷
2251 5113 2450 5168 Metuat
2477 5115 2635 5175 mori.
2663 5124 2716 5168 et
2739 5131 2835 5167 ms.
2869 5125 3091 5178 metuat,
3124 5126 3176 5167 et
3248 5114 3320 5143 ⁷⁸³
3349 5112 3438 5167 νισι
3485 5114 3618 5169 alius
3647 5130 3744 5167 ms.
3780 5115 3869 5169 vel

624 5187 776 5252 quod
803 5185 939 5236 alios
1010 5184 1079 5214 7“
1114 5184 1245 5236 Illud
1293 5185 1561 5251 oportebit
1604 5200 1701 5235 ms.
1753 5185 1900 5236 omit.
1977 5183 2046 5212 ⁷⁸⁸
2098 5185 2194 5237 Dat
2253 5187 2355 5237 tale
2386 5195 2530 5238 est...
2570 5187 2848 5237 amittatur
2893 5194 2946 5237 et
2991 5199 3264 5251 nunquam
3310 5184 3357 5238 ei
3386 5199 3478 5252 per
3504 5185 3667 5238 ullum
3708 5184 3868 5239 aufe-

627 5264 795 5307 ratur.
829 5255 975 5315 'l'ale,
1008 5254 1353 5324 inquam.est
1380 5264 1451 5324 ut
1475 5269 1572 5306 ms.
1600 5253 1714 5313 dat.
1736 5263 1843 5324 aut
1876 5253 1979 5306 tale
2023 5263 2121 5315 est,
2165 5256 2303 5322 quod
2351 5270 2622 5324 nunquam
2659 5257 2894 5318 amittat,
2937 5270 3034 5306 nec
3068 5269 3298 5321 unquam
3331 5255 3376 5307 ei
3402 5255 3593 5321 aliquis
3620 5253 3867 5318 auferat;

626 5327 843 5375 antta'e
869 5335 970 5383 est.
1022 5332 1080 5377 ut
1155 5321 1224 5351 ⁷⁸⁸
1265 5321 1552 5392 Providere
1604 5323 1771 5390 possit
1817 5339 1912 5375 nis.
1958 5321 2251 5390 promereri
2297 5321 2493 5392 possit'
2533 5325 2601 5356 ⁷⁸⁷
2667 5324 2935 5381 Membris,
2982 5331 3155 5391 potest
3186 5327 3262 5377 sic
3300 5340 3395 5377 ms.
3447 5324 3740 5377 tui-rebitur
3790 5325 3867 5377 sic

625 5394 694 5424 m
724 5393 836 5461 Ipso
863 5396 1003 5446 nullo
1043 5409 1138 5445 ms.
1171 5393 1282 5458 ipse
1314 5391 1539 5461 inuollo
1611 5393 1679 5421 η’
1701 5393 1947 5445 Creai'nlo
1974 5395 2257 5445 exornavit
2298 5391 2401 5446 ηις.
2427 5394 2656 5447 creando
2700 5392 3057 5444 rationalitatc
3089 5396 3367 5446 exornavit
3437 5394 3506 5424 79°
3531 5394 3716 5446 Posset
3747 5406 3868 5446 e559

628 5478 724 5514 ms.
749 5460 920 5530 possit
951 5480 1070 5517 esse
1144 5463 1211 5493 7“
1245 5460 1546 5532 l‘ossidcret
1578 5478 1671 5514 ius.
1705 5465 1979 5532 possidere
2052 5464 2118 5491 7'”
2146 5464 2457 5532 Quanquam
2489 5464 2802 5530 displiceant
2831 5479 2926 5514 nis.
2980 5478 3096 5514 eum
3150 5464 3195 5515 ei
3223 5464 3534 5532 displiceant
3606 5464 3673 5493 ⁷⁸³
3718 5465 3864 5525 Qua-

629 5545 836 5601 eunque
889 5535 1093 5588 macula
1149 5550 1247 5585 ms.
1295 5531 1602 5600 quicunque
1658 5531 1863 5583 macula
1958 5532 2025 5560 79‘
2058 5532 2311 5584 Pcrcnnis
2365 5535 2542 5599 ειυγὶω
2609 5548 2703 5583 nis.
2774 5533 3018 5596 perennis
3080 5536 3199 5586 vita:
