4190 6202
464 128 567 182 805

535 238 596 291 111
626 238 717 293 τη.
751 237 903 305 Quod
931 238 1102 292 omnia
1140 237 1273 291 bona
1304 237 1443 291 Deus
1465 228 1583 303 fecit
1604 275 1620 300 ,
1644 246 1690 288 et
1721 237 1859 305 quod
1884 235 2028 293 solus
2061 243 2103 300 Α

464 318 570 396 ipse
595 327 937 395 essentialiter
964 329 1124 381 bonus
1145 330 1232 380 sit.
1254 357 1325 365 ——
1352 326 1424 362 ""
1448 295 1781 380 Suavissimn
1831 334 1888 381 et
1914 326 2033 381 dul-

466 419 677 474 cissime
699 420 766 451 ⁷³⁷
796 418 923 473 Iesu
970 416 1205 482 Clitiste,
1243 417 1334 486 qui
1361 432 1421 471 es
1450 418 1567 487 pius
1617 426 1825 472 amator
1853 419 2031 473 homi-

465 524 611 572 num,
636 524 698 563 ac
724 509 795 547 ’ἰ
840 506 1263 576 benignissimus
1301 506 1628 575 Redemptor
1660 515 2027 577 peccatorum,

467 609 518 652 te
546 598 733 651 adoret
751 596 822 629 ⁷⁸⁸
846 596 1024 651 anima
1053 612 1197 661 mea.
1221 597 1315 651 tibi
1338 596 1539 651 serviat
1558 599 1734 653 omnis
1756 598 1867 653 vita
1890 615 2028 665 mea,

456 688 866 743 ‘te‘desidcrcnt
911 689 1090 743 omnia
1142 687 1398 742 interiora
1430 703 1573 742 mea.
1620 686 1767 756 Vult,
1792 690 2030 760 piissime

464 778 710 840 Domine,
739 776 853 830 vult
882 791 999 831 mea
1023 777 1220 832 misera
1270 777 1341 809 δυο
1365 765 1542 833 anima
1593 780 1833 851 cogitare
1868 782 1933 836 de
1956 790 2027 848 te,

464 876 553 921 tua
584 865 847 920 mirabilia
876 867 1163 935 inspicere,
1187 875 1241 922 et
1265 883 1425 939 quam
1453 870 1623 925 bonus
1645 879 1701 925 et
1722 871 2030 928 misericors

464 959 545 1013 sis
564 971 690 1027 erga
730 960 1039 1026 peccatores
1071 957 1368 1032 intelligere
1385 999 1401 1025 ,
1434 975 1501 1015 ne
1524 969 1744 1030 propter
1766 977 1880 1016 mea
1904 977 2029 1030 pec-

461 1040 581 1101 cata
604 1046 917 1116 desperans,
943 1061 972 1100 a
994 1047 1233 1103 bonitate
1263 1056 1351 1103 tua
1386 1050 1535 1118 (heu,
1562 1050 1751 1106 miser!
1778 1049 1797 1121 )
1827 1065 1914 1107 me
1940 1067 2030 1106 ve-

452 1128 840 1213 lim'alienare,
866 1147 924 1192 ut
948 1139 1025 1193 sic
1055 1142 1299 1210 cogitans
1319 1178 1335 1202 ,
1356 1148 1411 1193 et
1441 1140 1555 1208 tibi,
1582 1141 1674 1210 qui
1722 1140 1922 1196 veritas
1947 1158 2025 1210 es,

460 1228 707 1291 credens,
735 1226 848 1297 jam
876 1226 1168 1295 aliquando
1193 1228 1260 1281 ab
1291 1226 1660 1297 iniquitatibus
1687 1231 1889 1300 possim,
1908 1246 2029 1286 ces-

452 1330 581 1372 sare
600 1359 616 1383 ,
653 1322 708 1372 et
732 1318 799 1371 ad
821 1327 966 1373 recta
991 1318 1231 1374 facienda
1261 1319 1496 1374 animum
1524 1334 1700 1375 meum
1724 1321 1878 1377 malis
1895 1337 2026 1393 ope—

454 1406 609 1462 ribus
633 1416 688 1462 et
713 1411 947 1476 peccatis
972 1408 1305 1463 incurvatum
1333 1408 1627 1466 reformare
1653 1412 1746 1467 ¹⁰¹.

529 1496 669 1584 Ecce
696 1498 831 1563 scio,
861 1498 1105 1565 Domine,
1135 1499 1259 1570 quia
1285 1502 1463 1555 omnia
1487 1512 1775 1584 quatiunt,
1796 1502 1862 1559 de
1886 1503 2030 1559 nihi-

1793 123 2330 181 MEDLTATIONES.

3597 131 3706 194 808

2203 234 2290 289 IV.
2319 217 2470 301 Quod
2496 235 2663 287 omnis
2685 246 2921 290 creatura
2942 254 3094 291 suum
3115 238 3290 293 laudet
3313 237 3705 309 Creatorem...

2132 322 2203 355 3"
2235 321 2443 376 Laudat
2469 330 2521 376 lc
2539 321 2702 377 etiam
2744 321 2833 375 illa
2856 333 3125 390 creatura,
3147 326 3233 380 cui
3283 326 3482 381 donum
3512 326 3712 387 intelli-

2131 413 2326 481 gentia:
2354 427 2459 465 non
2485 409 2679 465 dedisti
2703 450 2719 475 ,
2749 414 2964 479 quando
2990 413 3266 470 rationalis
3295 425 3543 472 creatura
3558 419 3696 475 'eallt

2131 516 2160 554 a
2187 508 2239 555 te
2264 508 2501 556 creatam
2542 501 2737 554 bonam
2781 501 3113 573 pulchreque
3166 507 3467 563 ordinatam
3489 508 3707 583 conspi-

2130 589 2242 655 cit;
2266 598 2321 646 et
2344 591 2443 645 hoc
2463 598 2546 644 est
2567 589 2635 644 ab
2658 589 2745 643 illa
2790 599 2842 643 te
2868 590 3102 659 laudari,
3123 608 3155 648 a
3182 596 3426 651 rationali
3453 597 3525 630 m
3548 613 3703 655 crua—

2131 688 2272 743 tura,
2301 678 2507 734 scilicet
2532 678 2756 749 intelligi
2789 687 2839 734 te
2865 696 2982 735 eam
3015 682 3425 739 bonamifecisse
3452 687 3701 757 pulchre-

2128 784 2233 840 que
2261 771 2561 826 ordinasse.
2593 767 2893 827 llnmanam
2921 787 3050 828 vero
3082 777 3329 828 naturam
3351 791 3509 844 quam
3541 780 3705 835 ratio-

2128 860 2303 916 nalem
2328 861 2522 922 fecisti.
2555 871 2612 917 et
2636 861 2778 917 illam
2802 872 3049 941 naturam
3097 865 3185 921 cui
3208 866 3571 938 intelligentiae
3603 872 3700 927 do-

2127 968 2254 1007 num
2275 967 2381 1006 non
2409 953 2641 1018 dedisti,
2673 955 2753 1009 sic
2802 955 3093 1011 distinxisti
3124 968 3183 1011 ιιι
3222 959 3454 1014 humana
3512 973 3702 1017 natura

2125 1044 2217 1110 ⁸⁸³,
2243 1053 2471 1113 propter
2493 1059 2654 1113 quam
2685 1046 2846 1100 aliam
2882 1058 3188 1103 creaturam
3220 1049 3414 1116 fecisti,
3443 1052 3585 1104 illam
3616 1068 3703 1106 se-

2126 1136 2358 1191 Cundum
2387 1128 2531 1189 tuam
2559 1136 2886 1195 voluntatem
2914 1138 3255 1207 disponeret,
3306 1150 3361 1195 et
3386 1158 3451 1198 ex
3484 1142 3620 1210 ipsa,
3638 1151 3706 1197 .te

2126 1221 2469 1290 concedente,
2483 1212 2794 1282 alimentum
2808 1227 2948 1283 unde
2959 1244 3017 1284 sc
3037 1232 3386 1294 sustentaret,
3414 1233 3703 1300 acciperet.

2198 1314 2303 1370 Sed
2330 1315 2453 1384 quia
2490 1317 2651 1389 homo
2678 1316 2747 1349 ⁸⁸⁵
2787 1333 2850 1374 ex
2891 1319 3102 1395 duabus
3130 1320 3338 1375 naturis
3365 1330 3595 1383 constat.
3632 1335 3701 1376 ex

2126 1406 2303 1460 anima
2328 1406 2534 1461 scilicet
2557 1418 2612 1461 et
2631 1422 2817 1472 carne.
2849 1408 3192 1477 alimentum,
3223 1411 3366 1467 unde
3404 1413 3701 1467 secundum

2127 1508 2347 1549 carnem
2379 1493 2532 1558 vivit,
2563 1495 2761 1562 accipit
2794 1492 2868 1526 ⁸¹⁸
2894 1510 2924 1548 a
2960 1482 3259 1562 creatura;
3291 1500 3432 1552 unde
3456 1514 3585 1554 vero
3614 1515 3704 1553 se-

458 1584 510 1639 io
540 1583 747 1650 fecisti;
776 1585 827 1639 id
850 1594 952 1652 est,
976 1600 1081 1641 non
1106 1594 1291 1651 erant,
1321 1595 1374 1643 et
1392 1601 1463 1643 ea“
1487 1581 1682 1656 fecisti;
1706 1592 1800 1645 sed
1831 1597 1887 1644 tu
1910 1591 2025 1662 ipse
2054 1584 2097 1639 B
2122 1583 2355 1640 cundum
2388 1581 2622 1636 animam
2644 1582 2797 1644 vivit,
2828 1581 3023 1651 accipit
3045 1597 3073 1634 a
3100 1583 3380 1649 Creatore,
3401 1587 3493 1638 sed
3524 1594 3703 1640 tamen

456 1681 549 1747 qui
579 1694 640 1732 ea
674 1679 869 1745 fecisti,
900 1696 1113 1751 semper
1134 1681 1300 1746 fuisti,
1322 1690 1377 1737 et
1397 1696 1668 1751 nunquam
1692 1680 1793 1737 fuit
1810 1680 2024 1752 quando

455 1769 652 1834 fueris;
679 1769 823 1825 fuisti
864 1785 992 1826 vero
1012 1786 1225 1841 semper
1247 1773 1319 1805 ⁸⁸³
1350 1771 1543 1838 bonus,
1584 1780 1641 1827 et
1665 1785 1879 1841 semper
1900 1786 2023 1827 om-

456 1858 724 1926 nipotens,
755 1868 810 1913 et
832 1870 1112 1929 propterea
1140 1861 1321 1915 omnia
1352 1874 1683 1930 quacunque
1707 1858 1901 1921 fecisti,
1928 1859 2026 1914 bo-

453 1961 523 2006 na
554 1946 747 2001 fecisti.
784 1947 862 2001 Tu
886 1961 1018 2019 ergo
1052 1948 1143 2018 qui
1172 1962 1388 2019 semper
1413 1948 1561 2004 fuisti
1584 1987 1600 2013 ,
1640 1956 1697 2004 et
1719 1962 1777 2004 es
1802 1956 1857 2003 et
1882 1948 2053 2013 eris,,

452 2046 510 2110 et
536 2052 641 2090 non
673 2037 762 2106 qui
785 2038 850 2093 de
876 2036 947 2069 °°'
978 2052 1081 2091 non
1106 2051 1232 2094 esse
1256 2036 1322 2092 ad
1345 2051 1465 2095 esse
1499 2038 1733 2104 venisti,
1765 2038 1902 2094 sicut
1928 2038 2023 2093 tibi

456 2140 671 2197 semper
696 2142 815 2182 esse
842 2127 966 2195 fuit,
1000 2128 1071 2182 ita
1099 2126 1192 2182 tibi
1220 2142 1434 2199 semper
1460 2126 1673 2183 bonitas
1699 2116 1754 2182 et
1780 2126 2023 2197 omnipe-

448 2217 618 2269 tentia
652 2214 768 2270 fuit.
803 2216 868 2270 Et
887 2217 1232 2287 proluerboe
1258 2231 1362 2271 non
1383 2216 1481 2272 tibi
1507 2223 1592 2271 est
1620 2214 1765 2271 aliud
1791 2215 2018 2271 essentia

455 2320 614 2373 quam
659 2305 868 2360 bonitas
894 2296 1401 2378 etomnipotentia;
1447 2306 1541 2361 sed
1566 2320 1686 2375 quae
1711 2315 1794 2360 est
1822 2305 1915 2360 tibi
1940 2310 2027 2360 cs4

456 2395 855 2457 seutia,eadem
871 2404 961 2450 est
982 2395 1194 2467 bonitas
1212 2406 1267 2450 et
1285 2386 1674 2467 omnipotentia
1695 2393 1787 2449 '“.
1814 2395 1878 2449 Et
1902 2395 2023 2451 ideo

447 2496 559 2540 non
588 2493 740 2553 potes
765 2498 904 2550 esse,
934 2484 1035 2538 nisi
1063 2484 1235 2539 bonus
1255 2493 1308 2539 et
1355 2484 1714 2554 omnipotens,
1759 2492 1816 2538 et
1844 2481 2022 2538 omnia

452 2570 542 2627 illa
569 2588 688 2643 quae
719 2574 964 2630 similiter
996 2575 1060 2630 de
1096 2583 1150 2631 te
1179 2575 1430 2631 dicuntur
1454 2582 1511 2629 et
1535 2574 1847 2630 creduntur.

524 2664 603 2720 Tu
624 2680 754 2720 vero
777 2680 902 2721 vere
928 2679 986 2721 es
1002 2706 1017 2731 ,
1057 2675 1114 2722 et
1156 2682 1262 2722 non
1286 2674 1370 2722 est
1391 2666 1536 2722 aliud
1564 2665 1667 2722 nisi
1695 2674 1753 2719 tu
1777 2704 1794 2731 ,
1835 2674 1891 2722 et
1916 2681 2022 2721 non

452 2764 535 2811 est
560 2754 651 2809 tibi
698 2754 797 2809 nisi
829 2770 992 2809 unum
1033 2761 1148 2822 est,
1189 2756 1317 2826 quia
1349 2762 1460 2810 non
1518 2755 1663 2823 quod
1719 2754 1885 2810 modo
1928 2768 2019 2818 es,

456 2846 612 2899 modo
633 2860 737 2900 non
761 2859 842 2909 es,
865 2844 959 2899 sed
981 2847 1122 2914 quod
1145 2845 1301 2900 modo
1320 2859 1401 2910 es,
1422 2858 1633 2914 semper
1651 2858 1712 2900 es
1731 2844 1822 2897 ⁸η.
1855 2844 2020 2899 Crea-

2125 1682 2412 1740 utrumque
2441 1689 2472 1728 a
2494 1672 2776 1727 Creatorc.
2800 1669 2947 1725 Vivit
2961 1670 3031 1702 ⁸³⁸
3052 1680 3231 1727 autem
3258 1673 3418 1727 homo
3448 1672 3536 1728 hic
3560 1674 3703 1730 inte‘

2126 1764 2227 1817 rim
2262 1762 2556 1817 secundum
2587 1775 2804 1816 carnem
2828 1798 2843 1824 ,
2883 1761 3009 1815 dum
3050 1760 3215 1815 alitur
3252 1762 3389 1817 cibis
3412 1761 3698 1835 humanis;

2123 1853 2405 1921 vivitvero
2446 1853 2741 1909 secundum
2779 1850 3038 1918 animam,
3084 1851 3211 1907 dum
3258 1853 3587 1909 voluntatem
3642 1862 3700 1908 et

2124 1936 2389 2013 praecepta
2417 1940 2687 1997 Creatoris
2718 1941 2801 1995 sui
2827 1940 3083 1998 custodit.
3109 1942 3177 1996 Et
3198 1943 3339 1998 sicut
3364 1946 3593 1999 moritur
3615 1960 3702 1999 se-

2123 2033 2351 2088 ettndum
2379 2045 2593 2091 carnem
2620 2070 2636 2097 ,
2666 2031 2711 2087 si
2740 2046 2845 2085 non
2893 2040 3233 2087 sustentatur
3259 2033 3395 2107 cibis
3427 2033 3700 2099 humanis,

2122 2121 2200 2177 sic
2228 2122 2455 2177 moritur
2481 2121 2775 2177 secundum
2799 2123 3035 2176 animam
3066 2162 3080 2186 ,
3112 2123 3331 2191 quando
3358 2138 3465 2177 non
3495 2124 3704 2178 obtem-

2122 2220 2275 2279 perat
2334 2211 2618 2280 przeceptis
2656 2209 2878 2266 divinis.
2937 2210 3108 2265 llomo
3152 2210 3336 2281 itaque
3370 2212 3459 2281 qui
3489 2221 3703 2266 constat

2108 2313 2187 2371 ex
2214 2298 2394 2351 anima
2427 2306 2483 2351 et
2508 2312 2711 2362 carne,
2753 2296 3006 2353 faciendo
3056 2312 3177 2367 qum
3197 2295 3353 2365 jubet
3377 2297 3539 2364 Deus,
3569 2300 3705 2354 vivit

2124 2384 2176 2439 in
2212 2401 2374 2441 carne
2402 2394 2454 2440 et
2492 2385 2545 2439 in
2577 2386 2789 2455 anima,
2819 2386 2944 2454 quia
2987 2386 3041 2439 in
3070 2387 3175 2441 hoc
3200 2390 3406 2458 agendo
3428 2403 3702 2457 promere-

2124 2482 2215 2529 tur
2239 2483 2298 2528 ιιι
2321 2472 2550 2529 feliciter
2575 2474 2724 2528 vivat
2762 2489 2885 2529 cum
2915 2473 3176 2531 Creatore
3196 2490 3294 2531 suo
3320 2477 3373 2531 in
3406 2479 3515 2531 vita
3539 2486 3699 2533 πιςτ-

2124 2578 2215 2618 na.
2252 2563 2309 2619 Si
2336 2568 2466 2619 vero
2490 2564 2558 2619 ab
2584 2563 2793 2635 agendo
2817 2579 2937 2635 quae
2968 2564 3124 2636 jubet
3169 2566 3238 2599 ⁸⁸⁷
3286 2566 3511 2629 creator
3552 2586 3699 2637 suus,

2123 2654 2340 2719 deviare
2362 2662 2590 2710 conatur
2617 2654 2712 2723 ⁸¹⁸,
2734 2663 2789 2710 et
2811 2656 2986 2723 magis
3021 2656 3228 2728 appetit
3257 2659 3551 2714 secundum
3581 2676 3702 2715 ear-

2122 2747 2208 2803 nis
2235 2747 2501 2803 desideria
2530 2748 2716 2803 vivere
2744 2790 2760 2816 ,
2795 2750 2941 2818 quod
2968 2765 3096 2805 vere
3126 2766 3231 2807 non
3259 2761 3341 2808 est
3373 2755 3575 2820 vivere,
3603 2755 3700 2812 sed

2120 2836 2221 2891 sibi
2249 2836 2541 2893 infeliciter
2559 2836 2726 2891 vitam
2750 2838 3001 2902 auferre;
3048 2839 3094 2894 si
3130 2841 3251 2909 quis
3296 2842 3587 2912 diligenter
3616 2845 3699 2898 in-

454 2941 585 2989 tuta:
608 2942 786 2988 autem
806 2975 821 3001 ,
849 2933 934 2988 cui
963 2911 1066 2989 non
1107 2948 1320 3003 semper
1353 2933 1425 2965 ”°
1450 2911 1572 2987 esse
1602 2931 1720 2999 fuit,
1744 2932 1862 2988 sed
1899 2947 2015 3001 qua":
2043 2911 2083 2969 α
2118 2935 2379 2992 tueretur,
2412 2924 2628 2983 videret
2680 2927 2735 2982 in
2783 2926 2875 2983 illo
2909 2942 3014 2983 non
3042 2928 3267 3000 ﬁguram
3290 2911 3433 2985 illius
3464 2931 3696 2989 hominis

453 3026 518 3101 de
549 3039 653 3079 non
688 3014 807 3078 esse
835 3024 901 3077 ad
926 3038 1045 3078 esse
1070 3024 1215 3078 venit
1232 3038 1330 3093 per
1353 3030 1403 3078 te
1428 3030 1483 3076 et
1511 3037 1540 3075 a
1586 3030 1637 3075 te
1662 3022 1749 3076 cui
1776 3022 1845 3053 "7
1876 3037 2014 3077 sem-

376 3138 379 3147 ι
450 3130 549 3184 per
566 3128 695 3169 esse
721 3113 843 3179 fuit,
871 3128 976 3167 non
994 3123 1086 3167 est
1106 3114 1296 3168 eadem
1319 3114 1549 3167 essentia
1584 3126 1704 3181 quae
1726 3112 1939 3168 bonitas
1963 3122 2018 3167 ct

451 3220 570 3275 qua:
600 3204 837 3274 potentia
861 3220 879 3270 ;
907 3203 999 3258 sed
1031 3204 1245 3274 quando
1268 3203 1405 3258 bona
1426 3212 1528 3266 est,
1561 3200 1615 3257 et
1639 3203 1856 3272 quando
1878 3202 2016 3258 bona

452 3290 629 3345 facere
655 3300 829 3362 potest
854 3329 870 3355 ,
899 3306 929 3343 a
970 3300 1021 3344 te
1062 3291 1200 3355 bona
1228 3298 1331 3356 est,
1354 3297 1406 3344 et
1431 3304 1461 3343 a
1494 3298 1546 3355 te
1579 3290 1718 3363 bona
1744 3289 1923 3345 facere
1946 3290 2016 3323 ⁸⁸⁸

452 3390 649 3449 potest,
682 3381 770 3451 qui
802 3379 1160 3434 essentialiter
1179 3394 1236 3434 es
1258 3378 1432 3433 bonus
1453 3387 1507 3432 et
1526 3379 1886 3449 omnipotens.
1914 3378 2015 3434 Fe-

453 3470 572 3525 cisti
606 3479 783 3525 autem
832 3485 1043 3523 onmem
1082 3477 1387 3523 creaturam
1432 3468 1623 3521 bonam
1649 3506 1665 3531 ,
1699 3468 1794 3522 sed
1833 3477 2013 3521 tamen

452 3576 559 3615 non
591 3561 733 3615 omni
758 3569 1039 3627 creaturae,
1068 3558 1191 3612 licet
1225 3559 1295 3613 sit
1332 3558 1468 3612 bona
1498 3555 1637 3609 facta
1660 3556 1695 3609 'a
1728 3556 2015 3621 te,dedisti

453 3650 713 3705 rationem
748 3632 1067 3719 intelligendi
1098 3657 1167 3701 te.
1196 3647 1260 3700 Et
1290 3646 1536 3716 quamvis
1562 3645 1738 3699 omnis
1762 3636 2009 3699 creatura

452 3748 506 3795 te
533 3740 726 3804 laudet,
754 3750 803 3792 te
827 3738 1135 3793 Creatorem
1176 3752 1331 3791 suum
1356 3746 1407 3792 et
1449 3736 1861 3807 gubernatorem
1890 3751 2010 3805 esse

451 3832 705 3884 reclamet
727 3829 817 3893 ⁸⁰⁹;
838 3837 1018 3882 tamen
1042 3840 1149 3883 non
1181 3828 1356 3881 omnis
1377 3836 1626 3882 creatura
1658 3837 1709 3881 te
1746 3824 2010 3896 intelligit,

449 3920 551 3975 nisi
585 3921 951 3976 tantummodo
994 3916 1305 3985 rationalis,
1362 3926 1418 3973 et
1462 3933 1619 3990 quam
1651 3918 1823 3982 fecisti
1853 3919 1922 3951 ⁸⁸⁸
1946 3920 2013 3975 ad

2115 3018 2207 3086 qui
2232 3017 2407 3072 factus
2435 3024 2523 3073 est
2566 3017 2636 3071 ad
2676 3017 2968 3088 imaginem
3010 3017 3125 3081 Dei,
3158 3018 3251 3073 sed
3281 3018 3508 3090 ﬁguram
3532 3034 3699 3091 peca-

2117 3106 2221 3170 dis,
2251 3104 2403 3174 cuius
2444 3112 2501 3160 et
2549 3120 2729 3160 mores
2770 3106 2967 3175 satagit
3014 3106 3247 3171 imitari,
3294 3116 3350 3162 et
3402 3116 3528 3164 tunc
3570 3116 3695 3164 vere

2115 3201 2292 3271 potest
2317 3195 2484 3250 asseri
2515 3195 2636 3263 quia
2677 3201 2763 3248 est
2789 3192 2857 3225 '“
2882 3203 3408 3261 mortuus,’mortem
3438 3207 3695 3255 :etcrnam

2117 3286 2235 3343 sine
2261 3285 2422 3341 dubio
2467 3286 2765 3350 subiturus,
2805 3285 2849 3341 si
2890 3285 2943 3340 in
2975 3286 3077 3341 hoc
3134 3302 3488 3357 perseverans
3537 3288 3695 3344 ﬁnia-

2115 3384 2225 3431 tur.
3060 3378 3063 3379 ⁷

2184 3466 2229 3520 V
2275 3466 2366 3520 ⁸¹⁰.
2416 3464 2483 3519 In
2521 3482 2623 3535 quo
2670 3454 2858 3519 similis
2899 3476 2972 3519 est
3019 3469 3173 3521 homo
3219 3466 3452 3523 Creatori
3483 3485 3597 3522 suo.
3626 3500 3696 3511 ——

2113 3556 2182 3587 ἠ
2212 3554 2364 3609 Fecit
2394 3564 2573 3609 autem
2607 3555 2748 3618 Deus
2771 3554 2994 3609 Creator
3022 3556 3289 3610 hominem
3314 3559 3379 3611 ad
3409 3559 3692 3627 imaginem

2114 3648 2182 3679 δ”
2223 3657 2277 3701 et
2308 3646 2719 3701 similitudinem
2746 3660 2918 3712 suam,
2953 3646 3079 3715 quia
3118 3645 3391 3701 fecit‘eum
3448 3650 3691 3703 ration‘a-
3746 3662 3749 3663 '

2114 3735 2225 3790 lem
2248 3735 2338 3787 ⁸η.
2370 3735 2437 3788 Ει
2461 3735 2598 3789 sicut
2622 3734 2762 3789 Deus
2776 3734 3049 3789 voluntate
3070 3736 3241 3790 bonus
3264 3744 3364 3800 est,
3394 3737 3472 3791 sie
3509 3737 3688 3801 homo,

2121 3829 2186 3883 ad
2207 3828 2322 3897 ejus
2343 3825 2748 3901 similitudinem
2772 3824 2963 3890 factus,
2990 3826 3264 3881 voluntate
3288 3827 3461 3881 bonus
3479 3826 3551 3858 θ’*
3571 3840 3647 3883 cst
3670 3846 3686 3892 ;

2122 3919 2176 3973 in
2235 3919 2338 3971 hoe
2394 3914 2585 3971 similis
2630 3914 2909 3989 Creatori,
2955 3916 3077 3985 quia
3152 3915 3374 3971 Creator
3423 3916 3692 3973 voluntate

448 4010 735 4080 imaginem
760 4018 812 4064 et
839 4006 1241 4063 similitudinem
1266 4017 1433 4061 tuam.
2038 4001 2312 4069 Dbonus,
2341 4007 2503 4061 homo
2577 4004 2873 4073 voluntate,
2924 4004 3098 4061 bonus
3172 4006 3276 4071 ⁸¹⁵;
3327 4005 3420 4060 sed
3479 4007 3535 4062 in
3591 4009 3691 4089 hoc

1711 4120 1943 4213 vinus
1985 4156 2385 4222 anrtouss.

446 4336 447 4339 η
540 4275 585 4305 θ’
616 4273 643 4344 §
688 4274 770 4327 lli.
797 4273 949 4339 Quod
962 4274 1159 4344 Aomnia
1202 4272 1342 4328 bona
1364 4282 1713 4344 elc:_ms_._m)7t
1739 4270 1887 4323 habet
1911 4269 2137 4344 titulum.
2231 4268 2303 4301 ⁷⁸⁵
2323 4266 2606 4344 Anselmus
2624 4269 2958 4344 ιιιεηοηιῑιᾴιΔ
2986 4340 3015 4344 _
3041 4270 3111 4308 ⁷³⁷
3130 4269 3446 4326 Dulcissime
3466 4272 3688 4330 Domine

448 4360 545 4397 ms.
599 4338 901 4398 dulcissime
953 4342 1077 4418 Jesu
1131 4344 1380 4418 Christe“
1425 4340 1507 4418 _’”
1561 4340 1866 4418 |_lo_ntiuu_in,
1916 4347 1970 4393 et
2016 4340 2144 4418 pius
2192 4349 2259 4393 ac
2284 4354 2382 4391 ms.
2404 4339 2562 4418 ‘omit.
2589 4347 2646 4392 et
2695 4338 2818 4418 pius
2890 4338 3359 4418 'ff_l’_eccatorum,
3404 4350 3475 4418 te_
3500 4344 3687 4399 adoret

450 4430 546 4466 ins.
576 4418 822 4483 peccator
855 4422 905 4466 te
943 4414 1137 4483 adorat
1241 4408 1464 4483 εοίνυιι
1516 4409 1931 4483 misericordia,_
1957 4406 2152 4483 misera
2182 4425 2293 4483 Ama.
2331 4406 2445 4461 vult
2494 4422 2614 4463 mea
2644 4406 2842 4483 misera
2914 4409 2982 4441 ⁸⁰¹
3016 4411 3355 4464 incurvatum
3390 4411 3685 4468 reformare

450 4498 547 4536 ms.
576 4478 904 4536 maculatum
950 4482 1249 4536 reformare
1322 4482 1393 4513 ⁸⁰²
1425 4482 1491 4534 Ει
1521 4494 1791 4547 nunquam
1842 4478 2087 4541 ﬁnieris;
2120 4478 2269 4531 fuisti
2300 4491 2685 4549 ver_o_semper
2715 4478 2905 4549 bonus,
2949 4492 3161 4549 semper
3188 4488 3369 4549 meet
3417 4496 3684 4547 inaliquam

448 4550 550 4604 fuit
580 4553 793 4621 quando
817 4567 917 4604 non
952 4552 1145 4613 fueris;
1187 4551 1331 4605 fuisti
1362 4565 1488 4621 vero
1520 4544 1731 4621 semper
1770 4549 1938 4621 bonus
1969 4555 2023 4598 et
2050 4560 2263 4621 semper
2332 4544 2403 4621 Ψ
2434 4546 2497 4599 Ει
2526 4544 2971 4621 qu'i_non__d_e_ms.
2998 4544 3184 4601 et'n'on
3216 4547 3305 4616 qui
3342 4550 3407 4601 de
3479 4544 3555 4580 ‘°‘
3578 4549 3683 4604 Sed

449 4635 567 4686 qua:
596 4615 679 4674 est
705 4621 797 4674 tibi
831 4624 1086 4685 essentia,
1119 4621 1304 4674 cadent
1329 4629 1413 4673 est
1440 4615 1648 4672 bonitas
1678 4625 1730 4669 et
1752 4616 2133 4686 onmipotentia
2172 4615 2273 4686 nis.
2322 4615 2433 4686 lucc
2467 4615 2656 4668 omittit
2751 4616 2822 4649 ⁸⁰⁸
2850 4617 2928 4671 Τιι
2960 4633 3082 4671 vero
3110 4631 3235 4669 vere
3280 4630 3357 4679 es,
3387 4624 3569 4686 etnon
3603 4630 3686 4672 est

450 4685 590 4742 aliud
616 4690 804 4750 nisittt,
830 4704 1012 4742 verum
1033 4691 1156 4757 quia
1188 4705 1290 4743 non
1315 4689 1455 4758 quod
1468 4688 1625 4741 modo
1647 4701 1727 4758 es,
1760 4685 2232 4758 modonones,sed
2247 4685 2388 4752 quod
2404 4685 2561 4758 modo
2588 4700 2985 4758 es,sempcres.
3014 4702 3111 4739 ms.
3142 4695 3347 4758 trivere
3368 4685 3509 4740 aliud
3538 4700 3685 4749 cs.et

448 4774 553 4811 non
586 4769 666 4812 est
699 4758 790 4811 tibi
824 4754 1099 4812 nisiunuin
1130 4767 1242 4820 est;
1268 4754 1388 4826 quia
1421 4774 1525 4813 non
1540 4757 1689 4825 quod
1718 4754 1872 4809 modo
1899 4768 1979 4817 es,
2014 4757 2169 4826 modo
2194 4769 2296 4826 non
2320 4754 2511 4816 es,scd
2536 4756 2677 4823 quod
2695 4754 3086 4826 es,semperesi
3140 4755 3209 4826 “ﬁ”
3237 4754 3332 4809 Cui
3355 4771 3687 4826 nouseuq.er

447 4842 544 4879 ms.
582 4844 703 4881 cum
736 4843 839 4880 non
870 4842 1079 4896 semper
1151 4829 1218 4859 ⁸⁰⁷
1253 4822 1428 4893 Venit,
1480 4822 1659 4882 creata
1682 4841 1711 4877 a
1754 4836 1823 4888 te,
1870 4826 1953 4877 cui
1986 4839 2028 4876 ιιι

2122 4822 2275 4896 Venit
2307 4837 2415 4896 per.
2444 4832 2495 4896 te
2547 4822 2601 4877 et
2647 4838 2677 4896 τι
2717 4833 2784 4896 te,
2818 4822 2938 4896 cui:
2972 4825 3040 4856 ⁸⁸⁸
3074 4825 3135 4877 Et
3166 4824 3303 4877 bona
3353 4825 3531 4896 facere
3578 4822 3678 4881 ius.

446 4906 511 4966 et
535 4900 747 4966 quando
778 4896 912 4950 bona
938 4890 1118 4951 facere
1191 4898 1261 4929 ⁸⁰⁹
1291 4890 1423 4951 Esse
1452 4896 1703 4966 redamet
1724 4910 1824 4949 ms.
1851 4907 1972 4966 esse
2021 4890 2320 4966 reclamet“—
2348 4890 2418 4923 ⁸¹⁰
2450 4891 2619 4966 Quam
2655 4892 2826 4966 feeiin
2877 4893 2939 4966 ad
2973 4910 3075 4966 ius.
3108 4902 3170 4966 et,
3207 4910 3367 4966 quam
3400 4893 3587 4966 feciin
3620 4898 3685 4950 ad

443 4964 516 5031 9“
551 4961 855 5020 'Anselmus
903 4984 1000 5020 ms.
1050 4968 1236 5021 omittit
1334 4968 1403 4999 ⁸¹²
1447 4967 1529 5020 Ab
1576 4965 1661 5019 illa
1694 4964 1917 5017 laudari.
1949 4963 1989 5015 Α
2056 4962 2428 5031 ηιιίοικιιὶληιε.
2460 4961 2527 5014 ab
2558 4963 2669 5030 ipsa
2703 4973 2751 5015 te
2784 4964 2982 5021 laudari
3011 4980 3039 5017 ει
3076 4961 3320 5017 rationali
3396 4964 3465 4995 ⁸¹³
3496 4964 3558 5019 Ut
3590 4966 3686 5018 lu:-

451 5050 602 5088 tnana
642 5045 827 5089 natura
874 5053 969 5089 ms.
1002 5045 1059 5090 ut
1088 5039 1374 5090 humanam
1401 5047 1648 5090 naturain
1723 5034 1794 5068 '“
1829 5031 2130 5086 Secundum
2183 5024 2323 5100 quod
2366 5031 2533 5084 homo
2574 5024 2669 5083 ius.
2722 5034 2812 5084 sed
2847 5035 2969 5099 quia
3004 5034 3167 5095 homo
3240 5033 3309 5064 ⁸¹⁸
3338 5033 3682 5095 Alitncutuin,

446 5105 740 5157 secundum
768 5120 1006 5173 carnem,
1035 5108 1227 5176 accipit
1258 5123 1354 5160 ms.
1384 5105 1719 5165 alimentum,
1746 5103 1906 5176 unde
1925 5103 2228 5176 secundum
2256 5116 2475 5176 carnem
2511 5101 2658 5164 vivit,
2684 5102 2908 5176 accipit_
2950 5103 3019 5133 διδ
3040 5103 3379 5176 Δδριςειιρηε.
3415 5102 3553 5155 Vivit
3584 5119 3680 5155 ms.

438 5185 479 5224 ra
508 5182 771 5245 creatore,
803 5176 899 5245 sed
927 5167 1102 5230 tamen
1130 5167 1412 5245 utrumque
1434 5190 1464 5228 a
1490 5182 1765 5245 creatore.
1798 5173 1937 5245 Vivit
2006 5170 2074 5202 ⁸⁸⁷
2106 5170 2231 5236 Quae
2261 5167 2539 5245 jubetms.
2580 5185 2697 5245 quae
2723 5174 2812 5238 qui
2833 5171 2982 5245 jubet
3021 5170 3149 5245 __’"'_
3176 5170 3397 5226 Deviare
3437 5180 3681 5245 conatur,

449 5242 701 5315 etmagis
727 5259 823 5296 ms.
864 5240 1106 5309 deviare,
1153 5255 1207 5300 et
1252 5238 1420 5315 magis
1491 5243 1560 5315 Ψ
1588 5242 1767 5297 Asseri
1796 5243 1937 5310 quod
1982 5250 2064 5315 est
2112 5256 2213 5315 ms.
2246 5239 2498 5315 ascribi;
2542 5239 2664 5307 quia
2705 5250 2785 5315 est
2838 5238 2928 5315 ’το
2959 5242 2985 5312 §
3021 5241 3079 5294 V.
3123 5239 3192 5315 l_u
3232 5258 3327 5315 ius.
3355 5248 3410 5292 ut
3449 5240 3502 5292 in
3535 5238 3679 5315 Edit.

447 5310 515 5385 ξδ’
545 5308 827 5385 An'selinns
850 5329 944 5367 ms.
996 5308 1182 5385 omittit
1279 5308 1664 5385 “(Imaginem
1718 5322 1771 5385 et
1816 5308 1921 5365 ins.
1956 5310 2141 5385 omittit
2202 5379 2213 5385 _
2244 5308 2314 5385 "f
2343 5309 2497 5363 Fecit
2530 5323 2647 5385 esse
2674 5308 2987 5385 rationalem
3016 5327 3111 5362 ms.
3144 5309 3267 5385 fecit
3297 5323 3417 5360 eum
3450 5308 3685 5385 rationa-

441 5378 551 5460 lem
604 5451 616 5460 _
654 5381 725 5414 °“
754 5381 1299 5448 Factus,>voluntate
1338 5375 1518 5440 bonus
1561 5399 1659 5437 ms.
1710 5382 1903 5448 factus,
1954 5379 2249 5435 voluntarie
2297 5379 2471 5434 bonus
2568 5378 2637 5455 ‘f'
2692 5376 2860 5434 llomo
2908 5381 3173 5434 voluntate
3206 5379 3376 5432 bonus
3417 5392 3511 5429 nu.
3571 5375 3682 5429 haec

452 5451 634 5504 omittit
2608 5452 2611 5455 ’
