4190 6250
563 330 667 389 It)?

870 333 942 388 .S.
975 332 1267 388 ANSELWI
1305 330 1653 387 C.\NTUAR.
1698 328 2022 384 ARClllEP.
2060 328 2209 383 OPP.
2254 326 2450 382 PARS.
2491 327 2552 381 ll.
2585 357 2651 369 —-
2690 328 3063 383 ΡᾹΒΑΞΝΕΤ.
3096 330 3183 385 ΕΤ
3206 330 3453 388 ASCET.

3704 339 3806 397 808

564 446 849 512 differens,
906 444 1028 514 quia
1078 438 1303 499 Creator
1354 443 1683 498 mternalitcr
1746 457 1777 495 a
1829 442 2006 511 seipse
2052 449 2138 496 est
2168 444 2213 500 Α
2242 454 2413 504 amor,
2445 442 2742 510 eademque
2769 441 3031 496 voluntas.
3080 442 3146 496 Et
3176 452 3304 497 tunc
3352 448 3456 499 erit
3483 461 3588 501 una
3610 449 3807 505 volun-

563 532 738 590 bouus
785 545 836 590 et
892 534 1249 589 cssentialiter
1280 536 1439 588 homo
1464 551 1480 588 :
1505 548 1633 587 vero
1655 531 1772 586 ideo
1796 532 1991 595 bonus,
2012 534 2139 600 quia

563 625 806 681 imitatur
829 639 951 676 eum
975 623 1067 692 qui
1097 623 1426 679 :eternaliter
1450 623 1522 656 ⁶¹⁶
1548 621 1996 678 et'essentialiter
2024 639 2052 675 a
2078 637 2137 678 se

564 708 680 781 im
706 719 791 767 est
817 706 1133 792 bonus.@st
1158 694 1335 765 autem
1362 752 1378 777 ,
1411 711 1546 766 sicut
1592 710 1701 763 dixi
1728 748 1742 774 ,
1781 709 2011 769 Creator.
2036 725 2133 765 vo-

550 797 769 855 luntate
795 800 990 869 bonus,
1017 803 1179 857 homo
1205 804 1271 855 ad
1291 800 1695 856 similitudinem
1720 799 1998 855 Creatoris
2054 800 2136 855 fa-

562 898 684 946 ctus
716 890 991 947 voluntate
1014 892 1185 946 bonus
1203 878 1418 980 "'ked
1450 891 1502 944 in
1548 891 1649 944 hoc
1694 888 1969 953 differens,
1991 892 2132 961 quod

560 978 788 1035 tireator
816 996 921 1033 non
950 980 1062 1034 vult
1088 995 1185 1035 nec
1204 978 1374 1049 potest
1398 993 1519 1033 esse
1543 978 1624 1032 vel
1645 978 1782 1033 velle
1804 979 1945 1032 aliud
1972 995 2128 1049 quam

560 1084 681 1126 esse
708 1071 907 1132 bonus;
942 1071 1184 1125 voluntas
1209 1071 1375 1138 enim,
1399 1078 1455 1125 et
1483 1070 1719 1140 potentia
1746 1074 1832 1123 est
1862 1070 1933 1124 illi
1956 1085 2130 1125 essen-

561 1159 653 1214 tia.
684 1158 896 1213 Homini
928 1176 1056 1215 vero
1080 1169 1162 1215 est
1192 1159 1337 1213 aliud
1359 1150 1613 1213 voluntas
1634 1168 1687 1213 et
1707 1160 1944 1228 potentia
1966 1174 2125 1228 quam

555 1251 809 1304 essentia.
848 1247 905 1304 Si
935 1260 1114 1305 tamen
1150 1251 1442 1309 concordat
1477 1266 1600 1305 cum
1625 1250 1896 1304 voluntate
1923 1251 2033 1316 Dei,
2072 1257 2129 1304 et

555 1338 697 1393 idem
727 1339 841 1394 vult
867 1341 1014 1410 quod
1045 1341 1209 1407 Dens,
1238 1340 1495 1411 exprimit
1524 1341 1576 1394 in
1608 1355 1667 1395 se
1698 1340 1982 1407 imaginem
2008 1339 2121 1393 Dei.

555 1428 684 1483 Etsi
718 1428 771 1483 in
798 1430 903 1484 hoc
926 1445 1098 1501 usque
1122 1430 1176 1484 in
1202 1431 1363 1485 finem
1408 1437 1720 1497 perseverat
1765 1429 1859 1491 ⁸³⁸,
1887 1438 2136 1483 meretur

552 1530 815 1589 operante
843 1522 1185 1576 miseratione
1207 1520 1385 1574 divina
1414 1528 1473 1574 ut
1496 1526 1620 1589 post
1646 1519 1697 1573 in
1729 1528 1994 1574 mternnm
2026 1534 2122 1573 vo-

556 1607 744 1664 luntati
774 1607 1043 1664 Creatoris
1080 1609 1160 1663 sui
1184 1608 1474 1673 adh-creat,
1512 1622 1607 1664 nec
1626 1608 1739 1674 jam
1789 1608 2016 1678 amplius
2052 1608 2121 1663 ab

554 1713 617 1752 ea
645 1699 820 1753 divelli
851 1710 1035 1767 queat.
1083 1699 1150 1754 Et
1176 1700 1313 1763 sicut
1343 1709 1526 1769 postea
1580 1715 1793 1770 semper
1822 1700 1927 1754 erit
1972 1699 2117 1769 quod

2240 543 2321 589 tas
2348 534 2623 589 Creatoris
2648 575 2663 597 .
2692 546 2746 590 et
2793 536 2958 590 creati
3006 524 3267 603 hominis,
3311 552 3467 606 quem
3510 543 3710 595 creavit
3738 546 3806 599 ad

2239 623 2525 694 imaginem
2582 633 2637 677 et
2662 625 3069 680 similitudinem
3117 641 3310 692 suam,
3359 643 3479 681 cum
3545 629 3688 685 Deus
3732 630 3804 666 ἰ’

2234 714 2413 787 omnia
2466 713 2520 767 in
2567 715 2819 769 omnibus
2856 716 2958 769 erit
3016 715 3070 784 (1
3095 716 3215 771 Cor.
3258 716 3521 789 1111.28).
3572 717 3629 773 Si
3678 735 3806 778 vero

2232 804 2419 859 eodem
2453 803 2621 858 libero
2660 804 2886 860 arbitrio
2917 820 2977 860 se
3006 806 3245 876 junxerit
3273 806 3554 863 desideriis
3580 809 3757 866 carnis
3783 796 3817 877 ,Δ

2230 910 2351 964 qum
2377 896 2530 965 quasi
2560 895 2631 926 "°
2656 896 2975 950 naturaliter
3010 902 3077 951 ad
3116 898 3296 951 intima
3330 899 3515 965 tendit,
3548 907 3677 955 tunc
3706 915 3801 956 vo—

2229 986 2427 1050 luntas,
2458 985 2593 1040 male
2622 995 2777 1040 utens
2807 987 2972 1040 libero
3003 988 3226 1041 arbitrio
3248 1028 3263 1050 ,
3296 997 3352 1042 et
3394 1004 3521 1043 caro
3564 990 3803 1045 animam

2229 1092 2461 1147 superno
2492 1076 2690 1130 auxilio
2718 1076 3028 1131 destitutam
3051 1078 3119 1131 ad
3170 1077 3422 1132 inferiora
3467 1079 3803 1145 trahunt,ct

2227 1177 2445 1237 peccata
2468 1167 2699 1221 hominis
2723 1175 2888 1220 totum
2929 1166 3100 1236 ipsum
3132 1168 3431 1233 hominem,
3457 1168 3663 1224 scilicet
3681 1168 3801 1224 aui-

2226 1275 2369 1313 mam
2411 1268 2467 1314 et
2496 1256 2751 1323 carnem,
2795 1259 2848 1312 in
2896 1258 3248 1327 perditionem
3292 1269 3560 1330 mergunt,
3586 1254 3646 1313 tit
3685 1260 3802 1330 jam

2224 1350 2453 1419 amplius
2473 1365 2579 1404 non
2611 1348 2807 1404 habeat
2831 1348 2933 1403 nisi
2961 1348 3161 1427 malum
3180 1389 3196 1413 ,
3237 1348 3320 1404 vel
3349 1350 3493 1419 quod
3518 1349 3586 1382 ⁸⁸⁸
3626 1350 3801 1422 patia-

2225 1450 2314 1496 tur
2351 1441 2452 1495 nisi
2488 1449 2853 1495 tormentum.~
3014 1454 3018 1463 '
3068 1430 3069 1433 “

2291 1531 2401 1586 VII.
2432 1531 2525 1584 “’.
2570 1530 2673 1584 Hic
2713 1539 2829 1584 orat
2867 1531 3021 1584 homo
3062 1529 3252 1594 Deum,
3285 1540 3341 1584 ut
3395 1547 3499 1584 non
3532 1533 3798 1601 permittat

2220 1635 2335 1672 eum
2378 1618 2516 1683 male
2569 1615 2828 1670 utilibcro
2879 1617 3114 1669 arbitrio.
3164 1614 3293 1671 -Ο
3338 1615 3643 1670 dulcissime
3686 1617 3794 1671 Do-

2216 1709 2362 1761 mine
2382 1707 2472 1773 m,
2501 1721 2535 1761 o
2566 1706 2805 1775 piissime
2840 1706 2979 1760 Deus
3004 1721 3176 1770 meus,
3205 1707 3428 1764 Creator
3456 1721 3626 1765 mens.
3647 1706 3794 1763 salus

552 1788 786 1853 erit,sie
814 1805 1030 1859 semper
1052 1791 1408 1859 quodcunque
1438 1790 1664 1844 voluerit
1705 1790 1830 1844 erit.
1866 1790 1935 1844 Et
1979 1792 2121 1845 sicut
2151 1783 2193 1840 Β
2223 1812 2364 1862 mea,
2404 1797 2513 1851 vita
2553 1810 2694 1861 mea,
2743 1808 2863 1863 spes
2906 1801 2961 1848 et
3008 1795 3303 1851 consolatio
3344 1811 3483 1860 mea,
3527 1796 3794 1867 refugium

532 1879 795 1943 Creatori
828 1895 933 1932 non
974 1892 1055 1933 est
1103 1880 1244 1933 aliud
1288 1881 1523 1934 essentia
1553 1880 1623 1911 ⁸²⁹
1663 1896 1823 1948 quam
1850 1878 2116 1957 voluntas,

538 1984 647 2026 nec
671 1972 815 2045 aliud
860 1972 1105 2027 voluntas
1132 1988 1293 2041 quam
1350 1974 1608 2037 essentia,
1664 1974 1744 2029 sic
1806 1974 2007 2028 homini
2066 1976 2119 2029 in

548 2059 665 2132 ipsa
710 2060 966 2117 felicitate
1014 2060 1130 2130 jam
1165 2061 1439 2123 existenti,
1473 2061 1779 2115 secundum.
1812 2078 1966 2115 suum
2007 2077 2121 2117 mo-

548 2151 834 2220 dum,_tam
864 2140 1214 2206 immutabilis
1240 2151 1501 2207 eritdono
1529 2150 1806 2205 Creatoris
1826 2152 1906 2205 sui
1933 2151 2119 2205 volun-

550 2222 632 2298 tas
666 2260 826 2314 quam
853 2244 1106 2309 essentia,
1138 2258 1256 2312 qua:
1292 2252 1399 2296 tam
1419 2243 1535 2297 sine
1562 2241 1723 2298 dubio
1746 2242 1941 2313 poterit
1962 2242 2118 2312 quids

547 2336 675 2404 quid
704 2335 932 2389 voluerit
960 2351 1117 2403 quam
1140 2335 1257 2387 sine
1280 2334 1442 2388 dubio
1466 2332 1691 2387 feliciter
1720 2334 1958 2387 existens
1989 2332 2114 2387 felix

546 2426 775 2481 essentia
810 2425 927 2478 erit.
961 2424 1031 2478 Et
1077 2434 1202 2479 tunc
1254 2425 1413 2479 homo
1455 2423 1672 2478 haliehit
1716 2424 1941 2477 liberum
1969 2424 2114 2479 arbi-

546 2515 705 2569 trium
731 2530 856 2569 vere
884 2514 952 2567 ab
995 2516 1141 2568 ornni
1179 2514 1316 2569 malo
1339 2530 1403 2567 ex
1422 2510 1425 2511 ⁷
1445 2522 1558 2568 toto
1596 2512 1883 2583 liberatum
1909 2513 2000 2579 ”°,
2028 2528 2113 2567 se.

544 2608 776 2660 cundum
801 2604 944 2674 quod
970 2606 1058 2659 hic
1086 2604 1320 2665 interim,
1350 2605 1477 2657 dum
1504 2604 1673 2667 vivit,
1721 2613 1978 2671 Operante
2017 2602 2110 2656 Dei

546 2696 741 2766 gratia,
778 2696 891 2749 vult
919 2710 1038 2763 qua:
1071 2695 1211 2749 Deus
1245 2695 1314 2727 ⁸³³
1345 2694 1597 2764 praecepit
1621 2693 1816 2759 facere,
1846 2708 1965 2763 quae
1987 2708 2114 2748 vero

546 2786 795 2855 prohibet
823 2785 892 2816 ⁸⁸¹
918 2785 1205 2839 dimittere.
1718 2798 1719 2801 ‘

619 2874 683 2929 Vl
706 2875 798 2928 ⁸³³.
831 2874 983 2940 Quod
1012 2876 1162 2927 Immo
1191 2875 1375 2927 existat
1404 2889 1458 2925 tn
1495 2871 1698 2925 duabus
1729 2872 1950 2933 naturis,
1976 2882 2113 2940 qua-

522 2954 802 3039 trumj'una
826 2967 1047 3033 erigitur
1092 2964 1161 3015 ad
1206 2978 1429 3025 summa,
1478 2962 1643 3013 altera
1688 2960 1994 3029 deprimitur
2039 2960 2110 3013 ad

504 3052 510 3057 ’
542 3057 742 3109 ima.—-
763 3048 983 3108 COnstat
1011 3062 1191 3107 autem
1248 3053 1408 3106 homo
1435 3066 1501 3105 ex
1531 3049 1602 3081 “‘
1638 3049 1843 3104 duabus
1864 3050 2101 3105 naturis:

522 3161 606 3215 ex
622 3132 823 3201 natura
850 3145 1042 3199 animae
1059 3152 1113 3198 et
1145 3159 1210 3198 ex
1247 3154 1438 3196 natura
1467 3140 1666 3195 carnis.
1701 3139 1898 3194 Natura
1928 3126 2107 3195 autem
2135 3114 2183 3177 ε

541 3235 755 3299 animm,
785 3234 911 3302 quia
946 3234 1121 3286 anima
1144 3232 1399 3302 spiritalis
1426 3230 1496 3262 ⁸³⁸
1525 3239 1627 3295 est,
1659 3230 1972 3283 naturaliter
1998 3239 2115 3284 ten-

543 3323 621 3376 dit
646 3322 713 3375 ad
742 3322 1019 3390 superiora
1043 3330 1289 3386 ;inatura
1316 3330 1494 3373 autem
1519 3320 1719 3380 carnis,
1743 3317 1865 3385 quia
1892 3331 2019 3370 caro
2044 3330 2107 3369 ex

520 3400 817 3467 .desiderio
846 3411 898 3464 in
921 3411 1165 3464 carnales
1190 3411 1460 3479 appetitus
1488 3410 1599 3463 exit
1636 3409 1726 3474 ⁸⁸⁸,
1767 3408 1917 3476 quasi
1951 3415 2107 3461 natu-

546 3499 736 3553 raliter
776 3499 843 3553 ad
905 3498 1086 3552 intima
1130 3498 1318 3551 tendit.
1348 3497 1445 3552 Est
1470 3512 1598 3551 vero
1644 3497 1784 3550 inter
1832 3496 1929 3548 has
1977 3494 2111 3547 duas

547 3597 771 3642 naturas
791 3626 807 3651 ,
831 3602 899 3641 cx
939 3586 1130 3655 quibus
1166 3588 1325 3640 homo
1354 3596 1597 3650 constat,
1636 3584 1878 3639 voluntas
1898 3625 1914 3650 ,
1961 3585 2113 3652 quasi

546 3676 723 3731 inedia
753 3677 955 3731 habens
994 3676 1218 3730 liberum
1257 3674 1562 3729 arbitrium.
1616 3673 1733 3740 Quo
1772 3672 1941 3728 libero
1969 3674 2112 3727 arbi-

547 3768 652 3822 trio
686 3767 730 3821 si
766 3781 824 3820 se
861 3765 1102 3835 junxerit
1130 3781 1249 3820 cum
1297 3766 1473 3819 anima
1522 3764 1588 3797 ⁸³⁷
1630 3780 1749 3833 qua:
1796 3762 2112 3824 naturaliter

543 3855 714 3911 tendit
749 3856 815 3909 ad
854 3855 1153 3924 superiora,
1182 3864 1306 3909 tunc
1358 3854 1536 3907 anima
1574 3854 1736 3923 239
1765 3861 1815 3908 et
1867 3853 2121 3921 voluntas

543 3934 866 4016 (opitulante
895 3953 1071 3997 tamen
1098 3942 1282 3996 divina
1315 3942 1510 4011 gratia)
1556 3956 1773 3995 carnem
1800 3942 1871 3974 ⁸³⁸
1895 3956 2108 3995 sursum

545 4034 613 4087 ad
640 4031 851 4087 excelsa
874 4047 1056 4087 secum
1077 4031 1309 4093 elevant,
1330 4039 1384 4083 et
1408 4030 1459 4085 in
1482 4038 1682 4084 aeterna
1710 4030 1962 4084 felicitate
1992 4030 2109 4084 sine

546 4122 655 4176 ﬁne
676 4123 942 4176 victuram
968 4120 1175 4186 locant,
1203 4129 1260 4174 ut
1277 4119 1389 4188 jam
1432 4120 1660 4189 amplius
1710 4136 1814 4175 non
1853 4121 1924 4176 sit
1970 4121 2108 4175 inter

2221 1904 2418 1953 meum,
2451 1903 2545 1956 per
2570 1886 2795 1957 gratiam
2819 1892 2963 1938 tuam
2988 1893 3042 1939 et
3061 1902 3158 1955 per
3175 1888 3472 1956 piissimam
3492 1888 3796 1955 misericor-

2168 2018 2186 2036 .
2219 1978 2360 2032 diam
2408 1988 2549 2032 tuam
2579 1979 2814 2048 guberna
2868 1989 2924 2035 et
2974 1979 3178 2055 sustine
3226 1978 3452 2033 liberum
3506 1978 3793 2034 arbitrium

2221 2083 2419 2133 meum,
2452 2083 2517 2123 ne
2546 2069 2635 2123 illo
2662 2068 2801 2125 male
2832 2070 3029 2124 utendo
3059 2068 3258 2138 possim
3282 2058 3555 2123 offendere
3580 2079 3630 2123 te
3661 2069 3783 2125 dul-

2221 2157 2502 2211 cissimum
2527 2152 2838 2214 Creatorem
2869 2172 3046 2212 meum
3066 2198 3080 2224 ,
3107 2166 3162 2211 et
3214 2158 3637 2227 quotiescunque
3670 2175 3789 2215 ma-

2220 2245 2325 2301 lum
2368 2249 2495 2301 mihi
2533 2248 2727 2316 placet.
2770 2259 3057 2318 antequam
3114 2247 3242 2301 illud
3288 2263 3450 2317 opere
3486 2248 3787 2318 perﬁciam,

2215 2338 2430 2394 destrne
2476 2340 2547 2371 ⁸⁵⁵
2597 2349 2651 2395 et
2695 2334 2961 2396 cenfunde
3008 2355 3168 2394 omne
3216 2341 3413 2393 malum
3457 2342 3785 2397 desiderium

2214 2442 2412 2482 meum.
2449 2427 2588 2482 Malo
2637 2443 2667 2482 a
2724 2439 2775 2484 te
2824 2428 2917 2493 “',
2971 2428 3276 2484 dulcissime
3328 2427 3487 2484 Pater
3558 2429 3651 2497 9“,
3704 2431 3790 2488 vel

2217 2514 2409 2569 invitus
2469 2516 2656 2581 trahi,
2704 2515 2788 2570 vel
2834 2516 2997 2587 etiam
3065 2517 3273 2571 catenis
3327 2516 3523 2587 ligatus
3581 2520 3636 2573 in
3682 2521 3783 2575 aii-

2216 2616 2321 2670 quo
2362 2602 2555 2673 angulo
2606 2603 2795 2657 domus
2840 2613 2944 2658 tua:
3007 2604 3193 2674 projici
3225 2645 3241 2670 ,
3293 2620 3451 2673 quam
3481 2617 3590 2661 ate
3629 2623 3789 2677 sepao

2213 2689 2343 2755 rari,
2376 2691 2464 2743 ubi
2504 2691 2605 2745 etsi
2652 2706 2759 2745 non
2790 2690 3089 2761 piissimum
3142 2693 3345 2747 vultum
3394 2701 3539 2748 tuum
3584 2696 3787 2765 possim

2189 2766 2430 2849 propter
2475 2788 2693 2849 peccata
2744 2795 2862 2835 mea
2916 2782 3183 2851 respicere
3213 2822 3231 2846 .
3302 2782 3489 2838 saltem
3546 2783 3784 2839 laetitiam

2212 2878 2268 2923 ct
2338 2867 2590 2937 gaudium
2635 2867 2846 2923 illorum
2901 2870 2991 2937 qui
3044 2868 3136 2922 tibi
3195 2852 3527 2925 famulanttir
3567 2872 3773 2929 valeam

2210 2954 2414 3009 audire.

2279 3043 2432 3111 Quis,
2478 3044 2786 3100 dulcissime
2846 3044 3072 3101 Creator
3114 3046 3181 3078 Μ
3224 3047 3536 3114 hominum,
3603 3060 3785 3120 potest

2212 3134 2481 3189 restimare
2508 3133 2826 3192 ineffabilem
2865 3136 3157 3191 bonitatem
3202 3146 3372 3202 tuam,
3410 3154 3517 3209 qua
3565 3140 3617 3195 in
3659 3151 3779 3196 ιλιι-
3824 3194 3827 3201 .

2221 3231 2331 3276 tum
2357 3222 2426 3255 “'
2449 3224 2740 3277 humanam
2780 3234 3027 3278 naturam
3063 3225 3332 3287 dilexisti;
3365 3238 3424 3281 ut
3458 3244 3563 3282 non
3605 3231 3781 3288 solum

2214 3324 2333 3364 eam
2362 3326 2579 3366 creares
2598 3312 2827 3377 “’,eum
2854 3326 2957 3367 non
2981 3314 3248 3377 esset,sed
3271 3324 3326 3369 tu
3363 3317 3502 3385 ipsa,
3529 3318 3776 3389 Creator,

2215 3400 2351 3470 ejus,
2383 3415 2480 3470 pro
2498 3416 2681 3456 amore
2707 3399 2824 3469 ejus
2860 3391 3105 3457 creatura
3135 3402 3333 3458 ﬁeres?
3364 3406 3526 3475 Cujus
3545 3423 3638 3463 cor
3667 3418 3778 3465 tam

2215 3490 2425 3553 durum,
2474 3500 2583 3544 tam
2615 3491 2881 3557 ferreum,
2926 3493 3099 3547 sciens
3137 3503 3190 3548 et
3225 3495 3531 3566 intelligens
3569 3508 3775 3555 tantam

2214 3579 2552 3635 dilectionem
2582 3590 2727 3635 tuam
2755 3596 2882 3650 erga
2911 3582 3182 3637 hominem
3216 3600 3376 3654 quem
3410 3589 3632 3652 creasti,
3667 3603 3776 3644 non

2213 3679 2391 3738 potest
2415 3670 2662 3737 emolliri,
2701 3680 2756 3726 et
2786 3680 2951 3726 totum
2983 3673 3241 3743 liqueﬁeri
3268 3677 3323 3730 in
3358 3678 3581 3745 gratiam
3604 3686 3657 3732 et
3677 3694 3775 3734 ve-

2214 3763 2544 3817 nerationem
2576 3771 2678 3817 tua
2709 3762 3044 3827 dulcedinis?
3074 3765 3229 3831 Vere,
3259 3768 3434 3821 anima
3472 3783 3609 3833 mea,
3649 3786 3777 3826 vero

2215 3862 2307 3902 cor
2328 3865 2525 3915 meum,
2556 3859 2609 3904 et
2636 3851 2815 3905 omnia
2856 3852 3045 3906 intima
3079 3868 3217 3917 mea,
3246 3856 3439 3908 mirum
3474 3866 3559 3911 est
3587 3858 3634 3912 si
3669 3875 3775 3913 un-

2214 3955 2375 4008 quam
2420 3948 2580 3994 tantae
2614 3942 2892 3996 charitatis
2941 3951 3205 4011 tantaeque
3248 3944 3463 4013 pietatis
3500 3946 3777 4006 Creatoris

2213 4029 2377 4083 vestri
2406 4031 2630 4096 potestis
2659 4030 2916 4085 oblivisci.
2948 4031 3106 4097 Ecce,
3131 4033 3293 4086 miser
3321 4024 3501 4099 homo,
3532 4038 3662 4104 quid
3690 4040 3772 4094 fe-

2212 4118 2286 4170 cit
2313 4117 2535 4172 Creator
2566 4126 2707 4181 tuus,
2735 4119 2861 4187 quid
2897 4118 3025 4173 fecit
3054 4120 3310 4187 Dominus
3344 4128 3488 4178 tdus.
3521 4125 3656 4195 ipse,
3682 4129 3770 4182 cui

546 4226 760 4267 carnem
787 4220 838 4266 et
858 4210 1093 4265 animam
1119 4209 1221 4264 ulla
1248 4210 1695 4281 repugantia,sed
1724 4225 1937 4281 semper
1963 4212 2104 4266 idem
2136 4220 2182 4278 υ
2209 4223 2421 4278 semper
2463 4222 2581 4263 esse
2640 4218 2763 4275 est,
2814 4218 2868 4263 et
2927 4224 3137 4281 semper
3177 4227 3296 4271 esse
3346 4217 3444 4271 t'uit
3502 4217 3604 4284 "°,
3664 4218 3768 4272 im-

1836 4387 2068 4444 VARizE
2105 4385 2498 4442 LECTIONES.

613 4524 684 4594 Ψ
715 4523 838 4578 Ideo
860 4533 942 4578 est
991 4523 1182 4585 bonus,
1219 4524 1341 4594 quia
1376 4522 1614 4594 imitatur
1643 4537 1763 4577 cum
1794 4525 1882 4594 qui
1913 4522 2242 4594 aeternaliter
2269 4519 2865 4594 ms._a.Deo‘eAst.bo_nus
2895 4533 2984 4586 qui
3012 4522 3338 4594 aeternaliter
3408 4522 3477 4594 Ψ
3501 4522 3671 4577 Homo
3694 4524 3767 4579 ad

542 4593 946 4648 similitudinem
978 4587 1438 4647 creatoris-factus
1468 4593 1742 4645 voluntate
1770 4587 1971 4655 bonus;
2001 4609 2098 4645 ms.
2145 4593 2253 4643 lucc
2280 4590 2465 4642 omittit
2565 4588 2636 4620 ⁸³⁸
2664 4587 2718 4659 lu
2751 4588 2908 4641 finem
2930 4601 3147 4659 maneat
3188 4608 3264 4644 ms
3315 4593 3365 4645 in
3396 4592 3555 4645 ﬁnem
3582 4607 3767 4659 perse~

542 4673 699 4716 verat
769 4663 841 4693 ⁸²⁹
873 4661 988 4714 Νοη
1022 4670 1104 4714 est
1148 4662 1288 4715 aliud
1316 4662 1580 4723 voluntas,
1613 4661 1752 4714 aliud
1791 4662 2023 4715 essentia
2061 4675 2075 4713 :
2103 4661 2180 4712 sic
2206 4677 2300 4711 ms.
2331 4675 2434 4713 non
2464 4666 2545 4729 est
2570 4657 2727 4729 aliud
2742 4658 2974 4729 essentia
3004 4674 3164 4726 quam
3200 4657 3596 4729 voluntas,‘_ncc
3620 4661 3767 4715 aliud

542 4734 787 4785 voluntas
812 4747 972 4798 quam
1011 4732 1242 4783 essentia
1287 4749 1299 4783 ε
1342 4732 1418 4783 sic
1452 4744 1455 4745 '
1489 4730 1558 4761 “°
1583 4731 1661 4783 Ab
1690 4732 1839 4799 omni
1882 4731 2016 4783 inalo
2046 4731 2325 4783 liberatum
2368 4745 2467 4779 ms.
2496 4727 2563 4779 ab
2587 4726 2905 4799 omnimalo
2946 4736 3145 4799 exutoto
3179 4726 3494 4782 liberatum‘
3536 4728 3604 4759 '“
3630 4730 3765 4799 Gra-

544 4802 637 4870 tia,
677 4801 786 4870 vnlt
811 4795 934 4870 quae
975 4800 1112 4870 Dens
1137 4816 1232 4851 ms.
1268 4802 1444 4870 gratia
1476 4815 1656 4853 secmn
1702 4800 1810 4852 vult
1834 4795 1893 4853 ὀι
1918 4802 2065 4868 ponit
2092 4800 2226 4851 bona
2257 4813 2374 4867 quae
2407 4799 2545 4851 Deus
2614 4796 2689 4870 “3f
2716 4795 3115 4870 Qtueproliibet
3144 4812 3240 4870 mg.
3272 4811 3391 4870 quae
3426 4797 3765 4870 veroprohif

542 4869 634 4940 bet
703 4869 773 4900 ⁸³³
802 4865 943 4940 ς’νι.
974 4868 1123 4933 Quod
1159 4865 1317 4940 honio
1347 4870 1542 4923 existat
1567 4886 1628 4923 ex
1666 4870 1873 4922 duahus
1903 4865 2124 4940 naturis,
2154 4865 2380 4935 quarum
2414 4865 2775 4940 una‘esigitur
2802 4867 2868 4940 ad
2891 4879 3121 4928 sinuata,
3166 4866 3330 4940 altera
3353 4865 3667 4940 deprimitur
3692 4865 3764 4940 ad

544 4938 647 4997 ima
679 4954 772 4990 ms.
806 4934 968 5002 Quod
999 4941 1157 4989 homo
1180 4939 1416 4991 existens
1455 4939 1505 4990 in
1536 4939 1738 4992 duabus
1764 4939 1966 4991 naturis
1998 4938 2086 4998 sit,
2115 4934 2339 5003 quarum
2371 4952 2474 4987 una
2506 4935 2754 5002 dirigitur
2795 4936 2859 4988 ad
2898 4947 3129 4998 Summa,
3154 4934 3320 4987 altera
3358 4936 3670 5003 deprimitur
3690 4935 3764 4990 at!

544 5007 669 5073 ima.
745 5006 815 5036 ⁸³⁵⁸
844 5007 1063 5058 Constat
1091 5018 1265 5060 autem
1295 5009 1469 5059 anima
1494 5023 1556 5060 cx
1584 5024 1677 5059 ms.
1704 5015 1912 5061 constat
1946 5002 2351 5074 antenmihomn)
2382 5020 2447 5056 cx
2482 5030 2487 5038 -
2521 5004 2592 5034 ⁸³⁸
2617 5005 2802 5057 Anima
2835 5017 2921 5056 res
2951 5003 3240 5074 Spiritualis
3263 5020 3360 5057 ms.
3398 5002 3573 5058 anima
3603 5002 3765 5072 spiri-

545 5076 706 5128 tualis
778 5075 847 5107 ⁸³⁶
873 5076 928 5127 lu
957 5076 1201 5129 carnales
1229 5078 1494 5145 appetitus
1514 5076 1743 5129 exilius.
1775 5077 2011 5145 carnalis
2044 5076 2311 5143 appetitus
2334 5073 2469 5145 exiit
2510 5074 2610 5145 _7”"
2642 5074 2773 5127 Cum
2805 5076 2980 5125 anima
3008 5073 3256 5125 voluntas
3282 5089 3379 5127 ms.
3405 5087 3525 5125 eum
3546 5076 3758 5145 anima,

544 5145 1002 5215 (maturatur-aliter
1029 5146 1196 5198 tendit
1224 5142 1613 5215 aliisupnriora,
1648 5155 1770 5198 tunc
1795 5144 1970 5197 anima
1996 5156 2061 5215 et,
2080 5142 2333 5215 voluntas
2404 5143 2471 5215 ⁸ᾼ³⁸
2494 5143 2675 5198 Gratia
2717 5153 2770 5215 et
2813 5144 3013 5215 anima,
3042 5157 3260 5215 carnem
3290 5159 3386 5215 rus.
3422 5142 3614 5208 gratia,
3639 5155 3764 5215 car-

543 5208 662 5263 nem
735 5210 808 5277 P”
840 5214 1250 5267 Sinnlitudiuem
1286 5208 1459 5275 suain,
1489 5232 1607 5267 cum
1643 5215 1779 5267 Deus
1806 5217 1904 5268 ms.
1926 5214 2325 5267 similitudinem
2356 5212 2456 5273 sui,
2484 5215 2693 5267 tandem
2722 5213 2857 5264 Deus
2929 5212 2999 5243 ⁸’·⁰
3033 5208 3159 5276 Qua:
3186 5213 3335 5277 quasi
3365 5227 3463 5279 ms.
3488 5226 3606 5278 qua:
3632 5210 3762 5279 quia

540 5280 607 5354 ’δέ
643 5270 749 5333 Vel“
767 5283 905 5354 quod
938 5299 1030 5335 ius.
1072 5298 1166 5349 per
1193 5286 1330 5350 quod
1427 5270 1495 5323 δ’δ’
1526 5284 1552 5354 §
1583 5283 1685 5335 V:l.
1740 5283 1833 5336 llic
1875 5293 1993 5336 orat
2050 5285 2210 5354 homo
2243 5270 2667 5354 Deunipurnon
2695 5282 2969 5354 permittat
2997 5270 3288 5354 etimhmale
3315 5280 3393 5354 uti
3418 5270 3583 5354 libero
3610 5270 3756 5354 arbi-

545 5349 646 5400 trio
671 5347 885 5421 rumine
908 5361 1021 5403 orat
1052 5347 1221 5421 homo
1242 5354 1427 5416 Deum,
1456 5370 1507 5404 ιιι
1527 5347 1656 5406 Ἶιθιι
1688 5356 1959 5421 permittat
1981 5367 2101 5405 eum
2128 5352 2202 5421 uti
2226 5351 2364 5421 malo
2393 5367 2491 5404 nec
2518 5347 2952 5421 libero—arbitrio
3023 5348 3336 5421 "’“Domine
3365 5347 3490 5421 Jesu
3517 5348 3759 5421 Christe.

542 5422 702 5488 ilius.
740 5420 977 5480 Domine,
1008 5421 1050 5473 Ο
1122 5420 1191 5451 ⁸³⁸
1216 5422 1387 5488 Ipsum
1420 5424 1639 5476 destrnc
1688 5417 1786 5475 ius.
1838 5423 2047 5473 tleslrue
2122 5419 2190 5450 5”
2222 5419 2355 5473 Malo
2395 5426 2459 5473 ad
2490 5431 2541 5473 te
2581 5437 2676 5472 ms.
2731 5420 2869 5470 malo
2898 5436 2926 5472 a
2961 5429 3011 5473 te
3084 5418 3152 5488 Ψ
3186 5418 3497 5473 Dulcissimo
3533 5417 3760 5488 Domino

546 5484 701 5540 Pater
732 5504 807 5539 ms
856 5489 1167 5543 dulcissime
1206 5484 1366 5545 Pater
1437 5492 1505 5525 “7
1536 5492 1765 5546 Creator
1791 5489 2025 5542 omnium
2075 5504 2169 5541 ms.
2219 5488 2442 5541 Creator
2470 5490 2740 5541 hominum
2815 5489 2882 5519 “‘9
2914 5488 3063 5553 Quod
3092 5487 3142 5542 iu
3174 5498 3376 5539 tantum
3422 5500 3517 5556 ius.
3565 5501 3671 5556 qua
3700 5485 3758 5538 in

547 5563 747 5672 :ttlllltll
799 5560 867 5594 ’δ’
911 5558 1046 5634 |Eam
1070 5575 1319 5680 cautiores
1341 5577 1435 5613 ms.
1490 5576 1608 5615 eam
1642 5574 1855 5614 crearcs
1926 5558 1995 5591 °'°
2034 5559 2146 5628 lpsc
2176 5559 2319 5612 enim
2350 5573 2563 5627 semper
2591 5573 2709 5612 ese
2734 5566 2813 5611 est
2851 5566 2903 5611 et
2940 5572 3149 5627 semper
3181 5558 3273 5609 fuit
3298 5571 3392 5609 nis.
3419 5555 3532 5624 Ipse
3560 5555 3647 5610 cui
3672 5560 3759 5607 est

580 5636 663 5673 sse
683 5635 734 5677 et
765 5639 976 5680 setnner
1012 5643 1130 5680 esse
1197 5630 1255 5680 iit

546 5633 663 5673 esse
683 5635 734 5677 et
765 5630 976 5693 semper
1012 5643 1130 5682 esse
1161 5630 1255 5683 fuit

3575 6000 3591 6013 Ἰ
3800 6008 3815 6025 Ρ
3874 6024 3893 6029 _

3776 6050 3801 6065 ,δ
3868 6050 3871 6051 ,

3690 6080 3695 6091 Γ

3676 6114 3697 6147 L'b
4042 6102 4043 6107 η

3510 6234 3580 6246 -δυ
3600 6233 4142 6250 ἠῄὴι
