4190 6218
304 311 411 366 809

1658 311 2191 368 MEDITATIONES.

3432 327 3532 379 lilii

298 425 573 481 mutabilis
627 435 681 478 et
737 426 1016 481 invisibilis
1039 467 1052 490 ,
1121 426 1507 480 inaestimabilis
1560 436 1615 479 et
1666 441 1866 480 tneom-
1896 433 1943 489 Λ
1972 427 2301 480 circumdata
2325 439 2404 480 cst
2433 446 2494 481 cx
2530 431 2850 488 abundantia
2897 436 3240 505 iuiqnitatnm
3276 416 3526 493 suarum:

296 513 680 588 prcltcnsibilis
743 517 812 549 ⁸⁸⁸
845 556 861 580 ,
919 518 1058 578 miro
1125 525 1180 569 et
1248 515 1318 546 ⁸⁸⁸
1393 513 1643 568 ineffabili
1686 516 1868 584 modo

295 624 452 665 suum
493 623 612 663 esse
660 623 766 662 non
807 608 1118 668 dimittens,
1167 620 1265 674 pro
1306 614 1357 659 te
1404 605 1476 636 ⁸⁵³
1524 621 1582 659 se
1625 606 1870 681 exinani-

294 699 394 765 vit,
424 715 546 754 cum
584 688 683 767 pro
722 707 774 750 te
811 689 1075 750 creatura
1104 696 1218 748 ﬁeri
1258 695 1446 759 voluit,
1491 707 1549 750 ut
1579 708 1650 762 te,
1683 697 1770 763 qni
1803 696 1870 750 de

296 804 404 844 non
434 803 555 843 esse
573 787 638 841 ad
669 802 789 842 esse
815 786 1031 849 venisti,
1062 786 1128 839 ad
1158 801 1217 839 se
1242 787 1333 854 qui
1367 803 1473 839 ttun
1501 785 1573 840 de”
1603 801 1705 839 non
1749 801 1870 839 esse

295 881 367 935 ad
391 895 512 942 esse
534 879 710 943 venit;
731 879 824 931 sed
865 877 952 932 cui
993 891 1208 951 semper
1237 891 1358 930 esse
1391 877 1513 940 fuit,
1554 878 1868 930 familiarius

292 959 692 1029 reconciliaret,
747 965 1153 1018 reconciliatqu
1182 974 1237 1017 et
1267 980 1329 1018 ex
1358 963 1429 1020 ⁸⁸⁵
1453 975 1565 1017 ιοιο
1596 966 1647 1018 in
1689 967 1868 1033 pristi-

295 1073 420 1113 nam
449 1056 762 1152 dignitatem
789 1054 1134 1109 reformatqu
1163 1055 1228 1107 ad
1253 1053 1407 1108 suum
1433 1071 1551 1109 esse
1568 1056 1866 1132 rcdpeeret,

286 1146 375 1200 uti
403 1143 528 1200 l'elii
560 1143 631 1176 ⁸³⁸
661 1159 877 1214 semper
900 1153 953 1198 et
974 1145 1126 1199 lmtus
1155 1144 1208 1197 in
1238 1152 1439 1198 interna
1470 1161 1566 1198 sua
1593 1145 1762 1214 gloria
1791 1162 1868 1200 se-

294 1250 418 1290 cum
461 1236 514 1289 in
557 1243 823 1288 mternum
851 1236 1142 1304 gauderes.
1192 1235 1369 1298 Ecce,
1405 1230 1546 1288 Deus
1589 1251 1768 1295 mens,
1813 1245 1868 1289 et

289 1309 520 1378 Greater
541 1332 853 1387 meus,eece
873 1324 1016 1378 vides
1029 1340 1136 1392 quo
1158 1324 1438 1394 cogitando
1450 1323 1780 1392 '"perveni;
1815 1333 1869 1378 et

293 1422 494 1473 tamen,
527 1414 629 1466 hoc
649 1414 957 1486 cpgitamlo,
985 1413 1204 1482 quantis
1241 1414 1416 1467 adhuc
1450 1412 1776 1467 vanitatibus
1816 1421 1870 1467 et

294 1503 541 1559 stnltitiis
564 1504 747 1560 infelix
777 1508 955 1560 anima
983 1523 1098 1560 mea
1126 1506 1362 1574 subjecta
1393 1506 1484 1560 sit.
1508 1505 1565 1561 Si
1583 1506 1868 1574 aliquando

293 1581 465 1666 gratia
499 1592 584 1648 tua
619 1607 891 1666 respectus
920 1599 1114 1666 incipio
1136 1597 1374 1666 cogitare
1404 1590 1676 1666 quomodo
1706 1606 1869 1666 perti-

292 1694 418 1740 neat
448 1686 518 1717 ⁸⁶⁷
541 1687 609 1739 ad
630 1686 861 1754 aliquam
890 1688 1172 1742 utilitatem
1201 1689 1392 1742 anima:
1421 1702 1568 1748 mem,
1600 1686 1867 1741 instabilis

1971 525 2189 583 propter
2236 518 2454 569 easdem
2494 520 2637 572 enim
2693 521 3000 588 iniquitates
3027 527 3304 578 'anzaram'
3329 528 3531 594 patitur

1971 603 2264 656 absentiam
2312 605 2687 671 pulcherrime
2743 608 2894 663 faciei
2942 622 3062 664 tua).
3133 614 3268 666 lliuc
3327 615 3530 681 itaque,

1969 689 2111 745 Dens
2142 707 2316 754 mens,
2355 693 2480 745 bine
2524 705 2608 749 est
2636 713 2853 750 summa
2895 701 3093 754 doloris
3130 707 3254 764 nn-i,
3284 708 3408 773 quia
3443 719 3568 761 co-‘

1969 797 2168 850 gnosro
2198 799 2284 836 me
2312 784 2652 839 c'letuentiam
2678 796 2820 841 tuam
2849 806 2965 842 mea
2999 793 3281 860 iniquitate
3301 801 3536 864 graviter
3594 783 3596 786 I

1969 872 2274 935 nl'l‘etnlissc.
2309 883 2360 926 ct
2397 877 2582 931 oculos
2608 880 2790 931 cordis
2817 881 2918 932 mei
2954 882 3022 935 ob
3060 887 3299 938 eamdem
3339 889 3534 956 iniqui-

1972 976 2157 1029 tatem,
2189 984 2270 1045 ne_
2305 972 2667 1027 desideranda:
2716 975 2980 1031 claritatis
3010 988 3111 1032 tua:
3164 982 3338 1038 lumen
3394 988 3534 1056 aspi-
3563 983 3567 987 ’

1970 1057 2139 1120 ciant,
2171 1061 2397 1112 emeatus
2422 1059 2607 1116 fuisse.
2639 1062 2831 1117 Fecisti
2858 1077 3036 1131 tuc,ttt
3057 1072 3342 1134 gamlerem
3371 1075 3436 1129 de
3461 1086 3531 1137 te,

1967 1151 2022 1195 et
2054 1158 2156 1212 ego
2185 1154 2292 1198 tam
2327 1155 2537 1222 turpem
2574 1164 2660 1202 me
2699 1147 2820 1211 feci.
2847 1160 2904 1202 ut
2930 1153 3248 1209 etnbcscam
3277 1174 3533 1227 apparere

1964 1249 2148 1288 coram
2181 1245 2248 1289 te.
2276 1236 2591 1306 Iniqttilntes
2620 1239 2764 1292 enim
2796 1257 2921 1294 mra:
2939 1260 3280 1312 Sll[.'€l‘gl‘058ﬂ.'
3301 1261 3418 1302 sum
3447 1269 3533 1303 m-

1968 1333 2057 1389 put
2083 1341 2292 1404 ineunt,
2323 1336 2369 1377 et
2423 1327 2556 1378 sicut
2602 1344 2734 1379 onus
2782 1344 2935 1395 grare
2980 1345 3206 1399 gravata:
3244 1347 3364 1388 sum
3383 1354 3535 1404 super

1969 1430 2049 1466 me
2077 1399 2247 1482 (Psbl.
2298 1433 2504 1480 xxxvii,
2546 1418 2622 1486 5);
2660 1434 2810 1472 mens
2856 1436 2972 1473 mea
3021 1424 3237 1478 malitia:
3268 1426 3386 1494 [cile
3425 1429 3534 1487 ine-

1969 1500 2140 1554 briata
2171 1511 2270 1569 est,
2302 1515 2356 1557 et
2383 1506 2565 1558 anima
2588 1521 2704 1560 mea
2728 1509 2971 1574 pondere
3001 1511 3264 1564 scclczum
3291 1514 3535 1565 incurva-

1972 1580 2023 1646 ta
2059 1601 2162 1658 est,
2218 1596 2434 1648 animus
2463 1612 2613 1650 meus
2637 1593 2890 1652 vitiorum
2933 1601 3042 1652 luto
3081 1602 3304 1657 ﬁedatus
3345 1615 3446 1671 est,
3481 1617 3535 1660 et

1970 1697 2061 1737 cor
2087 1699 2265 1737 meum
2295 1685 2567 1753 iniustitiae
2609 1674 2730 1740 tabe
2764 1688 3025 1755 repletum
3055 1703 3134 1743 est
3161 1708 3175 1755 ς
3210 1696 3390 1747 anima
3415 1709 3529 1748 mea

293 1786 448 1830 mens
479 1791 617 1840 mea,
651 1785 709 1830 et
735 1775 847 1829 fere
877 1776 945 1830 ab
964 1778 1116 1853 omni
1162 1779 1304 1833 bono
1329 1771 1493 1831 vacua
1527 1779 1638 1833 cito
1671 1777 1868 1833 labitur
1901 1783 1942 1836 Β
1968 1782 2318 1844 peccatorum
2354 1775 2581 1828 nexilrus
2619 1776 2822 1832 irretita
2853 1788 2957 1841 cst,
2987 1790 3041 1832 et
3084 1791 3189 1833 tota
3229 1784 3530 1838 substantia

292 1868 362 1920 ad
391 1867 570 1933 inania
593 1877 646 1923 et
663 1867 856 1931 noxia,
886 1867 1045 1921 veluti
1076 1867 1224 1937 palea
1252 1883 1412 1937 quam
1439 1867 1743 1923 levissimus
1773 1867 1867 1921 lla—

293 1966 382 2010 tus
398 1957 551 2011 venti
577 1955 822 2011 exs'nlliat
849 1957 914 2012 de
947 1972 1091 2010 area.
1385 1975 1394 1981 ·
1833 2023 1837 2026 ,

358 2045 603 2102 Cernetis
635 2062 786 2116 ergo,
815 2047 1037 2100 Creator
1090 2062 1259 2109 meus,
1298 2055 1500 2102 tantam
1548 2048 1861 2102 inconstan-

261 2137 420 2194 tiam
477 2139 672 2192 utentis
717 2154 887 2202 mem,
935 2147 1041 2192 tam
1089 2147 1388 2206 torpentem
1443 2147 1499 2192 et
1543 2138 1860 2193 desidiosam

286 2227 358 2279 ad
385 2221 724 2296 cogitandum
760 2243 820 2280 ea
851 2242 968 2294 qua:
994 2235 1120 2294 sunt
1143 2227 1313 2289 utilia,
1348 2235 1456 2278 tam
1480 2225 1782 2280 ferventem
1809 2236 1863 2282 et

279 2316 589 2386 ‘studiasam
624 2317 690 2368 ad
723 2332 785 2368 ea
811 2331 930 2384 quur
963 2325 1085 2369 sunt
1129 2305 1313 2378 noxia,
1349 2331 1453 2368 non
1496 2316 1752 2383 respicias
1797 2317 1862 2387 ad

288 2407 391 2461 hoc
427 2407 566 2475 Quod
592 2406 845 2478 peccator
872 2421 1011 2460 sum.
1046 2406 1259 2472 Fateor,
1294 2405 1482 2470 lateor,
1512 2417 1767 2476 peccator
1787 2408 1861 2441 ⁵⁵⁸

288 2511 434 2563 sum,
482 2497 730 2564 indiguus
770 2510 910 2560 sum,
956 2495 1265 2549 immundus
1305 2511 1421 2549 sum
1459 2495 1551 2562 ³⁸³,
1583 2505 1638 2550 et
1684 2505 1860 2550 tamen

288 2601 395 2651 non
422 2585 671 2640 recedo'a
700 2594 770 2649 te,
810 2585 1120 2640 dulcissime
1169 2583 1296 2640 Iesu
1333 2585 1403 2617 ⁸⁸⁸
1441 2585 1677 2642 Christe.
1726 2587 1861 2640 velis

285 2673 426 2728 nolis
443 2673 536 2736 ⁸⁸⁸,
569 2688 673 2726 non
703 2673 916 2728 dimitto
937 2673 1119 2736 te,etsi
1140 2672 1355 2727 infirma
1373 2689 1533 2728 manu
1564 2682 1758 2730 tenebo
1782 2685 1859 2741 te,
1885 2661 1889 2711 Ῐ

286 2777 389 2818 nec
419 2755 636 2816 recedes
661 2777 690 2816 a
715 2777 822 2826 me,
845 2763 1018 2816 donec
1040 2764 1106 2815 ab
1123 2764 1268 2816 omni
1298 2764 1624 2833 cogitatione
1654 2747 1883 2833 peccati“

284 2849 533 2904 absolvas
557 2847 921 2902 me.‘V’crbera
946 2865 1044 2909 me,
1071 2851 1294 2903 emenda
1315 2865 1415 2909 me.
1446 2860 1501 2903 et
1525 2853 1736 2921 corripe
1752 2868 1854 2916 me,

282 2947 340 2994 et
372 2939 553 2993 tandiu
581 2938 783 3008 castiga
818 2953 1030 2992 servum
1062 2947 1210 2990 tuum
1253 2938 1345 2999 3",
1377 2939 1550 2995 donec
1568 2932 1678 3008 ’per
1710 2933 1855 2993 incf-

283 3027 499 3083 fabilem
543 3027 834 3082 bonitatem
879 3036 1024 3080 tuam
1068 3027 1335 3096 perducas
1375 3041 1462 3081 me
1516 3028 1580 3082 ad
1629 3026 1854 3098 gloriam

285 3124 393 3171 tua:
421 3113 910 3184 contemplationis.

817 3202 1186 3257 MEDITATIO
1211 3203 1328 3256 XX.

660 3295 997 3360 Querimonin
1023 3295 1087 3344 de
1111 3293 1342 3345 absentia
1369 3293 1480 3346 Dei.

300 3389 405 3460 (Ex
424 3386 788 3454 manuscripto
802 3385 982 3438 codice
1005 3384 1163 3437 p.167
1179 3383 1513 3438 bibliOtbecae
1527 3383 1858 3453 Tlmanmac.)

322 3505 324 3507 ν
353 3477 471 3530 Non
503 3475 714 3538 suliieit,
753 3474 975 3528 Domine
999 3515 1012 3539 ,
1044 3490 1152 3545 non
1184 3471 1376 3527 Snliicit
1416 3471 1718 3542 peccatrici'
1741 3473 1856 3526 ani-

280 3580 387 3620 mze
428 3581 560 3619 mea:
590 3565 732 3633 quod
770 3577 834 3617 ex
875 3562 1202 3615 abundantia
1239 3559 1524 3614 inell'abilis
1557 3559 1872 3615 clementiae

281 3673 390 3719 tuae
421 3678 516 3717 sua
556 3661 656 3715 sibi
703 3643 891 3728 sperat
925 3656 1154 3711 relaxari
1197 3666 1433 3725 peccata,
1477 3657 1579 3711 nisi
1606 3655 1854 3712 "dolorem

239 3808 257 3822 _
281 3766 468 3815 suum,
495 3763 656 3818 quem
696 3747 896 3816 patitur
939 3743 1006 3800 de
1027 3744 1268 3824 absentia
1324 3746 1500 3799 vultus
1531 3745 1629 3808 tui,
1671 3747 1856 3813 (μισή-

281 3841 522 3896 maniam
555 3853 704 3892 suam
741 3836 930 3901 saltem
958 3849 1141 3888 coram
1185 3843 1234 3886 te
1272 3834 1604 3901 exponendo,
1638 3850 1852 3904 quoquo

284 3931 447 3985 modo
484 3928 697 3983 studeat
730 3923 980 3978 relaxari.
1022 3922 1410 3990 Peregriuatut‘
1444 3923 1588 3976 enim
1621 3938 1650 3976 a
1697 3932 1765 3987 te,
1798 3933 1853 3996 et

279 4020 387 4073 hoc
433 4007 648 4085 propter
683 4015 994 4085 iniquitates
1033 4027 1175 4064 snas.
1221 4011 1320 4065 Ubi
1359 4028 1488 4081 ergo
1531 4003 1662 4066 milii
1695 4017 1854 4082 caput

279 4107 548 4163 sermOnis
584 4113 925 4168 occurretur,
958 4100 1191 4154 dolorem
1217 4115 1393 4153 meum
1421 4101 1639 4155 intendo
1662 4107 1853 4155 conso-

280 4199 406 4261 lari,
435 4208 491 4252 et
519 4211 640 4251 cum
674 4196 884 4248 intueor
914 4192 1179 4261 acquisita
1211 4191 1577 4255 consolatione
1600 4207 1854 4261 augmen-

283 4288 410 4344 tari.
439 4288 551 4356 Ipsa
579 4286 722 4339 enim
757 4283 1036 4351 inquisitio
1063 4279 1452 4336 consolationis
1477 4281 1640 4332 menti
1660 4294 1856 4358 memo-

280 4379 418 4433 riam
448 4383 794 4444 repraesentat
817 4373 1037 4425 doloris.
1061 4371 1494 4426 Consolatioiiem
1528 4383 1758 4436 namque
1789 4370 1852 4421 de

1968 1875 2085 1916 mea
2109 1863 2248 1916 mole
2283 1863 2566 1936 criminum
2590 1880 2844 1934 oppressa
2872 1880 2971 1922 cst.
2999 1869 3129 1933 Quis
3163 1881 3291 1941 ergo
3321 1874 3447 1926 mibi
3481 1876 3531 1928 in

1969 1959 2112 2004 tanta
2145 1951 2484 2027 miseriarum
2521 1953 2881 2022 prefnnditate
2897 1958 3190 2011 constituto
3220 1962 3535 2015 subveniet?

1967 2043 2330 2108 Quismanum
2355 2041 2629 2112 porriget?
2650 2033 2871 2116 Auego,
2897 2033 3034 2113 quod
3061 2064 3238 2101 ternm
3267 2061 3370 2115 cst,
3388 2060 3531 2104 tanta

1967 2137 2254 2204 iniquitate
2283 2137 2453 2191 Deum
2505 2137 2652 2192 solus
2677 2139 2994 2194 exacerbavi
3031 2150 3086 2192 nt
3123 2157 3239 2210 _nrc
3271 2144 3407 2209 ipse,
3436 2161 3534 2199 nec

1964 2223 2140 2292 aliqua
2170 2231 2416 2278 creatura
2442 2240 2534 2278 sua
2563 2240 2648 2279 me
2671 2212 2897 2295 ulterius
2927 2227 3049 2295 jnrc
3087 2229 3276 2282 debeat
3315 2231 3532 2284 intueri.

1964 2311 2076 2364 lleu
2101 2312 2261 2366 mihi!
2289 2327 2457 2380 quare
2478 2311 2558 2366 vel
2580 2317 2686 2366 una
2715 2315 2843 2367 liora
2869 2299 3153 2384 postquam
3185 2327 3339 2372 natus
3365 2319 3438 2373 l'ni
3482 2322 3532 2372 in

1956 2387 2292 2453 'ltoc.mundo
2319 2385 2537 2454 manere
2558 2401 2739 2463 debui,
2761 2411 2818 2454 ut
2847 2411 2994 2455 tanta
3020 2419 3048 2454 a
3073 2421 3156 2478 me
3184 2406 3320 2457 mala
3349 2417 3533 2462 contra

1965 2488 2131 2542 Deum
2162 2490 2424 2560 deberent
2451 2492 2730 2557 exerceri?
2768 2493 2944 2556 Quare
2977 2493 3106 2547 mibi
3143 2495 3250 2547 vita
3294 2506 3404 2549 tam
3440 2499 3529 2551 diu

1963 2578 2292 2656 conceditur,
2326 2594 2445 2647 qua:
2476 2587 2588 2632 tota
2639 2571 2849 2634 viliusi's
2884 2569 3165 2668 aﬂ’eetibus
3198 2585 3526 2652 dissipatur?

1964 2665 2070 2720 Sed
2097 2666 2567 2723 dilationetnvitze
2599 2683 2696 2720 cur
2740 2666 2984 2738 deploro,
3032 2665 3252 2739 quando
3299 2681 3412 2728 me'
3439 2690 3534 2742 per

1961 2771 2084 2818 eam
2119 2757 2187 2814 ad
2226 2757 2600 2827 pmoitentiam
2645 2771 2676 2810 a
2708 2758 2816 2812 Deo
2845 2759 3061 2813 invitari
3112 2755 3414 2830 cognaSco?
3456 2765 3533 2823 Λη

1959 2848 2191 2914 ignoras,
2226 2847 2302 2900 ait
2329 2848 2631 2915 Apostolus,
2656 2848 2778 2916 quia
2797 2851 3048 2914 patientia
3066 2835 3172 2903 Dei
3191 2852 3260 2902 ad
3273 2854 3527 2919 pamin-

1957 2939 2085 2990 (iam
2115 2931 2402 2990 teladeluciil
2427 2954 2446 2991 :
2495 2948 2552 2991 tu
2576 2948 2748 2991 autem
2778 2941 3060 3008 secundum
3091 2943 3340 2994 tlur.’t."mtt
3363 2953 3527 3003 tuam,-

1957 3034 2004 3079 et
2025 3042 2114 3079 cor
2143 3015 2482 3094 imperamus,
2515 3011 2838 3080 llresanrizns
2875 3012 2966 3080 tibi
2992 3033 3122 3081 iram
3163 3030 3215 3081 in
3249 3024 3458 3083 didita:
3483 3041 3528 3082 et
3580 3035 3586 3039 ’

1883 3120 1928 3181 c
1959 3114 2289 3167 reuelationis-
2329 3102 2467 3182 ju’m’
2503 3107 2859 3182 juditiiDei9
2911 3117 3090 3184 (llam.
3120 3135 3170 3181 ι,
3219 3119 3286 3181 4,
3316 3118 3395 3189 5.)
3449 3119 3528 3186 Att

1958 3202 2063 3263 hoc
2104 3203 2233 3270 ergo
2264 3203 2396 3260 mibi
2427 3203 2529 3257 vita
2555 3211 2840 3274 priestatur
2866 3212 2924 3255 ut
2959 3203 3147 3256 eadem
3189 3208 3525 3261 emendetur.

1957 3288 2067 3342 Cur
2095 3289 2258 3366 igitur
2286 3302 2390 3342 non
2421 3289 2510 3342 liat
2536 3289 2670 3343 ista?
2693 3290 2736 3341 si
2777 3299 2995 3358 pr0pter
3021 3281 3392 3359 poenitenti‘am
3421 3298 3528 3348 vita

1960 3381 2246 3445 diﬂ'ertur,
2305 3371 2472 3451 quare
2523 3382 2837 3450 pmnitcntia
2911 3385 3023 3452 ipsa
3105 3386 3418 3439 simulatur?
3475 3387 3530 3441 Si

1922 3488 1924 3490 ·
1960 3472 2100 3527 Deus
2145 3472 2338 3528 anima:
2392 3488 2522 3547 mere
2552 3475 2742 3541 parcit,
2794 3458 2882 3528 ad.
2914 3482 3124 3552 tempus
3169 3475 3530 3540 subsistendo,

1958 3581 2126 3635 quare
2150 3567 2260 3634 ipsa
2286 3566 2392 3620 sibi
2412 3583 2515 3622 aen
2542 3565 2736 3636 parcit,
2758 3550 2974 3634 peccata
3007 3565 3362 3622 dimittendo?
3382 3568 3427 3622 0
3451 3569 3533 3621 in—
3583 3557 3594 3582 ³

1959 3656 2228 3709 sensibilis
2274 3653 2471 3728 duritia
2515 3656 2695 3712 cordis
2737 3653 2873 3710 mei!
2913 3641 2981 3710 ub
3014 3657 3120 3724 hoc
3165 3670 3311 3710 mors
3356 3656 3533 3711 dill'er-

1959 3736 2063 3807 tur,
2092 3742 2255 3812 240
2285 3752 2344 3795 ut
2381 3744 2486 3796 vita
2517 3743 2848 3810 melioretur,
2876 3752 2932 3797 et
2963 3745 3086 3802 dum
3111 3745 3218 3798 vita
3243 3747 3526 3814 prolonga-

1958 3840 2063 3896 tur,
2116 3846 2260 3884 mors
2284 3831 2542 3884 deterior
2568 3830 2890 3899 acquiritur.
2930 3832 3224 3900 Utrobiquc
3258 3837 3525 3908 angustia.

1954 3922 2086 3976 Cum
2123 3937 2241 3990 sum
2262 3923 2324 3976 .in
2356 3937 2604 3990 corpore,
2637 3924 2951 3992 peregrinor
2972 3907 3272 3978 'a'Doznino
3299 3925 3378 3990 (11
3399 3925 3521 3978 Cor.

1953 4029 2005 4076 v,
2038 4013 2092 4083 6)
2122 4020 2177 4066 et
2207 4027 2283 4065 ne
2316 4011 2446 4068 milii
2487 4021 2706 4081 propter
2733 4023 2949 4084 peccata
2982 4029 3098 4069 mea
3135 4016 3285 4068 extra
3333 4029 3529 4084 corpus

1954 4101 2102 4170 pejus
2130 4097 2218 4165 Sit,
2249 4104 2397 4156 exire
2422 4104 2488 4156 de
2508 4116 2732 4172 corpore
2754 4098 3098 4172 pertimesco,
3125 4107 3403 4174 praesentit
3435 4106 3527 4160 Dei

1954 4192 2150 4260 privari
2192 4191 2368 4253 doleo,
2407 4199 2464 4243 et
2506 4181 2806 4245 absentiam
2853 4193 3220 4257 corruptibilis
3264 4197 3526 4262 corporis,

1954 4283 2069 4334 sine
2099 4295 2204 4349 qua
2237 4263 2533 4355 praesentia:
2565 4281 2654 4335 Det
2693 4283 2890 4340 sociari
2929 4299 3032 4335 non
3066 4298 3302 4359 possum,
3344 4286 3527 4337 subire

1954 4372 2293 4440 pertimesco.
2320 4368 2456 4434 Quid
2483 4381 2584 4434 est,
2619 4371 2860 4434 Domine,
2884 4368 3118 4445 qnid'pst
3140 4353 3279 4440 quod
3304 4388 3397 4426 cor
3429 4374 3527 4426 bu-
3557 4353 3562 4364 ’

275 4470 466 4524 dolore
497 4485 598 4520 non
623 4480 942 4533 qnmrerem,
979 4464 1077 4518 nisi
1119 4477 1204 4516 me
1247 4461 1428 4516 dolere
1469 4461 1852 4534 meminissem,
1891 4472 1932 4526 r,
1953 4463 2042 4529 jus
2070 4463 2369 4532 peccatoris
2403 4463 2660 4524 intuetur,
2688 4472 2744 4514 et
2777 4461 2955 4514 verbis
2981 4458 3254 4529 explicare
3281 4479 3384 4515 non
3408 4465 3522 4544 suf-

278 4561 405 4629 quia
437 4573 501 4611 ex
534 4559 788 4610 memoria
825 4555 1023 4624 doloris
1065 4553 1321 4620 quaeritur
1358 4550 1616 4616 refugiant
1653 4563 1859 4602 consu-

279 4636 607 4710 l'atiunismt
637 4662 699 4699 ex
728 4631 1374 4712 appetituconsolationis
1399 4649 1625 4709 augetur
1652 4655 1852 4693 memo-

279 4741 361 4795 ria
385 4737 605 4801 doloris,
629 4747 682 4790 et
703 4752 806 4804 quo
829 4712 1020 4802 smpius
1047 4732 1198 4784 dolor
1224 4731 1386 4798 menti
1413 4738 1849 4796 reprmseutatnr,

274 4825 570 4895 eu'majuri
608 4833 893 4892 augmento
938 4821 1260 4874 cumulatur.
1302 4819 1437 4883 Quid
1480 4819 1641 4887 igitur
1680 4817 1851 4870 facio?

275 4931 348 4966 an
373 4913 487 4980 ipsa
507 4913 770 4980 e'xl'iositio
795 4910 995 4962 doloris
1025 4909 1391 4976 qualecunque
1415 4907 1848 4960 datemolumen-

281 5015 396 5056 tum
421 5003 836 5055 consolationis?
871 5000 1174 5066 lixpandam
1215 5014 1362 5067 ergo,
1399 4997 1640 5057 Domine,
1667 5012 1848 5050 coram

183 5085 192 5094 ’
280 5093 653 5146 misericordia
694 5101 781 5144 tua
831 5090 1216 5142 atnarituditms
1253 5090 1442 5140 auium:
1477 5102 1628 5148 mem,
1659 5086 1853 5154 quibus

1964 4553 2092 4606 1ἰ‹·ἰι.
2126 4552 2303 4614 Certe,
2337 4552 2475 4605 banc
2504 4550 2652 4612 Jcsn,
2685 4541 2898 4605 dissolvi
2926 4559 2978 4604 et
3009 4561 3183 4606 tecum
3214 4567 3332 4606 csse
3359 4541 3523 4606 multo

1961 4643 2130 4709 magis
2169 4643 2432 4708 optimum
2480 4649 2579 4693 est.
2630 4641 2806 4705 Quare
2852 4655 2977 4708 ergo
3036 4656 3139 4694 non
3190 4641 3524 4695 desideratur

1958 4731 2098 4797 quod
2144 4729 2346 4798 optimu
2373 4747 2402 4781 ιι
2451 4744 2568 4783 esse
2632 4729 2905 4796 probazur.
2964 4728 3182 4782 Disselii
3232 4747 3258 4780 ιι
3311 4732 3520 4783 ntortali

1959 4835 2184 4886 corpore
2209 4823 2397 4874 etesse
2411 4819 2756 4874 cumClu-isto
2786 4817 3034 4886 (Philipp.
3060 4818 3220 4880 1,25),
3249 4820 3522 4874 beatitudo

1955 4919 2062 4971 est;
2114 4910 2264 4978 ligari
2297 4910 2540 4979 corpore,
2566 4920 2620 4962 et
2642 4911 2826 4962 abesse
2849 4924 2877 4960 a
2905 4907 3138 4970 Christo,
3171 4909 3385 4962 miseria
3416 4921 3518 4963 est.

1959 4999 2024 5052 Ut
2069 4999 2195 5066 quid
2246 5000 2408 5068 igitur
2467 4999 2678 5053 miseria
2751 4998 2977 5059 timetur,
3011 4998 3207 5062 amitti,
3249 5007 3304 5052 et
3359 5000 3522 5054 beati.

1961 5092 2086 5143 tudo
2119 5105 2222 5142 non
2265 5091 2602 5144 desideratur
2642 5088 2858 5143 haberi?
2903 5089 3011 5144 Sed
3066 5091 3179 5146 lucc
3231 5098 3314 5146 est
3359 5105 3519 5146 causa

1549 5198 1780 5253 VARle
1813 5201 2206 5256 LECTIONL‘S.

352 5314 422 5354 ⁸³³
487 5311 940 5366 lncormuutabilis
1008 5324 1104 5360 ms.
1185 5305 1532 5358 inunutabilis

276 5397 334 5440 te
392 5393 568 5435 tamen
630 5399 686 5434 se
731 5397 828 5431 ms.
892 5394 992 5429 nou
1040 5376 1312 5429 dimittens
1364 5391 1458 5440 pro
1505 5386 1555 5427 te
1611 5389 1668 5427 se

280 5453 353 5486 ⁸⁸⁸
403 5454 477 5505 Ae
508 5451 642 5502 l‘mlix
693 5467 787 5500 ms.
825 5448 896 5499 ιιιί
932 5448 1076 5499 {uelis

1706 5308 1773 5337 ⁸⁵⁸
1819 5307 2047 5365 Numero
2100 5319 2153 5362 et
2189 5299 2306 5361 (ius.
2378 5311 2513 5363 miro
2571 5318 2626 5362 et

1834 5379 1901 5409 ⁸⁵’⁶
1960 5381 2022 5432 Et
2071 5381 2500 5440 reconciliatum,

1220 5446 1289 5476 m
1315 5444 1589 5520 Ql!_0"10:l0
1613 5447 1902 5520 fingiturait)
1939 5466 2032 5501 ms.
2073 5449 2522 5520 qutrcogitandir
2567 5448 2634 5477 ‘5’
2673 5450 2823 5512 Quod
2855 5452 3082 5519 pertinet
3120 5470 3213 5503 ms.
3247 5456 3514 5520 (promodo

2767 5310 2836 5342 ⁸⁵³
2889 5312 3001 5366 Non
3068 5315 3340 5369 dimittens
3409 5331 3513 5382 Pr”

2582 5393 2648 5431 ex
2691 5395 2786 5431 ms.
2861 5385 3283 5442 reconciliatum,
3336 5394 3389 5438 et
3443 5403 3508 5438 ex

279 5525 550 5592 pertineat
620 5521 690 5550 ⁸⁵⁸
717 5519 909 5569 Fateor
937 5531 1185 5592 peccator
1225 5532 1333 5592 _uts.
1377 5515 1563 5592 lateor,
1609 5512 1798 5592 fateor,
1839 5512 2106 5592 peccator
2252 5512 2707 5592 lutntttmlussum
2752 5512 2868 5571 ms.-
2899 5523 3126 5592 omittit,
3181 5512 3511 5577 “Vllomiue

281 5583 409 5647 Jcsu
441 5608 535 5644 ms.
568 5591 710 5640 omit.
746 5583 967 5640 Doniine
1040 5586 1104 5615 3‘”
1149 5583 1306 5639 Velis.
1335 5583 1468 5637 nolis
1495 5599 1592 5635 ms.
1628 5585 1756 5639 velis
1781 5588 2076 5657 quell_\'olis
2148 5587 2214 5616 “‘52
2239 5587 2416 5639 'l'uam‘
2442 5587 2663 5640 Domine
2692 5603 2786 5640 nts.
2814 5591 2954 5639 omit.
2983 5589 3201 5645 [lumine

525 5679 793 5737 Ρηιιοι,⁹
848 5674 1088 5736 CLVIII

3011 5681 3084 5736 '26
