4190 6198
277 147 375 203 813

1581 129 2092 190 Μευιτιιτιυδεε

3383 127 3487 185 εει

269 264 423 318 adibo
449 260 593 315 illum
619 269 736 330 post
759 259 1070 328 dissipatam
1094 260 1162 313 ab
1188 258 1280 312 illo
1304 259 1429 312 m‘hi
1457 260 1638 312 datam
1669 256 1822 309 inno-
1854 261 1900 319 Α
1927 267 2057 316 xxx,
2116 251 2202 319 lt)
2273 248 2528 302 Miserere
2573 234 2705 305 'mei,
2741 242 2987 307 Domine,
3043 243 3300 298 miserere
3349 243 3488 310 mei;

231 355 233 368 '
265 355 517 418 centiam,
551 363 668 423 post
700 352 1003 405 diuturnam
1035 351 1271 405 cmlcstis
1300 350 1514 418 eloquii,
1549 363 1707 417 quam
1745 355 1848 421 to-.

267 447 400 507 levo,
423 443 638 497 famem.
674 444 737 495 Et
759 443 934 496 dicam
965 441 1052 494 ei:
1086 439 1267 495 Pater.
1291 440 1401 504 jam
1448 456 1547 492 non
1584 456 1698 491 sum
1743 437 1827 488 tli-

267 551 393 603 gnus
420 533 591 585 vocari
623 530 762 598 ﬁlius
795 542 915 583 tuus
948 529 1095 599 (Luc.
1125 545 1212 591 xv,
1242 529 1364 599 19);
1405 547 1505 582 non
1552 545 1672 581 cum
1706 527 1829 579 filiis

266 624 602 693 dedignitate
628 636 902 692 prmsumo.
932 629 1158 685 certare,
1192 621 1284 674 sed
1323 638 1442 674 cum
1473 621 1646 673 servis
1669 619 1827 671 misc-

268 716 549 769 ricordiam
582 728 786 781 quaero,
812 721 866 767 et
892 713 1009 765 ideo
1031 713 1114 779 fac
1148 730 1226 765 me
1256 713 1386 766 sicut
1413 728 1571 764 unum
1603 725 1666 762 ea:
1694 723 1828 761 mer-

267 805 484 857 cenariis
517 804 621 854 tuis
665 800 874 871 (Ibid.).
928 801 1477 864 Prtedicabiturinde,
1517 803 1603 869 pie
1646 799 1825 859 Pater,

266 889 543 945 clementia
576 898 683 953 tua,
733 905 830 944 nec
879 892 1185 945 minuentur
1240 890 1439 945 divitiae
1466 902 1586 949 tum,
1623 889 1664 942 si
1700 889 1826 941 mihi

265 982 330 1033 ad
368 989 419 1033 te
447 981 678 1050 cupienti
713 981 888 1034 redire
927 996 1201 1043 occurras,
1229 982 1274 1034 si
1314 997 1399 1033 me
1449 977 1830 1034 misericordia:

268 1081 370 1123 tum
393 1071 626 1123 brachiis
648 1071 1003 1138 amplectaris,
1027 1071 1071 1125 si
1105 1087 1190 1124 me
1219 1071 1340 1124 fidei
1396 1071 1593 1123 annulo
1619 1078 1673 1124 et
1695 1069 1827 1123 stola

259 1160 480 1229 justitizn
511 1161 695 1213 vestiri
741 1154 1040 1229 praecipias,
1067 1162 1111 1214 si
1148 1162 1212 1214 de
1258 1176 1342 1214 me
1384 1161 1587 1230 angelis
1620 1160 1722 1214 tuis
1753 1159 1828 1213 di-

262 1265 384 1304 cere
405 1250 676 1318 digneris:
706 1250 950 1304 Gaudere
975 1266 1072 1305 nos
1098 1259 1334 1318 oportet,
1375 1253 1625 1318 quoniam
1657 1252 1738 1304 hic
1761 1249 1827 1316 β-

263 1343 365 1393 lius
386 1357 529 1393 meus
547 1351 779 1392 mortuus
807 1340 998 1407 fuerat,
1038 1341 1327 1408 etrwixit;
1377 1341 1620 1409 perierat,
1647 1350 1702 1394 et
1751 1342 1831 1394 in-

263 1443 440 1485 retitus
495 1441 566 1484 est
592 1429 781 1497 (Ibid.,
812 1430 923 1498 '24).
967 1430 1074 1485 Sed
1107 1430 1248 1499 quis,
1295 1447 1327 1483 o
1361 1429 1522 1486 Pater
1550 1430 1749 1500 optime
1777 1439 1831 1484 et

261 1521 613 1586 admirabilis,
644 1521 764 1590 quis
789 1519 934 1575 dabit
962 1520 1089 1573 mihi
1139 1520 1206 1574 de
1254 1520 1419 1573 vitulo
1454 1521 1556 1584 illo
1584 1521 1828 1591 saginata

1930 352 2224 412 opportune
2259 341 2558 409 importune
2609 334 2852 388 clamabo
2900 335 2966 388 ad
3011 343 3082 398 te,
3120 349 3217 389 nec
3263 333 3493 390 derelin-

1929 448 2086 502 quam
2119 444 2189 497 te,
2220 432 2390 485 donec
2429 429 2494 481 de
2523 423 2804 496 prmsentia
2832 420 3008 476 vultus
3040 423 3111 477 tui
3137 421 3495 480 laetifieaveris

1930 528 2306 588 me;'omnem
2359 521 2488 573 mihi
2544 517 2747 584 negabo
2790 516 3232 578 consolationem,
3279 513 3394 570 solo
3427 511 3497 570 de

1930 614 2172 666 absentia
2222 612 2395 664 vultus
2446 609 2519 662 ιιιί
2571 609 2713 661 lucttt
2772 624 2856 660 me
2898 603 3198 658 vindicabo.
3229 601 3272 657 0
3314 603 3493 656 vultus

1929 702 2229 773 splendide!
2260 717 2291 754 ο
2332 701 2495 754 facies
2538 701 2629 753 Dei
2683 697 2973 752 luminosa!
3007 694 3241 764 quandiu
3274 706 3376 745 non
3418 689 3496 746 vl-

1929 795 2067 847 debo
2094 791 2166 823 ³⁶⁸
2197 803 2266 854 te,
2302 791 2535 844 manebit
2572 791 2748 844 anima
2792 806 2911 844 mea
2942 788 3243 842 tenebrosa.
3273 780 3317 837 Ο
3341 783 3494 844 dura,

1929 901 1961 938 ο
1993 899 2178 938 amara
2204 882 2442 936 absentia
2475 882 2652 933 vultus
2677 879 2789 943 Dei,
2822 880 3057 949 quandiu
3088 891 3170 930 me
3195 869 3497 928 crueiabis?

1929 977 1973 1032 Ο
2004 976 2225 1029 molesta
2261 975 2365 1026 vita
2411 975 2569 1042 hujus
2621 974 2798 1027 smeuli
2846 972 2991 1032 vani,
3043 964 3283 1037 quandiu
3323 962 3498 1018 infeli-

1929 1082 2046 1122 cent
2107 1073 2193 1117 tua
2243 1062 2631 1117 inhabitatione
2662 1042 2894 1114 animam
2928 1073 3098 1110 meam
3135 1057 3184 1109 in
3215 1054 3319 1108 tuis
3342 1051 3493 1106 vani-

1932 1157 2131 1210 tatibus
2165 1195 2180 1219 ,
2246 1162 2501 1221 tanquam
2567 1163 2784 1205 carcere
2833 1145 3093 1200 inclusam
3163 1141 3399 1197 tenebis?
3450 1136 3496 1194 Ο

1930 1249 2107 1302 anima
2161 1261 2300 1309 mea,
2331 1245 2458 1314 quid
2499 1254 2552 1297 te
2601 1243 2654 1296 in
2707 1242 2807 1296 hac
2835 1239 2943 1292 vita
2981 1234 3193 1291 mortali
3240 1232 3500 1288 delectat?

1930 1339 2038 1393 Cur
2066 1353 2170 1392 non
2203 1337 2423 1391 festinas
2453 1335 2518 1388 ad
2553 1333 2860 1387 felicitatem
2892 1329 3086 1384 divinae
3121 1323 3345 1379 visionis
3378 1338 3500 1392 pcr-

1930 1431 2138 1494 venire,
2183 1445 2211 1482 a
2243 1443 2346 1497 qua
2402 1425 2576 1493 culpae
2624 1406 3154 1490 merito'separaris?
3185 1414 3362 1480 Quare
3393 1426 3498 1468 non
3569 1471 3576 1482 ,

1934 1517 2124 1571 horres
2165 1512 2498 1586 peregrinari
2531 1527 2560 1564 a
2593 1509 2730 1564 facie
2759 1507 2873 1571 Dei,
2913 1516 2967 1561 et
2994 1506 3118 1560 vitae
3158 1503 3316 1574 lmjus
3344 1501 3499 1557 lucu-

264 1611 427 1679 digno
510 1612 630 1665 fidei
706 1626 770 1664 ac
845 1611 1146 1665 sanctitatis
1227 1611 1420 1665 affectu
1499 1613 1829 1675 comedere,
1865 1602 2089 1661 Blentis
2149 1605 2376 1660 vinculis
2432 1602 2669 1657 irretiri?
2714 1601 2891 1667 Quare
2939 1613 3043 1653 non
3100 1605 3248 1651 tanto
3299 1591 3495 1647 aﬂ'ecttt

257 1716 418 1776 quem
468 1716 568 1769 pro
617 1714 733 1754 mea
809 1699 1177 1769 redemptione
1227 1701 1281 1754 in
1337 1715 1430 1754 ara
1505 1701 1684 1754 crucis
1732 1700 1832 1753 im-

262 1793 450 1846 molari
539 1790 884 1860 przncepisti?
952 1799 1007 1844 et
1083 1792 1204 1860 quis
1287 1792 1386 1846 iste
1453 1791 1651 1845 vitulus
1721 1800 1831 1844 tam

262 1882 419 1954 241
459 1883 606 1936 mitis
631 1882 696 1936 ad
728 1880 1133 1946 immolandum,
1165 1891 1272 1934 tam
1303 1881 1534 1936 salubris
1559 1881 1624 1934 ad
1649 1895 1830 1936 come-

263 1975 521 2037 dendum,
546 1974 649 2027 nisi
673 1974 760 2029 ille
787 1988 908 2031 tuus
933 1974 1182 2045 proprius
1213 1973 1517 2042 unigenitus
1535 1960 1724 2040 Filius,
1745 1973 1831 2029 cui

261 2078 365 2116 non
392 2064 711 2132 pepercisti,
768 2066 862 2119 sed
900 2080 998 2135 pro
1025 2063 1180 2118 nobis
1214 2063 1460 2117 oumibus
1496 2063 1644 2116 illum
1671 2063 1834 2118 tradi-

259 2152 425 2204 disti?
451 2153 630 2222 (Rom.
664 2169 784 2218 vui,
807 2155 920 2225 '52.)
951 2155 1057 2210 lste
1079 2163 1181 2220 est,
1212 2154 1455 2221 Domine,
1482 2154 1581 2208 iste
1606 2163 1706 2218 est,
1739 2169 1833 2207 cu-

257 2239 348 2307 jus
387 2241 670 2296 dulcedine
717 2244 862 2298 refici
911 2245 1183 2300 desiderat
1234 2260 1328 2300 cor
1366 2261 1574 2310 meum;
1605 2246 1690 2301 hic
1731 2254 1832 2310 est,

262 2345 420 2398 quem
455 2346 566 2400 prae
607 2334 857 2387 Omnibus
902 2349 1084 2388 amare
1124 2335 1336 2390 allectat
1366 2351 1518 2390 mens
1548 2351 1686 2390 mea.
1731 2336 1834 2389 lste

264 2426 366 2484 est,
397 2433 430 2472 a
461 2418 613 2488 csjus
635 2419 706 2455 ⁸⁸³
732 2423 977 2476 absentia
1023 2438 1126 2476 non
1161 2423 1278 2477 sine
1321 2411 1528 2492 magnis
1551 2424 1838 2492 gemitibus

262 2509 508 2578 separari
551 2510 901 2578 conqueritur
939 2511 1118 2564 anima
1156 2527 1304 2576 mea;
1354 2512 1452 2565 sed
1477 2512 1603 2564 dum
1643 2510 1835 2565 Filium

263 2599 538 2663 desidero,
610 2600 850 2668 nunquid
914 2599 1130 2655 Patrem
1192 2601 1437 2670 neglige?
1490 2600 1670 2656 Absit!
1729 2599 1839 2655 Hoc

265 2687 410 2750 enim
441 2687 710 2754 quomodo
743 2687 855 2742 fieri
885 2697 1078 2757 potest,
1108 2705 1226 2743 cum
1258 2703 1367 2742 non
1407 2689 1649 2742 sit-aliud
1679 2688 1840 2741 Pater

271 2776 362 2845 qui
391 2777 599 2845 genuit,
627 2791 789 2844 quatn
815 2778 904 2846 qui
936 2779 1146 2847 genitus
1170 2787 1256 2838 est
1285 2778 1474 2839 Filius,
1516 2778 1610 2833 sed
1641 2778 1742 2832 hoc
1768 2779 1840 2832 sit

270 2866 433 2918 Pater
465 2863 606 2933 quod
633 2865 817 2929 Filius,
843 2864 968 2919 licet
994 2881 1097 2919 non
1121 2867 1231 2936 ipse
1253 2866 1322 2919 sit
1344 2865 1504 2920 Pater
1524 2866 1614 2934 qni
1639 2865 1839 2920 Filius?

1936 1699 2272 1768 concupiscis
2319 1695 2458 1750 illius
2516 1696 2685 1749 beata:
2725 1696 2848 1748 vita:
2890 1691 3099 1763 gaudiis
3138 1690 3404 1766 interesse
3441 1693 3498 1740 et

1936 1790 2096 1858 hujus
2149 1791 2395 1843 obscena:
2449 1787 2572 1840 vita:
2617 1786 2885 1856 spttrcitiis
2948 1781 3168 1836 abesse?
3222 1778 3331 1833 Cur
3393 1788 3500 1830 non

1937 1881 2094 1935 istam
2140 1878 2301 1947 fugis,
2349 1885 2404 1930 et
2448 1876 2500 1929 in
2548 1874 2694 1928 illam
2723 1872 2938 1927 curris?
2961 1870 3018 1925 Si
3054 1869 3148 1922 tibi
3174 1868 3275 1920 ista
3299 1865 3405 1917 vita
3434 1861 3502 1916 ad

1935 1969 2180 2025 inducias
2225 1974 2532 2037 praestatur,
2585 1978 2754 2033 quare
2805 1962 3006 2015 tardas.
3056 1957 3236 2024 Quare
3282 1953 3390 2006 Deo
3420 1959 3499 2004 ta-

1934 2060 2036 2112 lem
2081 2058 2189 2112 cito
2234 2052 2712 2125 pmuiteutiam'“,
2741 2059 2799 2104 ut
2825 2047 3064 2119 peccatis
3097 2044 3200 2098 tuis
3231 2040 3507 2111 indulgeat

1937 2160 1990 2204 et
2025 2157 2075 2204 te
2105 2146 2527 2202 misericorditer
2565 2143 2629 2197 ad
2660 2157 2717 2197 se
2754 2139 3029 2195 assumat?
3073 2137 3180 2191 Sed
3207 2135 3273 2188 ad
3302 2143 3353 2188 te
3373 2146 3506 2188 con-

1939 2238 2119 2293 versio
2161 2250 2302 2300 mea,
2331 2243 2390 2288 ut
2436 2248 2522 2287 me
2579 2229 2832 2300 respiciat
2875 2223 3241 2281 misericordia
3289 2229 3402 2285 tua,
3449 2225 3508 2272 et

1939 2338 2173 2385 mentem
2215 2341 2389 2379 meam
2422 2324 2476 2378 in
2502 2320 2768 2375 desiderio
2798 2317 2975 2370 vultus
3003 2314 3077 2368 tui
3117 2311 3419 2370 continuet.
3444 2313 3504 2363 et

1939 2424 2372 2490 perseverantem
2399 2412 2590 2467 reddat
2607 2407 2890 2463 clementia
2918 2415 3006 2459 tua
3025 2403 3120 2468 “',
3172 2400 3332 2455 credo
3358 2396 3509 2452 enim

1941 2486 2065 2581 quia
2096 2526 2126 2563 a
2146 2505 2474 2562 beatitudine
2508 2517 2611 2556 non
2642 2513 2734 2553 ero
2763 2498 3048 2560 alienatus,
3073 2493 3117 2548 si
3143 2486 3501 2546 desiderando

1945 2576 1996 2653 te
2043 2585 2147 2653 non
2198 2595 2352 2650 fuero
2403 2592 2677 2660 fatigatus.
2726 2587 3005 2642 Desideret
3054 2581 3284 2652 gloriam
3321 2576 3504 2631 vultus
3546 2607 3548 2609 -

1944 2689 2018 2742 tui
2044 2687 2245 2756 jugitcr
2281 2683 2458 2737 anima
2495 2696 2633 2744 mea,
2670 2687 2814 2731 amet
2841 2690 2959 2730 eam
2986 2688 3137 2727 mens
3166 2685 3305 2735 mea,
3335 2666 3512 2722 inteno

1942 2780 2034 2834 dat
2075 2779 2128 2831 in
2172 2776 2316 2829 illam
2343 2772 2600 2842 cogitatio
2629 2784 2768 2832 mea,
2806 2766 3041 2834 suspiret
3075 2763 3144 2817 ad
3186 2759 3332 2815 illam
3364 2767 3507 2814 totus

1943 2866 2167 2922 affectus
2221 2863 2400 2919 cordis
2447 2859 2576 2930 mei,
2613 2859 2862 2926 ioqu'atur
2907 2856 2972 2909 de
3021 2868 3083 2908 ea
3131 2851 3311 2920 lingua
3363 2861 3504 2908 mea,

266 2953 374 3007 Sed
408 2953 680 3023 quomodo
701 2969 919 3023 possum
961 2925 1266 3009 deside-rare
1292 2955 1508 3009 Patrem
1539 2925 1594 3009 et
1621 2954 1834 3020 Filium,
1864 2925 1906 2980 ο
1942 2965 2235 3027 occupetur
2268 2955 2318 3007 in
2358 2925 2711 3005 amore‘illius
2749 2956 2857 3001 tota
2884 2941 3187 3000 substantia
3219 2953 3361 3003 mea,
3391 2945 3510 2992 tati-

272 3055 482 3100 remoto
532 3059 716 3098 amore
762 3045 941 3107 Patris
992 3057 1046 3100 et
1093 3047 1234 3109 Filii,
1274 3047 1365 3116 qui
1418 3062 1526 3100 non
1579 3048 1844 3102 estaliud

266 3149 430 3204 quam
486 3133 628 3202 quod
676 3141 759 3188 est
791 3133 951 3188 Pater
1003 3144 1057 3187 et
1101 3135 1288 3201 Filius,
1346 3136 1555 3190 tametsi
1601 3137 1736 3191 alius
1777 3137 1847 3191 sit

266 3238 433 3291 quam
481 3221 642 3276 Pater
685 3232 739 3276 et
774 3223 977 3277 Filius?
1033 3223 1189 3278 Nulla
1245 3222 1431 3294 utique
1473 3226 1701 3280 ratione.
1752 3228 1847 3282 Die

279 3329 434 3384 ergo,
484 3314 662 3366 anima
711 3330 850 3380 mea,
881 3315 966 3369 dic
1005 3316 1194 3370 factori
1231 3326 1320 3372 tuo
1349 3317 1495 3372 Patri
1535 3328 1590 3373 et
1629 3317 1766 3373 Filio
1793 3328 1849 3374 et

273 3403 501 3472 Spiritui
559 3414 767 3470 sancto,
829 3405 918 3459 uni
968 3407 1115 3460 Deo:
1152 3405 1376 3471 Quwsivi
1424 3407 1620 3460 vultum
1665 3417 1846 3472 tuum;

276 3493 481 3546 vultum
510 3503 678 3558 tuum,
705 3492 939 3558 Domine,
964 3496 1221 3562 requiram
1250 3495 1583 3563 (Psal.xxvt,
1602 3496 1842 3562 8).Ecre,

272 3586 524 3650 Domine,
560 3602 685 3642 ecce
727 3603 928 3655 quiero,
957 3597 1080 3656 pcto
1112 3597 1164 3642 et
1213 3588 1383 3657 pulso.
1439 3589 1664 3654 Quando
1693 3591 1845 3645 ittvc-

273 3677 439 3736 niam.
493 3679 708 3746 quando
755 3678 1039 3746 accipiam,
1095 3679 1310 3747 quando
1370 3679 1497 3733 mihi
1546 3681 1846 3749 aperietur?

278 3771 420 3835 Tibi,
456 3770 699 3833 Domine,
744 3777 929 3838 patent
963 3780 1170 3824 secreta
1220 3772 1399 3826 cordis
1435 3773 1568 3838 mei;
1614 3782 1669 3827 tu
1699 3774 1849 3828 vides

275 3860 404 3928 quia
441 3859 554 3912 sola
603 3860 884 3929 praesentia
934 3859 1110 3913 vultus
1150 3873 1237 3914 est
1287 3876 1407 3930 spes
1459 3863 1850 3918 consolationis

275 3963 429 4002 mem.
471 3947 583 4001 Heu
616 3949 781 4002 mihi!
816 3965 975 4018 quam
1001 3949 1161 4017 longe
1196 3966 1317 4004 sum
1365 3951 1635 4020 projectus
1663 3956 1731 4008 ab
1760 3954 1860 4026 illo~

273 4036 533 4091 inetl'abili
584 4038 778 4106 gaudio
825 4039 1122 4106 pt'azsentiac
1178 4039 1319 4094 illius
1354 4059 1368 4095 :
1402 4045 1672 4111 quomodo
1721 4060 1849 4112 ergo

273 4127 626 4180 consolabor?
655 4126 924 4196 Nunquid,
964 4127 1066 4180 nisi
1096 4128 1205 4193 illa,
1234 4130 1477 4198 Domine,
1507 4134 1850 4204 pulchritudo

1946 3047 2221 3103 tummodo
2265 3046 2449 3114 jubeat
2495 3058 2583 3096 me
2612 3041 2784 3110 pictas
2831 3049 2941 3101 tua,
2978 3036 3102 3090 dum
3142 3035 3241 3088 hoc
3283 3029 3511 3092 mortale

1947 3151 2142 3206 corpus
2177 3148 2330 3205 gero,
2375 3142 2427 3185 et
2474 3127 2924 3200 peregrinationis
2966 3138 3099 3177 meae
3137 3135 3307 3175 nexus
3343 3118 3508 3174 snstl-

1947 3241 2070 3290 nee,
2126 3224 2178 3277 in
2229 3223 2424 3275 timore
2473 3234 2598 3274 esse
2651 3227 2739 3272 tuo
2775 3215 3074 3288 fundatum,
3107 3212 3162 3265 in
3190 3222 3375 3287 amore
3421 3219 3514 3267 tua

1947 3315 2370 3385 magnanimum,
2411 3311 2462 3364 in
2502 3309 2617 3378 lege
2666 3317 2753 3361 tua
2808 3305 3100 3368 eruditum,
3143 3303 3195 3372 in
3233 3299 3515 3372 prmeeptil

1953 3406 2058 3460 tuis
2082 3406 2352 3466 devotum,
2401 3401 2452 3453 in
2499 3397 2780 3467 promissis
2803 3395 2906 3449 tuis
2936 3389 3273 3447 desiderandi
3307 3389 3519 3443 fervent-

1948 3495 2236 3557 tissimum,
2285 3492 2538 3544 vitiorum
2582 3487 2903 3540 calcatorem
2941 3492 2996 3538 et
3036 3483 3298 3537 virtutum
3338 3475 3515 3534 culleo

1948 3601 2080 3650 rem,
2119 3583 2313 3652 quibus
2357 3589 2577 3634 ornatus
2603 3587 2657 3631 ct
2699 3577 2792 3632 tibi
2836 3588 3049 3641 semper
3079 3572 3313 3640 placere.
3359 3577 3416 3624 et
3444 3565 3511 3622 ad

1949 3687 2001 3731 te
2041 3672 2361 3745 quantocius
2405 3670 2631 3724 feliciter
2681 3666 2962 3737 pervenire
3003 3662 3232 3725 valeam,
3283 3659 3372 3717 ubi
3425 3669 3514 3715 est

1950 3769 2043 3822 tibi
2083 3766 2251 3836 gloria
2279 3768 2394 3818 sine
2437 3763 2564 3826 ﬁne,
2613 3761 2727 3814 laus
2779 3757 2897 3811 sine
2941 3753 3188 3818 termino,
3239 3751 3411 3806 honor
3451 3749 3506 3804 In

1950 3860 2162 3914 saecula.
2205 3858 2392 3910 Amen.

2399 3940 2769 4002 MEDITATIO
2809 3938 2925 3993 χχι
2956 3939 3032 4010 (ι)

1951 4038 2206 4093 Excitans
2218 4036 2445 4090 animant
2459 4033 2525 4088 ad
2537 4029 2871 4103 querendum
2887 4039 2931 4082 et
2953 4025 3313 4082 inveniendum
3331 4023 3515 4078 Deum.

2022 4123 2142 4182 Fiat
2189 4139 2352 4188 nunc,
2397 4120 2704 4180 homuncio.
2783 4117 2906 4188 fuge
2950 4114 3221 4186 paululum
3285 4127 3518 4181 occupa-

274 4217 454 4272 vultus
503 4220 575 4271 tui
621 4228 900 4285 appareat,
937 4219 988 4272 in
1020 4239 1121 4291 qua
1153 4223 1274 4290 spes'
1307 4202 1569 4278 universa:
1603 4227 1849 4280 consola-
1884 4257 1928 4310 υ
1957 4219 2133 4273 tiones
2189 4227 2448 4278 lemuas,
2496 4210 2766 4266 absconde
2815 4220 2866 4263 te
2915 4206 3181 4262 modicum
3233 4219 3266 4259 a
3321 4202 3517 4260 tumul-

277 4308 437 4360 tionis
469 4324 599 4362 mea:
625 4310 1004 4378 suspenditur?
1028 4312 1288 4366 Deliciant
1325 4329 1474 4382 ergo,
1501 4315 1642 4369 Dens
1671 4332 1842 4381 meus,

278 4397 529 4452 deﬁciant
574 4398 710 4451 oeuli
780 4400 879 4452 mei
943 4402 996 4453 in
1042 4401 1304 4470 eloquium
1349 4412 1516 4464 tuum,
1573 4404 1842 4457 dicentes:

283 4486 508 4551 Quando
542 4486 888 4540 consolaberis
918 4505 996 4541 me
1025 4487 1197 4554 (Paul.
1241 4505 1429 4555 CXVIII,
1476 4491 1586 4561 89).
1615 4492 1844 4546 Attende

274 4597 424 4649 ergo,
467 4571 606 4634 Deus
654 4597 824 4647 meus,
876 4582 941 4635 ad
993 4582 1261 4651 singulare
1300 4584 1623 4638 desiderium
1653 4587 1844 4638 anima:

281 4684 454 4734 mem;
507 4674 720 4724 attende
762 4674 1016 4740 gemitum
1044 4675 1221 4727 cordis
1245 4676 1372 4739 mei,
1415 4685 1470 4730 et
1499 4689 1639 4744 pone
1668 4675 1839 4744 lacry-

279 4780 392 4814 mus
447 4779 586 4839 nicas
636 4765 689 4816 in
740 4776 1007 4831 conspectu
1049 4775 1141 4817 tuo
1199 4765 1369 4834 (Psal‘.
1445 4784 1529 4831 LV,
1593 4769 1670 4834 9),
1709 4782 1844 4836 quas

283 4851 451 4903 fumlo
481 4865 544 4902 ex
594 4851 777 4906 dolore
819 4868 925 4920 quo
968 4851 1194 4905 allicitur
1241 4856 1419 4908 anima
1463 4871 1578 4910 mea
1627 4865 1846 4924 propter

281 4939 579 4993 absentiam
615 4939 791 4992 vultus
823 4943 896 4994 tui
943 4942 1194 4995 deficiens
1221 4943 1327 4996 ³⁶²⁵ε
1363 4945 1624 5008 Quoniam
1659 4947 1844 5013 defecit

281 5032 337 5083 in
381 5030 559 5085 dolore
597 5038 700 5086 vita
744 5048 877 5094 mea.
923 5045 968 5087 et
1006 5039 1132 5091 anni
1173 5038 1272 5090 mei
1298 5037 1350 5088 in
1376 5032 1844 5103 gemitime’sal.

1957 4310 2123 4365 tuosis
2156 4305 2566 4380 cogitationibus
2595 4302 2719 4364 tuis,
2754 4297 2926 4365 abjice
2961 4311 3108 4351 nunc
3145 4308 3402 4350 onerosus
3423 4307 3517 4365 cn:

1955 4416 2045 4454 ras
2073 4409 2191 4454 tuas
2219 4396 2312 4462 ⁸⁸⁸,
2339 4405 2393 4449 et
2421 4405 2682 4463 postpone
2725 4389 3020 4443 laboriosas
3065 4383 3421 4440 distensiones
3444 4381 3517 4415 ³⁸⁸

1953 4501 2094 4544 tuas.
2130 4489 2270 4542 Vaca
2301 4484 2691 4555 aliquantulum
2726 4484 2853 4544 Deo,
2885 4487 2938 4532 et
2962 4475 3236 4544 requiesce
3265 4473 3511 4542 aliquan-

1953 4581 2121 4635 tulum
2154 4580 2204 4632 in
2236 4591 2318 4630 eo.
2346 4575 2486 4628 lntra
2515 4575 2564 4627 in
2588 4571 2890 4626 cubiculum
2926 4567 3118 4620 mentis
3142 4575 3263 4630 tuae,
3284 4561 3516 4618 exclude

1950 4670 2126 4723 omnia
2167 4675 2362 4736 praeter
2391 4664 2580 4729 Deum,
2618 4672 2670 4714 et
2709 4675 2826 4728 qua:
2864 4668 2914 4712 te
2937 4659 3130 4728 juvant
3170 4657 3238 4711 ad
3264 4667 3512 4724 quteren~

1947 4762 2070 4815 dum
2099 4774 2246 4822 eum,
2275 4767 2328 4811 et
2371 4757 2557 4811 clauso
2586 4755 2725 4808 ostio
2752 4771 2935 4824 qmere
2964 4765 3122 4814 eum;
3150 4756 3207 4803 et
3235 4748 3320 4800 die
3347 4759 3511 4819 nunc,

1950 4861 2117 4906 totum
2147 4861 2241 4903 cor
2271 4863 2471 4910 meum,
2521 4847 2607 4899 die
2637 4862 2776 4900 ntltlc
2817 4848 2926 4906 Deo
2947 4846 3018 4876 ⁸⁷⁸
3044 4861 3058 4896 :
3088 4844 3281 4908 Quaero
3306 4834 3512 4894 vultum

1950 4952 2132 5005 tuum;
2164 4939 2367 4993 vultum
2404 4948 2570 5000 tuum,
2603 4938 2845 5002 Domine,
2875 4935 3169 5008 requiram.

2019 5032 2116 5088 Eia
2138 5046 2280 5086 nunc
2302 5045 2447 5099 ergo,
2472 5031 2696 5086 Domine
2718 5033 2860 5088 Deus
2878 5041 3048 5092 meus,
3074 5025 3204 5080 doce
3226 5034 3318 5075 cor
3335 5028 3510 5072 meum

1550 5147 1782 5201 VARle
1824 5141 2220 5201 LECTIONES.

943 5238 1013 5272 ⁸⁸⁸
1041 5247 1111 5294 at.
1139 5240 1404 5295 beneficii.

354 5233 426 5266 ⁸⁸⁸
448 5243 668 5334 πιξὲοεεξι,
697 5233 866 5317 cujus.

605 5305 983 5361 dissensiones.
1061 5311 1130 5341 ⁶⁷⁰
1163 5310 1234 5363 αι.
1270 5312 1334 5364 de
1362 5311 1486 5363 Deo.

287 5313 429 5359 tuas.

1482 5239 1550 5269 ⁸⁸⁸
1581 5257 1676 5292 ms.
1711 5241 1913 5292 videro.
1987 5237 2058 5269 ⁸⁸⁸
2096 5237 2219 5306 fort.
2253 5235 2351 5306 leg.
2383 5235 2564 5293 tardas
2592 5234 2835 5290 reddere.

2912 5233 2981 5267 ⁸⁵⁷
3009 5248 3106 5285 ms.
3144 5240 3260 5282 sua.
3334 5222 3405 5258 ⁸⁸⁸
3429 5220 3506 5280 al.

1821 5393 2045 5451 NOTAE.

359 5462 436 5534 (4)
462 5465 582 5521 llaec
605 5470 879 5524 meditatio
901 5477 983 5524 est
1010 5468 1230 5524 collecta
1257 5483 1320 5522 ex
1343 5467 1636 5540 Proslegio.
