4200 6258
252 338 342 392 8U

1604 329 2127 386 MEDITATIONES.

3394 330 3499 389 8l8

275 449 456 517 nequit
500 446 758 514 aspicere.
795 444 909 501 Non
943 456 1118 517 potest
1149 445 1449 501 intellectus
1486 462 1634 521 lucus
1662 446 1732 499 ad
1770 445 1831 498 ιι-
1862 448 1902 504 Α
1935 458 2117 511 corpus
2162 443 2408 507 auiumlr,
2457 452 2631 511 surget
2678 459 2862 513 corpus
2915 442 3148 512 spiritale
3172 442 3221 511 (1
3252 444 3373 500 Cor.
3404 464 3499 516 xv,

274 557 369 594 ιιιιιι
411 539 693 602 accedere;
748 540 904 595 nimis
952 541 1114 595 eniut'
1147 539 1331 611 fulget,
1373 539 1493 595 ideo
1541 555 1645 594 non
1684 539 1829 607 capit

277 633 435 693 illam.
473 647 571 685 nec
615 631 809 687 sullicit
836 632 1022 688 oculus
1053 633 1244 686 animae
1271 648 1403 688 mea:
1426 634 1515 686 diu
1551 632 1833 686 intendere

274 728 283 762 ῖ
294 740 325 777 ιι
353 722 512 775 illam.
539 723 932 777 lteverberatnr
957 723 1180 791 fulgore.
1204 723 1436 777 vincitur
1454 720 1827 791 amplitudine,

281 812 521 869 obruitur
589 814 970 881 immensitate,
1024 814 1367 868 confunditur
1419 813 1736 881 capacitale.
1789 806 1847 865 0‘

270 920 476 960 summa
523 914 576 958 et
624 905 1013 959 iuaecessihilis
1054 905 1164 971 lux,
1197 920 1229 959 0
1266 912 1452 959 saneta
1484 904 1554 936 ³⁸³
1590 911 1646 958 et
1674 904 1829 959 beata

270 996 466 1051 veritas
491 996 585 1059 ³⁸⁸,
622 1010 741 1064 qua:
771 996 924 1066 longe
956 1011 1012 1051 es
1049 1011 1079 1051 a
1120 1012 1223 1063 me,
1254 998 1345 1065 qui
1385 1005 1492 1051 tam
1523 1009 1689 1064 prope
1712 1010 1829 1050 sum

270 1086 391 1139 tibi!
439 1085 609 1151 Quam
667 1097 871 1140 remota
916 1100 977 1142 es
1006 1103 1034 1140 a
1081 1095 1371 1155 conspectu
1413 1100 1557 1150 meo,
1611 1086 1701 1155 qui
1755 1086 1833 1140 sic

266 1190 507 1245 [tl'mscus
543 1190 661 1229 smn
708 1178 1018 1247 conspectui
1055 1178 1171 1231 tuo!
1214 1176 1421 1245 Ubique
1449 1191 1508 1230 es
1536 1184 1646 1230 tota
1695 1190 1832 1245 prae-

266 1281 410 1329 sens,
435 1278 488 1319 et
524 1284 629 1321 non
672 1269 826 1324 video
862 1279 934 1324 te.
970 1270 1023 1323 In
1060 1280 1110 1324 te
1141 1285 1380 1333 moveor,
1405 1278 1458 1323 et
1498 1268 1550 1321 in
1594 1276 1644 1322 te
1691 1284 1832 1333 sum,

262 1368 312 1409 et
346 1357 418 1387 ⁹⁹⁸
449 1358 516 1411 ad
550 1366 600 1412 te
635 1375 736 1412 non
768 1374 984 1429 possum
1026 1362 1317 1417 accedere.
1337 1362 1478 1417 Intra
1506 1377 1590 1416 me
1612 1371 1667 1415 et
1689 1362 1831 1416 circa

263 1461 351 1499 tne
371 1461 451 1505 es.
490 1456 542 1500 et
571 1463 674 1501 non
704 1449 876 1503 sentio
906 1458 974 1502 te.

333 1537 525 1593 Adhuc
570 1539 725 1604 la'cs,
758 1543 998 1607 Domine,
1029 1543 1265 1596 animam
1309 1559 1481 1599 meam
1524 1546 1574 1599 in
1622 1545 1739 1599 luce
1781 1556 1836 1599 et
1882 1590 1883 1595 η

260 1627 601 1685 beatitudine
656 1640 763 1693 tua,
808 1641 862 1686 et
904 1632 1103 1687 idcirco
1143 1642 1389 1688 versatur
1436 1635 1521 1689 illa
1556 1636 1747 1690 'adhue
1779 1636 1832 1689 in

260 1720 505 1775 tenebris
532 1730 587 1776 et
620 1721 834 1775 miseria
876 1737 1001 1787 sua;
1040 1723 1303 1792 conspicit
1343 1724 1508 1787 enim,
1542 1735 1594 1778 et
1618 1741 1724 1779 non
1754 1725 1834 1779 vi-

260 1812 349 1865 det
384 1812 837 1882 pulchritudinem
890 1822 1055 1867 tuam.
1096 1814 1398 1879 Attseultat,
1449 1822 1502 1869 et
1539 1832 1642 1869 non
1686 1815 1835 1868 audit

257 1901 801 1977 baruimiiamltuam.
847 1903 1064 1968 Olfacit,
1106 1913 1161 1960 et
1204 1921 1310 1959 nua
1359 1906 1586 1975 percipit
1614 1906 1833 1960 odorem

259 2003 442 2055 Itunn;
480 1994 678 2063 palpat,
721 2006 774 2049 et
804 2010 907 2049 non
935 1997 1097 2050 sentit
1125 1996 1397 2050 lenitatem
1427 2006 1603 2061 tuam;
1636 2005 1835 2063 gustat,

254 2096 309 2138 et
335 2102 443 2138 nun
480 2086 720 2156 agnoscit
746 2082 990 2155 saporem
1023 2096 1192 2141 tuum.
1228 2086 1405 2141 llabes
1447 2088 1590 2141 enim
1640 2086 1836 2142 limeq'n

256 2184 333 2238 te,
371 2174 600 2229 Domine
633 2175 773 2230 licus
809 2188 981 2237 meus,
1004 2184 1098 2229 tua
1121 2175 1376 2229 ineﬂ‘ahili
1411 2177 1587 2241 modo,
1619 2178 1742 2246 quia
1773 2194 1837 2233 ea

251 2268 408 2320 dedit
440 2270 605 2322 rebus
631 2269 829 2322 creatis
862 2284 959 2321 suo
983 2268 1217 2322 sensibili
1249 2271 1432 2337 modo,
1461 2271 1531 2303 ⁸⁸⁸
1566 2273 1660 2326 sed
1688 2274 1837 2328 obri-

251 2365 498 2423 gucrunt
544 2365 596 2411 et
648 2360 1059 2423 obstupuerunt,
1127 2367 1181 2412 et
1238 2347 1413 2414 obtusi
1472 2370 1598 2415 sunt
1648 2376 1840 2416 sensus

251 2446 457 2497 animae
511 2461 642 2500 meae
697 2455 907 2501 vetusto
965 2447 1218 2519 languore
1284 2452 1510 2520 peccati.
1559 2452 1697 2518 Quid
1750 2468 1837 2517 es,

252 2534 513 2595 Domine,
541 2536 668 2603 quid
697 2550 779 2601 es,
813 2538 938 2605 quid
982 2548 1032 2591 te
1081 2539 1329 2607 intelligit
1352 2540 1654 2597 os'menm?
1681 2542 1839 2599 Certe

250 2624 366 2681 vita
546 2625 741 2680 veritas
786 2642 868 2692 es,
914 2628 1128 2682 bonitas
1156 2645 1236 2690 es,
1272 2632 1545 2688 beatitudo
1573 2644 1843 2727 espmter-

248 2713 399 2768 nitas
431 2730 517 2778 es,
543 2724 596 2769 et
619 2730 774 2770 omne
803 2716 999 2771 bnntmt
1032 2734 1108 2774 es.

326 2804 590 2859 Excitare
621 2820 781 2871 nunc,
810 2808 989 2860 anima
1016 2824 1149 2868 mea,
1183 2820 1236 2863 et
1256 2811 1403 2881 erige
1435 2821 1602 2867 totum
1633 2813 1840 2868 intelle-

246 2903 402 2947 ctum
442 2903 618 2955 tttttm,
668 2902 721 2947 et
765 2897 939 2964 cogita
972 2908 1253 2964 quantum,
1298 2900 1459 2967 quale
1486 2910 1539 2954 et
1583 2888 1723 2970 quod
1768 2901 1839 2957 sit

247 2987 385 3040 illiut
410 2992 639 3042 bonum.
665 2988 719 3044 Si
746 2991 886 3045 enim
919 2992 1123 3059 singula
1159 2994 1293 3048 bona
1326 2993 1662 3050 delectabiiia
1691 3006 1833 3062 sunt,

244 3092 349 3146 cog
379 3085 433 3129 ta
494 3076 696 3132 intente
741 3093 899 3148 quam
953 3079 1263 3137 delectabile
1312 3082 1383 3136 sit
1428 3082 1552 3136 illud
1613 3084 1833 3150 bonum,

1937 534 2049 603 44).
2084 542 2349 603 potestate
2385 534 2593 603 utique,
2637 549 2739 587 non
2790 544 3002 589 natttra.
3041 534 3096 589 Si
3132 534 3288 606 longa
3329 548 3383 593 et
3412 557 3501 595 sa-

1933 623 2102 681 lubris
2126 626 2253 687 vita,
2290 624 2356 679 ibi
2386 637 2468 679 est
2496 640 2624 680 sana
2653 625 2944 687 aeternitas,
2972 632 3024 679 et
3051 634 3249 679 interna
3278 628 3503 697 sanitas,

1933 713 2053 781 quia
2089 714 2215 776 iusti
2239 716 2290 767 in
2326 724 2632 782 perpetuum
2679 714 2838 767 virent
2866 712 3017 784 (Sap.
3044 729 3094 778 v,
3127 716 3249 781 lli);
3275 702 3327 771 ἐι
3352 718 3503 773 salus

1926 804 2190 873 justorum
2238 823 2269 856 a
2314 806 2537 860 Domino
2568 803 2741 877 (Psal.
2795 822 2981 872 χχχιιι,
3013 807 3124 874 59).
3167 808 3222 863 Si
3256 813 3501 878 satietas,

1933 894 2265 947 satiabuntur
2318 912 2434 948 cum
2478 897 2779 967 apparuerit
2817 897 2984 967 glarla
3036 896 3130 951 Dei
3173 897 3344 969 (Psal.
3390 918 3502 969 xw,

1948 981 2053 1053 lii).
2087 980 2143 1036 Si
2172 982 2416 1046 melodia,
2444 985 2515 1039 ibi
2544 986 2719 1058 angeli
2763 987 3059 1041 concinnat
3091 988 3209 1043 sine
3236 990 3340 1045 line
3378 990 3505 1046 Deo.

1936 1071 1990 1126 Si
2044 1072 2302 1134 ebrietas,
2354 1073 2750 1129 iuebriabuntur
2799 1078 2867 1131 ab‘
2916 1080 3149 1135 ubertate
3179 1081 3362 1135 domus
3405 1092 3509 1135 tua:

1935 1163 2109 1232 (Psal.
2155 1180 2323 1228 xxxv,
2361 1166 2436 1233 9).
2495 1165 2551 1219 Si
2606 1168 2854 1235 quaelibet
2905 1186 3010 1229 non
3062 1172 3359 1237 immunda,
3410 1174 3505 1227 sed

1937 1256 2133 1310 munda
2167 1255 2412 1325 voluptas
2445 1274 2457 1309 :
2492 1255 2566 1309 De
2596 1266 2820 1311 torrente
2849 1261 3120 1329 voluptatis
3174 1273 3278 1316 tum
3304 1263 3509 1332 potabis

1934 1366 2044 1414 eos,
2070 1348 2291 1403 Domine
2322 1349 2530 1419 (lbitl.-).
2571 1350 2625 1404 Si
2666 1352 2949 1421 sapientia,
2988 1355 3096 1423 ipsa
3124 1358 3214 1412 Dei
3245 1358 3503 1427 sapientia

1934 1441 2185 1496 ostendet
2214 1442 2291 1496 eis
2320 1443 2688 1512 semetipsum.
2720 1440 2777 1498 Si
2807 1444 3063 1506 amicitia,
3092 1448 3307 1516 diligent
3340 1442 3505 1503 D'cum

1937 1534 2228 1604 plusquam
2280 1534 2509 1604 seipsos,
2557 1544 2610 1587 et
2656 1534 2799 1588 Deus
2838 1535 2959 1589 illos
3003 1536 3283 1606 plusquam
3318 1541 3391 1593 illi
3420 1556 3507 1595 se-

1938 1626 2099 1695 ipsos,
2132 1628 2253 1696 quia
2303 1627 2375 1681 illi
2421 1628 2567 1681 illum
2591 1636 2646 1682 et
2670 1630 2730 1682 se
2758 1630 2985 1683 invicem
3025 1646 3121 1698 per
3151 1630 3318 1696 illum,
3346 1641 3398 1686 et
3424 1632 3511 1686 ille

1938 1735 1998 1772 sn
2023 1730 2077 1775 et
2106 1720 2224 1775 illos
2260 1736 2355 1791 per
2388 1721 2649 1799 ’seipsnln.
2686 1721 2740 1776 Si
2770 1724 3079 1786 e0ncordia.
3129 1725 3379 1781 omnibus
3411 1707 3519 1781 illis.

1870 1788 1910 1845 Β
1939 1812 2165 1864 i-ritttna
2188 1795 2457 1871 voluntas,
2510 1811 2633 1879 quia
2672 1813 2812 1866 nulla
2840 1816 2943 1868 erit
2981 1816 3101 1877 illis,
3144 1817 3242 1871 nisi
3273 1818 3381 1870 sola
3420 1818 3510 1872 Dei

1943 1901 2211 1955 voluntas.
2242 1901 2299 1956 Si
2334 1905 2594 1969 potetnia,
2639 1900 3034 1975 omnipotentes
3077 1919 3236 1963 erunt
3273 1910 3510 1963 volonu-

1918 1990 2013 2055 stis
2041 2005 2173 2053 sum,
2215 1999 2273 2044 ut
2301 1989 2441 2046 Deus
2486 2008 2614 2046 sum.
2646 1991 2776 2047 Nam
2807 1996 2949 2049 sicut
2975 1998 3111 2051 Deus
3144 2000 3339 2068 poterit
3369 2002 3511 2068 ;,ι.‹›ιὶ

1948 2080 2087 2132 volet
2115 2095 2211 2150 per
2232 2096 2290 2135 se
2325 2081 2517 2149 ipsum;
2549 2083 2618 2137 ita
2649 2084 2720 2137 illi
2750 2099 2845 2152 per
2874 2086 3043 2139 illum.
3073 2087 3208 2153 Quia
3240 2090 3378 2143 sicut
3407 2106 3512 2143 non

1947 2169 2093 2224 aliud
2123 2170 2300 2224 volent
2332 2187 2489 2240 quam
2533 2173 2636 2233 ille.
2693 2174 2764 2227 ita
2816 2173 2902 2228 ille
2943 2175 3083 2229 volet
3127 2177 3385 2246 quidquid
3423 2194 3518 2231 vo-

1941 2258 2050 2313 lent
2079 2260 2173 2322 illi,
2202 2269 2253 2312 et
2290 2261 2432 2328 quod
2466 2261 2553 2315 ille
2585 2261 2727 2315 volet
2776 2278 2879 2316 non
2917 2266 3116 2333 poterit
3148 2280 3251 2318 non
3284 2281 3402 2320 esse
3424 2267 3515 2321 ’¹⁶.

1942 2348 2000 2403 Si
2043 2348 2216 2403 honor
2260 2358 2315 2403 et
2381 2350 2601 2417 divitia},
2657 2352 2795 2407 Dens
2849 2369 3035 2408 servos
3085 2370 3212 2409 suos
3270 2355 3440 2409 bonos
3464 2365 3518 2411 et

1943 2435 2127 2490 ﬁdeles
2169 2452 2330 2506 super
2379 2436 2544 2493 multa
2576 2444 2886 2497 constituet.
2917 2443 3030 2499 imo
3061 2444 3181 2498 Filii
3216 2446 3329 2510 Dei,
3361 2456 3409 2499 et
3439 2445 3513 2500 dii

1943 2530 2296 2593 Vocabuntur,
2354 2542 2410 2587 et
2475 2533 2561 2587 ubi
2617 2536 2719 2589 erit
2762 2536 2946 2602 Filius,
3010 2548 3136 2595 tunc
3198 2540 3361 2595 etiam
3420 2539 3519 2608 illi,

1942 2619 2170 2674 [Heredes
2199 2622 2404 2689 quidem
2442 2622 2555 2689 Del,
2585 2625 2876 2679 colueredes
2898 2638 3069 2680 autent
3108 2628 3301 2683 Christi
3330 2631 3509 2700 (Rom.

1943 2721 2061 2773 νιιι,
2095 2708 2203 2779 l7).
2238 2710 2292 2764 Si
2322 2726 2448 2765 vera
2473 2705 2755 2778 securitas,
2785 2724 2933 2770 certe
2966 2716 3100 2772 certi
3153 2727 3312 2771 erunt
3338 2735 3395 2774 se
3423 2736 3526 2774 sua

1946 2809 2137 2867 sponte
2183 2801 2307 2855 illud
2357 2820 2462 2858 non
2516 2804 2842 2868 amissuros;
2879 2821 2974 2860 nec
3002 2806 3311 2864 dilectorem
3342 2812 3524 2865 Domi-

1946 2905 2072 2941 num
2105 2890 2459 2947 dilectoribus
2493 2894 2604 2947 suis
2640 2893 2765 2947 illud
2809 2895 3137 2963 ablaturum,
3183 2914 3281 2954 nec
3321 2899 3523 2967 aliquid

1946 2976 2051 3030 Deo
2082 2982 2353 3047 potentius
2411 2983 2605 3036 invitos
2639 2983 2801 3036 Deum
2851 2995 2901 3037 ct
2954 2986 3071 3041 illos
3121 2999 3529 3057 scparaturnma

1940 3068 2202 3124 Gaudium
2246 3074 2374 3127 vero
2406 3074 2562 3143 quale
2585 3090 2649 3128 ac
2669 3084 2927 3144 quantum
2956 3086 3057 3142 est,
3105 3078 3265 3150 243
3297 3083 3382 3135 ubi
3416 3082 3521 3138 tale

247 3167 405 3237 quod,
434 3168 678 3222 continet
713 3170 893 3223 omnia
935 3170 1071 3224 bona
1114 3182 1169 3224 ct
1193 3173 1260 3202 ⁹⁰⁷
1298 3172 1689 3241 jucunditatetn
1716 3190 1834 3229 out-

1940 3175 2002 3214 ac
2027 3168 2230 3215 tantum
2274 3149 2471 3217 bonum
2504 3166 2620 3218 est?
2651 3165 2756 3219 Cor
2777 3167 3090 3228 humanum,
3119 3183 3213 3221 cor
3249 3171 3513 3247 indigens,

244 3258 404 3311 nium
448 3257 747 3324 bonorum;
781 3275 885 3313 non
916 3260 1127 3327 qualem
1155 3264 1357 3327 experti
1391 3279 1575 3319 smnus
1600 3267 1651 3319 in
1680 3267 1840 3319 rebus

242 3348 489 3410 Creatis,
544 3346 636 3399 sed
714 3355 862 3401 tanto
925 3335 1281 3409 differentiam,
1343 3362 1598 3418 quantum
1662 3352 1841 3406 differt

240 3435 489 3489 Greater
527 3449 553 3490 a
590 3444 855 3489 creatura.
890 3434 944 3490 Si
976 3435 1118 3490 enim
1167 3438 1307 3491 bona
1354 3448 1435 3492 est
1482 3440 1590 3493 vita
1620 3438 1838 3509 "creata,

240 3542 420 3596 quam
454 3529 598 3579 bona
646 3536 728 3580 est
768 3528 869 3582 vita
916 3529 1146 3583 creatrix
1178 3528 1270 3582 ⁸³⁸.
1304 3527 1358 3583 Si
1397 3528 1634 3597 jucunda
1665 3530 1733 3563 ⁹⁰⁹
1757 3541 1843 3586 est

240 3620 405 3675 salus
438 3620 610 3685 facta,
643 3636 804 3688 quam
841 3621 1071 3689 jucunda
1104 3633 1186 3677 est
1227 3622 1392 3685 salus,
1427 3638 1544 3692 qua:
1572 3622 1697 3677 fecit
1724 3639 1842 3677 om-

240 3726 375 3765 nem
431 3710 693 3766 salutem.
742 3712 797 3765 Si
838 3713 1085 3768 amabilis
1130 3723 1213 3768 est
1253 3712 1511 3782 sapientia
1554 3713 1604 3766 in
1650 3714 1840 3783 cogni-

238 3802 401 3857 tione
462 3815 650 3856 rerum
699 3802 1057 3865 conditarum,
1106 3817 1266 3870 quam
1321 3800 1568 3856 amabilis
1616 3811 1699 3857 est
1753 3818 1841 3857 sa-

238 3892 493 3962 pientia,
525 3906 645 3962 qua:
669 3893 848 3945 omnia
893 3892 1132 3947 condidit
1167 3907 1233 3946 ex
1280 3892 1468 3947 nihilo.
1515 3893 1755 3963 Denique
1793 3897 1841 3950 si

240 3981 445 4037 tntiltae
473 3989 536 4035 et
564 3994 767 4049 magna:
812 3979 1194 4035 delectationes
1226 3980 1278 4034 in
1316 3981 1477 4037 rebus
1504 3982 1841 4038 delectabili-

236 4074 349 4128 bus
399 4078 564 4134 sunt,
595 4070 770 4137 qualis
798 4079 852 4125 et
893 4080 1092 4139 quanta
1128 4080 1211 4127 est
1240 4071 1524 4127 delectatio
1565 4073 1619 4127 iu
1656 4088 1721 4127 eo
1748 4074 1840 4143 qui

1941 3267 2034 3305 cor
2065 3261 2347 3321 expertum
2394 3271 2684 3319 :crnmnas,
2726 3255 2834 3309 imo
2868 3255 3117 3310 obrutum
3146 3259 3213 3289 ἰι
3240 3264 3515 3330 tnrtnnnis,

1943 3344 2203 3407 quantum
2229 3343 2509 3411 gauderes,
2546 3346 2590 3398 si
2641 3345 2708 3399 iis
2743 3346 2995 3400 onmibus
3040 3348 3380 3406 abundares!
3426 3352 3508 3406 ln-

1950 3439 2162 3501 terroga
2208 3433 2387 3486 omnia
2418 3418 2624 3487 'iutima
2662 3443 2774 3499 tua,
2821 3436 2864 3489 si
2906 3451 3101 3505 capere
3145 3452 3365 3507 possunt
3392 3458 3520 3513 gau-

1945 3521 2093 3576 dium
2125 3538 2280 3577 suum
2312 3525 2377 3577 de
2426 3534 2571 3579 tanta
2610 3526 2953 3581 beatitudine
2996 3543 3111 3583 sua.
3143 3528 3247 3586 Sed
3277 3543 3444 3602 certe.
3473 3536 3517 3589 si

1942 3616 2064 3684 quis
2112 3614 2271 3678 alius,
2310 3631 2469 3685 quem
2520 3618 2745 3672 omnino
2779 3619 2913 3673 sicut
2972 3622 3198 3690 teipsum
3246 3624 3520 3694 diligcres,

1946 3704 2189 3760 eamdem
2240 3704 2625 3762 beatitudinem
2674 3709 2917 3774 haberet,
2985 3711 3351 3779 duplicaretur
3393 3733 3525 3785 gau-

1944 3795 2091 3849 dium
2133 3805 2314 3859 tuum;
2370 3797 2496 3865 quia
2552 3814 2655 3851 non
2712 3799 2891 3853 minus
2920 3802 3186 3869 gauderes
3232 3818 3329 3872 pro
3360 3821 3423 3858 eo
3450 3808 3519 3839 οι·

1943 3898 2105 3951 quam
2130 3899 2229 3952 pro
2270 3892 2323 3938 te
2355 3884 2489 3953 ipso.
2531 3884 2586 3939 Si
2614 3901 2740 3940 vero
2778 3889 2902 3951 duo,
2941 3888 3021 3942 vel
3065 3900 3194 3957 tres,
3233 3893 3314 3945 vel
3351 3893 3541 3949 multo.

1945 3974 2125 4044 plures
2163 3975 2217 4028 id
2251 3975 2424 4045 ipsmn
2452 3975 2735 4039 haberent,
2785 3979 3117 4033 tantumdem
3147 3996 3245 4049 pro
3270 3982 3517 4053 singulis,
3609 4021 3617 4030 -

1946 4072 2206 4131 quantum
2253 4080 2350 4133 pro
2396 4074 2449 4120 le
2484 4065 2599 4135 ipso
2621 4068 2905 4137 gauderes,
2936 4069 2980 4123 si
3006 4070 3246 4139 singulos
3269 4073 3409 4129 sicut
3445 4085 3522 4130 te-

232 4161 377 4215 fccit
436 4157 821 4212 delectabilia?
856 4159 900 4215 Ο
935 4160 1023 4228 qui
1077 4160 1179 4215 hoc
1241 4162 1380 4217 bono
1434 4163 1662 4228 fruetur,
1712 4164 1844 4233 quid
1947 4156 2233 4226 metipsum
2274 4172 2505 4212 amares.
2536 4158 2676 4229 Ergo
2716 4159 2768 4213 in
2817 4158 2902 4214 illa
2958 4162 3196 4229 perfecta
3254 4164 3529 4223 eharitate-

235 4249 317 4305 illi
352 4249 581 4311 erit,'et
613 4249 737 4317 quid
781 4249 853 4303 illi
901 4265 1003 4304 non
1034 4251 1172 4306 erit?
1194 4251 1352 4307 Certe
1382 4252 1640 4323 quidquid
1680 4255 1842 4324 volet,

234 4341 377 4408 erit,
422 4350 483 4393 et
522 4339 781 4415 quidquid
818 4340 982 4403 nolet.
1034 4358 1138 4397 non
1183 4343 1319 4410 erit;
1350 4344 1428 4407 ibi
1458 4346 1653 4417 quippe
1686 4358 1844 4403 erunt

1948 4247 2421 4315 innumerabilium
2454 4250 2734 4306 beatorum
2775 4252 3084 4325 angelorum
3127 4266 3179 4309 et
3218 4258 3520 4327 hominum,

1946 4340 2035 4394 ubi
2066 4341 2243 4395 nullus
2270 4342 2431 4395 alium
2464 4342 2629 4411 diligit
2671 4343 2849 4397 minus
2892 4360 3054 4414 quam
3090 4361 3149 4401 se
3182 4348 3377 4417 ipsum,
3411 4368 3518 4406 non

232 4433 391 4487 150m;
441 4431 698 4499 corporis
748 4440 802 4484 ct
844 4432 1055 4499 animm,
1089 4434 1266 4503 qualia
1303 4450 1402 4491 nec
1429 4437 1576 4491 auris
1614 4439 1841 4508 audivit,
1875 4472 1920 4526 Β
1948 4430 2105 4518 aliter
2125 4430 2378 4501 gaudebit
2404 4433 2775 4503 unusquisque
2803 4449 2899 4503 pro
2946 4435 3175 4506 singulis
3208 4439 3327 4494 aliis
3354 4455 3516 4509 quam

234 4541 347 4579 nec
375 4524 584 4579 oculus
616 4523 769 4589 vidit,
808 4539 907 4578 nec
940 4540 1035 4579 cor
1063 4526 1294 4581 hominis
1318 4530 1598 4601 cogitavit.

308 4615 437 4668 Cur
469 4626 604 4679 ergo
632 4628 726 4680 per
752 4611 913 4665 multa
955 4616 1186 4683 vagaris,
1216 4616 1522 4687 homuncio,
1552 4622 1845 4691 qumrendo

232 4705 394 4759 bona
417 4703 629 4757 auiuun
655 4713 756 4775 tua:
784 4715 837 4757 et
867 4706 1107 4774 corporis
1133 4707 1243 4761 tui?
1267 4725 1385 4763 ama
1420 4727 1585 4765 unum
1618 4714 1840 4779 bonum,

228 4798 288 4851 in
317 4812 443 4866 quo
499 4806 627 4849 sunt
661 4797 839 4851 omnia
893 4798 1057 4861 ltnua,
1090 4808 1145 4853 et
1181 4799 1391 4856 suliicit.
1427 4803 1679 4859 Desidera
1709 4806 1841 4859 sim-

227 4893 364 4961 plex
405 4892 647 4952 bonum,
695 4892 835 4958 quod
878 4900 961 4944 est
1002 4907 1160 4947 omne
1204 4892 1422 4957 bonum,
1473 4905 1525 4947 et
1567 4897 1699 4951 satis
1734 4908 1836 4952 est.

224 4982 383 5049 Quid
420 4981 581 5033 enim
611 4994 778 5041 amas,
812 4963 1111 5034 caro-mea?
1154 4984 1280 5050 quid
1322 4985 1624 5052 desideras,
1658 4989 1839 5041 anima

228 5070 405 5126 mea?
439 5069 524 5123 ibi
555 5077 635 5122 est
664 5070 923 5138 quidquid
965 5073 1181 5138 amatis,
1213 5074 1467 5143 quidquid
1496 5078 1836 5132 desideratis.

222 5164 286 5218 Si
356 5158 728 5231 pulchritudo
783 5160 1027 5224 delectat,
1090 5161 1359 5231 fulgebunt
1412 5165 1547 5233 justi
1584 5168 1714 5220 sicut
1764 5168 1841 5221 sol

224 5252 478 5323 (Matth.
542 5252 802 5322 Xltt,45).
855 5252 910 5307 Si
963 5253 1233 5320 velocitas,
1288 5266 1379 5309 aut
1426 5258 1701 5324 fortitudo,
1752 5271 1844 5314 aut

223 5344 487 5400 libertas
548 5346 809 5412 corporis,
870 5344 953 5398 cui
1006 5345 1135 5399 nihil
1166 5344 1430 5401 obsistere
1472 5350 1660 5417 possit,
1688 5361 1836 5403 erunt

221 5434 449 5489 similes
514 5434 713 5502 angelis
766 5434 875 5487 Dei.
915 5433 1062 5503 (Luc.
1102 5438 1190 5499 χιι,
1235 5436 1343 5504 56),
1388 5441 1512 5506 quia
1553 5439 1839 5493 seminatur

1944 4537 2042 4593 pro
2077 4537 2135 4577 se
2169 4536 2301 4592 ipso.
2381 4566 2388 4574 .

2018 4611 2073 4666 Si
2113 4626 2239 4681 eigo
2270 4628 2365 4667 cor
2393 4613 2625 4667 hominis
2646 4614 2712 4668 de
2744 4623 2893 4668 tanto
2924 4631 3021 4669 suo
3050 4617 3189 4672 bono
3222 4620 3308 4673 vix
3346 4622 3521 4690 capiet

1946 4704 2196 4772 gaudium
2222 4719 2401 4768 suum,
2429 4706 2695 4775 quomodo
2723 4722 2885 4776 capax
2916 4709 3014 4762 erit
3056 4718 3130 4762 tot
3164 4721 3214 4764 et
3246 4719 3531 4767 tantorum.

1945 4793 2296 4863 gaudiorum?
2324 4795 2388 4849 Et
2432 4796 2616 4864 utique
2657 4806 2913 4864 quantuut
2960 4800 3185 4869 quisque
3215 4802 3381 4869 diligit
3412 4804 3517 4858 ali-

1945 4901 2102 4954 quem
2133 4885 2221 4950 m,
2272 4895 2477 4940 tantum
2527 4887 2777 4954 gaudebit
2818 4888 2884 4941 de
2931 4904 3028 4943 suo
3060 4891 3217 4945 bono.
3254 4895 3343 4961 Sic
3377 4898 3513 4952 etin

1947 4978 2034 5031 illa
2094 4976 2328 5046 perfecta
2383 4978 2665 5039 felicitate,
2716 4980 3081 5050 unusquisque
3136 4982 3254 5051 plus
3312 4988 3519 5044 amabit

1946 5066 2111 5119 Deum
2152 5066 2270 5119 sine
2312 5067 2735 5135 comparatione,
2777 5084 2937 5136 quam
2974 5086 3031 5125 se
3062 5082 3117 5139 et
3154 5090 3342 5130 omnes
3378 5078 3522 5133 alios

1946 5184 2150 5221 secum.
2180 5168 2362 5237 itaque
2394 5169 2513 5238 plus
2534 5171 2784 5240 gaudebit
2818 5172 3021 5239 absque
3058 5170 3413 5223 :estimatioue
3449 5170 3515 5223 de

1948 5259 2204 5315 felicitate
2258 5259 2349 5313 Dei
2398 5276 2557 5328 quam
2610 5263 2675 5315 de
2725 5276 2817 5315 sua
2875 5272 2929 5315 et
2986 5262 3225 5316 omnium
3288 5260 3512 5313 aliorum

1946 5366 2148 5405 secum.
2182 5349 2284 5405 Sed
2324 5349 2364 5404 si
2407 5351 2573 5404 Deum
2624 5352 2700 5406 sic
2744 5352 2964 5422 diligent
3016 5362 3125 5406 toto
3155 5352 3347 5414 corde,
3400 5358 3511 5406 tota

1949 5450 2148 5506 mente,
2187 5450 2293 5495 tota
2324 5440 2535 5507 anima,
2583 5450 2640 5495 ut
2692 5449 2858 5496 totum
2889 5458 3005 5506 eor,
3040 5450 3145 5497 tota
3184 5454 3363 5504 mens,
3401 5449 3511 5495 toia

1518 5546 1745 5600 VARI/it]
1788 5548 2185 5604 LECTIONES.

303 5643 387 5675 ’”
434 5639 520 5693 at.
554 5652 585 5689 ι)
618 5647 725 5691 tota
796 5638 863 5669 ὀδ
898 5638 968 5691 al.
1010 5641 1185 5693 unitas
1259 5640 1326 5673 ὀδ
1358 5640 1428 5693 al.
1461 5644 1605 5691 omn.

226 5715 388 5772 bona
504 5706 579 5740 ⁹²⁰
606 5708 676 5762 at.
700 5708 854 5763 Nolet
881 5725 984 5765 non
1012 5712 1207 5779 poterit
1242 5727 1353 5765 es..-

1680 5642 1749 5671 ⁹⁰⁶
1778 5643 1848 5694 ul.
1888 5644 2033 5695 omit.

1458 5712 1520 5743 '4'“
1574 5711 1861 5765 obnoxium

2108 5642 2177 5672 ’⁸³⁷
2204 5641 2273 5694 al.
2306 5642 2484 5694 omnia
2513 5643 2670 5703 bona,
2702 5655 2751 5697 et
2827 5643 2895 5673 ⁹⁰¹¹
2926 5642 2975 5693 al
2997 5641 3256 5695 creatoris
3334 5642 3403 5672 ⁸⁸⁸
3438 5642 3506 5692 al.

1938 5714 2005 5743 "”
2039 5728 2133 5781 pro
2180 5729 2237 5767 se
2312 5711 2381 5744 '“3
2420 5712 2490 5766 ul.
2541 5713 2700 5767 aliuui
