4200 6242
729 331 834 391 '319
1082 334 1139 391 S.
1179 333 1472 390 ANSELMI
1508 331 1856 390 CANTUAR.
1887 332 2204 390 ARCIIIEP.
2233 333 2381 389 OPP.
2411 333 2591 390 PARS
2629 334 2690 388 ll.
2720 365 2789 376 —
2815 335 3181 393 PAR/ENET.
3217 337 3305 392 ET
3335 337 3574 395 ASCET.
3858 342 3944 397 820

728 443 910 501 anima
937 459 1041 501 non
1089 445 1353 500 sufficiant
1398 446 1645 518 dignitati
1686 446 2022 511 dilectionis,
2052 447 2297 517 profecto
2325 454 2370 511 Α
2400 448 2651 502 amabunt
2679 460 2939 518 quantum
2969 460 3316 521 cognoscent.
3360 453 3630 529 Quam/um
3680 465 3732 509 tc
3770 469 3941 524 cogno-

727 533 812 592 sic
853 536 1154 608 gaudelmnt
1188 535 1313 605 iusti
1364 537 1416 590 in
1461 538 1546 592 illa
1591 553 1820 608 superna
1871 539 2127 593 felicitate
2179 549 2292 594 toto

723 628 906 692 corde,
937 635 1046 680 tota
1079 637 1293 692 mente,
1329 638 1439 683 tota
1471 630 1670 695 anima,
1718 640 1775 683 ut
1821 639 1987 684 totum
2035 645 2148 694 cor,
2183 639 2292 684 tota

718 730 895 783 mens,
915 725 1022 770 tota
1056 718 1235 772 anima
1265 735 1368 780 non
1396 718 1659 775 sufficiant
1681 719 1997 788 plcnitudini
2021 720 2218 787 gaudii.

786 808 929 864 Deus
964 823 1140 872 meus,
1177 820 1230 865 et
1275 812 1552 875 Dominus,
1615 801 1737 880 sbes
1775 826 1891 865 mea
1948 822 2002 866 et
2039 813 2290 881 gaudium

714 897 899 954 cordis
927 901 1054 965 mei,
1087 901 1172 955 dic
1214 902 1406 954 animm
1440 915 1571 956 mem
1597 902 1640 954 si
1683 901 1784 956 hoc
1821 911 1904 956 est
1944 903 2196 971 gaudium
2225 903 2292 955 de

711 1001 824 1057 quo
855 989 1015 1045 nobis
1037 991 1170 1044 dicis
1195 1007 1291 1060 per
1317 990 1509 1046 Filium
1546 1002 1696 1047 tuum
1727 1011 1738 1045 :
1774 991 1956 1056 Petile,
1989 1003 2037 1046 et
2066 994 2291 1061 ιιι-εἰμὴ·-

711 1075 807 1140 (is.
832 1087 889 1133 u.’
913 1079 1163 1149 gaudium
1205 1090 1422 1133 vestrum
1452 1083 1520 1134 sit
1550 1083 1761 1152 plenum
1800 1082 1981 1151 (Idan.
2033 1097 2144 1146 xw,
2175 1082 2288 1151 24).

710 1166 897 1227 Inveni
943 1186 1172 1240 namque
1202 1173 1456 1246 gaudium
1484 1175 1752 1243 quoddam
1798 1173 2037 1245 plenum,
2065 1184 2118 1227 et
2148 1174 2290 1243 plus-

711 1274 872 1330 quam
898 1262 1136 1332 plenum.
1165 1263 1332 1320 Pleno’
1358 1267 1557 1336 quippe
1579 1266 1761 1329 corde,
1794 1266 1948 1334 plena
1981 1266 2108 1328 vita,
2135 1265 2287 1333 plena

713 1352 914 1420 anima,
955 1354 1115 1425 pleno
1143 1365 1253 1412 toto
1283 1359 1503 1413 homine
1529 1360 1723 1430 gaudio
1747 1360 1868 1422 illo,
1900 1359 2074 1412 adhuc
2102 1374 2291 1426 super-

715 1443 822 1498 erit
855 1459 1017 1516 supra
1072 1449 1288 1503 modum
1317 1450 1592 1519 gaudium.
1631 1449 1745 1504 Non
1785 1450 1928 1503 enim
1957 1457 2123 1503 totum
2159 1449 2287 1504 illud

714 1532 971 1600 gaudium
1006 1535 1225 1590 intrabit
1271 1538 1322 1591 in
1365 1537 1680 1606 gaudentes,
1716 1539 1807 1592 sed
1855 1539 1949 1591 toti
1991 1538 2288 1607 gaudentes

711 1617 1011 1677 Intrabunt
1027 1623 1076 1678 in
1102 1624 1228 1680 illud
1250 1626 1524 1696 gaudium.

729 1701 732 1706 ’
787 1712 905 1779 Dic,
943 1715 1188 1780 Domine,
1218 1717 1305 1771 dic
1347 1732 1504 1771 servo
1535 1725 1658 1783 tuo,
1702 1718 1848 1773 intus
1878 1717 1930 1771 in
1969 1717 2130 1772 corde
2163 1732 2281 1780 suo,

714 1803 763 1856 si
793 1802 894 1857 hoe
924 1812 1009 1858 est
1034 1804 1286 1874 gaudium
1325 1806 1378 1860 iu
1408 1808 1550 1875 quod
1591 1807 1870 1860 intrabunt
1902 1808 2043 1861 servi
2071 1808 2165 1872 tui,
2193 1807 2282 1876 qui
2319 1839 2362 1897 Β

711 1893 990 1950 intrabunt
1039 1897 1090 1960 in
1123 1899 1374 1968 gaudium
1423 1899 1514 1953 Dei
1557 1899 1662 1953 sui.
1711 1898 1836 1953 Sed-
1863 1898 2116 1968 gaudium
2158 1898 2286 1952 illud

2397 547 2547 592 scent
2573 549 2717 603 tunc,
2754 541 2994 605 Domine,
3027 553 3080 597 ct
3105 552 3363 611 quantum
3396 554 3448 598 te
3486 545 3765 598 amabunt.
3805 546 3944 603 Certe

2396 645 2485 682 uec
2511 629 2694 683 oculus
2723 630 2873 694 uidit,
2923 649 3014 686 uec
3041 635 3186 686 auris
3213 634 3433 698 audivit,
3457 650 3549 687 nec
3603 637 3656 687 :‘u
3680 652 3771 688 cor
3797 638 3940 690 homi-

2395 720 2475 772 nis
2515 722 2744 774 ascendit
2799 721 2851 772 in
2899 722 3000 776 hac
3042 725 3146 776 vita
3200 733 3461 794 quantum
3506 735 3558 778 te
3590 791 3592 793 g
3619 741 3942 794 cognoscent,

2395 821 2450 864 et
2466 811 2723 864 amabunt
2749 811 2800 865 in
2825 811 2912 865 illa
2941 813 3048 866 vita
3074 814 3246 868 sancti
3274 815 3372 868 tui.
3399 813 3506 868 Oro
3532 825 3601 876 te,
3624 815 3764 868 Deus
3793 833 3944 880 meus,

2396 912 2448 955 ut
2479 918 2800 972 cognoscam
2834 914 2909 968 te,
2938 917 3114 957 amem
3163 913 3232 968 te,
3267 906 3634 974 gaudeamque
3670 905 3737 959 de
3782 916 3865 971 te;
3901 917 3948 960 ct

2395 992 2440 1045 si
2468 1007 2574 1047 non
2606 1007 2821 1062 possum
2855 993 3036 1046 iirhac
3072 993 3180 1046 vita
3217 995 3283 1048 ad
3305 993 3542 1063 plenum,
3577 994 3659 1050 vel
3688 994 3947 1064 proﬁciam

2395 1083 2449 1136 in
2475 1083 2613 1146 dies,
2646 1098 2926 1153 quousque
2952 1083 3136 1137 veniat
3162 1082 3290 1138 illud
3314 1084 3384 1114 ⁹¹⁸
3415 1085 3481 1138 ad
3526 1085 3761 1153 plenum.
3795 1083 3948 1138 Proli-

2393 1174 2500 1228 eiat
2529 1175 2615 1229 hic
2643 1176 2695 1228 in
2725 1189 2808 1228 me
2839 1173 3029 1230 notitia
3064 1184 3176 1256 tua,
3204 1183 3259 1229 et
3284 1175 3354 1229 ibi
3389 1174 3483 1229 ﬁat
3512 1175 3689 1244 plena.
3747 1177 3953 1231 Crescat

2393 1263 2482 1318 hic
2511 1280 2664 1318 amor
2693 1274 2834 1326 tuus,
2861 1272 2916 1316 et
2941 1263 3011 1317 ibi
3041 1257 3136 1318 ﬁat
3166 1264 3386 1334 plenus;
3413 1274 3471 1318 ut
3500 1266 3585 1320 hic
3617 1267 3865 1334 gaudium
3890 1267 3954 1320 sit

2392 1354 2445 1406 in
2483 1369 2576 1423 spe
2608 1370 2884 1431 magnum,
2913 1363 2970 1407 et
2995 1353 3064 1408 ibi
3094 1354 3165 1409 sit
3189 1355 3240 1408 in
3265 1363 3318 1410 te
3348 1355 3585 1426 plenum.

2465 1446 2706 1512 Domine,
2742 1461 2838 1514 per
2876 1445 3071 1500 Filium
3102 1454 3248 1499 tuum
3281 1445 3458 1514 jubet,
3488 1447 3596 1499 imo
3623 1447 3860 1502 consulis
3879 1462 3956 1515 pe-

2392 1547 2504 1592 tere
2530 1548 2581 1591 et
2606 1539 2877 1606 promittis
2901 1540 3168 1609 accipere,
3187 1550 3241 1591 ut
3261 1538 3513 1608 gaudium
3543 1547 3782 1592 nostrum
3811 1539 3954 1593 sit’"

2390 1627 2627 1697 plenum.
2658 1628 2814 1694 Peto,
2847 1629 3094 1691 Domine.
3122 1629 3264 1700 quod
3313 1630 3552 1682 consulis
3599 1644 3695 1697 per
3729 1630 3957 1683 admira-

2390 1718 2550 1773 bilem
2581 1715 2947 1774 consiliarium
2972 1727 3219 1782 tuum.ut
3241 1718 3504 1786 accipiam
3531 1719 3673 1788 quod
3696 1721 3961 1790 promittis

2392 1822 2486 1877 per
2514 1809 2797 1864 veritatem
2833 1820 3001 1873 tuam,
3048 1818 3104 1861 ut
3132 1809 3382 1878 gaudium
3415 1824 3592 1862 meum
3632 1809 3847 1878 plenum
3875 1811 3956 1864 sit.

2393 1890 2678 1954 Meditetnr
2705 1900 2921 1954 interim
2947 1899 2998 1954 in
3029 1908 3079 1952 te
3107 1913 3259 1952 mens
3286 1897 3693 1969 mea.loqnatur
3723 1899 3849 1954 inde
3867 1899 3962 1954 lin-

711 1995 860 2042 certe
884 2001 990 2057 quo
1019 1990 1328 2058 gaudebunt
1357 1991 1509 2045 electi
1540 1993 1640 2059 tui,
1674 2007 1764 2046 uec
1794 1989 1976 2044 oculus
2008 1990 2130 2044 ridit
2151 2031 2166 2054 ,
2197 2005 2328 2054 nec,
2393 2007 2492 2076 ειμι
2529 2008 2666 2056 mea,
2693 2001 2837 2045 amet
2857 1991 2986 2045 illud
3005 2005 3323 2057 cornicum,
3350 1991 3740 2045 sermocinetur
3763 1991 3830 2044 de
3852 1991 3963 2059 ipso

714 2076 863 2129 auris
884 2077 1109 2142 audiuit,
1141 2095 1232 2132 uec
1261 2079 1315 2132 in
1343 2096 1431 2134 cor
1454 2081 1678 2134 hominis
1701 2080 1935 2134 ascendit
1962 2080 2020 2141 in.
2050 2081 2150 2134 hac
2182 2081 2287 2133 vita

713 2167 767 2235 (1
795 2168 919 2224 Cor.
950 2186 1011 2235 ll,
1038 2172 1117 2240 9).
1168 2171 1410 2227 Nondum
1455 2189 1586 2244 ergo
1625 2174 1733 2227 dixi
1783 2173 1880 2238 ⁸⁸⁵,
1915 2172 2164 2232 Domine,
2196 2184 2290 2225 aut

713 2259 946 2330 cogitavi
985 2272 1245 2331 quantum
1301 2264 1607 2333 gaudebunt
1642 2263 1714 2316 illi
1765 2261 1904 2316 beati
1947 2261 2042 2314 tui.
2091 2259 2285 2330 Utique

713 2351 919 2413 lautum
961 2354 1269 2425 gaudebunt
1314 2365 1573 2422 quantum
1621 2354 1880 2409 amabunt
1924 2353 2015 2418 "",
2075 2361 2280 2407 tantum

2397 2097 2454 2138 os
2485 2097 2688 2146 meum,
2719 2082 2922 2136 esuriat
2953 2079 3080 2134 illud
3111 2080 3291 2134 anima
3321 2096 3464 2144 mea,
3493 2079 3643 2135 sitiat
3667 2095 3799 2135 caro
3823 2095 3962 2142 mea,

2409 2174 2664 2228 lesideret
2693 2183 2801 2228 tota
2831 2172 3303 2234 substantia'mea,
3336 2171 3505 2225 donec
3537 2171 3730 2223 intrent
3757 2170 3814 2224 in
3836 2184 3964 2238 gauv

2391 2261 2535 2314 dium
2571 2261 2784 2314 Domini
2813 2262 2940 2324 mei,
2967 2261 3056 2328 qni
3079 2269 3162 2313 est
3183 2259 3361 2314 trinus
3381 2270 3432 2312 et
3461 2276 3599 2313 unus
3625 2260 3782 2327 Deus,
3807 2258 3966 2313 benc-

2389 2350 2563 2405 dictns
2591 2351 2644 2406 in
2676 2351 2869 2406 smcula
2898 2351 3240 2406 saeculorum.
3272 2349 3466 2405 Amen.

1983 2535 2216 2591 VARIE
2244 2531 2649 2589 LECTIONES.

776 2665 847 2701 '“
880 2667 953 2723 al.
990 2669 1098 2724 dixi
1132 2669 1225 2724 tibi
1297 2671 1370 2709 ⁹¹⁸
1397 2669 1470 2725 al.
1495 2671 1640 2724 omit.
1717 2671 1788 2701 ³¹⁶
1819 2670 1889 2722 al.
1920 2668 2201 2724 deveniam
2236 2669 2341 2723 hic.
2379 2668 2449 2700 "7
2474 2666 2547 2722 al.
2567 2675 2832 2728 uestrum.

1073 3059 1679 3187 MONITUM
1773 3097 1899 3186 IN
1976 3095 2695 3189 OPUSCULUM
2768 3093 3572 3199 SUBSEQUENS.

951 3279 1168 3353 (Edidit
1193 3281 1356 3336 emin.
1387 3281 1677 3337 cardinalis
1700 3282 1904 3354 Angelo
1945 3280 2072 3349 Mai,
2117 3281 2268 3338 Nova
2300 3282 2620 3337 Bibliotheca
2655 3282 2873 3336 Patrum
2910 3290 2951 3337 t.
2981 3310 3021 3348 ι,
3063 3297 3118 3352 p.
3149 3282 3289 3348 505;
3316 3282 3504 3338 Romze
3534 3281 3711 3352 1859.)

769 3583 914 3641 Inter
935 3583 1129 3640 Leonis
1157 3583 1331 3638 Allatii
1363 3583 1606 3655 vulgalas
1647 3584 2048 3640 lucubrationes
2082 3594 2289 3655 ponunt
2319 3586 2674 3655 bibliographi
2705 3586 3019 3640 mantissam
3045 3586 3332 3655 quamdam
3373 3583 3440 3640 ad
3469 3593 3713 3640 sanctum
3767 3586 3966 3643 Διιεεί-

698 3689 846 3730 mum
885 3673 1346 3730 Cantuariensem.
1379 3671 1489 3726 Nec
1533 3673 1841 3738 immerito;
1897 3673 2095 3726 etenim
2141 3672 2470 3741 Theophilus
2520 3672 2841 3743 Baynaudus
2890 3672 2942 3727 in
2990 3688 3084 3728 sua
3128 3673 3367 3727 Ansclmi
3408 3674 3663 3739 editione,
3710 3673 3970 3745 Lugduni

697 3752 856 3829 £630,
881 3763 1078 3818 fatetur
1107 3779 1161 3832 p.
1187 3763 1294 3817 248
1319 3776 1439 3816 cum
1465 3771 1618 3833 grato
1640 3764 1823 3818 animo
1856 3778 1915 3819 se
1937 3765 2213 3835 accepisse
2234 3781 2264 3818 a
2294 3763 2474 3818 Leone
2495 3763 2727 3838 ‘Allatio,
2760 3764 2987 3835 insignis
3022 3765 3343 3821 eruditionis
3371 3782 3436 3820 ac
3464 3765 3749 3834 probitatis
3783 3782 3964 3823 sacer»

695 3863 822 3917 dote
842 3858 1066 3930 (fallitur
1097 3857 1443 3927 Baynaudus,
1482 3874 1753 3927 nunquam
1785 3860 1931 3913 enim
1961 3859 2057 3914 fuit
2104 3861 2357 3915 sacerdos
2387 3859 2658 3928 Allatins),
2687 3859 2957 3930 exscripta
2992 3875 3057 3915 ex
3091 3860 3362 3915 Vaticanis
3400 3859 3674 3914 codicibus
3703 3859 3972 3915 nonnulla

695 3948 865 4006 sancti
909 3947 1146 4004 Anselmi
1179 3947 1529 4001 incrementa.
1559 3947 1927 4004 Gerbcronius
1956 3958 2137 4003 autem
2165 3990 2180 4012 ,
2215 3958 2519 4018 postremus
2555 3949 2790 4003 Anselml
2834 3951 3029 4011 editor,
3065 3949 3115 4001 in
3141 3947 3384 4003 censuris
3424 3962 3645 4017 operum
3685 3948 3965 4003 interdum

694 4042 920 4096 adnotat
953 4055 1196 4107 quasnam
1235 4039 1548 4093 non'iinatim
1587 4038 1748 4108 hujus
1784 4038 2159 4096 Meditaliones
2183 4055 2248 4094 ex
2278 4041 2539 4094 Vaticana
2570 4040 2890 4095 bibliotheca
2931 4049 3162 4109 acceptae
3194 4055 3224 4092 a
3256 4038 3550 4110 Raynaudo
3575 4038 3801 4092 fuerint.
3832 4027 3970 4093 Μειιὶ

692 4146 990 4192 vemnunc
1030 4132 1081 4185 in
1115 4130 1492 4186 Vallicellianis
1536 4131 1717 4185 Allatii
1749 4132 1963 4186 schedis
2004 4133 2211 4201 ingens,
2248 4132 2409 4187 libelli
2450 4133 2640 4196 instar,
2687 4133 2957 4187 Meditatio
2982 4133 3222 4198 ejusdem
3253 4130 3489 4185 Anselmi
3532 4132 3826 4185 observata
3859 4137 3964 4194 est,

695 4239 861 4294 quam
894 4239 959 4278 ne
987 4224 1040 4277 in
1077 4222 1392 4278 Gerberonii
1424 4222 1666 4291 quidem,
1694 4222 1886 4277 nedum
1920 4223 2220 4294 Raynaudi,
2250 4224 2484 4278 editione
2512 4223 2827 4292 impressam
2857 4222 3125 4275 videbam.
3156 4219 3475 4274 Necessario
3505 4219 3686 4288 itaque
3708 4220 3964 4289 sequitur

695 4320 756 4366 ut
784 4312 1009 4368 Allatius
1051 4312 1193 4367 hanc
1237 4313 1499 4366 invenerit
1539 4322 1660 4381 post
1693 4315 2036 4369 transmissas
2065 4314 2200 4368 alias
2230 4313 2295 4368 ad
2331 4313 2680 4384 Raynaudum
2714 4312 3105 4372 Meditationes,
3141 4318 3196 4366 et
3241 4319 3360 4380 post
3387 4309 3802 4381 Lugdunensem
3832 4324 3961 4380 pro-

694 4401 933 4472 ﬂigatam
963 4404 1286 4470 editionem;
1319 4420 1425 4471 quo
1455 4403 1650 4458 factum
1678 4414 1761 4459 est
1791 4414 1847 4456 ut
1873 4405 1985 4461 lucc
2015 4404 2240 4474 insignis
2277 4413 2333 4458 et
2361 4405 2573 4461 caeteris
2609 4403 2858 4459 omnibus
2894 4403 3048 4476 longe
3079 4402 3338 4473 prolixior
3369 4402 3419 4456 in
3447 4389 3967 4472 quinquagesimum

698 4495 956 4568 psalmum
999 4493 1293 4555 Meditatio,
1324 4503 1451 4547 tunc
1479 4493 1663 4548 Roma:
1707 4504 1938 4558 retenta,
1976 4496 2166 4549 deinde
2193 4495 2245 4548 in
2291 4494 2645 4549 centesimum
2679 4510 2847 4564 usque
2878 4510 2941 4550 ac
2982 4493 3438 4562 septuagesimum
3486 4507 3707 4554 annum,
3738 4491 3796 4546 id
3852 4497 3962 4556 est,

701 4600 868 4656 Isque
897 4587 964 4639 ad
1003 4585 1256 4638 traditum
1300 4585 1531 4653 benigne
1564 4586 1716 4639 nobis
1757 4601 1786 4638 a
1831 4585 1900 4639 cl.
1929 4584 2200 4641 Theinero
2246 4583 2613 4639 Vallicelliano
2662 4582 3069 4639 bibliotliccario
3098 4582 3487 4652 apograpbum,
3513 4595 3698 4652 pressa
3741 4580 3960 4650 fuerit;

697 4688 858 4749 atque
894 4694 1011 4734 eam
1049 4693 1268 4747 prorsus
1299 4676 1662 4747 ignoraverint
1686 4677 1941 4746 prmeipui
1974 4690 2190 4748 quoque
2240 4675 2598 4744 bibliographi
2641 4674 2990 4741 Tritheinius,
3027 4674 3372 4740 Passerinus,
3401 4673 3784 4739 Bellarminus,
3817 4673 3962 4728 Lab-

696 4769 847 4835 beas,
878 4769 1155 4824 Fabricius
1213 4767 1454 4824 Oudinus
1479 4807 1493 4834 ,
1537 4767 1779 4823 Cavacus.
1817 4767 2095 4832 Cellerius,
2134 4765 2573 4822 Mazzucbellius.
2622 4763 2774 4821 Nunc
2805 4780 2900 4821 nos
2945 4766 3046 4822 hoc
3086 4762 3332 4819 Anselmi
3364 4761 3656 4834 praenobile
3683 4764 3962 4834 scriptum

703 4874 762 4914 ex
773 4862 1029 4916 bibemus.
