4200 6254
306 342 403 401 83!

471 650 1776 678 Μ

1342 325 1739 413 ’ΜΕΒΙΤᾼΊΊΟ
1768 324 1834 380 IN
1866 320 2058 383 PSAL.
2096 317 2254 375 MISE
2270 313 2476 370 RERE.

1783 621 3455 661 Μ

879 957 1734 1123 SANCTI
1881 846 2951 1110 ANSELMI
3080 822 3095 835 ’

981 1332 2117 1507 CANTUARIE‘NSIS
2200 1342 2849 1475 EPISGOPI

1579 1707 2254 1801 MEDITATIO

318 2136 335 2165 κ
1086 2048 1670 2166 SUPER
1731 2045 1938 2156 Ml

1152 2245 1161 2253 ι

1696 2268 1701 2269 ν
2770 2260 2785 2275 \

1716 2379 2176 2392 ’.μα’-..-

2158 2458 2177 2491 Χ

390 2683 448 2737 ι.
500 2658 814 2733 Fortissime
862 2674 1000 2727 Dens
1048 2660 1331 2740 spirituum
1379 2667 1643 2722 universa:
1685 2666 1891 2728 carnis,
1925 2668 1968 2729 Α
2000 2677 2085 2717 me
2111 2660 2397 2717 elementia
2430 2669 2541 2726 tua,
2574 2659 2738 2725 Dens,
2762 2659 2805 2716 si
2838 2660 3024 2717 videns
3055 2676 3249 2717 anima:
3278 2677 3409 2717 mete
3440 2678 3579 2733 pert.

308 2772 414 2843 qui
446 2771 582 2825 vinci
614 2784 716 2822 non
759 2776 934 2837 potes,
962 2763 1086 2832 quia
1115 2776 1175 2817 es
1215 2758 1558 2826 omnipotens
1580 2766 1635 2811 et
1677 2772 1766 2809 rex
1801 2772 1913 2825 po-.

314 2873 476 2925 iens;
504 2857 612 2912 l'alli
644 2872 749 2911 non
778 2865 951 2923 potes,
973 2850 1097 2920 quia
1119 2846 1334 2919 sapiens
1357 2860 1436 2907 es,
1462 2852 1713 2899 scrutans
1734 2843 1895 2897 corda

311 2962 376 3005 et
406 2965 567 3004 rencs
612 2949 785 3010 Dens;
809 2940 1081 3010 corrumpi
1105 2953 1210 2995 non
1240 2935 1563 3007 potes,.qnia
1584 2934 1765 3005 justus
1795 2932 1897 2987 Do-

315 3041 529 3101 minus,
558 3046 613 3092 ct
658 3049 870 3103 semper
894 3031 1134 3102 jnstitias
1161 3026 1393 3082 dilexisti
1418 3044 1434 3091 ;
1463 3026 1552 3093 qui
1583 3039 1684 3078 non
1709 3038 1896 3094 parces

314 3130 374 3183 in
412 3127 500 3181 die
529 3124 799 3187 viudictze,
824 3136 923 3175 nec
948 3118 1260 3187 acquiesccs
1288 3114 1603 3183 cujusquam
1624 3108 1897 3180 precibus,

312 3235 430 3275 nec
470 3215 699 3285 recipies
741 3200 840 3283 pro
888 3206 1256 3276 redemptione
1292 3202 1431 3255 dona
1463 3201 1694 3270 plurima
1742 3216 1755 3251 :
1800 3212 1899 3265 ego

310 3324 454 3366 reus
484 3316 539 3361 et
563 3306 722 3359 miser
747 3308 1001 3371 peccator
1027 3299 1079 3349 in
1099 3302 1389 3361 conspectu
1430 3290 1624 3345 divinae
1652 3287 1904 3354 majesta-

311 3401 392 3453 tis
432 3405 557 3459 tum,
596 3394 647 3447 iu
685 3405 792 3460 qua
826 3388 914 3458 qui
952 3399 1078 3440 vere
1119 3380 1426 3441 conﬁtetur.
1468 3376 1780 3440 absolvitur,
1820 3391 1933 3437 rex

308 3492 598 3558 engnosco
640 3485 773 3556 quia
807 3477 1024 3552 peccavi
1071 3488 1232 3542 super
1265 3484 1547 3525 numerum
1576 3483 1755 3521 arena:
1786 3482 1903 3520 ma-

311 3556 427 3639 ris:
451 3584 507 3631 et
530 3573 899 3643 multiplicatae
922 3575 1049 3622 sunt
1069 3563 1380 3631 iniquitates
1402 3574 1550 3612 mean.
1585 3556 1903 3610 lncnrvatus

310 3685 452 3726 sum
486 3666 654 3721 multo
695 3659 965 3718 curriculo
990 3670 1121 3711 mea:
1158 3654 1344 3707 ferrea:
1372 3649 1683 3709 voluntatis,
1707 3657 1763 3700 et
1796 3661 1900 3700 non

308 3769 407 3813 est
444 3756 576 3810 mihi
623 3750 950 3823 respiratio:
998 3754 1055 3801 et
1080 3744 1204 3813 quia
1228 3757 1292 3796 ex
1322 3740 1612 3793 indiscrete
1649 3751 1900 3806 processu

311 3847 535 3920 negotii
583 3846 709 3899 vita:
753 3857 885 3896 mea:
915 3838 1107 3902 sentio,
1139 3835 1261 3903 quia
1295 3841 1382 3884 tua
1412 3828 1618 3897 iustitia
1654 3829 1706 3882 in
1728 3838 1905 3882 extre-

311 3917 422 3996 ιηιῖ
446 3949 541 3992 ιιιο
579 3934 781 4005 judicio
812 3927 1091 3984 manifeste
1118 3924 1276 3979 debet
1306 3935 1390 3973 me
1412 3934 1666 3988 gravare;
1697 3919 1765 3970 ab
1792 3917 1904 3984 ipsa

2002 2750 2182 2808 cuium
2236 2752 2521 2806 imminere
2571 2766 2601 2805 a
2626 2760 2677 2805 te
2707 2752 2866 2817 irato,
2906 2754 2972 2807 ad
3026 2762 3075 2808 te
3117 2752 3383 2821 placatum
3422 2770 3585 2811 ausus

2002 2856 2121 2894 sum
2150 2839 2388 2894 totaliter
2439 2840 2739 2909 appellare,
2786 2858 2923 2895 eum;
2956 2857 3111 2911 mque
3161 2843 3345 2897 animo
3398 2844 3587 2905 tuleris

2000 2931 2144 3003 quod
2169 2930 2445 3001 apostoius
2475 2939 2599 2985 tuus
2626 2931 2847 2994 Paulus.
2882 2933 3077 2986 timens
3101 2948 3168 2988 ne
3196 2950 3226 2988 a
3260 2934 3423 2993 Festo
3444 2952 3586 3005 pra»

2001 3021 2118 3075 side
2154 3019 2511 3089 corporaliter
2553 3026 2899 3089 gravaretur,
2930 3019 2995 3074 ad
3035 3018 3301 3076 Caesarem
3346 3014 3581 3093 appella.-

2000 3102 2101 3165 νὴ.
2126 3109 2275 3163 Adeo
2300 3108 2465 3178 igitur
2495 3123 2617 3162 cum
2658 3108 2849 3162 fiducia
2876 3110 3060 3179 gratiae
3085 3119 3189 3185 tuae
3220 3112 3493 3179 thronum,
3526 3125 3592 3173 nt,

2003 3197 2435 3252 misericordiam
2480 3211 2803 3265 consequar,
2846 3208 2903 3252 et
2943 3198 3170 3268 gratiam
3218 3198 3487 3256 inveniam
3522 3201 3581 3257 in

2004 3286 2208 3341 auxilio
2227 3294 2532 3355 opportuno
2557 3298 2574 3339 :
2613 3296 2670 3340 et
2700 3288 2824 3355 quia
2853 3288 3016 3345 miser
3052 3300 3277 3350 sum,_et
3297 3291 3589 3347 miserabi-A

2005 3377 2095 3443 lis,
2127 3377 2247 3431 ideo
2292 3391 2511 3446 gemens
2538 3377 2731 3445 spiritu
2762 3377 2956 3432 iterum
2988 3378 3082 3433 tibi
3119 3380 3240 3435 dico
3273 3399 3287 3435 :
3316 3381 3583 3436 Miserere.

2006 3469 2103 3523 Est
2127 3468 2269 3522 enim
2301 3476 2389 3520 tua
2441 3468 2835 3533 misericordia,
2863 3469 3181 3524 miserorum
3232 3472 3453 3539 chorda,
3482 3488 3586 3541 qua

2005 3558 2071 3613 de
2119 3557 2237 3611 lacu
2273 3554 2418 3609 faecis
2461 3564 2517 3609 et
2562 3557 2794 3611 miseriae
2818 3550 3197 3614 extrahuntur.
3243 3560 3377 3627 Quia
3424 3562 3599 3631 igitur

2004 3646 2261 3701 solvendo
2289 3661 2395 3699 non
2438 3654 2565 3699 sunt
2609 3649 2889 3716 passiones
2918 3650 3199 3718 condigna:
3236 3652 3304 3704 ad
3352 3650 3611 3715 futuram,

2004 3735 2228 3805 gloriam
2259 3750 2422 3804 quant
2447 3746 2733 3804 exspecto;
2764 3746 2819 3791 et
2836 3747 2925 3791 tua
2953 3739 3323 3794 misericordia
3352 3756 3457 3795 non
3471 3758 3587 3797 me-

2005 3828 2192 3892 ritum,
2237 3828 2327 3881 sed
2370 3825 2547 3881 solam,
2586 3827 2857 3881 miseriam
2895 3827 3154 3894 intuetur,
3196 3829 3261 3883 de
3308 3830 3607 3899 profundis.

2008 3917 2261 3972 ﬂuctibus
2322 3916 2598 3972 interioris
2644 3925 2699 3971 et
2745 3918 3034 4001 exterioris
3091 3920 3343 3985 miserim,
3396 3922 3601 3990 quibus,

310 4039 516 4085 tanien
546 4002 736 4077 merito
763 4018 893 4072 mihi
921 4023 1191 4084 suspecta,
1216 4010 1282 4064 ad
1313 4020 1456 4062 tuam
1479 4004 1901 4062 misericordiam
1934 4009 1980 4067 Β
2012 4002 2189 4077 imago
2212 4008 2304 4063 Dei
2335 4008 2594 4063 asset-itur
2615 4008 2713 4079 (ἱια
2750 4012 2896 4079 ηιμ)⁹
2940 4010 2993 4065 in
3025 4026 3111 4065 me
3140 4012 3255 4084 ipso
3283 4012 3349 4065 ad
3383 4013 3600 4085 misqri,
3654 4039 3658 4045 ,

306 4096 586 4183 confugio
609 4118 665 4164 et
693 4106 919 4178 appello.
942 4104 1009 4158 Et
1032 4118 1099 4157 ne
1126 4098 1486 4171 appellatione
1515 4097 1614 4183 ista
1639 4096 1905 4164 pendente

303 4180 533 4262 intres“
558 4200 613 4253 in
653 4197 914 4267 judicium
970 4208 1090 4248 cum
1134 4204 1291 4245 servo
1342 4198 1450 4252 tuo,
1492 4180 1585 4243 sed
1615 4186 1793 4256 μοιῘιιδ
1819 4194 1908 4238 tua

309 4286 705 4349 misericordia
734 4299 821 4339 me
851 4280 1165 4351 praweniat,
1196 4287 1251 4333 et
1287 4286 1546 4346 sequatur
1576 4290 1686 4335 me,
1704 4283 1761 4328 et
1783 4288 1911 4327 scn-

305 4396 442 4446 sus,
468 4389 526 4432 et
546 4385 713 4438 actus,
737 4372 1112 4443 cogitationes,
1141 4365 1479 4429 all‘ectioncs,
1500 4373 1553 4419 et
1574 4376 1737 4432 Opera
1768 4374 1909 4423 mea,

306 4466 657 4542 protectioni
681 4463 797 4532 ejus
820 4474 1146 4530 supponens,
1177 4457 1455 4527 ipsamque
1483 4451 1910 4508 misericordiam

306 4557 637 4633 postulans,
684 4564 739 4610 et
761 4552 1021 4622 judicium
1075 4564 1179 4615 non
1228 4546 1530 4616 requirens,
1570 4544 1731 4599 corde
1766 4558 1913 4597 com-

307 4655 574 4726 punctus
598 4644 873 4699 humiliter
901 4640 994 4693 tibi
1018 4639 1174 4692 dico:

389 4738 462 4797 2.
495 4732 590 4805 (V.
624 4734 705 4802 5.)
752 4730 1017 4793 Miserere,
1051 4728 1175 4797 quia
1217 4734 1432 4795 tempus
1471 4732 1555 4777 est
1598 4720 1912 4785 miserendi,

305 4847 435 4886 non
462 4824 778 4896 jtltiiCnlldl;
815 4822 937 4891 quia
973 4819 1152 4873 dixisti
1202 4818 1254 4871 in
1286 4816 1575 4886 Evangelio
1611 4824 1700 4869 tuo
1726 4824 1916 4869 sancto

307 4919 479 4990 quod
533 4931 636 4970 non
677 4912 865 4969 venisti
903 4919 960 4964 ut
987 4910 1193 4979 judices
1226 4908 1504 4971 mundum,
1544 4907 1635 4961 sed
1667 4916 1727 4960 ut
1756 4906 1917 4959 salvi-

309 5012 463 5065 Iiecs
511 5004 790 5058 mundum.
831 5001 897 5054 Et
942 4999 993 5052 in
1036 5008 1122 5050 tua
1158 4996 1354 5066 pietate
1382 4996 1617 5059 conﬁdo,
1650 4997 1792 5064 quod
1823 5012 1917 5063 ap-

215 5080 224 5086 .
310 5092 616 5170 pellationi
669 5107 803 5145 mea:
848 5089 1056 5144 deferre
1098 5086 1315 5145 debeas.
1345 5100 1506 5169 quam
1537 5099 1635 5155 ego
1664 5088 1775 5156 (qui
1810 5096 1918 5141 tre-

311 5199 495 5242 mens
521 5181 694 5235 factus
716 5198 833 5235 sum
866 5188 920 5235 et
948 5180 1111 5233 timeo
1135 5192 1163 5229 a
1190 5187 1274 5229 tua
1300 5174 1532 5242 iustitia)
1566 5186 1817 5244 tanquam
1850 5179 1918 5231 ab

311 5271 589 5333 inferiori
640 5272 705 5325 ad
773 5272 1102 5340 superiorem
1167 5269 1346 5322 sedem
1394 5277 1498 5321 tua:
1536 5268 1918 5321 misericordia:

2009 4099 2250 4152 cordiam
2310 4106 2455 4152 tuam
2510 4097 2689 4167 Clanio
2736 4098 3164 4170 lacrymabiliter
3217 4101 3311 4155 tibi
3357 4084 3591 4161 dicens:

2011 4185 2065 4240 Μ
2073 4188 2263 4239 irerere
2284 4187 2383 4240 mei

2079 4274 2131 4327 5.
2164 4273 2428 4330 subticeo
2466 4282 2661 4330 nomen
2706 4290 2883 4329 meum
2918 4294 2938 4331 ξ
2974 4292 3095 4332 nam
3137 4276 3187 4333 si‘
3228 4275 3356 4331 illud
3390 4278 3482 4333 tibi
3511 4281 3595 4335 di-

2010 4380 2168 4430 xero,
2218 4380 2313 4434 per
2353 4366 2403 4419 id
2448 4381 2535 4421 me
2584 4365 2814 4419 forsitan
2862 4380 2966 4421 non
3017 4380 3321 4437 agnosces:
3362 4382 3417 4426 et
3448 4375 3591 4442 quod

2013 4465 2135 4525 post
2204 4465 2577 4525 recuperatam
2639 4455 2775 4509 alias
2825 4458 2966 4511 sicut
3019 4472 3179 4526 spero
3229 4461 3594 4520 innocentiam

2014 4545 2409 4614 baptismalem,
2434 4548 2500 4599 ab
2528 4546 2619 4600 illa
2649 4546 2801 4601 dulci
2827 4548 3194 4603 familiaritate
3224 4559 3311 4605 tua
3342 4568 3428 4607 me
3449 4556 3598 4608 elon-

2014 4638 2135 4707 gari
2176 4638 2339 4695 nimis
2368 4639 2700 4708 imprudens,
2755 4632 2810 4695 in
2862 4656 2967 4709 qua
3017 4644 3229 4711 quando
3263 4645 3315 4697 in
3357 4659 3598 4710 montem

2016 4729 2278 4783 orationis
2329 4730 2396 4783 ad
2439 4740 2489 4785 te
2522 4730 2649 4784 olim
2681 4730 2971 4800 aliquando
3011 4712 3387 4797 ascendebant,
3421 4749 3597 4807 tecum
3672 4792 3680 4801 ,

2017 4820 2168 4888 quasi
2200 4820 2407 4875 amicus
2434 4836 2553 4874 cum
2604 4822 2781 4876 amico
2816 4821 3153 4877 familiariter
3181 4824 3478 4893 locuturus,
3512 4847 3599 4887 me

2019 4910 2219 4978 pluries
2250 4910 2478 4964 dulciter
2505 4912 2746 4980 recipere
2768 4911 2983 4966 voluisti
3024 4930 3037 4965 :
3090 4921 3144 4967 et
3175 4921 3303 4969 tunc
3333 4917 3596 4987 meipsum

2018 5016 2140 5055 cum
2177 5000 2357 5071 Moyse
2404 5015 2470 5054 ex
2508 5003 2725 5054 nomine
2773 5003 3158 5071 cognoscebas,
3202 5013 3253 5059 et
3300 5010 3607 5075 gaudebam

2022 5092 2073 5143 in
2100 5101 2148 5145 te
2171 5105 2292 5144 eum
2325 5091 2443 5145 aliis
2490 5092 2662 5145 servis
2704 5092 2829 5154 tuis,
2880 5108 3109 5160 quorum
3152 5096 3351 5168 scripta
3381 5099 3606 5160 nomina,

2021 5182 2229 5234 suntin
2279 5181 2451 5247 «niis,
2494 5190 2546 5234 et
2593 5192 2711 5234 erat
2748 5197 2929 5241 coram
2964 5194 3013 5237 te
3066 5170 3378 5251 lionorabile
3402 5205 3600 5252 nomen~

2023 5287 2222 5326 meum.
2267 5270 2419 5325 Nunc
2454 5281 2630 5331 autem
2659 5274 2911 5349 quoniam
2941 5284 3161 5343 peccata
3197 5292 3387 5341 nomen
3420 5295 3591 5342 meum

311 5364 842 5433 interpono,sciens
866 5361 1006 5430 quod
1042 5356 1405 5413 misericordia
1437 5357 1908 5425 superexaltatju-
1948 5340 1991 5399 (ἶ
2025 5362 2090 5419 de
2113 5364 2248 5417 libro
2281 5362 2571 5416 viventium
2603 5344 2937 5427 deleveruntl
2978 5374 3033 5419 et
3056 5382 3175 5429 eum
3195 5366 3352 5433 justis
3384 5383 3491 5425 non
3517 5384 3586 5439 esi

309 5459 574 5518 dicium,
610 5462 665 5507 et
696 5453 836 5521 quod
879 5451 1243 5505 misericordia
1296 5458 1381 5501 tua
1411 5454 1495 5500 est
1534 5459 1696 5513 snper
1734 5446 1917 5513 omnia

315 5563 423 5609 tua
450 5558 630 5618 opera
667 5544 976 5599 constituta.
1009 5538 1588 5611 ldeoqueappellatioui
1619 5558 1750 5606 mea:
1784 5552 1862 5595 est
1888 5558 1918 5595 τι

315 5649 379 5700 ιε
409 5648 540 5697 non
573 5630 840 5691 immerito
870 5628 1233 5684 deferendum.
1261 5630 1367 5689 Nec
1395 5632 1699 5701 indignetur
1720 5638 1911 5689 contra

2025 5456 2304 5525 scriptum,
2358 5454 2479 5508 ideo
2525 5453 2652 5509 illud
2710 5469 2815 5507 non
2863 5457 3037 5525 audeo
3083 5458 3381 5523 nominare,
3420 5461 3500 5513 vel
3533 5466 3598 5519 ad

2027 5554 2173 5598 tuam
2227 5544 2544 5598 memoriam
2602 5558 2905 5612 revocare:
2941 5546 3079 5601 sicut
3124 5546 3210 5603 ille
3260 5548 3344 5605 vir
3382 5550 3596 5616 beatus,

2027 5649 2183 5710 quem
2236 5633 2483 5689 invenisti
2535 5635 2706 5693 virum
2745 5634 3045 5695 secundum
3084 5643 3372 5708 cortuum,
3420 5642 3513 5713 qui
3543 5653 3598 5699 et
