4200 6200
644 239 753 299 ω

965 239 1023 296 S.
1054 236 1353 296 ANSELMI
1387 234 1734 292 CANTUAR.
1774 233 2093 290 ARCillEP.
2132 235 2218 291 0P

2331 232 2513 289 PARS
2558 233 2620 289 ll.
2663 265 2734 276 -η
2773 236 3141 295 ΡΑΗᾸΞΝΕΤ.
3179 238 3271 296 ΕΤ
3307 240 3551 297 ASCET.

3788 245 3887 301 ω

645 370 844 414 nomen
892 370 1075 419 suum,
1108 361 1163 408 et
1197 365 1348 407 suam
1386 347 1852 405 mansuetudinem
1898 354 2004 403 tua:
2050 348 2294 407 beatreA
2318 358 2460 400 cere.
2504 359 2786 415 possumus
2840 363 2961 403 cum
3006 350 3313 420 propheta:
3365 350 3727 407 Misericordia
3790 338 3890 410 lto;

648 447 920 505 memoriae
972 443 1291 499 flducialiter
1346 438 1761 497 commendabat
1808 439 1996 495 dicens
2049 462 2063 494 :
2110 441 2218 497 Me-

645 530 844 603 mento,
876 534 1121 598 Domine,
1152 532 1320 587 David
1351 541 1404 586 et
1431 532 1609 588 omnis
1632 533 2060 587 mansuetudinis
2081 534 2217 604 ejus.

646 628 769 683 llaec
808 625 953 681 enim
998 625 1093 680 tibi
1131 624 1433 688 blandiens.
1471 624 1585 678 sive
1626 624 1781 687 milii,
1821 624 1993 678 audeo
2015 624 2217 691 dicere,

642 718 781 773 sicut
806 715 895 771 ille
934 733 945 769 :
985 715 1061 769 Da
1112 712 1396 784 imperium
1423 728 1589 783 puero
1615 720 1732 779 tuo,
1766 714 1882 768 sive
1912 729 2068 768 servo
2106 724 2216 781 tuo,

644 808 723 861 vel
755 804 865 860 filio
893 804 1256 869 ancillarum;
1276 804 1403 874 quia
1430 803 1543 858 haec
1565 802 1953 858 familiaritatis
1978 804 2219 871 nomina,

642 912 729 954 me
758 912 909 952 reum
950 904 1230 967 rogantem
1257 893 1491 966 amplius
1518 904 1843 950 accusarent
1874 914 1889 949 :
1923 896 2016 950 sed
2039 895 2210 964 appelc

640 990 897 1044 lationem
943 1002 1118 1043 meam
1176 1000 1532 1057 prosequens,
1587 994 1763 1041 tactus
1817 986 2001 1041 dolore
2041 987 2220 1041 cordis

640 1078 991 1145 intrinsecus,
1046 1092 1112 1133 eo
1164 1077 1306 1147 quod
1356 1076 1693 1131 iracundiam
1728 1060 1922 1131 contra.
1955 1092 2040 1131 me
2072 1077 2218 1131 exci-

644 1172 772 1236 tavi,
801 1171 1084 1241 suspirans
1117 1169 1312 1225 iterum
1341 1182 1395 1224 et
1421 1169 1615 1224 iterum
1645 1168 1737 1222 tibi
1767 1168 1889 1222 dico
1923 1182 1934 1218 :
1971 1167 2217 1220 Miserere

641 1264 761 1330 mei,
786 1262 948 1318 Dens.

712 1355 765 1410 4.
795 1355 1112 1411 Non-audeo
1149 1355 1330 1410 dicere
1366 1371 1509 1408 meus
1542 1369 1562 1407 :
1609 1351 1943 1407 solummodo
1968 1360 2018 1407 te
2047 1346 2216 1407 Deum

642 1461 932 1517 cognosco,
964 1447 1057 1503 sed
1083 1461 1261 1500 nicum
1290 1445 1470 1499 dicere
1509 1460 1614 1498 non
1645 1458 1887 1512 possunt.
1916 1434 2051 1498 Nam
2092 1459 2215 1498 cum

641 1545 785 1592 esset
811 1552 945 1607 puer
971 1536 1100 1590 mihi
1134 1544 1316 1599 natus,
1358 1542 1413 1589 et
1461 1533 1720 1604 parvulus
1762 1533 1855 1589 Dei
1885 1533 2051 1589 Filius
2084 1535 2215 1590 mibi

642 1630 832 1683 datus:
870 1630 1048 1691 datos,
1079 1626 1317 1695 inquam,
1349 1642 1376 1677 a
1404 1624 1585 1689 Patre,
1623 1624 1712 1693 qui
1744 1624 1829 1679 sie
1851 1624 2036 1679 dilexit
2063 1639 2215 1677 mun-

2320 439 2475 503 mini,
2509 440 2635 507 quia
2685 442 2990 510 consumpti
3034 457 3139 498 non
3172 458 3376 498 sumus.
3427 443 3495 497 Et
3538 444 3652 499 haec
3673 446 3889 515 quidem

2321 536 2410 581 tua
2444 528 2617 597 prima
2668 528 3061 596 misericordia,
3088 546 3252 600 parva
3282 544 3454 599 esset;
3479 548 3577 587 nec
3605 535 3649 588 si
3676 534 3787 589 sola
3810 552 3890 590 es-

2320 628 2425 683 set,
2453 619 2587 673 milii
2621 617 2891 674 suﬂiceret
2915 622 2981 674 ad
3010 622 3262 689 salutem,
3298 623 3390 677 sed
3424 624 3600 692 potius
3629 617 3888 692 judicium

2320 711 2593 764 damnatio
2631 711 3006 777 accumulaus,
3054 713 3355 767 divinarum
3401 715 3656 770 bonitatis
3699 724 3801 769 tua:
3837 723 3892 770 ct

2317 799 2591 869 patientiae
2627 806 2681 854 et
2721 800 3146 870 louganimitatis
3183 818 3269 857 me
3320 804 3523 860 faceret
3560 815 3892 874 contempth

2317 905 2453 954 rem,
2480 899 2535 945 et
2556 893 2852 947 secundum
2878 892 3129 947 duritiem
3158 909 3333 949 meam
3355 904 3410 949 et
3436 912 3533 952 eor
3554 898 3894 969 impmnitens

2320 979 2742 1033 tliesaurizarem
2789 980 2918 1034 milii
2950 981 3083 1035 iram
3123 982 3175 1035 in
3217 982 3303 1037 die
3333 984 3446 1050 ine,
3481 987 3896 1042 etrevelationis

2311 1069 2501 1139 jmlicii
2551 1071 2625 1124 tui
2670 1070 2826 1139 justi,
2868 1072 2922 1125 in
2967 1088 3074 1141 quo
3098 1074 3226 1126 milii
3270 1074 3684 1144 improperando
3714 1079 3894 1133 omnia

2318 1162 2455 1216 mala
2485 1177 2625 1238 mea.
2657 1161 2887 1218 inferres
2925 1182 2938 1215 :
2988 1165 3102 1219 lucc
3142 1165 3313 1219 fecisti
3347 1206 3363 1232 ,
3397 1176 3451 1220 et
3481 1168 3640 1221 tacui.
3672 1168 3897 1237 Ideoque

2319 1252 2450 1306 milii
2484 1261 2630 1310 tuam
2662 1253 2953 1308 secundam
3003 1263 3058 1310 et
3090 1256 3349 1326 majorem
3381 1258 3554 1327 prima
3592 1259 3901 1314 misericor-

2318 1342 2459 1395 diam
2492 1343 2808 1411 porrexisti,
2860 1358 2963 1413 qua
2997 1360 3082 1420 me
3125 1348 3379 1401 miserum
3434 1357 3774 1416 peccatorcm
3815 1349 3901 1420 (ut

2320 1432 2415 1486 tibi
2453 1432 2526 1505 sit
2548 1433 2671 1487 inde
2698 1435 2997 1503 gratiarum
3019 1419 3171 1489 actio
3198 1445 3252 1490 et
3285 1452 3383 1492 vox
3415 1438 3607 1508 laudis)
3635 1440 3703 1493 ad
3726 1419 3897 1508 paeni-

2320 1525 2543 1578 tentiam
2577 1525 2865 1580 revocasti.
2907 1525 3088 1595 Neque
3125 1529 3268 1582 enim
3296 1545 3416 1583 cum
3449 1545 3622 1585 essem
3651 1541 3900 1589 mortuus

2321 1613 2373 1667 iu
2412 1608 2671 1682 peccatis,
2705 1630 2922 1670 movere
2949 1626 3186 1686 poteram
3216 1621 3403 1688 pedem
3430 1621 3654 1677 all’ectus
3693 1624 3899 1689 mei,ut

640 1716 766 1771 dum
797 1725 856 1770 ut
886 1725 939 1772 te
974 1687 1322 1788 unigenitum
1353 1730 1508 1769 suum
1540 1687 1694 1769 daret
1726 1733 1739 1768 :
1767 1716 1923 1768 datus
1952 1730 1979 1768 a
2007 1724 2206 1779 matre;

2324 1717 2409 1757 me
2431 1704 2498 1758 ad
2524 1712 2576 1759 te
2599 1715 2974 1763 converterem
3006 1710 3339 1777 pmnileudo,
3368 1712 3470 1766 nisi
3502 1726 3587 1767 me
3614 1722 3702 1768 tua
3736 1715 3900 1769 mise-

640 1819 759 1873 quze
775 1803 939 1873 quasi
989 1802 1157 1856 altera
1192 1803 1385 1857 mulier
1413 1803 1777 1867 Samaritana,
1809 1812 1867 1857 ut
1899 1804 2068 1857 aleret
2094 1820 2216 1870 nos,

640 1891 695 1945 in
729 1892 849 1962 igne
879 1890 1146 1959 passionis
1199 1902 1249 1945 te
1274 1890 1466 1945 Filium
1499 1908 1656 1948 suum
1695 1897 1839 1950 coxit
1867 1894 1917 1964 (Ι
1936 1892 1976 1948 ν
1998 1892 2124 1963 Reg.
2154 1910 2218 1960 ιι,

638 1982 755 2048 99),
784 1991 838 2035 rt
867 1982 919 2036 in
948 1992 1293 2037 sacramento
1317 1983 1507 2039 altaris
1535 1984 1601 2038 ad
1632 1984 2019 2048 comedendum
2058 1984 2216 2039 nobis

648 2071 1016 2126 deditzdatus
1062 2072 1330 2141 insupera
1370 2072 1560 2141 teipse,
1617 2072 1707 2140 qui
1761 2072 1951 2127 dedisti
1990 2071 2214 2140 teipsum

641 2174 741 2230 pro
763 2160 935 2225 nobis,
972 2170 1029 2214 ut
1082 2176 1182 2216 nos
1208 2162 1278 2215 ab
1318 2161 1462 2216 onmi
1499 2161 1785 2229 iniquitate
1816 2160 2111 2217 redimeres
2160 2172 2216 2217 et

641 2251 964 2306 mundares:
994 2267 1139 2317 cum,
1165 2252 1406 2321 inquam,
1431 2252 1510 2307 sic
1532 2266 1681 2306 esses
1708 2254 1773 2306 ab
1799 2252 2069 2317 omnibus,
2084 2267 2214 2321 quo-

642 2358 759 2397 rum
792 2343 1087 2413 intererat,
1111 2343 1239 2397 milii
1268 2342 1441 2406 datus,
1472 2351 1529 2397 et
1561 2343 1684 2396 ideo
1712 2342 1928 2413 proprie
1968 2344 2217 2412 proprius

642 2431 785 2487 Deus
813 2446 987 2493 meus,
1018 2445 1117 2501 ego
1147 2429 1334 2485 infelix
1380 2440 1600 2501 propter
1623 2440 1844 2501 peccata
1874 2444 1992 2486 mea
2021 2438 2073 2486 te
2096 2447 2219 2500 pcr-

641 2523 750 2576 didi
787 2540 801 2576 :
837 2537 960 2576 nam
995 2531 1046 2577 te
1080 2536 1260 2576 meum
1294 2536 1415 2577 esse
1450 2523 1718 2576 veraciter
1749 2536 2097 2593 recognosco,
2124 2523 2216 2592 qui

644 2613 1026 2683 couquereudo
1062 2612 1128 2667 de
1154 2626 1241 2669 me
1266 2621 1322 2668 et
1355 2613 1476 2669 aliis
1507 2614 1901 2684 peccatoribus,
1933 2614 2068 2669 dicis
2093 2632 2106 2668 :
2135 2613 2219 2667 Me

644 2711 1436 2773 exspectaveruntpeccatores
1463 2714 1522 2757 ut
1551 2704 1839 2773 perderent
1864 2718 1970 2758 me.
2003 2704 2064 2757 Et
2095 2706 2138 2758 si
2167 2714 2218 2758 te

644 2793 873 2863 perdidi,
917 2794 1096 2870 omnia
1144 2793 1371 2889 perdidi,
1427 2802 1483 2848 et
1531 2794 1926 2863 memetipsum.
1978 2791 2082 2847 Sed
2135 2803 2214 2859 tu,

644 2884 806 2946 Deus.
835 2883 926 2954 qui
951 2899 982 2938 a
1009 2897 1095 2938 me
1132 2883 1500 2953 imprudenter
1541 2885 1716 2939 factus
1745 2900 1804 2940 es
1836 2896 2093 2963 tanquam
2120 2900 2217 2941 vas

2321 1793 2551 1847 uicordia
2585 1794 2898 1863 adjuvisset.
2933 1797 3041 1853 Sed
3081 1798 3125 1852 si
3158 1800 3401 1855 dicebam
3438 1821 3450 1855 :
3487 1802 3662 1857 Motus
3692 1815 3773 1858 est
3806 1819 3902 1874 pe-
3982 1809 3988 1815 '

2321 1896 2511 1947 meus;
2543 1884 2911 1941 misericordia
2945 1898 3053 1954 tua,
3090 1892 3330 1953 Domine,
3366 1893 3656 1961 adjuvabat
3684 1910 3791 1948 me.

2392 1974 2450 2029 6.
2496 1976 2602 2031 Nec
2636 1976 2754 2032 istis
2786 1978 2993 2033 duabus
3024 1980 3409 2034 misericordiis
3434 1997 3549 2035 sum
3586 1992 3897 2054 contentus.

2319 2062 2452 2116 Nam
2506 2063 2632 2117 licet
2676 2064 2728 2118 in
2786 2079 2844 2118 se
2898 2068 3105 2136 magnae
3152 2068 3274 2127 sint,
3320 2076 3497 2123 tamen
3543 2084 3723 2139 parva:
3770 2060 3899 2124 sunt

2317 2153 2726 2221 comparatione
2762 2154 2903 2210 illius
2944 2165 3048 2211 tua:
3086 2171 3293 2225 magna:
3321 2158 3703 2214 misericordia:
3730 2177 3897 2229 quam

2319 2242 2557 2310 requiro.
2588 2243 2751 2297 'Abuti
2785 2245 3000 2314 quidem
3046 2262 3257 2315 possem
3288 2248 3543 2317 patientia
3582 2238 3896 2306 miscricor-

2319 2335 2421 2389 dize
2449 2344 2553 2390 tua:
2580 2336 2787 2405 primae,
2824 2345 2880 2390 et
2900 2352 2995 2407 pes
3019 2352 3190 2402 meus,
3209 2339 3298 2406 qui
3330 2354 3425 2407 per
3452 2338 3743 2394 secundum
3778 2357 3895 2395 mo-

2323 2433 2478 2478 vetur
2523 2434 2585 2479 ut
2630 2425 2696 2480 ad
2728 2435 2781 2481 te
2832 2436 3198 2490 convertatur,
3229 2428 3421 2484 iterum
3451 2428 3556 2484 labi
3599 2441 3809 2499 posset,
3846 2442 3900 2486 et
3967 2471 3973 2477 .

2318 2526 2466 2572 esset
2501 2518 2826 2573 novissimus
2876 2533 3031 2572 error
3069 2534 3219 2573 meus
3255 2517 3403 2588 pejor
3434 2521 3635 2589 priore.
3670 2521 3738 2575 Et
3783 2523 3906 2576 ideo

2321 2606 2452 2670 scio,
2485 2622 2521 2661 υ
2540 2622 2747 2661 summa
2778 2607 3063 2677 sapientia,
3098 2616 3148 2661 te
3177 2608 3422 2673 docente,
3452 2611 3566 2664 seio
3594 2610 3720 2679 quid
3750 2621 3903 2680 peto.

2318 2696 2572 2762 quoniam
2635 2705 2758 2763 peto
2810 2695 3233 2750 misericordiam
3279 2704 3424 2751 tuam
3474 2713 3745 2768 magnam,
3789 2716 3895 2769 τι»

2319 2783 2499 2837 cordis
2530 2792 2584 2838 et
2614 2782 2859 2852 corporis
2911 2783 3039 2838 milii
3083 2792 3279 2838 terram
3320 2801 3350 2839 a
3395 2787 3688 2841 stabilitate
3726 2789 3902 2843 virtu-

2322 2880 2431 2926 tum
2461 2873 2512 2925 in
2542 2872 2783 2927 diversas
2812 2866 3276 2943 concupiscentias
3300 2874 3665 2945 liquefactam,
3688 2876 3901 2947 Spiritu

639 2953 937 3043 perditum;
988 2983 1043 3029 et
1094 2974 1184 3045 qui
1236 2990 1267 3028 a
1319 2974 1533 3035 dolente
1567 2985 1742 3030 matre
1773 2984 1884 3039 tua,
1933 2953 2057 3044 quae
2079 2983 2130 3029 te
2160 2975 2212 3029 in

2323 2972 2425 3017 tum
2454 2962 2787 3018 fortitudinis
2810 2953 3217 3023 itaeorrobores
3242 2974 3296 3019 ct
3324 2966 3628 3028 confirmes.
3669 2976 3728 3022 ut
3752 2978 3902 3025 tuam

644 3061 841 3130 templo
866 3064 1194 3133 perdiderat,
1238 3065 1464 3120 inveniri
1507 3081 1603 3137 per
1652 3074 1797 3120 tuam
1831 3081 2077 3136 magnam
2118 3066 2220 3118 mi-

643 3152 993 3207 sericordiam
1019 3153 1439 3208 misericorditer
1460 3152 1772 3224 permisisti,
1808 3153 1882 3206 ita
1911 3164 1968 3208 ut
1994 3152 2222 3222 amplius

647 3252 701 3298 te
730 3259 835 3303 non
867 3243 1143 3314 perderet,
1174 3244 1267 3298 sed
1313 3243 1540 3299 sollicite
1570 3238 1897 3307 custodiret;

715 3333 773 3389 5.
804 3333 894 3390 Sic
914 3343 969 3390 et
991 3344 1045 3389 ιιι
1072 3336 1315 3388 miserere
1339 3334 1461 3401 mei,
1485 3332 1648 3398 Deus,
1670 3334 1955 3387 secundant
1978 3348 2221 3402 magnam

645 3426 1057 3481 misericordiam
1088 3436 1257 3479 (nam.
1288 3423 1402 3480 Non
1443 3425 1565 3490 dico
1591 3425 1885 3480 secundum
1918 3440 2090 3477 meam
2123 3423 2220 3476 ηιίο

646 3517 866 3580 seriam,
895 3517 986 3571 sed
1016 3516 1307 3571 secundum
1339 3525 1482 3569 tuam
1510 3530 1755 3585 magnam
1778 3513 2217 3577 misericordiam,

646 3621 762 3674 quae
796 3607 951 3674 longe
1004 3605 1177 3673 major
1217 3614 1293 3660 est
1329 3620 1488 3674 quam
1523 3620 1640 3659 mea
1668 3606 1885 3659 miseria
1915 3620 2103 3673 magna
2139 3604 2220 3657 ni-

644 3696 767 3749 mis.
794 3694 906 3748 Non
932 3704 1055 3764 peto
1087 3695 1383 3749 secundum
1411 3687 1660 3749 meritum
1692 3710 1892 3759 meum,
1921 3695 2001 3747 vel
2026 3708 2217 3757 secun-

645 3788 769 3841 dum
786 3784 1052 3854 justitiam
1088 3795 1232 3839 tuam
1256 3785 1345 3840 vel
1373 3801 1567 3847 meam,
1591 3786 1707 3839 sive
1730 3785 2025 3839 secundum
2053 3801 2218 3855 opera

646 3891 785 3941 mea,
815 3876 1008 3945 quibus
1037 3890 1133 3945 ego
1171 3878 1335 3929 miser
1362 3876 1566 3931 deviavi
1598 3892 1628 3929 a
1672 3887 1752 3938 te;
1795 3877 1886 3929 sed
1925 3877 2217 3931 secundum

648 3983 899 4040 magnam
940 3968 1367 4022 misericordiam
1414 3977 1579 4021 tuam.
1618 3965 1866 4036 Magnam
1906 3981 2091 4033 quaero
2123 3969 2223 4022 nii-

650 4055 1026 4121 scricordiam,
1053 4057 1174 4127 quia
1212 4072 1316 4113 non
1346 4056 1500 4110 decet
1525 4065 1668 4107 tuam
1701 4069 1948 4123 magnam
1980 4056 2223 4126 magnifi-

649 4148 880 4203 centiam
911 4140 1074 4218 parva
1126 4145 1273 4200 dare.
1327 4144 1440 4199 luto
1485 4142 1727 4197 exaudiri
1772 4142 1963 4212 dignus
2006 4159 2108 4199 non
2137 4160 2225 4201 es-

649 4252 785 4301 sem,
826 4235 869 4289 si
910 4251 938 4289 a
982 4252 1176 4307 magno
1201 4251 1364 4304 parva
1397 4244 1657 4305 peterem.
1699 4232 1809 4301 Ego
1834 4235 1977 4288 enim
1994 4245 2079 4305 ³ιίτ.
2104 4253 2218 4291 -ιιοιι

2322 3053 2663 3111 clementiam
2699 3054 2766 3108 de
2798 3063 2997 3111 caetero
3035 3072 3141 3110 non
3169 3055 3434 3120 olfeudam
3460 3075 3483 3129 ;‘
3516 3058 3581 3114 de
3619 3068 3818 3114 czctero
3850 3068 3903 3115 te

2323 3158 2429 3197 non
2454 3144 2692 3212 perdam,
2729 3144 2823 3199 sed
2856 3160 3068 3215 semper
3099 3155 3331 3210 teneam,
3362 3161 3462 3201 nec
3491 3149 3781 3212 dimittam,
3802 3149 3904 3203 do-

2324 3246 2422 3287 nec
2454 3233 2783 3287 intromittas
2823 3248 2908 3288 me
2934 3235 2987 3288 iu
3021 3235 3237 3288 domum
3276 3236 3418 3291 illius
3441 3252 3685 3307 superna:
3711 3239 3905 3294 llieru-

2324 3324 2489 3378 salem
2519 3325 2709 3380 matris
2741 3340 2898 3388 meae.
2926 3334 2981 3379 et
3011 3335 3139 3380 tunc
3171 3326 3482 3396 glorificabo
3511 3343 3704 3383 nomen
3751 3340 3901 3385 tuum

2325 3413 2377 3468 iu
2407 3425 2690 3481 aeternum,
2716 3425 2767 3469 et
2813 3415 2991 3469 dicam
3026 3433 3038 3468 :
3074 3415 3209 3481 Quia
3258 3418 3624 3475 misericordia
3659 3429 3746 3475 tua
3791 3435 3904 3474 ma-

2321 3520 2424 3573 gna
2464 3514 2548 3560 est
2594 3520 2759 3574 super
2802 3522 2909 3570 me,
2941 3515 2997 3561 et
3027 3507 3213 3561 eruisti
3255 3509 3491 3563 animam
3523 3525 3696 3563 meam
3727 3526 3795 3566 ex
3824 3512 3905 3565 iu-

2322 3595 2479 3651 f’eruo
2530 3594 2795 3650 inferiori.
2837 3595 2902 3650 Et
2952 3598 3065 3651 bace
3119 3608 3203 3654 est
3256 3600 3345 3654 illa
3396 3601 3767 3655 misericordia
3815 3613 3903 3657 tua

2322 3700 2510 3757 magna
2534 3701 2696 3755 quam
2729 3694 2874 3755 peto,
2911 3702 3017 3755 qua
3048 3703 3152 3741 non
3179 3689 3351 3743 solum
3379 3702 3663 3759 exspectas
3688 3693 3757 3747 ad
3788 3707 3905 3762 pm-

2320 3776 2605 3829 nitentiam
2660 3782 2996 3845 peccatores,
3050 3792 3153 3832 nec
3206 3780 3378 3832 solum
3428 3781 3523 3836 das
3565 3781 3644 3836 eis
3671 3784 3901 3852 gratiam

2320 3866 2638 3935 paenitendi,
2663 3868 2757 3922 sed
2787 3883 2889 3936 qua
2920 3870 3243 3937 poeuitentes
3272 3873 3475 3927 virtute
3496 3889 3563 3927 ex
3589 3875 3696 3929 alto
3724 3876 3905 3933 induis

2308 3968 2374 4012 .et
2401 3962 2712 4024 confirmas,
2759 3972 2817 4015 ut
2862 3978 2966 4015 non
2991 3961 3203 4017 labatur
3227 3964 3293 4019 de
3330 3974 3525 4019 ca‘tcro
3569 3982 3661 4035 pes
3688 3983 3901 4024 eorum.

2324 4048 2429 4103 lles
2461 4050 2617 4119 plane
2642 4050 2873 4105 diliicilis
2894 4061 2948 4104 et
2970 4051 3171 4106 homini
3191 4054 3547 4123 impossibilia
3575 4058 3689 4124 (sed
3721 4056 3901 4126 possi-

2324 4137 2445 4192 bilis
2496 4138 2595 4193 soli
2630 4140 2775 4209 tibi),
2818 4149 3128 4208 susceptum
3187 4142 3437 4197 videlicet
3486 4146 3649 4199 semel
3691 4144 3900 4216 peccati

2318 4224 2503 4295 jugum
2536 4227 2613 4280 sic
2640 4242 2669 4280 a
2700 4227 2914 4281 cervice
2938 4243 3035 4281 sua
3061 4238 3350 4294 emittere;
3385 4233 3526 4299 quod
3577 4247 3681 4287 non
3723 4243 3903 4302 potest

650 4325 797 4381 illum
827 4340 1077 4397 maguum
1108 4328 1198 4381 sed
1230 4327 1435 4381 infinite
1464 4328 1721 4397 majorem
1763 4328 1973 4383 :estimo
2001 4328 2222 4383 Alexan-

2330 4313 2529 4379 f‘acere,
2580 4316 2681 4369 nisi
2730 4316 2943 4385 adjutus
2985 4318 3353 4372 misericordia
3398 4329 3483 4372 tua
3525 4336 3742 4389 magna,
3782 4339 3905 4392 qua:

652 4418 829 4480 drum,
860 4413 948 4485 qui
984 4433 1084 4470 non
1125 4418 1358 4472 attendis
1390 4419 1519 4487 quid
1560 4434 1644 4472 me
1680 4426 1927 4487 oporteat
1955 4418 2222 4488 accipere,

651 4506 743 4561 sed
784 4506 912 4575 quid
960 4506 1147 4561 deceat
1195 4516 1245 4560 te
1279 4509 1412 4560 dare
1451 4524 1465 4559 :
1504 4521 1604 4560 nec
1644 4510 1837 4575 magna
1895 4515 2103 4575 petens,
2160 4508 2227 4562 de

652 4599 857 4655 meritis
903 4599 1037 4653 meis
1068 4614 1356 4668 prmsumo,
1397 4598 1490 4652 sed
1539 4597 1752 4651 conﬁdo
1794 4598 1861 4653 de
1890 4608 1977 4651 tua
2025 4598 2230 4651 miseri—

654 4688 835 4741 cordia
868 4704 1097 4757 ruaguay
1129 4703 1248 4756 qua:
1276 4686 1429 4754 quasi
1484 4702 1639 4741 soror
1672 4696 1761 4740 tua
1798 4687 1866 4740 ab
1895 4686 2119 4742 infantia
2154 4697 2228 4742 te-

656 4792 776 4830 cum
807 4776 995 4839 crevit,
1037 4786 1089 4829 et
1127 4776 1191 4829 de
1229 4784 1382 4829 utero
1414 4778 1602 4828 matris
1631 4785 1733 4831 tuae
1777 4790 1992 4846 egressa
2040 4786 2123 4830 est
2156 4784 2229 4831 te-

658 4882 798 4919 cum.
834 4866 1076 4933 Magnam
1110 4867 1270 4934 igitur
1320 4866 1743 4920 miscricordiam
1778 4878 1923 4921 tuam
1954 4878 2095 4938 peto.
2126 4870 2227 4936 Qui

660 4957 946 5011 tribularcr
973 4957 1281 5023 plurimum,
1304 4959 1347 5011 si
1378 4958 1640 5012 nescirem
1666 4959 2063 5015 misericordias
2087 4972 2227 5027 tuas,

658 5048 915 5111 Domine;
968 5046 1060 5099 sed
1118 5062 1211 5113 per
1254 5049 1643 5116 experientiam
1688 5051 1863 5104 sentio
1903 5051 1956 5105 in
2028 5054 2231 5122 meipso

658 5151 770 5195 tres
794 5136 1191 5192 inriserit-ordias
1240 5147 1291 5193 te
1330 5140 1545 5196 habere.
1578 5141 1759 5196 Prima
1798 5151 1903 5205 est,
1938 5157 2041 5211 qua
2072 5160 2155 5196 me
2178 5155 2233 5198 et

660 5232 792 5287 alios
820 5239 1137 5300 peccatores
1181 5230 1247 5283 ad
1277 5232 1569 5298 quamlibet
1606 5234 1891 5297 offensam,
1914 5249 2018 5303 qua
2048 5234 2236 5289 oculos

661 5332 764 5376 tua:
795 5320 1091 5389 maiestatis
1113 5318 1453 5384 offendimus,
1484 5337 1589 5375 non
1617 5324 1875 5377 continuo
1896 5325 2234 5395 consumpsi-

663 5414 761 5477 sti;
794 5414 937 5467 sicut
979 5422 1035 5467 et
1063 5426 1161 5468 nos
1185 5426 1483 5467 conservos
1516 5423 1748 5477 nostros,
1775 5417 1993 5484 quando
2017 5432 2115 5470 nos
2150 5415 2233 5470 of-

666 5502 909 5571 fendunt,
941 5503 1271 5559 confundere
1300 5502 1484 5558 statim
1519 5502 1767 5559 voluums
1802 5516 1858 5560 et
1884 5507 2107 5573 punire:
2143 5507 2242 5579 sed.

668 5595 853 5649 taudiu
904 5596 1231 5666 suspendisti
1270 5596 1506 5668 gladium
1557 5596 1795 5663 ultionis,
1833 5599 1974 5666 quod
2004 5612 2129 5651 vere
2158 5597 2209 5651 di

2329 4406 2429 4460 hoc
2454 4406 2615 4460 modo
2645 4407 2697 4459 in
2744 4407 2898 4461 cmlis
2925 4408 3147 4478 angelos
3175 4410 3535 4475 confirmavit,
3568 4423 3623 4465 et
3658 4412 3903 4468 homines

2331 4496 2382 4549 iu
2414 4497 2828 4564 resurrectione,
2885 4499 2937 4551 in
2968 4514 3071 4567 qua
3120 4499 3280 4555 facies
3315 4516 3471 4569 pares
3517 4502 3637 4556 illis.
3673 4503 3901 4573 Ideoque

2328 4587 2625 4641 confitebor
2644 4586 2737 4639 tibi
2769 4587 2821 4640 in
2843 4587 3069 4657 populis,
3091 4589 3333 4656 Domine,
3361 4598 3409 4643 et
3438 4589 3696 4658 psalmum
3726 4591 3898 4645 dicam

2332 4676 2427 4730 tibi
2485 4676 2537 4730 in
2589 4676 2838 4745 gentibus
2873 4694 2885 4729 :
2920 4676 3183 4740 Quoniam
3232 4680 3572 4748 magnificam
3604 4688 3689 4735 est
3732 4694 3901 4750 usque

2330 4766 2396 4820 ad
2427 4766 2613 4831 eteius,
2646 4766 2755 4819 imo
2781 4782 2945 4836 super
2967 4768 3133 4823 cmlos
3163 4769 3533 4824 misericordia
3572 4781 3661 4825 tua
3696 4784 3717 4827 :.
3742 4779 3798 4826 et
3822 4772 3901 4828 sie

2330 4854 2609 4925 indignum
2641 4852 2874 4909 salvabis
2895 4871 2978 4910 me
3000 4858 3291 4912 secundum
3316 4874 3563 4930 magnam
3597 4860 3901 4917 misericor-

2332 4947 2472 5002 diam
2515 4956 2683 5001 tuarn.

2403 5038 2456 5091 7.
2490 5036 2559 5091 Et
2598 5039 2883 5091 secundum
2914 5038 3299 5092 multitudinem
3344 5040 3733 5094 miseratianum
3780 5052 3900 5094 tua-

2338 5143 2476 5193 rum,
2508 5141 2645 5197 quas
2681 5126 2734 5180 in
2762 5126 3094 5182 exhibitione
3124 5128 3383 5181 bonorum
3405 5129 3638 5198 antiquis
3660 5133 3904 5205 patribus

2334 5218 2637 5283 ostendisti,
2682 5217 2777 5288 qui
2829 5233 3101 5286 nunquam
3154 5219 3393 5287 peccanti
3438 5220 3638 5275 homini
3691 5222 3743 5276 in
3796 5223 3903 5278 tuis

2336 5310 2774 5364 miserationibus
2801 5309 3041 5364 defuisti.
3069 5307 3173 5363 Sed
3205 5324 3327 5363 cum
3354 5310 3443 5367 ille
3468 5312 3690 5381 populus
3710 5320 3896 5366 contu-

2338 5415 2459 5453 max
2500 5408 2555 5453 et
2578 5398 2813 5464 rebellis,
2854 5413 3014 5467 quem
3056 5397 3123 5452 de
3149 5401 3409 5454 servitute
3432 5380 3722 5471 mgyptiaca
3748 5402 3802 5456 in
3830 5402 3898 5456 si-

2337 5492 2455 5559 gnis
2476 5500 2529 5545 et
2557 5492 2823 5557 portentis
2865 5490 3178 5545 terribiliter
3202 5490 3454 5557 eduxisti,
3479 5508 3639 5562 quem
3678 5506 3774 5565 per
3794 5506 3895 5547 me-

2340 5582 2485 5636 dium
2509 5582 2674 5636 maris
2712 5580 2884 5635 Rubri
2919 5580 3062 5635 sicco
3093 5582 3317 5649 vestigio
3338 5582 3625 5649 deduxisti,
3652 5582 3735 5637 cui
3760 5580 3881 5637 ιυω

3858 6000 3861 6007 .
3906 5980 3963 6097 Il

3780 6080 3789 6089 .
3802 6040 4111 6089 tua
