4200 6204
428 205 531 262 825

1488 194 1857 252 meamne
1890 193 1956 248 IN
1997 192 2194 250 esse.
2238 198 2607 261 MlSERi-ZRE.

3500 236 3594 287 εἶθ

429 329 580 398 turus
603 316 725 389 tm-
768 312 999 398 ιρειιιιιξι
1030 311 1096 398 «ξε
1118 308 1340 398 sese
1364 307 1982 398 _,")9l‘.‘°:'_‘.S'F.sf?'lf'_‘flii
2015 317 2059 374 Α
2086 319 2205 372 qm”
2247 307 2610 368 ίιιτοηίτθιιίιιτ
2642 316 2694 369 ει·
2737 319 2851 376 ws
2884 326 3167 393 codicibus.
3204 331 3469 398 ιιιιιερτιτρτ.
3499 337 3595 387 δοκι

410 390 511 445 .eui
552 378 746 457 panem
781 386 847 439 de
874 378 1011 437 emlo
1044 381 1328 436 habentem
1356 393 1512 433 omne
1538 378 1986 432 delectamentum

427 483 547 536 sine
576 479 756 533 labore
788 476 1106 531 mirabiliter
1126 470 1448 540 praestitisti;
1468 471 1549 523 cui
1574 468 1773 525 sitienti
1798 483 1990 535 aquam

427 572 493 625 de
522 579 669 640 petra
700 568 1003 637 la'rgiss‘nte
1032 560 1362 632 produxisti;
1395 574 1551 627 quem
1601 560 1653 613 iu
1690 568 1829 613 terra
1856 558 1991 611 laete

425 674 481 718 ct
533 662 689 717 melle
741 666 1066 717 manantem,
1114 655 1251 708 sicut
1309 653 1651 722 promiseras,
1703 651 1988 717 induxisti;

428 769 573 816 cum,
604 754 841 819 inquam,
867 747 1095 817 popultts
1124 746 1213 799 ille
1240 747 1407 798 durus
1431 757 1552 814 post
1578 758 1845 803 tantorum
1872 761 1991 800 ma-

428 843 686 912 gnalinm,
716 850 793 893 tot
843 838 1187 899 inirabilium,
1231 824 1308 890 tot
1347 836 1661 891 terribilium
1682 837 1990 892 salvationis

426 950 535 988 sua:
565 931 822 988 beneﬁcia
866 939 921 985 et
961 929 1169 993 salutis,
1200 942 1317 997 qua:
1345 926 1393 980 ei
1441 925 1859 982 misericorditer
1887 927 1990 980 im—

426 1024 713 1090 pendoras,
764 1021 961 1075 oblitus
999 1028 1141 1073 esset
1194 1027 1265 1081 te,
1322 1025 1378 1071 et
1426 1023 1612 1069 contra
1658 1026 1709 1070 te
1765 1018 1992 1085 superbe

426 1126 593 1181 agens
621 1111 886 1165 cervicem
932 1123 1081 1161 suam
1110 1106 1452 1159 clarissimam
1478 1103 1808 1167 indurassct;
1842 1113 1897 1157 et
1925 1119 1991 1158 ne

428 1211 499 1265 te,
528 1201 764 1272 quicum
796 1201 860 1255 de
888 1212 1028 1255 terra
1070 1199 1282 1268 [Egypti
1307 1195 1596 1261 eduxeras,
1633 1197 1871 1266 ingratus
1897 1211 1992 1264 po-

426 1298 583 1368 pulus
612 1298 885 1361 adoraret,
931 1310 1054 1351 cum
1095 1293 1255 1347 minis
1290 1300 1347 1345 et
1389 1292 1685 1364 terroribus
1722 1293 1787 1345 ab
1814 1292 1990 1347 Aaron

427 1388 732 1452 resistente,
761 1389 888 1442 deos
906 1396 1093 1456 petens
1114 1384 1339 1448 alienos,
1363 1382 1532 1437 vitulo
1555 1381 1801 1436 conﬂatili
1838 1396 1992 1437 mane

430 1468 652 1549 surgens
696 1480 899 1534 hostias
944 1477 1265 1541 obtulisset;
1298 1485 1351 1529 et
1400 1490 1430 1535 ,a
1465 1485 1516 1529 te
1558 1477 1834 1539 recedens,
1872 1483 1992 1543 post

430 1577 577 1636 terga
613 1584 707 1621 sua
746 1569 914 1637 legem
965 1575 1019 1620 et
1072 1566 1431 1631 caerimonias,
1475 1581 1608 1634 quas
1645 1566 1693 1621 ei
1746 1567 1988 1632 dederas,

2092 406 2161 448 lle
2210 404 2335 448 ωηο
2370 400 2671 458 inveniatur
2715 407 2766 460 in
2801 426 2884 464 me
2911 412 3174 481 iniquitas,
3213 427 3407 468 amator
3435 420 3592 469 humi-

2091 498 2215 535 Ιιυῐη
2245 484 2403 547 Deus.
2435 486 2551 539 delc
2579 488 2903 557 iniquitatem
2936 514 3121 565 meam,
3156 504 3241 569 qui
3272 518 3470 567 semper
3503 502 3598 554 ini-

2091 585 2223 637 quos
2249 573 2371 624 odio
2393 572 2645 635 habuisti,
2670 582 2914 638 quoniam
2945 597 3043 634 ηοη
3070 586 3200 637 Deus
3226 588 3397 638 volens
3418 586 3598 648 iniq,,;_

2093 669 2252 713 “Hem
2278 669 2332 712 ῑίι
2362 674 2436 714 (³⁸·
2479 661 2602 723 se“:
2633 662 2873 725 ὓοιιιὶιιη.
2899 668 2986 735 (ιιιί
3018 683 3117 719 non
3142 673 3357 738 despicis
3384 672 3597 739 gemitus

2091 752 2458 810 contritorum,
2499 758 2552 801 tu
2592 750 2753 811 nosti,
2791 755 2930 816 quod
2967 757 3100 808 sicut
3126 759 3492 825 supcr‘chms
3517 757 3597 806 m-

2094 853 2256 901 teras.
2305 841 2545 909 quaedam
2578 854 2646 891 ex
2701 839 2808 907 ipsa
2862 839 3013 895 litura
3066 855 3292 899 remanet
3324 842 3600 912 turpitudo.

2092 948 2187 1003 per
2214 945 2374 999 quam
2406 928 2659 997 perpendi
2704 936 2923 995 possunt
2947 931 3171 997 ipsarum
3213 933 3491 991 deletarum
3517 946 3605 983 ve-

2048 1026 2049 1029 “
2091 1024 2246 1092 S'igia
2278 1030 2332 1073 ct
2376 1018 2696 1087 significatio
2727 1018 3043 1080 litterarum,
3082 1019 3179 1069 nisi
3211 1022 3329 1076 ’.ηεω
3350 1020 3529 1073 linem
3555 1026 3610 1073 ει

2092 1114 2247 1167 litura
2295 1110 2526 1180 poenitus
2577 1108 2883 1170 eradantur,
2921 1105 2991 1158 ita
3018 1114 3072 1160 et
3107 1120 3198 1174 per
3219 1106 3557 1173 penitentiam
3580 1118 3613 1157 α

2092 1215 2144 1261 te
2168 1203 2337 1260 deleta
2382 1194 2654 1271 iniquitas,
2707 1199 2758 1253 in
2790 1196 2967 1250 anima
3002 1210 3115 1249 mea
3154 1199 3418 1262 quamt‘am
3453 1192 3617 1248 dera.

2091 1299 2331 1352 mitatem
2364 1292 2595 1360 reliquit,
2638 1306 2733 1360 per
2760 1303 2921 1358 quam
2945 1302 2972 1340 a
3003 1295 3073 1347 te,
3103 1283 3193 1353 qui
3223 1282 3362 1335 solus
3379 1286 3623 1351 csinspe-

2091 1397 2208 1442 ctor
2239 1384 2477 1440 cordium
2508 1391 2558 1437 et
2603 1380 2851 1435 conscius
2880 1384 3227 1437 secretorum,
3257 1380 3307 1426 ct
3338 1370 3403 1425 ab
3434 1371 3520 1425 illo
3545 1370 3630 1437 qui

2090 1488 2173 1534 est
2217 1476 2515 1533 animarum
2570 1473 2843 1541 improbus
2901 1474 3197 1525 accusator.
3250 1461 3640 1532 potest‘adhuc

2091 1572 2345 1641 perpendi
2386 1584 2501 1623 mea
2553 1552 2809 1633 iniquitas
2847 1567 3043 1629 quanta
3069 1555 3190 1622 fuit,
3234 1554 3334 1608 nisi
3366 1560 3476 1622 post
3507 1549 3643 1605 dele—

424 1657 769 1728 projecisset;
800 1658 1088 1725 prophetas
1116 1665 1254 1722 tuos,
1283 1656 1371 1726 qui
1400 1657 1844 1711 contestabantur
1870 1674 1991 1713 eum
2025 1646 2067 1700 Β
2096 1663 2292 1717 tionem
2317 1676 2345 1715 a
2378 1669 2426 1713 te
2449 1655 2677 1724 amplius
2703 1651 2966 1705 abluatur.

429 1756 487 1800 ιιι
510 1747 746 1800 redirent
771 1748 837 1800 ad
870 1754 940 1810 ιιι,
973 1746 1336 1801 inhumaniter
1360 1745 1675 1811 occidisset;
1713 1747 1806 1801 tibi
1832 1762 1995 1817 gran-

429 1835 934 1904 des»bla5phemias
986 1836 1297 1906 irrogasset.
1330 1845 1401 1898 ,ιιι
1443 1847 1494 1891 te
1540 1836 1605 1890 ad
1660 1838 1992 1891 iracundiam

428 1934 776 1996 provocaret;
806 1934 856 1978 et
882 1934 1101 1993 praeter
1125 1925 1237 1979 lucc
1258 1940 1378 1979 eum
1413 1926 1464 1979 in
1497 1926 1743 1979 mauilms
1777 1939 1994 1979 suorum

430 2015 663 2069 hostium
690 2008 1036 2078 tradiiiisscs;
1082 2022 1201 2082 post
1228 2015 1343 2068 inec
1372 2024 1573 2082 tamen,
1608 2030 1727 2070 cum
1768 2016 1833 2068 ad
1863 2023 1915 2068 te
1942 2014 1995 2069 in

432 2118 669 2176 tempore
695 2124 806 2160 sua:
832 2107 1189 2161 tribulationis
1236 2116 1289 2162 et
1318 2108 1577 2178 angustiae
1596 2108 1793 2164 clamat
1806 2119 1990 2176 erunt;

368 2267 383 2283 .
429 2200 644 2253 tnlictts
682 2198 992 2253 misericors
1019 2208 1073 2251 ct
1110 2198 1288 2253 mutue
1317 2198 1697 2255 misericordiae
1723 2208 1776 2254 et
1812 2213 1992 2263 verax,

429 2289 495 2341 de
534 2288 669 2341 creto
699 2288 966 2340 exantlisti
999 2303 1092 2341 eos
1137 2288 1429 2342 secundum
1470 2289 1842 2345 miserationes
1877 2301 1996 2345 tuas

430 2378 643 2459 multas.
675 2374 917 2447 Cumque
945 2393 1130 2459 rursus
1158 2391 1443 2446 perversos
1471 2392 1563 2431 eos
1592 2364 1644 2430 in
1675 2392 1863 2432 manus
1895 2378 1998 2432 iui-

428 2456 688 2524 micorum
725 2484 947 2522 suorum
996 2456 1187 2521 iterum
1218 2467 1547 2537 reliquisses,
1595 2476 1648 2522 et
1686 2468 1783 2537 ipsi
1830 2469 1895 2522 ad
1947 2477 1998 2523 te

427 2558 621 2611 itcrum
654 2566 815 2625 atque
843 2557 1051 2616 iterum
1078 2555 1475 2620 clamaverunt;
1512 2566 1564 2609 tu
1597 2556 1663 2609 de
1701 2556 1838 2609 caelo
1864 2555 1999 2625 libe-

427 2646 554 2702 rasti
587 2661 680 2698 eos
708 2646 759 2698 in
795 2644 1228 2699 miserationibus
1256 2645 1359 2697 tuis
1381 2643 1595 2706 ’multis,
1629 2653 1681 2697 et
1711 2644 1763 2697 in
1789 2644 1997 2698 miseri-

429 2736 626 2790 cordiis
652 2736 752 2789 tuis
783 2734 1031 2803 plurimis
1060 2740 1166 2786 non
1210 2732 1380 2785 fecisti
1410 2747 1504 2785 eos
1542 2731 1593 2785 in
1628 2727 2013 2801 consumptio?

426 2842 571 2890 nent,
594 2825 845 2895 quoniam
881 2823 1021 2877 Deus
1054 2823 1458 2875 miserationum
1494 2830 1541 2875 et
1570 2822 1807 2876 clemens
1838 2833 1889 2874 ιιι
1914 2835 1990 2874 es.

426 2918 560 2984 Quia
582 2918 745 2986 igitur
790 2916 966 2969 minor
995 2930 1112 2968 sum
1142 2916 1347 2969 cunctis
1379 2914 1814 2968 miserationibus
1844 2912 1988 2976 tuis;

427 3017 695 3065 memento
710 3009 834 3072 mei,
869 3008 1027 3069 Deus,
1056 3014 1108 3059 et
1139 3019 1299 3073 parce
1328 3005 1456 3058 mihi
1493 3004 1785 3059 secundum
1813 2996 1994 3057 multi-

429 3100 663 3154 tudinem
692 3096 1094 3151 tuism'ationum
1124 3107 1356 3160 tuarum,
1388 3110 1505 3162 quae
1529 3102 1786 3161 superant
1810 3106 1995 3161 quam-

348 3238 351 3239 ν
428 3192 555 3247 libet
590 3191 982 3244 multitudinem
1023 3198 1384 3259 peccatorum.
1416 3186 1531 3239 Non
1561 3185 1703 3238 enim
1734 3181 1999 3249 injustili-

430 3287 732 3339 rationibus
765 3284 1209 3352 meis-prosterno
1234 3296 1421 3351 preecs
1451 3286 1578 3330 ante
1610 3273 1797 3327 faciem
1829 3282 1997 3337 tuam,

429 3380 522 3432 sed
556 3380 604 3431 in
642 3377 1078 3431 miserationibus
1114 3376 1218 3428 tuis
1260 3374 1459 3427 multis.
1490 3371 1852 3427 Rcminiseere
1873 3381 1999 3435 ergo

430 3458 836 3524 mis-orationum
870 3476 1100 3529 tuarum,
1132 3467 1371 3525 Domine,
1408 3481 1436 3519 a
1470 3474 1519 3518 te
1547 3462 1779 3531 antiquis
1808 3472 1997 3527 pecca-

436 3563 661 3623 toribus,
706 3561 927 3630 pariims
983 3560 1236 3626 operibus
1286 3556 1664 3611 misericordia:
1711 3551 1999 3605 etiicacitcr

434 3650 820 3717 impensarum,
852 3658 907 3701 et
954 3648 1445 3702 miscricordiarum
1476 3654 1685 3698 tuarum
1713 3641 1806 3695 tibi
1837 3648 1995 3693 natu-

435 3742 624 3794 raliter
656 3740 960 3801 insitarum,
988 3754 1106 3805 (μιτῦ
1147 3753 1173 3788 a
1209 3736 1404 3789 sreculo
1432 3743 1574 3787 sunt.

505 3831 556 3886 8.
592 3832 657 3884 Et
686 3831 817 3883 uein
846 3829 1043 3881 misero
1072 3836 1351 3895 peccatore
1373 3825 1537 3884 fallat.
1569 3824 1709 3894 quod
1749 3820 1816 3878 ab
1846 3823 1997 3877 initio

434 3921 614 3975 seculi
652 3918 921 3986 incepisti.
956 3916 1247 3970 secundum
1279 3915 1672 3969 multitudinem
1702 3914 2000 3968 miseratio-

434 4026 560 4065 nuut
588 4019 819 4070 tuarum,
851 4008 962 4061 dele
1005 4008 1323 4077 iniqui/atem
1369 4023 1555 4070 memu,
1584 4006 1706 4074 quia
1748 4006 1856 4072 ipsa
1892 4019 1996 4066 me,

436 4100 538 4161 heu
565 4101 578 4152 !
607 4100 671 4153 de
697 4098 831 4151 libro
862 4098 985 4151 vita:
1014 4096 1227 4149 delevit.
1259 4095 1351 4149 Sic
1390 4105 1466 4159 tu,
1499 4094 1659 4156 Deus,
1688 4094 1777 4162 qui
1809 4107 1998 4145 nomen

436 4189 718 4259 impiorum
759 4187 1001 4242 deievisti
1037 4196 1094 4239 ut
1130 4186 1298 4239 lutum
1342 4185 1666 4254 platearum,
1718 4182 1831 4236 dele
1860 4196 1999 4244 eam,

2164 1754 2219 1807 9.
2258 1749 2351 1821 (V.
2384 1748 2463 1817 4.)
2506 1748 2570 1801 Ει
2621 1744 2738 1799 ideo
2779 1753 2899 1812 peto
2928 1736 3241 1792 humiliter:
3284 1729 3647 1801 Αιιῳιὶιωιιιυα

2098 1859 2177 1897 me
2198 1842 2261 1897 ab
2284 1840 2555 1909 iniquitate
2600 1851 2736 1898 mea,
2766 1848 2798 1887 ο
2828 1828 3170 1885 mundissima
3208 1824 3364 1877 lotrix
3395 1829 3573 1877 uestra
3596 1828 3650 1874 et

2098 1931 2441 1994 nitidissima,
2474 1942 2591 1997 quae
2616 1928 2681 1979 ad
2723 1924 2825 1979 hoc
2868 1933 3059 1988 aquam
3086 1915 3282 1986 {gratiae
3314 1914 3522 1967 dei‘tatis
3552 1912 3651 1966 mi-
3682 1910 3685 1917 ’

2095 2022 2213 2078 sisti
2251 2021 2303 2075 in
2345 2019 2539 2090 pelvim
2574 2014 2937 2070 mundissima:
2988 2006 3167 2062 carnis
3211 2013 3334 2066 tuae,
3378 2010 3431 2054 ut
3482 2016 3581 2055 nos
3620 2015 3651 2051 a

2096 2109 2334 2180 peccatis
2351 2089 2556 2161 nostris
2582 2105 2633 2159 in
2658 2102 2918 2173 sanguine
2945 2108 3035 2152 ιιιο
3059 2095 3285 2149 iuvares.
3309 2092 3449 2147 Lava
3479 2105 3563 2146 me
3586 2089 3655 2143 ab

2098 2201 2375 2273 iniquitate
2410 2214 2558 2263 mea;
2588 2204 2642 2251 et
2665 2196 2735 2250 ita
2766 2192 3001 2264 perfecte
3025 2190 3161 2254 lava,
3183 2187 3273 2257 qui
3297 2183 3658 2257 intperl'ectio-

2098 2270 2365 2359 nisﬁopera
2410 2302 2515 2341 non
2561 2284 2773 2349 novisti,
2808 2292 2865 2337 ιιι
2914 2282 2964 2335 in
3005 2293 3089 2334 me
3133 2276 3337 2347 peccati
3375 2270 3656 2343 vestigium

2098 2394 2206 2434 non
2238 2361 2525 2444 relinquas.
2551 2374 2595 2428 0
2624 2371 2840 2427 humilis
2866 2368 3185 2431 sublimitas,
3212 2380 3245 2418 o
3278 2362 3521 2418 sublimis
3559 2359 3658 2412 hu-

2100 2461 2314 2528 militas,
2341 2478 2457 2533 quae
2489 2462 2555 2516 ad
2585 2452 2967 2529 designandam
2995 2455 3135 2509 illam
3162 2453 3414 2506 iotionem
3439 2448 3675 2503 interiot
3737 2494 3743 2501 .

2098 2570 2211 2611 rem
2252 2554 2443 2608 animae
2479 2565 2638 2622 quant
2674 2548 2907 2618 requiro,
2954 2557 3120 2613 usque
3161 2541 3226 2595 ad
3268 2540 3538 2597 lavacrum
3568 2549 3659 2605 pe-

2098 2646 2222 2700 dum
2248 2642 2628 2711 discipulorum
2652 2648 2864 2693 tuorum
2900 2642 3043 2690 tua‘m
3066 2630 3401 2687 altitudinem
3432 2626 3657 2682 inclina-

2096 2737 2184 2792 sti.
2219 2736 2330 2788 lava
2358 2749 2462 2795 me,
2495 2740 2550 2787 ut
2584 2734 2634 2785 in
2665 2738 2922 2784 maternum
2950 2726 3175 2793 habeam
3207 2728 3414 2792 partem
3445 2726 3660 2771 tecum:

2097 2827 2210 2880 lava
2244 2841 2348 2880 non
2384 2824 2556 2877 solum
2585 2822 2747 2891 pedes
2775 2818 3084 2878 affectuum,
3139 2815 3231 2867 sed
3260 2812 3421 2867 etiam
3452 2817 3507 2864 et
3544 2822 3660 2862 ma-

2098 2933 2198 2973 nus
2225 2929 2467 2986 operum,
2514 2922 2569 2968 et
2605 2918 2764 2979 caput
2800 2920 3072 2962 sensuum;
3106 2902 3170 2956 Et
3199 2900 3450 2971 quoniam
3481 2896 3658 2949 anima

2100 3020 2217 3060 mea
2254 3004 2372 3059 vilis
2421 3003 2557 3056 facta
2605 3007 2705 3063 est,
2741 2997 3045 3063 iteransque
3072 2990 3334 3061 pessimas
3368 2987 3482 3039 vias
3511 2998 3659 3043 suas.

2098 3098 2214 3150 lava
2239 3111 2267 3148 a
2293 3093 2496 3148 malitia
2526 3105 2621 3145 cor
2644 3088 2832 3157 ipsius,
2856 3093 2915 3138 ut
2942 3086 2994 3138 in
3019 3098 3083 3137 eo
3106 3080 3460 3150 cogitationes
3488 3074 3660 3129 notia:

2099 3202 2204 3241 non
2232 3190 2509 3238 morentur
2545 3193 2560 3232 :
2600 3179 2715 3230 lava
2762 3176 3116 3244 iacrymarum
3165 3170 3346 3223 lixivio
3393 3166 3564 3220 calido
3606 3173 3661 3219 et.

2100 3289 2285 3330 amaro
2307 3288 2399 3343 per
2421 3269 2658 3346 singulas
2680 3277 2864 3321 noctes
2890 3262 3229 3317 conscientiae
3249 3273 3381 3313 mea:
3402 3267 3661 3311 stratura:

2103 3366 2215 3419 lava
2248 3362 2409 3433 pedes
2464 3372 2609 3413 meos
2637 3365 2691 3429 et
2717 3353 2984 3408 interioris
3023 3351 3255 3406 hominis
3284 3348 3475 3418 butyro
3500 3347 3663 3401 devo-

2102 3452 2280 3515 iiuuis,
2310 3450 2424 3503 lava
2450 3457 2503 3501 et
2524 3460 2715 3500 renova
2745 3441 3113 3499 sacramentis.
3140 3441 3204 3494 Et
3225 3439 3347 3508 quia
3372 3439 3547 3507 aliqua
3564 3435 3670 3489 ali-

2099 3541 2313 3612 quiaudo
2343 3540 2420 3594 sic
2466 3538 2724 3598 lavantur,
2754 3533 2911 3602 quod
2961 3541 3079 3600 post
3123 3530 3448 3583 ablutionem
3492 3526 3666 3580 adhuc

2101 3632 2304 3699 impura
2334 3633 2631 3681 remanent
2659 3634 2713 3677 et
2745 3621 3038 3685 immunda,
3073 3619 3192 3672 ideo
3231 3619 3309 3671 sic
3346 3618 3462 3669 lava
3494 3632 3578 3669 me
3607 3624 3665 3668 ut

2096 3716 2379 3778 eumndes;
2430 3722 2475 3766 et
2516 3726 2546 3765 a
2588 3720 2796 3779 peccato
2818 3723 2929 3761 meo
2972 3706 3165 3759 utenda
3194 3716 3300 3757 me:
3327 3701 3457 3769 Quis
3492 3710 3665 3770 potest

2098 3808 2273 3861 facere
2309 3803 2562 3859 mundum
2588 3806 2653 3857 de
2680 3798 2956 3854 immundo
2976 3804 3292 3866 conceptum
3319 3793 3665 3855 semiuemisi

2102 3906 2154 3952 tu
2198 3895 2287 3966 qui
2321 3894 2466 3947 solus
2514 3891 2609 3947 es?
2635 3906 2667 3943 o
2699 3888 3081 3958 benignissime
3118 3885 3325 3966 medice
3355 3883 3478 3937 Jesu
3504 3881 3665 3937 Chri~

2100 3996 2179 4043 ste
2216 3995 2271 4042 et
2306 3986 2459 4046 bone,
2486 3984 2574 4053 qui
2599 3982 2713 4038 solo
2747 3981 2909 4036 verbo
2932 3988 3201 4034 restauras
3228 3961 3498 4041 universa,
3528 3975 3667 4039 scio,

2102 4087 2155 4133 et
2184 4092 2309 4131 vere
2350 4077 2485 4139 scio,
2526 4085 2581 4128 et
2621 4075 2724 4128 hoe
2769 4073 2941 4141 ipsum
2977 4081 3079 4125 true
3125 4070 3350 4125 bonitati
3384 4069 3667 4132 confiteor,

2103 4172 2355 4241 quoniam
2387 4170 2464 4224 sic
2510 4176 2663 4237 potes
2707 4180 2791 4219 me
2820 4165 3097 4219 mundare.
3135 4164 3295 4228 Ergo,
3339 4164 3473 4217 bone
3505 4161 3665 4224 Deus,

434 4270 571 4332 sicut
599 4276 772 4330 solent
804 4273 1004 4328 aboleri
1053 4273 1245 4327 tabula:
1286 4269 1340 4326 et
1375 4272 1537 4325 deleri
1566 4288 1580 4334 ;
1614 4280 1669 4323 ut
1700 4286 1761 4324 ea
1805 4269 2000 4323 abolita
2035 4295 2080 4353 η
2107 4262 2463 4326 bonehomo,
2505 4260 2642 4314 bone
2673 4257 2914 4321 Domine,
2946 4271 3044 4326 per
3066 4254 3487 4310 misericordiam
3524 4262 3670 4307 tuam

434 4377 489 4422 et
518 4368 709 4433 deleta,
760 4381 952 4419 nomen
1014 4380 1187 4419 meum
1216 4380 1338 4417 cum
1365 4363 1525 4429 justis
1571 4362 1622 4416 in
1653 4362 1787 4413 libro
1820 4360 2004 4412 viven-

436 4458 591 4523 tium,
622 4456 686 4509 de
708 4470 813 4525 quo
835 4454 960 4507 illud
992 4451 1646 4516 deleverat,reécribatur.
1679 4448 1821 4512 Dele,
1852 4450 1999 4501 obse-

432 4564 549 4609 ero,
578 4546 1121 4615 omnipotentissime,
1156 4544 1282 4597 illud
1318 4543 1457 4611 quod
1486 4542 1769 4594 adversum
1813 4552 1896 4591 me
1927 4526 2002 4591 est

436 4640 855 4710 chirographum
890 4637 1088 4691 decreti
1136 4636 1231 4688 tui.
1277 4636 1603 4688 Decreveras
1630 4632 1793 4690 enim.
1824 4630 2001 4695 Pater,

434 4739 496 4782 ιιι
522 4730 566 4785 si
593 4729 781 4782 vellem
809 4736 1036 4779 mortem
1060 4725 1307 4788 evadere,
1336 4740 1437 4777 non
1467 4737 1766 4792 peccarem.
1796 4722 1859 4775 Et
1880 4720 2001 4791 quia

436 4834 536 4889 ego
561 4819 739 4873 infelix
771 4828 956 4873 contra
988 4828 1133 4869 tuum
1162 4816 1437 4869 decretum
1473 4816 1758 4869 indiscrete
1780 4826 2005 4882 corpore

436 4919 494 4964 et
522 4910 683 4967 corde
723 4910 903 4977 peregi
948 4907 1011 4960 ad
1063 4907 1420 4974 insipientiam
1452 4922 1724 4975 magnam,
1754 4905 1882 4958 mihi
1926 4914 2003 4965 tu,

436 5001 527 5071 qui
584 5000 931 5054 scientiarum
983 5014 1042 5053 es
1089 4998 1365 5060 Dominus.
1415 4999 1537 5051 inde
1591 4996 2003 5065 chirographum

439 5090 712 5145 memoriae
764 5089 815 5142 in
859 5098 945 5141 tua
996 5088 1221 5142 scientia
1252 5098 1307 5140 et
1348 5104 1462 5141 mea
1505 5086 1830 5141 conscientia
1884 5101 2007 5139 con-

440 5182 721 5252 scripsisti,
749 5190 807 5234 ut
832 5197 951 5234 cum
979 5181 1190 5234 sedcrct
1222 5179 1551 5243 tremendum
1573 5177 1832 5243 judicium
1860 5187 2005 5229 tuum

441 5288 712 5342 magnum,
744 5270 1084 5341 aperirentur
1121 5269 1209 5322 isti
1247 5269 1481 5322 scicntia:
1513 5277 1616 5321 tum
1648 5276 1698 5320 ct
1725 5266 2009 5328 conscien-

445 5359 529 5414 ιίω
555 5377 686 5415 mea:
712 5346 858 5423 libri,
886 5370 940 5413 et
979 5359 1114 5414 alius
1148 5359 1231 5411 ille
1270 5358 1405 5412 liber
1431 5372 1586 5427 quem
1620 5358 1777 5410 habet
1824 5365 2007 5409 contra

446 5467 532 5506 me
561 5453 778 5507 immani
831 5452 1042 5523 generis
1087 5462 1370 5505 accusator
1409 5451 1691 5517 inimicus;
1731 5460 1783 5505 ct
1810 5466 1868 5504 ex
1906 5452 2010 5513 his,

2108 4369 2353 4423 magnam
2382 4352 2466 4406 dic
2489 4350 2679 4403 animae
2699 4361 2828 4401 mea:
2857 4346 3140 4401 multorum
3166 4354 3501 4415 peccatorum
3522 4341 3682 4412 lepra.

2109 4444 2341 4510 inl‘cetm,
2382 4442 2506 4495 dic‘:
2544 4438 2713 4501 Volo;
2761 4436 3039 4491 mundare.
3068 4437 3134 4490 Et
3169 4447 3223 4489 ut
3257 4435 3344 4489 hic
3377 4434 3552 4487 sanari
3583 4448 3673 4489 va-

2108 4537 2241 4590 leam
2270 4543 2322 4589 et
2348 4530 2619 4595 mundari,
2649 4530 2733 4583 hic
2764 4544 2881 4597 ure,
2914 4528 2998 4583 hic
3021 4544 3167 4588 seca.
3201 4527 3287 4581 hic
3323 4526 3413 4579 iiat
3437 4525 3687 4592 expiatio-

2109 4642 2250 4692 ntea,
2288 4627 2377 4680 hic
2406 4620 2719 4677 emundatio
2769 4637 2919 4686 mea;
2970 4628 3027 4674 ut
3060 4634 3181 4673 cum
3214 4618 3265 4671 in
3302 4626 3392 4669 tuo
3431 4616 3686 4670 districto
3744 4642 3759 4657 ι

2110 4718 2357 4773 examine
2378 4732 2567 4771 aream
2598 4725 2741 4769 tuam
2774 4713 3033 4767 ventilare
3067 4709 3276 4763 veneris
3307 4717 3360 4763 et
3395 4708 3677 4773 mundare,

2110 4812 2340 4863 animam
2384 4825 2557 4863 meam
2608 4808 2933 4878 paenitentia:
2967 4819 3106 4857 vera:
3149 4802 3326 4871 scopis
3367 4800 3681 4854 mundataut

2114 4899 2353 4953 invenias
2384 4908 2436 4952 et
2462 4908 2735 4952 ornatam.
2776 4896 2995 4949 Interim
3021 4903 3198 4947 autem
3227 4907 3326 4946 non
3357 4904 3567 4958 parcam
3595 4889 3673 4944 ori

2116 5006 2257 5052 meo.
2289 4992 2380 5045 sed
2415 4991 2521 5053 ibo,
2553 5000 2607 5045 et
2637 4990 3002 5045 sacerdotibus
3030 5002 3114 5040 nte
3149 4984 3452 5045 ostendam,
3482 4992 3676 5051 quate-

2116 5098 2215 5135 nus
2259 5081 2348 5134 ﬁat
2405 5092 2457 5134 et
2489 5081 2638 5144 mihi,
2672 5089 2724 5132 ut
2758 5080 2883 5131 dum
2931 5080 3139 5139 vixero,
3188 5075 3310 5128 ﬁant
3360 5074 3670 5133 mundatus;

2116 5188 2237 5241 qum
2283 5172 2475 5225 anima:
2528 5186 2658 5224 meae
2710 5168 2911 5237 lepram
2948 5180 3052 5220 non
3083 5180 3296 5235 possum
3325 5176 3451 5217 vere
3498 5168 3676 5212 osten-

2118 5264 2243 5315 dere
2273 5260 2559 5327 sacerdoti,
2606 5259 2707 5312 nisi
2748 5259 2897 5327 prius
2922 5256 3015 5312 tibi
3040 5252 3485 5327 eamostendero,
3532 5255 3585 5300 et
3619 5255 3674 5298 tu

2116 5350 2242 5405 mihi
2272 5351 2366 5421 (5).
2749 5326 2760 5327 “
3168 5326 3177 5339 '

2194 5444 2275 5497 10.
2304 5440 2396 5512 (ν.
2428 5442 2505 5509 5.)
2538 5441 2658 5493 ideo
2704 5438 2796 5493 tibi
2843 5449 3049 5492 summo
3079 5444 3131 5488 ct
3171 5440 3369 5486 aeterno
3400 5422 3674 5482 Sacerdoti

508 5577 594 5657 7(5)
617 5578 1006 5636 Testimonium
1021 5579 1434 5636 deeonl'essionc
1460 5581 1722 5635 sacerdoti
1752 5580 2018 5646 facienda,
2047 5588 2097 5635 et
2126 5577 2339 5649 quidem
2362 5591 2481 5630 cum
2506 5574 2680 5629 debita
2712 5567 3113 5643 przrpai'ationc.
