4200 6202
535 240 644 306 ενι

862 252 922 309 S.
974 252 1272 310 ANSELMI
1305 249 1656 308 CANTUAR.
1697 251 2048 308 ABCllllEl'.
2090 249 2241 309 OI’P.
2271 248 2449 304 PARS
2480 249 2539 305 ll.
2577 253 3037 312 —-'PARA‘3NET.
3074 257 3160 313 ET
3183 257 3423 314 ASCET.

3635 261 3639 265 ’
3676 258 3781 315 828

540 362 814 421 veraciter
852 381 937 421 me
970 367 1193 421 ostendo
1213 408 1227 432 ,
1277 365 1464 421 dicens
1494 380 1509 420 :
1570 364 1830 432 Quoniam
1879 366 2123 436 iniquita-
2151 367 2198 422 Α
2224 363 2277 418 in
2303 377 2497 420 acervo
2543 366 2832 423 testimonii
2858 370 3067 439 'positus
3087 372 3240 447 juxta
3263 373 3427 439 viam,
3454 379 3512 427 ut
3540 386 3664 428 eam
3683 387 3780 443 per

540 460 641 509 teut
676 466 839 509 meam
871 471 963 525 ego
1001 470 1276 524 cognosco.
1304 455 1602 524 Cognosce,
1644 454 1889 521 Doruine,
1919 453 2121 535 iniqui-_

542 552 705 600 tatem
732 559 924 607 mcam,
956 545 1049 599 sed
1077 559 1141 599 ex
1166 555 1318 615 parte
1343 561 1631 617 cognosco,
1670 554 1725 602 et
1750 540 1853 600 non
1886 546 2025 600 sicut
2054 553 2109 599 tu

500 616 523 647 ’⁸
541 634 822 704 cognoscis
849 640 1015 700 eam,
1043 652 1219 705 neque
1259 638 1397 692 sicut
1416 616 1525 707 ego
1556 637 1801 707 cognitus
1823 650 1939 689 sum
1968 649 2000 688 a
2033 642 2108 697 te,

499 785 501 787 ,
535 723 698 792 cujus
722 726 863 781 oculi
892 737 1021 782 sunt
1067 728 1238 782 multo
1274 731 1391 799 plus
1419 728 1706 782 lncidiores
1732 742 1893 795 super
1912 725 2103 791 solem,

492 814 499 821 ’
534 810 933 886 conspicientes
968 820 1083 874 vias
1133 819 1407 874 hominum
1430 874 1431 877 η
1454 828 1507 873 et
1545 819 1865 887 profundum
1903 817 2103 889 abyssi,

531 911 586 957 et
631 906 906 960 hominum
959 906 1122 971 corda
1174 909 1463 962 intuentes.
1529 905 1635 961 Cor
1679 903 1857 960 autem
1905 921 2103 972 meum,

530 993 695 1059 Deus,
747 1010 967 1064 pravum
991 986 1073 1051 est
1096 1005 1150 1051 et
1179 996 1524 1051 inscrutaliile
1552 1014 1566 1052 :
1605 1012 1707 1051 nec
1746 1011 1846 1066 ego
1881 997 1991 1065 ipse
2013 1010 2103 1051 co~
2132 1024 2141 1033 ο

527 1098 731 1155 gnosco
755 1085 901 1151 illud,
935 1087 1028 1142 sed
1062 1097 1140 1151 tu,
1173 1086 1415 1151 Domine,
1441 1087 1532 1157 qui
1562 1087 1858 1157 cognovisti
1882 1086 2102 1158 ﬁgmen-

530 1183 642 1231 tum
675 1184 943 1242 nostrum,
994 1186 1051 1231 et
1088 1177 1316 1233 intueris
1360 1178 1585 1249 ahyssos
1608 1218 1623 1243 ,
1669 1177 1893 1232 intueris
1918 1185 1972 1232 et
2011 1191 2100 1232 co-

527 1268 741 1338 gnoscis
762 1267 905 1331 illud,
933 1277 988 1324 et
1014 1269 1349 1338 iniquitatem
1381 1284 1576 1336 meam,
1610 1284 1729 1338 qua:
1753 1268 1804 1323 in
1824 1257 1897 1323 eo
1924 1274 2025 1332 est,
2047 1275 2102 1323 et

526 1358 688 1415 sicuti
709 1368 836 1416 est.:
875 1376 1038 1433 quam
1070 1361 1114 1416 si
1152 1361 1224 1417 ita
1253 1362 1394 1418 nude
1420 1370 1473 1417 ct
1500 1369 1685 1432 aperte
1706 1359 2096 1431 cognovissent,

526 1448 686 1505 sicuti
708 1457 764 1506 et
793 1453 883 1519 ‘tu,
914 1458 1041 1506 ante
1077 1446 1230 1520 cujus
1256 1450 1441 1506 oculos
1490 1450 1671 1507 omnia
1715 1450 1856 1506 nuda
1890 1458 2015 1506 sunt
2042 1458 2098 1505 et

525 1550 736 1611 aperta,
766 1550 917 1599 certe
960 1552 1301 1611 erumperent
1326 1542 1576 1614 lacrymae
1606 1542 1673 1597 de
1702 1543 1849 1598 venis
1890 1542 2096 1598 intimis

440 1698 445 1711 τ
522 1631 703 1688 cordis
752 1632 881 1698 mei,
928 1640 989 1699 et
1009 1631 1285 1687 continere
1326 1647 1433 1687 non
1475 1647 1705 1703 possem,
1738 1633 1892 1704 quasi
1931 1648 2093 1705 super

2215 453 2520 523 exemplum
2564 455 2858 513 viatoribus
2901 457 3351 525 demonstrarem,
3387 475 3491 514 non
3517 459 3781 517 remansit

2212 541 2264 595 in
2297 556 2384 596 me
2408 540 2542 612 lapis
2569 544 2695 598 boni
2735 545 2966 614 exempli
2998 561 3159 615 super
3183 547 3416 617 lapidem
3448 547 3777 606 fortitudinis

2208 633 2298 687 vel
2327 634 2561 689 virtutis.
2602 634 2669 690 Et
2717 635 2829 691 lucc
2850 637 3028 691 omnia
3071 636 3209 691 mala
3233 638 3287 692 in
3313 653 3399 693 me
3422 640 3623 709 pariter
3649 652 3778 694 eon-

2210 724 2511 790 ﬂuxerunt,
2582 740 2648 782 eo
2714 727 2857 797 quod
2928 743 3034 781 non
3104 728 3329 798 cognovi
3386 728 3508 799 Qtibi
3570 728 3779 784 debitas

2206 816 2409 884 gratias
2460 814 2761 885 referendo)
2794 799 3004 887 temjfus
3039 819 3365 895 viisitationis
3384 833 3537 883 meas,
3564 818 3779 888 quando
3812 876 3813 879 η

2208 913 2262 959 ιιι
2289 906 2469 960 oriens
2495 920 2559 959 ex
2591 904 2699 960 alto
2729 919 2815 959 me
2841 904 3081 975 (carnem
3125 905 3468 975 assumendo)
3496 905 3699 959 utiliter
3723 915 3779 961 et

2205 1004 2441 1064 mentem
2470 995 2823 1050 illuminando
2869 994 3265 1052 delectabiliter
3288 996 3542 1060 visitasti,
3562 1006 3618 1051 et
3648 997 3776 1052 visi-

2206 1086 2337 1141 tatio
2369 1097 2458 1142 tua
2495 1085 2793 1147 ,custodivit
2837 1088 3081 1159 spiritum
3131 1103 3331 1143 meum.
3366 1088 3433 1142 Et
3453 1104 3515 1143 ex
3546 1088 3633 1143 illo
3658 1097 3777 1143 tan-

2205 1176 2321 1230 tillo
2346 1176 2576 1246 Spiritu,
2614 1192 2773 1247 quem
2824 1178 2879 1233 in
2931 1194 3018 1235 me
3061 1188 3150 1234 tua
3188 1179 3427 1234 visitatio
3458 1180 3770 1243 reservavit,

2202 1283 2471 1337 cognosco
2510 1267 2849 1339 iniquitatem
2898 1285 3097 1339 meam,
3140 1281 3201 1324 ut
3226 1278 3302 1337 tu,
3327 1271 3488 1335 Deus,
3512 1271 3601 1340 qui
3627 1270 3774 1328 solus

2202 1368 2424 1429 peccata
2458 1360 2713 1426 remittis,
2736 1375 2856 1415 eam
2884 1361 3011 1418 mihi
3046 1363 3312 1432 ignoscas.
3473 1354 3479 1359 ’

2274 1450 2360 1504 Η.
2400 1449 2465 1504 Et
2512 1460 2782 1519 peccatum
2825 1468 2995 1506 meum
3042 1461 3226 1506 contra
3264 1467 3345 1506 me
3364 1461 3439 1506 est
3471 1468 3690 1523 scalper.
3726 1452 3771 1511 0

2200 1557 2479 1612 possessor
2531 1541 2681 1607 cmli,
2725 1550 2781 1596 et
2829 1543 3012 1596 terrae!
3053 1550 3107 1596 tu
3155 1542 3264 1598 scis
3298 1543 3427 1612 quid
3458 1558 3555 1612 ego
3574 1550 3629 1597 tn
3652 1558 3769 1598 mea

2202 1631 2680 1700 didicijuventute,
2709 1634 2854 1701 quod
2892 1648 3078 1687 meum
3124 1642 3183 1689 et
3217 1642 3363 1688 tuum
3394 1644 3521 1689 sunt
3553 1634 3771 1690 nomina

521 1723 785 1793 meipsnm
808 1723 1012 1785 llerem.
1044 1736 1132 1779 .ne
1162 1732 1217 1778 tu
1239 1723 1380 1780 Deus
1404 1725 1679 1795 patientia:
1701 1735 1758 1781 et
1789 1726 1966 1782 solatii
1994 1726 2091 1781 ite-
2126 1721 2169 1781 Β
2198 1723 2534 1795 possessiva;
2560 1723 2701 1777 unde
2727 1723 2770 1779 si
2800 1734 2976 1779 meum
3007 1732 3089 1779 est
3116 1734 3394 1793 peccatum
3420 1740 3617 1789 meum,
3647 1741 3771 1796 pos—

519 1819 640 1866 rum
663 1825 825 1882 διηρι-
852 1827 941 1890 me
963 1810 1140 1886 ﬂeres.
1172 1812 1273 1881 Qui
1296 1813 1439 1868 enim
1467 1814 1594 1876 olim
1608 1799 1672 1869 in
1702 1815 1890 1883 diebus
1913 1817 2094 1885 carnis

518 1911 645 1967 tute,
678 1903 779 1959 sub
829 1902 997 1974 figura
1030 1904 1173 1960 illius
1208 1906 1505 1961 materialis
1545 1902 1878 1962 Hierusalem
1907 1906 2096 1963 videns

515 1992 795 2049 civitatem
842 1995 1039 2051 anima:
1082 2010 1234 2059 mere,
1288 2006 1344 2051 et
1388 2011 1720 2065 cognoscens
1759 1996 2091 2067 iniquitatem

516 2097 718 2149 meam,
739 2083 1119 2154 compatiendo
1147 2081 1337 2141 flevisti
1373 2101 1534 2156 super
1557 2082 1708 2151 eam;
1731 2094 1787 2140 et
1811 2087 2094 2150 interrum-

515 2172 771 2244 pentihns
804 2173 1061 2246 lacrymis
1097 2182 1155 2229 et
1184 2159 1703 2245 singultibus‘verba
1735 2183 1842 2239 tua,
1866 2175 2088 2229 verbum

514 2262 873 2336 semiplenam
900 2263 1189 2335 protulisti,
1210 2264 1403 2319 dicens
1433 2281 1447 2319 :
1489 2263 1624 2330 Quia
1656 2263 1700 2319 si
1744 2264 2088 2335 cognovisses

509 2361 568 2408 et
591 2361 680 2419 tu;
702 2353 818 2423 qui,
850 2361 911 2407 ut
944 2354 1200 2419 arbitror,
1231 2352 1362 2408 mihi
1390 2353 1572 2409 dicere
1601 2353 1844 2418 voluisti,
1867 2354 1969 2409 nisi
1986 2369 2115 2423 ger

508 2440 676 2498 mitus
706 2443 787 2499 tui
812 2442 991 2507 multi,
1025 2450 1104 2498 et'
1129 2442 1396 2513 profunda
1418 2444 1651 2514 suspiria
1672 2444 2081 2514 compassiouis.

505 2532 675 2587 verba
715 2539 806 2586 tua
838 2531 1142 2601 huiusmodi
1169 2531 1585 2601 pmidissent:
1641 2532 1709 2587 Et
1747 2540 1805 2587 tu
1835 2532 2087 2602 iniquita-

508 2629 621 2677 tem
640 2630 800 2676 rtuam
832 2619 1011 2686 lleres,
1049 2619 1094 2675 si
1130 2636 1248 2675 eam
1282 2621 1442 2677 sicuti
1467 2636 1567 2693 ego
1595 2622 1866 2679 veraciter
1890 2619 2103 2695 cogno-'

505 2712 705 2768 visses.
736 2710 1030 2781 Adjiciens,
1074 2702 1309 2781 quandiu
1351 2727 1517 2781 super
1540 2727 1626 2767 me
1654 2710 1784 2767 flere
1808 2710 2080 2781 deberem,

508 2816 634 2858 cum
669 2778 1222 2869 mihisubsequent'Er
1266 2778 1452 2855 dixisti
1488 2817 1502 2854 :
1546 2799 1615 2854 Et
1647 2799 1864 2869 quidem
1893 2801 1946 2855 in
1983 2778 2084 2855 hac

507 2893 598 2950 die
631 2877 910 2962 praesentis
951 2891 1095 2955 vitm,
1117 2889 1185 2944 -in
1215 2903 1322 2959 qua
1368 2887 1501 2944 facis
1540 2902 1639 2959 pro
1664 2888 1939 2945 voluntate
1968 2896 2078 2955 tua,

506 2996 615 3037 non
645 2967 784 3045 mea,
816 2986 873 3035 et
897 2978 1095 3058 quaeris
1120 2992 1239 3048 qua:
1266 2977 1334 3032 ad
1358 2976 1563 3047 pacem.
1581 2965 1708 3033 sunt
1730 2978 1852 3042 tibi,
1889 2986 1943 3035 et
1972 2993 2077 3034 non

505 3069 660 3126 mihi.
689 3067 734 3126 0
766 3041 970 3135 sermo,
999 3068 1093 3139 qui
1121 3041 1322 3125 veritas
1346 3041 1429 3135 es,
1464 3083 1625 3141 quam
1652 3069 1706 3124 iu
1736 3069 1963 3146 veritate
2007 3068 2080 3124 ri.
2107 3041 2149 3098 C

502 3160 673 3218 maris
703 3160 894 3215 intima
939 3160 1123 3216 cordis
1174 3158 1309 3214 mei!
1338 3148 1409 3213 Et
1453 3172 1583 3214 vere
1610 3160 1655 3215 si
1686 3160 2075 3231 cognovissem,

503 3253 646 3307 sicut
668 3258 725 3309 et
763 3260 841 3317 tu,
862 3259 1103 3320 peterem
1135 3263 1167 3303 a
1197 3259 1249 3303 te
1275 3248 1329 3317 (a
1366 3263 1474 3329 quo
1493 3250 1670 3305 omnis
1688 3242 1966 3321 qui'dlgne
1989 3266 2081 3321 pe-

506 3342 595 3407 tit,
631 3340 848 3413 accipit)
878 3350 937 3395 ut
961 3332 1302 3408 aperirentur
1340 3330 1630 3395 cataractas
1653 3340 1847 3411 capitis
1872 3340 1997 3407 mei,
2026 3350 2082 3395 et

505 3431 768 3488 diluvium
817 3430 1181 3502 lacrymarum
1237 3442 1482 3484 mearum
1528 3428 1739 3487 faceres
1780 3431 2078 3495 abundare,

438 3595 441 3598 q
505 3524 581 3580 ita
607 3522 750 3594 quod
793 3522 976 3577 anima
1020 3536 1141 3577 mea
1170 3528 1279 3575 tota
1308 3533 1451 3578 esset
1485 3520 1741 3593 lacrymis
1770 3522 2076 3592 liquefacta,

503 3623 560 3671 et
584 3614 837 3689 iniquitas
854 3620 977 3668 mea
994 3613 1135 3684 (quae
1157 3615 1384 3685 replevit
1405 3613 1648 3682 corporis
1676 3621 1731 3667 ct
1767 3612 1946 3667 cordis
1972 3611 2076 3666 mei

503 3704 727 3774 terram)
776 3704 828 3758 in
869 3704 970 3759 hoc
995 3704 1197 3760 diluvio
1225 3704 1515 3759 deleretur.
1559 3700 1712 3757 Nunc
1746 3710 1923 3755 autem
1952 3702 2076 3755 abs-

499 3782 717 3858 condita
758 3805 885 3853 sunt
938 3795 1080 3850 mala
1121 3795 1191 3850 ab
1235 3795 1406 3851 oculis
1434 3795 1590 3860 meis,
1625 3802 1679 3847 et
1710 3808 1814 3847 non
1844 3791 1991 3861 potui
2018 3800 2077 3846 ut

500 3885 741 3942 viderem
776 3901 791 3939 :
827 3884 954 3953 quia
991 3890 1256 3939 venerunt
1292 3883 1411 3940 dies
1461 3883 1515 3938 in
1566 3898 1673 3950 me,
1702 3896 1838 3952 quos
1869 3890 1953 3945 tu,
1981 3880 2073 3950 qui

502 3972 759 4043 aperuisti
782 3979 880 4027 or’a
908 3972 1147 4027 Omnium
1176 3958 1583 4042 prophetarum,
1608 3972 1919 4042 prophetice
1939 3987 2076 4043 prtev

502 4063 708 4119 dixisti.
754 4061 885 4117 Nam
920 4064 1393 4119 circumdederunt
1420 4079 1507 4119 me
1538 4062 1883 4118 inimicimei
1913 4062 2073 4132 spiri-

505 4153 702 4218 tualcs,
757 4151 895 4207 vallo
930 4152 1345 4222 occupationum
1398 4151 1792 4205 mundanorum
1833 4149 2074 4208 laceran-

505 4244 638 4299 tium
672 4250 903 4298 mentem
944 4251 1146 4306 aleam,
1196 4242 1270 4297 ita
1317 4242 1457 4311 quod
1498 4256 1604 4295 non
1640 4240 1958 4311 permittunt
1990 4255 2076 4295 me

2196 1816 2345 1869 sideo
2374 1823 2657 1885 peccatum
2688 1829 2867 1870 meum
2913 1832 2926 1868 :
2965 1815 3058 1870 sed
3082 1816 3183 1869 heu
3217 1830 3377 1884 quam
3414 1817 3611 1871 rnisera
3643 1831 3769 1885 pos-

2196 1902 2366 1957 sessio
2395 1901 2599 1971 peccati
2633 1890 2755 1965 mei,
2786 1917 3092 1972 qu:e.suum
3122 1902 3252 1959 facit
3280 1902 3536 1959 miserum
3560 1919 3769 1967 posses.

2195 1993 2399 2047 soremt
2449 1989 2493 2046 0
2537 2000 2817 2061 peccatum
2865 1993 3075 2045 meum!
3123 1992 3394 2060 quomodo
3444 2002 3494 2046 te
3520 1993 3769 2060 possedi?

2194 2081 2301 2135 imo
2329 2081 2598 2148 quomodo
2628 2090 2678 2136 te
2701 2080 2973 2134 sustinui?
3011 2081 3280 2147 quomodo
3312 2080 3471 2134 silui?
3498 2081 3766 2151 quomodo

2193 2169 2549 2236 dissimulavi,
2594 2178 2650 2222 ut
2699 2179 2753 2222 tu
2787 2184 2887 2237 ,me
2916 2168 3094 2239 potius
3118 2170 3456 2240 possideres?
3482 2170 3597 2232 Non
3619 2173 3766 2247 enim

2192 2260 2272 2315 sic
2300 2274 2483 2314 meum
2513 2270 2599 2314 est
2622 2268 2904 2330 peccatum
2926 2275 3139 2327 meum,
3169 2261 3314 2325 sicut,
3338 2277 3454 2318 mea
3483 2273 3566 2324 est
3595 2279 3764 2334 capp:
3813 2270 3823 2277 '

2189 2365 2338 2418 mea;
2369 2364 2545 2420 neque
2566 2351 2640 2404 ita
2670 2350 2941 2420 possideo,
2974 2352 3245 2421 quomodo
3271 2354 3520 2423 possideo
3541 2369 3765 2424 cappam

2188 2457 2387 2506 meam,
2429 2439 2582 2509 cujus
2609 2442 3005 2510 possessionem
3052 2454 3107 2499 et
3132 2444 3517 2517 proprietatem
3543 2445 3771 2500 omnino

2187 2548 2409 2603 possunt
2436 2548 2467 2588 a
2496 2547 2584 2588 me
2610 2542 2864 2588 excutere
2893 2547 2998 2587 una
3031 2532 3149 2589 vice
3178 2549 3194 2589 :
3241 2542 3299 2597 te,
3323 2536 3502 2589 autem
3532 2550 3637 2590 non
3663 2536 3764 2598 sic.

2191 2626 2284 2682 sed
2324 2626 2400 2681 ita
2432 2640 2463 2681 a
2501 2641 2589 2682 me
2618 2624 2906 2680 infeliciter
2938 2625 3255 2695 possideris,
3293 2636 3353 2679 ut
3392 2624 3703 2679 derelictum
3731 2640 3761 2678 a

2186 2729 2292 2782 me,
2324 2716 2560 2770 animam
2608 2712 2784 2768 meam
2829 2729 2935 2769 non
2988 2713 3124 2769 velis
3160 2715 3409 2769 desinere
3459 2712 3760 2782 possidere.

2188 2805 2293 2860 Sed
2345 2789 2696 2859 nihilominus
2734 2802 2777 2857 si
2806 2804 3199 2870 consentiatur,
3234 2803 3343 2858 ‘tibi
3386 2818 3506 2858 eam
3536 2802 3764 2871 quaeris,

2184 2908 2305 2947 eam
2336 2890 2604 2961 sequeris,
2633 2905 2753 2945 eam
2785 2893 3126 2961 persequeris
3152 2892 3313 2947 etiam
3355 2908 3452 2962 per
3485 2892 3765 2963 angustis-

2182 2980 2376 3037 simam
2411 2989 2621 3053 portatu
2656 2981 2865 3045 mortis,
2912 2991 2971 3035 ut
3016 2981 3186 3052 ipsam
3229 2982 3412 3038 tradas
3442 2983 3676 3039 flammis
3701 2992 3765 3037 et.

2181 3072 2513 3129 cruciatibus
2560 3073 2929 3144 sempiternis.
2976 3072 3273 3143 Quomodo.
3305 3090 3435 3145 ergo
3462 3089 3640 3130 meum
3668 3089 3768 3140 es,

2180 3174 2464 3234 peceatum
2494 3177 2696 3229 meum,
2726 3164 2833 3219 nisi
2874 3164 2999 3234 quia
3046 3171 3098 3219 te
3137 3163 3292 3220 feci?
3319 3165 3387 3219 Et
3426 3165 3547 3220 ideo
3575 3180 3758 3221 meum

2182 3266 2266 3317 es,
2316 3254 2459 3319 sicut
2507 3252 2715 3329 factura
2752 3250 3005 3318 factoris,
3052 3253 3137 3308 vel
3180 3253 3362 3329 potius
3391 3263 3452 3308 ut
3490 3253 3771 3321 defectus,

2181 3357 2338 3411 quem
2362 3318 2414 3396 in
2446 3325 2636 3409 Deum,
2665 3341 2759 3397 Dei
2792 3341 3000 3403 factura
3026 3310 3295 3402 commisi.
3321 3310 3436 3399 ficu
3470 3334 3602 3414 ergo
3628 3310 3760 3399 hor:

2168 3432 2337 3487 ‘ribile
2353 3441 2407 3488 et
2421 3433 2782 3490 abominabile
2804 3432 3002 3487 factum
3020 3434 3229 3487 meum!
3254 3442 3531 3503 peccatum
3554 3449 3761 3500 incum,

2179 3535 2347 3588 quare
2369 3531 2423 3577 te
2452 3521 2552 3577 feci
2568 3502 2785 3592 i‘quare
2810 3535 2907 3591 per
2936 3528 2989 3575 te
3015 3536 3195 3575 meam
3222 3502 3457 3577 animam
3482 3521 3761 3581 interfeci?

2178 3624 2349 3677 quare
2392 3624 2512 3664 eam
2541 3618 2652 3664 tam
2691 3610 2972 3666 mortifero
2999 3623 3207 3668 veneno
3236 3610 3436 3687 infeci?
3460 3627 3580 3681 quae
3608 3612 3764 3667 insa-

2176 3700 2263 3774 n‘ia
2305 3714 2393 3754 me
2442 3700 2707 3755 ducebat?
2758 3717 2879 3772 quae
2926 3702 3064 3758 furia
3100 3719 3186 3759 me
3212 3703 3469 3773 cogebat?
3512 3703 3756 3760 sciebam

2175 3789 2319 3843 enim
2345 3789 2489 3859 quod
2505 3791 2771 3860 stipendia
2796 3795 3001 3863 peccati
3020 3810 3166 3850 mors
3195 3813 3209 3849 :
3234 3794 3590 3871 Sciebamqne
3609 3795 3757 3863 quod

2176 3890 2454 3950 peccatum
2484 3896 2609 3937 cum
2641 3893 3074 3938 consummatum
3111 3883 3295 3946 fuerit,
3346 3892 3571 3954 generat
3612 3899 3756 3939 mor-

2178 3978 2306 4037 tem,
2350 3980 2411 4048 et
2458 3986 2565 4027 non
2595 3973 2767 4028 solum
2817 3983 3252 4029 momentaueam
3294 3974 3543 4045 corporis
3590 3974 3757 4044 hujus

2175 4071 2427 4126 mortem,
2445 4078 2565 4133 qum
2586 4079 2682 4134 per
2710 4074 2991 4135 peccatum
3015 4067 3237 4121 intravit
3258 4065 3313 4121 in
3339 4065 3598 4121 mundum
3622 4068 3754 4127 :sed

2175 4153 2338 4207 etiam
2377 4162 2605 4209 mortem
2642 4156 2837 4210 anima;
2884 4171 2979 4224 per
3015 4157 3438 4211 subtractionem
3471 4156 3595 4210 vita:
3620 4168 3752 4226 gra.

2178 4243 2263 4297 tiae
2292 4243 2343 4297 in
2380 4244 2652 4312 praesenti,
2683 4245 3043 4314 privationem
3074 4244 3257 4314 gloria:
3284 4253 3336 4299 et
3365 4244 3754 4313 obllgationem

502 4331 740 4389 exterius
762 4332 943 4402 egredi
991 4332 1057 4385 ad
1095 4332 1279 4386 utilem
1305 4331 1595 4396 actionem,
1626 4344 1727 4386 nec
1752 4331 1979 4385 interius
2007 4330 2073 4385 ad
2106 4364 2150 4421 υ
2176 4347 2348 4403 paena:
2377 4343 2648 4404 perpeture
2679 4335 2731 4389 in
2760 4334 2961 4389 futuro.
2988 4335 3054 4389 Et
3087 4335 3189 4390 hoc
3232 4335 3407 4405 ipsum
3430 4333 3749 4402 didiceram,

505 4423 1037 4493 contemplationem.
1074 4420 1567 4499 .‘Circumdederunt
1602 4437 1709 4487 me,
1755 4421 1996 4491 inquam,
2020 4430 2075 4477 et

504 4522 995 4585 coangustaverunl
1036 4528 1122 4567 me
1153 4513 1389 4583 undique
1429 4522 1506 4568 tot
1533 4513 1796 4585 angustiis
1829 4523 1884 4569 et
1924 4527 2073 4583 pres-

436 4646 451 4659 .
499 4603 663 4669 suris,
685 4602 827 4671 quod
857 4610 1202 4672 angustatum
1248 4610 1333 4657 est
1375 4612 1431 4658 et
1464 4610 1752 4657 attractum
1782 4602 1916 4658 adeo
1946 4620 2072 4658 con-

448 4756 449 4759 η
499 4694 741 4749 scientias
772 4708 906 4747 meas
939 4700 1192 4755 stratum,
1232 4700 1292 4746 ut
1334 4706 1557 4748 necesse
1591 4694 1662 4748 sit
1693 4703 1750 4747 ut
1771 4694 1908 4750 alter
1928 4694 2071 4749 deci-

501 4786 612 4849 dat,
652 4784 940 4850 videlicet,
972 4783 1055 4839 vel
1102 4792 1155 4839 tu
1199 4784 1343 4841 Deus
1365 4784 1456 4855 qui
1485 4799 1545 4840 es
1585 4783 1854 4857 legitimus
1878 4785 2069 4839 anima:

500 4891 746 4947 sponsus,
801 4875 881 4929 vel
938 4874 1148 4932 adulter
1192 4876 1426 4933 mundus
1475 4891 1634 4946 quem
1664 4890 1783 4947 .cgo
1815 4876 1970 4947 juxta
2016 4885 2067 4930 te

497 4966 687 5021 eodem
720 4966 966 5021 cubiculo
1000 4954 1294 5032 introduxi,
1324 4967 1573 5037 quamvis
1599 4966 1793 5022 scirem
1822 4978 1873 5021 te
1898 4967 2065 5022 Deum

500 5057 750 5124 zelotem,
774 5066 842 5109 ut
881 5072 1000 5111 cum
1030 5058 1147 5127 ipso
1169 5059 1223 5113 in
1250 5058 1421 5114 oculis
1453 5060 1564 5114 tuis
1590 5059 2002 5129 (delinquerent)
2032 5071 2065 5111 ο

498 5148 726 5205 nimium
776 5148 951 5205 audax
996 5158 1249 5219 peccator
1291 5160 1347 5207 et
1386 5152 1701 5223 imprudens
1730 5150 2059 5207 fornicator!

497 5238 566 5293 Et
594 5240 662 5292 ad
691 5247 891 5294 terram
941 5247 1343 5309 prostraverunt
1372 5258 1458 5297 me
1498 5258 1595 5312 per
1622 5258 1862 5297 amorem
1895 5251 2065 5299 terre-

497 5343 713 5394 narum,
757 5338 811 5383 et
851 5328 992 5385 filios
1022 5342 1171 5384 meos
1197 5332 1578 5398 cogitationum
1607 5341 1662 5387 et
1699 5331 2060 5396 all'ectionum,

498 5432 617 5487 quas
646 5418 697 5475 in
728 5434 814 5474 me
844 5428 991 5484 sunt,
1022 5416 1099 5473 ita
1145 5420 1286 5487 quod
1326 5423 1525 5489 possim
1565 5406 1756 5477 merito
1783 5422 2065 5492 deplorare

501 5508 627 5563 illud
654 5523 871 5564 carmen
907 5509 1254 5567 lamentabile
1296 5508 1583 5565 Ieremia}:
1638 5510 1875 5565 Effusum
1902 5511 2062 5566 estin

500 5605 642 5654 terra
665 5597 816 5667 jecur
844 5616 1042 5658 meum.
1077 5601 1143 5657 Et
1175 5616 1300 5657 cum
1327 5602 1579 5657 deberem
1611 5619 1727 5657 esse.
1753 5604 1903 5673 quasi
1928 5602 2063 5671 lapis

2178 4432 2230 4477 te
2256 4423 2502 4484 docente,
2541 4423 2668 4493 quia
2700 4424 2904 4492 anima,
2940 4440 3056 4494 quae
3090 4425 3423 4494 peccaverit,
3464 4425 3748 4481 morietur.

2173 4512 2217 4569 Ο
2246 4512 2350 4567 vita
2406 4515 2635 4569 azterna!
2672 4523 2850 4568 statue
2891 4523 3077 4579 contra
3130 4514 3324 4569 facient
3368 4516 3565 4569 anima:
3611 4529 3753 4571 mem

2173 4611 2402 4657 mortem
2460 4603 2604 4657 illam
2655 4612 2937 4667 aeternam,
2984 4619 3087 4673 qua
3143 4605 3372 4658 moritur
3424 4603 3754 4659 immortalis

2171 4694 2348 4748 anima
2376 4710 2472 4764 per
2508 4706 2811 4766 peccatum,
2854 4704 2911 4748 ut
2939 4696 3050 4764 ipsa
3091 4696 3270 4753 anima
3298 4708 3417 4748 mea
3448 4694 3627 4747 videat
3654 4710 3754 4750 co-

2168 4800 2283 4840 ram
2314 4797 2363 4841 te
2393 4800 2629 4857 semper,
2674 4795 2730 4840 et
2756 4785 2925 4855 fugiat
2951 4770 3106 4856 quasi
3138 4802 3167 4839 a
3199 4785 3335 4839 facie
3364 4783 3568 4863 colubri
3595 4801 3747 4842 mor-

2169 4883 2275 4929 tem
2312 4873 2479 4929 illam.
2524 4873 2717 4928 Audivi
2754 4875 2894 4928 enim
2932 4890 2960 4927 a
3005 4874 3235 4943 quodam
3269 4873 3517 4928 familiari
3568 4874 3751 4933 amico

2169 4973 2280 5031 tuo,
2310 4964 2395 5018 cui
2445 4972 2519 5030 tu,
2557 4962 2698 5031 Deus
2736 4979 2906 5028 meus,
2940 4963 3031 5033 qui
3075 4962 3279 5017 re‘.‘clas
3306 4966 3598 5028 condensa,
3631 4965 3753 5021 diu-

2170 5054 2479 5108 turnitatem
2504 5062 2559 5109 et
2580 5054 2932 5109 acerbitatem
2963 5052 3302 5108 revelaveras
3338 5054 3499 5124 hujus
3527 5054 3745 5123 mortis,

2168 5143 2307 5211 quod
2340 5143 2453 5198 haec
2502 5152 2585 5197 est
2618 5157 2764 5198 mors
2804 5142 2923 5197 sine
2964 5152 3157 5206 morte,
3203 5141 3323 5195 linis
3345 5142 3459 5196 sine
3486 5142 3611 5207 line,
3641 5142 3749 5198 deo

2166 5236 2339 5292 fectus
2377 5234 2497 5289 sine
2523 5232 2731 5287 defectu
2758 5250 2773 5286 :
2811 5232 2938 5302 quia
2967 5246 3113 5285 mors
3154 5230 3242 5284 illa
3273 5246 3484 5301 semper
3514 5230 3663 5295 vivit,
3690 5240 3753 5286 et.

2166 5326 2289 5380 finis
2328 5339 2540 5395 semper
2591 5323 2801 5392 incipit,
2850 5330 2905 5377 et
2965 5308 3212 5377 defectus
3261 5321 3491 5393 deﬁcere
3532 5321 3743 5391 nequit.

2166 5417 2288 5473 llaec
2318 5426 2400 5470 est
2429 5429 2574 5470 mors
2608 5422 2949 5484 peccatorum
2994 5412 3245 5481 pessima.
3285 5412 3360 5467 De
3401 5412 3500 5466 hac
3542 5420 3746 5477 morte,

2165 5505 2683 5570 miscricordissime,
2728 5512 2784 5559 tu
2814 5504 2997 5559 dixisti
3025 5503 3205 5561 aNolo
3234 5513 3463 5559 mortem
3493 5512 3750 5573 peccato-

2166 5599 2261 5653 ris.
2313 5596 2417 5653 Scd
2447 5598 2587 5653 heu!
2633 5613 2733 5669 ego
2769 5604 2825 5652 et
2854 5594 2945 5651 alii
2993 5594 3173 5651 miseri
3206 5603 3512 5665 peccatores
3548 5600 3748 5650 contra
