4200 6266
509 234 611 291 8‘29

1577 238 1950 294 NEDITATIO
1990 234 2054 290 IN
2094 232 2286 288 PSAL
2330 232 2691 287 MISERERE.

3648 232 3752 292 830

504 351 833 411 voluntatem
889 359 1033 407 luam
1080 348 1326 404 volumus
1381 349 1651 419 propriam
1702 361 1929 406 mortem
1981 366 2079 404 no-
2108 352 2151 410 Α
2186 362 2357 409 tuens,
2381 348 3046 418 qnigallointelligentiam
3068 349 3338 405 contulisti
3381 349 3498 419 (Job
3525 364 3750 414 xitum,

504 457 694 502 stram.
732 446 811 501 Tu
862 458 1062 511 autem,
1103 450 1239 503 Deus
1287 453 1460 504 meus,
1495 441 1586 509 qni
1631 454 1856 497 mortem
1887 443 2079 497 animo:

507 552 610 591 non
644 538 839 601 fecisti,
874 539 1052 591 vidisti
1088 547 1141 591 et
1188 534 1408 596 siluisti,
1454 532 1687 601 quandiu
1722 544 1841 601 post
1874 542 2078 598 tergunt

508 643 685 682 meum
714 633 893 687 omnia
930 637 1147 697 peceata
1192 642 1307 681 mea
1339 625 1560 696 projeci.
1595 643 1663 683 ne
1689 628 1923 682 viderem
1966 626 2079 692 illa,

507 728 562 771 et
593 734 677 774 me
701 720 991 788 pmnitcret
1015 722 1082 774 de
1107 720 1231 774 illis.

578 807 661 860 12.
730 807 881 862 Nune
933 820 1133 873 autem,
1183 810 1746 879 omnipotentissime,
1802 817 2079 874 peccatum

508 879 685 949 meum
710 904 793 950 est
813 902 1028 965 sequela
1059 901 1259 968 peccati
1287 903 1412 964 mei,
1441 917 1557 970 qua:
1585 910 1668 957 est
1691 917 1835 955 mors
1857 911 2079 967 :eterna,

510 996 696 1039 contra
730 1002 815 1049 nte
865 997 919 1040 et
960 1004 1197 1067 semper,
1240 1000 1294 1045 et
1330 1008 1490 1061 super
1520 993 1622 1045 hoc
1658 993 1749 1045 tibi
1784 990 2079 1060 gratiarum

506 1077 710 1145 Optimo
740 1075 979 1146 largitori
1011 1079 1186 1134 refero
1215 1091 1396 1151 grates
1436 1082 1653 1145 multas,
1680 1081 1805 1150 quia
1851 1095 1956 1132 non
1991 1095 2084 1149 po-

508 1168 662 1223 Suisti
704 1183 787 1223 me
834 1170 1061 1241 amplius
1106 1173 1437 1226 contrarium
1466 1173 1558 1225 tibi
1589 1172 1653 1227 de
1682 1181 1901 1240 peccato
1941 1187 2078 1236 meo,

508 1260 647 1326 quod
706 1261 942 1330 quandiu
996 1276 1203 1316 meeum
1264 1262 1383 1327 fuit,
1441 1274 1628 1316 contra
1684 1278 1768 1316 me
1814 1278 1916 1316 non
1962 1262 2097 1316 fuit."

510 1344 661 1401 Nune
711 1360 887 1402 autem
924 1351 1047 1418 quia
1099 1367 1203 1405 non
1250 1362 1334 1406 est
1378 1369 1606 1417 mecum,
1645 1363 1831 1408 contra
1880 1368 1965 1407 me
2002 1363 2085 1408 est

510 1451 741 1504 semper,
774 1448 825 1491 et
865 1453 964 1508 ego
995 1439 1114 1493 volo
1147 1455 1269 1496 esse
1298 1442 1350 1496 in
1379 1452 1695 1511 perpetuum
1719 1452 1904 1497 contra
1935 1443 2082 1509 illud,

508 1528 631 1595 quia
663 1531 876 1597 quando
921 1531 1045 1586 illud
1094 1533 1194 1588 feci
1224 1534 1318 1604 (V.
1345 1534 1421 1606 6),
1454 1536 1669 1590 tibiroli
1700 1538 1924 1605 peccari,
1956 1537 2080 1606 quia

509 1631 564 1676 tu
629 1620 772 1675 solus
817 1640 875 1679 es
922 1625 1037 1679 sine
1096 1636 1363 1696 peccato:
1409 1637 1463 1682 et
1512 1629 1776 1683 universis
1820 1644 1927 1682 uno
1961 1637 2082 1697 post

2184 438 2298 506 56),
2324 440 2465 509 quod
2510 457 2609 510 ego
2644 440 2934 508 intelligam
2968 442 3018 493 in
3052 453 3333 509 parentum
3377 456 3616 496 meorum
3646 438 3751 495 orl-

2182 529 2447 598 ginalibus
2468 541 2522 583 et
2546 530 2845 583 actualibus
2879 546 2961 584 me
2992 542 3339 598 conceptum;
3372 550 3494 587 euut
3514 535 3755 600 credam,

2183 625 2324 689 quod
2372 632 2425 677 et
2462 638 2646 677 eorum
2687 624 2968 691 originalia
3002 623 3261 677 deleveris
3286 627 3335 677 in
3383 626 3426 678 b;
3452 630 3666 695 ptisuto,
3703 635 3757 681 et

2185 714 2417 781 ipsorum
2465 716 2761 769 actualium
2793 717 2947 775 fuero
2994 716 3270 777 imitator;
3306 719 3554 784 quoniam
3587 728 3637 770 tu
3677 718 3759 772 di-

2182 803 2330 867 xisti,
2364 806 2501 873 quod
2541 806 2885 875 iniquitatem
2936 808 3107 875 patris
3149 808 3287 859 lilius
3324 822 3425 860 non
3496 819 3753 875 portaret.

2184 894 2289 949 Sed
2318 898 2495 964 potius
2523 900 2635 953 have
2670 910 2749 953 est
2781 902 3005 954 intentio
3042 917 3177 955 mea.
3208 901 3365 964 Deus,
3395 918 3515 955 cum
3539 903 3679 970 (Πρω,
3706 906 3774 965 in_

2184 988 2559 1057 iniquitatibus
2595 991 2943 1061 originalihus
2991 1006 3043 1047 et
3090 996 3391 1050 artnaltbus
3441 1011 3525 1050 me
3573 1012 3760 1051 conceo

2183 1086 2352 1145 ptum,
2389 1076 2489 1155 hoc
2522 1088 2607 1132 est
2651 1080 2701 1132 in
2756 1080 2839 1132 illa
2888 1083 2998 1151 iege
3034 1074 3163 1136 nica:
3202 1085 3426 1150 originis
3457 1086 3671 1151 vitiosa,
3708 1087 3758 1140 in

2183 1185 2286 1239 qua
2318 1185 2505 1223 omnes
2536 1173 2894 1242 concipiatur,
2924 1184 2977 1227 et
3002 1177 3275 1229 nascimur
3310 1177 3361 1231 in
3398 1186 3569 1242 utero,
3610 1186 3663 1229 et
3691 1193 3759 1231 ex

2185 1274 2359 1324 utero,
2407 1261 2498 1313 filii
2531 1264 2624 1334 ira:
2672 1274 2801 1328 ture;
2851 1274 3009 1333 atque
3047 1281 3142 1334 per
3172 1268 3441 1321 traducem
3476 1268 3758 1322 libidinosa

2184 1346 2859 1433 carnigcouCupiscentia,
2908 1354 3068 1407 etiam
3137 1363 3423 1424 antequam
3478 1370 3758 1425 peccemus

2183 1446 2484 1514 actualiter,
2533 1445 2913 1501 constituimur
2958 1457 3289 1513 peccatores,
3342 1455 3395 1500 et
3434 1446 3500 1499 ad
3532 1447 3757 1501 actualia

2183 1540 2481 1606 proniores.
2514 1538 2619 1593 Sed
2654 1553 2775 1591 cum
2811 1552 2915 1591 non
2943 1538 3008 1591 sit
3040 1537 3140 1590 nisi
3174 1553 3337 1591 unum
3372 1546 3425 1591 et
3458 1537 3625 1591 soluat
3653 1538 3761 1592 ori-

2174 1628 2359 1694 ‘ginalc
2389 1638 2690 1696 peccatum,
2744 1628 2885 1695 quod
2932 1643 2960 1680 a
3012 1628 3327 1696 parentibus
3367 1626 3617 1690 trahitur,
3667 1642 3762 1696 pro

510 1712 675 1765 alium
724 1714 1104 1777 existentibus,
1144 1715 1284 1770 Deus
1333 1732 1504 1780 meus,
1556 1729 1610 1771 tu
1644 1718 1789 1771 solus
1826 1719 2083 1772 Dominus
2116 1714 2159 1766 Β
2186 1734 2291 1787 quo
2314 1735 2419 1772 non
2450 1718 2704 1786 baptizati
2732 1718 2935 1786 parvuli
2963 1717 3524 1783 damnabuutttr;.non
3552 1733 3637 1773 me
3669 1733 3759 1772 ve-

508 1817 682 1868 mens,
717 1803 831 1855 sine
860 1812 1085 1871 peccato
1120 1803 1170 1857 in
1198 1804 1375 1860 medio
1405 1808 1728 1871 remanebis,
1757 1817 1811 1861 et
1832 1808 1978 1861 solus
1999 1824 2084 1863 me

506 1903 661 1962 potes
698 1894 764 1947 de
796 1904 1016 1963 peccato
1045 1899 1165 1949 meo
1193 1896 1425 1961 solvere,
1456 1906 1511 1951 et
1538 1898 1816 1963 damnare,
1840 1898 1963 1967 quia
1993 1898 2085 1952 tibi

507 1988 606 2039 soli
643 1988 865 2055 peccavi,
891 1998 937 2041 et
965 1986 1159 2039 malum
1196 2004 1370 2041 coram
1396 1998 1443 2042 Ie
1463 1988 1583 2055 feci.
1615 1989 1747 2052 llcu,
1794 1989 1893 2042 heu
1928 1989 2080 2053 mihi,

508 2077 756 2142 Domine,
792 2077 895 2132 heu
930 2077 1084 2143 mihi,
1112 2077 1235 2148 quia
1277 2078 1489 2147 quando
1512 2078 1710 2132 malum
1746 2078 1869 2157 feri,
1902 2096 2083 2134 coram
2134 2098 2137 2101 λ

508 2176 584 2232 te,
615 2182 702 2220 me
732 2156 909 2235 quem
940 2153 1014 2231 tu,
1054 2168 1143 2234 qui
1176 2166 1321 2224 solus
1349 2166 1522 2231 bonus
1548 2185 1628 2232 es,
1678 2154 1873 2224 bonum
1908 2170 1958 2224 in
1991 2170 2083 2225 ba-

508 2257 708 2325 ptismo
757 2256 984 2319 feceras,
1020 2256 1218 2311 malum
1265 2257 1364 2312 feci
1393 2259 1405 2311 ε
1440 2257 1593 2315 Nunc
1623 2270 1800 2314 autem
1827 2261 1986 2314 timor
2032 2270 2087 2316 et

510 2360 714 2402 tremor
742 2355 1003 2400 venerunt
1026 2361 1186 2417 super
1214 2362 1322 2411 me,
1361 2349 1486 2418 quia
1516 2350 1705 2403 audivf
1723 2359 1864 2404 tuam
1893 2352 2085 2405 verita-

513 2424 619 2490 ιυιιι
651 2437 705 2490 in
732 2434 972 2490 Ecclesia
998 2435 1415 2503 exclamantem,
1443 2438 1585 2509 quod
1618 2438 1788 2495 malos
1811 2440 1946 2499 male
1968 2456 2090 2509 per-

510 2529 627 2594 des,
656 2528 798 2582 inter
831 2542 966 2595 quos
995 2542 1094 2582 nec
1122 2529 1251 2583 milii
1284 2544 1496 2599 parces,
1542 2530 1644 2585 nisi
1671 2531 1947 2601 placabilis
1976 2531 2092 2587 fne-

510 2621 589 2675 ris
616 2635 778 2690 super
800 2618 1003 2673 malitia
1040 2634 1179 2688 mea,
1223 2622 1384 2678 Deus.
1419 2623 1624 2677 Exaudi
1657 2638 1811 2695 ergo,
1840 2624 2087 2693 Domine,

510 2713 752 2782 placare,
800 2708 1045 2774 Domine,
1064 2712 1314 2781 attende,
1344 2721 1399 2768 et
1427 2714 1512 2768 fac
1540 2730 1751 2771 mecum
1784 2716 2090 2771 misericor-

514 2802 661 2856 diam
692 2813 836 2857 tuarn
870 2818 1141 2871 magnam,
1189 2804 1317 2873 quia
1355 2814 1409 2859 et
1439 2807 1656 2874 quando
1685 2822 1868 2865 coram
1892 2816 1944 2861 te
1970 2822 2088 2861 ma—

512 2891 621 2945 lum
650 2891 775 2954 feci,
806 2880 1026 2946 nimium
1061 2892 1234 2947 audax
1264 2892 1359 2957 fui,
1381 2894 1504 2963 quia
1541 2892 1640 2950 feci
1668 2910 1850 2949 coram
1880 2904 1930 2949 te
1944 2898 2087 2966 quod

514 2999 696 3038 coram
728 2982 1032 3038 horninibus
1068 2998 1174 3039 non
1219 2982 1487 3040 fecissem.
1510 2983 1588 3040 llli
1615 2995 1818 3051 autem,
1841 2986 2081 3053 Domine,

513 3077 605 3143 qui
637 3091 818 3131 coram
861 3084 914 3129 te
952 3075 1084 3144 justi
1122 3077 1484 3141 invenientur,
1536 3076 1857 3133 laetabuntur
1902 3095 2083 3136 coram

513 3179 584 3233 te,
634 3156 777 3223 sicut
805 3169 895 3237 qui
938 3168 1186 3222 laetantur
1231 3169 1286 3223 in
1336 3168 1529 3224 messe.
1567 3169 1672 3224 Sed
1704 3185 1804 3241 ego
1833 3169 2083 3239 injustas,

511 3257 600 3326 qui
636 3272 819 3311 coram
850 3257 1155 3313 hominibus
1197 3258 1516 3330 injustitiam
1555 3274 1754 3325 meam,
1795 3270 1850 3315 et
1887 3262 2087 3317 malum

509 3360 695 3399 coram
740 3354 794 3400 te
834 3344 956 3413 feci,
1005 3362 1147 3401 nunc
1186 3346 1255 3401 de
1294 3346 1449 3403 malis
1499 3349 1636 3403 meis
1671 3364 1853 3404 coram
1888 3359 1939 3404 te
1964 3365 2089 3404 ern-

510 3436 695 3493 beseo.
744 3434 914 3491 Parce
960 3451 1090 3506 ergo
1145 3438 1299 3503 mihi,
1349 3438 1491 3495 Deus
1541 3455 1714 3506 meus,
1766 3455 1927 3509 parce
1958 3442 2085 3498 mihi

514 3527 884 3597 amarissimos
931 3532 1163 3600 gemitus
1210 3520 1544 3602 ptenitentiai
1588 3542 1644 3588 et
1691 3533 1955 3606 profunda
1990 3551 2083 3589 su-

510 3625 676 3695 spiria
709 3625 775 3680 ab
805 3626 913 3682 imo
949 3628 1183 3696 pectoris
1214 3626 1529 3697 proferenti.
1564 3626 1632 3695 Ut
1661 3628 1735 3681 ἰιι
1779 3627 1869 3696 qui
1897 3628 2085 3683 dixisti

508 3733 605 3787 per
640 3719 897 3787 Spiritum
951 3730 1197 3775 sanctum
1237 3729 1383 3774 tuum
1417 3737 1432 3773 :
1472 3717 1529 3772 In
1576 3732 1899 3789 quacunque
1923 3708 2085 3776 ‘hora

509 3808 832 3879 ingemuerit
890 3819 1183 3879 peccator,
1247 3810 1487 3863 omnium
1543 3808 1886 3877 iuiquitatum
1945 3808 2083 3877 ejus,

509 3918 644 3971 quas
671 3914 922 3973 operatus
970 3912 1071 3962 est,
1111 3917 1217 3955 non
1261 3901 1613 3965 recordahor,
1646 3901 1988 3971 justiﬁceris;
2031 3910 2086 3958 et

504 3991 682 4059 justus
712 4000 765 4045 et
799 4006 988 4055 verax,
1037 3989 1177 4045 sicut
1222 4004 1303 4053 es,
1355 3990 1649 4045 inveniaris
1682 3991 1736 4044 in
1763 3990 2085 4045 sermonibus

508 4080 645 4145 tuis;
675 4081 799 4149 quia
830 4094 1011 4135 sermo
1049 4088 1173 4135 tuus
1196 4080 1396 4135 veritas
1432 4088 1548 4146 est,
1581 4089 1636 4136 et
1678 4096 1771 4136 eos
1801 4080 2087 4137 mendaces

509 4168 778 4230 ostendes.
820 4170 911 4241 qui
965 4171 1156 4226 dicunt
1195 4170 1336 4240 quod
1376 4171 1506 4226 mihi
1563 4172 1939 4243 ingemiscenti
1979 4177 2085 4228 non

508 4276 717 4330 parces.
755 4262 820 4316 Et
840 4277 932 4317 eos
957 4263 1155 4326 vincas,
1182 4277 1303 4318 cum
1332 4262 1400 4317 ab
1423 4263 1553 4333 ipsis
1584 4272 1664 4328 tu,
1691 4264 1775 4319 cui
1810 4265 2085 4335 proprium

2188 1804 2274 1871 lis,
2307 1805 2551 1867 Domine,
2607 1820 2834 1873 arguere
2876 1805 2928 1858 in
2979 1801 3181 1870 furore,
3218 1807 3262 1861 si
3313 1807 3502 1875 plurali
3535 1820 3761 1861 numero

2189 1910 2317 1947 usus
2342 1909 2459 1946 sum
2486 1893 2535 1946 in
2568 1894 2666 1946 hac
2689 1904 2840 1962 parte
2865 1895 3109 1959 dicendo,
3141 1897 3283 1964 quod
3307 1897 3358 1950 in
3388 1896 3761 1966 iniquitatibus

2186 1983 2536 2054 originalittus
2559 1991 2613 2036 et
2639 1985 2938 2039 actualilms
2964 2001 3079 2039 sum
3112 1997 3433 2054 conceptus:
3460 2002 3581 2041 cum
3608 1988 3762 2043 dixe-

2188 2074 2287 2129 rim
2329 2076 2441 2132 lucc
2474 2092 2572 2145 pro
2615 2092 2680 2131 eo
2714 2076 2856 2145 quod
2908 2076 3033 2130 illud
3086 2092 3248 2130 unum
3280 2076 3540 2145 originale
3569 2093 3762 2148 pecea-

2188 2173 2298 2219 tum
2338 2164 2518 2236 plures
2548 2167 2743 2221 habeat
2781 2164 3020 2232 etl‘ectns,
3067 2176 3123 2221 et
3153 2167 3278 2236 quia
3312 2167 3366 2221 in
3407 2167 3496 2223 ille
3526 2184 3632 2222 uno
3656 2168 3767 2223 ori-

2187 2255 2347 2324 ginali
2388 2265 2610 2325 peccato
2651 2255 2872 2332 intelligi
2905 2255 3057 2325 plura
3094 2268 3342 2325 possunt,
3387 2258 3456 2321 si,
3485 2263 3639 2327 quasi
3672 2273 3766 2328 per

2170 2343 2425 2403 ,tn'etnbra
2453 2344 2659 2413 singula
2684 2345 2992 2398 dividantur
3020 2359 3035 2399 :
3079 2353 3131 2399 et
3165 2345 3401 2401 maxime
3430 2348 3554 2416 quia
3587 2348 3636 2401 in
3662 2348 3767 2403 hoc

2188 2433 2377 2503 plurali
2409 2450 2633 2489 numero
2656 2435 2910 2504 intelligo,
2936 2436 3074 2490 sicut
3098 2444 3153 2490 et
3177 2446 3229 2490 tu
3255 2438 3391 2507 ipse,
3416 2437 3581 2503 Deus,
3608 2440 3765 2495 intel-

2191 2524 2333 2596 ligis,
2362 2524 2688 2595 singularem
2717 2542 2732 2589 ;
2778 2534 2836 2579 ut
2863 2519 2984 2580 cum
3012 2528 3258 2598 ‘angeius
3304 2538 3427 2584 tuus
3462 2531 3514 2585 in
3560 2533 3764 2588 somnis

2190 2616 2437 2685 apparuit
2474 2615 2672 2687 Joseph
2724 2618 2910 2673 dicens
2940 2634 2955 2672 :
2981 2618 3131 2674 Tolle
3178 2634 3405 2689 puerum
3439 2629 3495 2676 et
3536 2631 3765 2677 matrem

2189 2705 2327 2776 ejus,
2374 2715 2430 2761 et
2475 2707 2609 2761 vade
2661 2707 2713 2761 in
2744 2717 2942 2762 terram
2994 2700 3195 2775 Israel;
3227 2709 3466 2766 defuncti
3496 2720 3643 2778 sunt,
3672 2714 3765 2783 qui

2188 2797 2502 2865 quaerebant
2528 2797 2763 2851 animam
2792 2799 2974 2868 pueri;
3005 2798 3266 2861 defuncti,
3289 2800 3765 2871 pluraliterdixisti

2188 2902 2286 2957 per
2330 2878 2599 2956 angelum,
2634 2902 2755 2941 non
2798 2887 3103 2955 defunctus,
3152 2893 3399 2960 quamvis
3439 2893 3765 2964 intelligeret»

2189 2975 2537 3047 singulariter
2584 2976 2650 3030 de
2696 2975 2929 3040 Herode,
2976 2977 3066 3045 qui
3122 2986 3247 3034 tunc
3290 2980 3436 3035 solus
3490 2986 3766 3052 quaerebat
3826 2994 3829 2999 '

2190 3078 2312 3118 eum
2366 3079 2587 3135 puerum
2640 3066 2707 3120 ad
2737 3066 3092 3136 perdendum.
3149 3066 3254 3123 Sed
3299 3080 3354 3124 et
3402 3071 3610 3144 Moyses
3635 3073 3761 3128 dum

2188 3161 2359 3208 staret
2384 3154 2436 3209 in
2456 3153 2822 3211 confractioue
2859 3155 2913 3208 in
2944 3166 3233 3224 conspectu
3263 3166 3377 3225 tuo,
3408 3170 3467 3214 ut
3487 3172 3764 3219 avertere:

2187 3243 2323 3298 iram
2346 3252 2514 3309 tuam,
2538 3244 2840 3314 designavit
2866 3244 2917 3297 in
2944 3244 3135 3314 plurali
3166 3264 3392 3305 numero
3412 3252 3760 3321 singularem,

2170 3346 2312 3389 cum
2357 3334 2497 3390 dixit
2527 3350 2545 3390 :
2571 3334 2821 3392 Peccavit
2868 3336 3096 3404 populus
3138 3337 3239 3393 iste
3287 3349 3564 3409 peccatum
3594 3344 3765 3398 maxi-

2189 3425 2631 3492 ntnm,"feeerunt
2672 3428 2774 3484 sibi
2812 3431 2942 3485 deos
2970 3445 3199 3497 aureos;
3232 3431 3359 3489 licet
3389 3450 3552 3490 uuutn
3593 3437 3766 3492 solum

2188 3517 2413 3573 vitulum
2448 3519 2851 3577 conﬂavissent.
2877 3523 2952 3608 De
2975 3540 3084 3596 quo
3107 3526 3271 3583 etiam
3300 3527 3465 3584 vitulo
3483 3530 3764 3601 singulari,

2186 3609 2467 3681 pluraliter
2501 3610 2841 3667 addiderunt.

2257 3699 2344 3754 M.
2379 3698 2436 3755 In
2464 3700 2838 3769 iniquitatibus
2866 3704 3217 3774 originalibus
3246 3714 3300 3761 et
3331 3708 3636 3762 actualibus
3678 3726 3765 3765 me

2184 3799 2525 3861 conceptum,
2571 3792 2810 3864 intelligo
2862 3795 3041 3850 dicere
3084 3811 3168 3850 me
3217 3806 3532 3867 conceptum
3571 3799 3623 3853 in
3673 3800 3763 3857 Illo

2186 3898 2293 3939 uno
2317 3894 2373 3939 et
2400 3885 2657 3953 singulari
2690 3887 2939 3957 originali
2984 3896 3226 3958 peccato,
3261 3890 3311 3943 in
3360 3905 3467 3959 quo
3494 3906 3682 3947 omnes
3707 3893 3761 3948 in

2187 3976 2358 4033 Adam
2384 3980 2766 4049 peccaverunt,
2810 3987 2869 4033 ut
2916 3981 2967 4033 in
3001 3980 3268 4035 materiali
3312 3998 3510 4036 massa.
3544 3982 3677 4037 Nam
3708 3983 3762 4039 in

2186 4083 2251 4123 eo
2281 4069 2615 4124 semiualiter
2651 4084 2839 4124 omnes
2881 4079 3059 4134 erant,
3111 4074 3328 4145 quando
3360 4075 3472 4143 ipse
3511 4084 3760 4129 naturam
3796 4138 3801 4145 ν

2188 4159 2428 4229 corrupit
2498 4159 2819 4225 humanam;
2873 4148 2928 4215 et
2971 4162 3038 4215 ab
3088 4163 3177 4217 illo
3221 4179 3330 4217 uno
3374 4163 3611 4228 homine,
3667 4166 3761 4234 qni

2188 4250 2428 4305 omnium
2461 4259 2699 4305 nostrum
2729 4250 2829 4303 fuit
2865 4252 3089 4305 materia
3120 4262 3175 4307 et
3213 4254 3386 4321 origo,
3416 4258 3603 4309 omnes
3631 4270 3762 4309 con-
3788 4296 3791 4298 -

507 4360 592 4407 est
619 4352 863 4408 misereri
891 4369 1104 4425 semper
1124 4362 1179 4410 et
1203 4370 1447 4424 parcere,
1471 4356 1855 4411 immisericors
1873 4357 2089 4426 judica-

2190 4339 2646 4409 cnpiscentialiter
2692 4340 3108 4412 descenderunt,
3149 4352 3199 4397 et
3243 4360 3339 4414 per
3365 4346 3762 4415 propagationis

509 4442 606 4495 ris.
655 4441 969 4506 Considera,
1001 4444 1312 4500 misericors
1348 4446 1505 4507 Deus,
1541 4446 1898 4500 substantiam
1937 4446 2085 4501 infir—

508 4536 714 4591 mitatis
757 4543 810 4591 et
848 4536 1178 4605 paupertatis
1228 4553 1394 4601 meae;
1443 4545 1500 4592 et
1540 4537 1765 4591 ostende
1800 4551 1963 4606 super
2001 4552 2087 4593 me

511 4626 933 4698 magnitudinem
962 4626 1177 4697 pietatis
1215 4636 1340 4694 tum,
1367 4636 1423 4682 et
1446 4628 1499 4683 iu
1524 4628 1844 4682 immensum
1879 4626 2087 4683 miseri-

512 4718 711 4774 cordia:
744 4726 849 4773 tute
890 4717 1111 4788 pelagus
1143 4734 1226 4774 me
1265 4719 1475 4786 attolle,
1498 4728 1553 4775 et
1594 4728 1686 4773 tua
1715 4718 1944 4789 benigna
1974 4719 2084 4773 cle-

514 4811 714 4865 mentia
739 4814 919 4868 omnia
968 4825 1190 4885 peccata
1235 4830 1352 4868 mea
1399 4814 1645 4878 remitte;
1678 4827 1799 4882 quae
1844 4812 1974 4866 mihi
2016 4826 2084 4867 ex

512 4898 757 4984 originali
810 4911 1034 4969 peccato
1075 4902 1441 4969 adhaeserunt,
1491 4909 1587 4956 aut
1620 4917 1685 4956 ex
1720 4900 2086 4970 pravitatibus
2133 4956 2141 4966 ,

512 4990 650 5044 meis
675 5000 860 5061 postea
904 5001 1364 5063 supervenerunt;
1392 5001 1451 5048 et
1481 4993 1549 5047 ab
1575 4992 1683 5056 his,
1716 4992 1962 5057 Domine,
2001 5005 2086 5046 me

514 5078 807 5137 clementer
825 5083 1074 5145 emunda,
1104 5091 1158 5137 et
1182 5084 1433 5139 omnibus
1454 5082 1768 5154 parentibus
1796 5082 1930 5137 meis
1954 5095 2083 5137 con-

513 5174 646 5227 cede
673 5172 868 5241 gaudia
891 5171 1237 5241 sempiterna.

586 5263 672 5317 15.
701 5260 795 5334 (V.
822 5262 900 5333 7.)
935 5261 1071 5317 Ecce
1094 5264 1232 5317 enim
1261 5264 1315 5316 in
1352 5263 1710 5332 iniquitatibus
1737 5260 2086 5333 originalibus

516 5359 572 5406 et
589 5351 889 5408 actualibus
913 5363 1186 5421 conceptus
1219 5368 1334 5406 sum
1363 5352 1457 5423 (6).
1491 5350 1600 5407 Nec
1628 5352 1918 5421 intelligas,
1946 5340 2086 5406 Deus

588 5543 665 5615 (6)
703 5541 1001 5599 Observent
1032 5542 1262 5615 theologi
1286 5560 1430 5605 eam.
1466 5561 1583 5613 quin
1605 5546 1866 5615 sequitur,
1892 5546 2081 5601 Ausel-

517 5613 682 5669 mide
733 5624 954 5683 peccato
998 5613 1250 5685 originali
1304 5616 1576 5685 copiosam
1608 5613 1929 5682 doctrinam,
1964 5620 2083 5687 ιιιιεέ

2188 4431 2585 4486 successionem
2634 4441 2691 4487 et
2746 4432 2929 4486 carnis
2975 4435 3499 4503 concupiscentiam,
3555 4437 3764 4492 occulte

2188 4522 2277 4576 illa
2307 4522 2583 4591 corruptio
2614 4522 2666 4575 in
2704 4531 2947 4591 posteros
2969 4523 3309 4593 demigravit.
3336 4524 3444 4577 Nec
3470 4526 3764 4582 tsrnenboc

2186 4612 2317 4667 fecit
2360 4613 2698 4683 propagatio,
2731 4614 2824 4667 sed
2860 4611 3022 4667 libido
3058 4632 3070 4667 :
3104 4629 3205 4667 non
3260 4623 3467 4668 natura:
3516 4616 3763 4670 humana:

2186 4704 2511 4769 fecunditas,
2544 4706 2639 4759 sed
2664 4704 2902 4777 libidinis
2937 4703 3175 4779 fmd‘itas,
3199 4720 3358 4774 quam
3389 4707 3637 4761 homines
3660 4707 3760 4760 hac

2164 4792 2315 4859 bent
2341 4807 2410 4849 ex
2444 4793 2586 4849 illius
2627 4793 2787 4864 primi
2823 4792 3125 4862 justissima
3164 4803 3276 4857 tua,
3313 4794 3471 4854 Deus,
3499 4795 3759 4849 condenr-

2186 4886 2404 4941 natione
2428 4887 2655 4957 peccati.
2688 4884 2802 4939 Non
2834 4885 2975 4940 enim
3004 4886 3129 4956 quia
3169 4887 3236 4941 ab
3263 4886 3430 4939 Adam
3465 4902 3559 4955 per
3582 4887 3762 4941 carnis

2185 4978 2627 5048 propagationem
2666 4977 3066 5042 descendimus,
3101 4977 3223 5032 ideo
3256 4976 3508 5046 originali
3540 4989 3762 5045 peccato

2188 5077 2454 5133 tenemur,
2482 5082 2605 5121 cum
2644 5074 2699 5119 et
2750 5075 2803 5118 tu
2836 5064 2969 5135 ipse,
3000 5065 3225 5121 Domine
3251 5066 3375 5121 Jesu
3404 5066 3639 5133 Christe,
3670 5067 3760 5134 qui

2188 5160 2331 5215 omni
2386 5168 2609 5231 peccato
2647 5158 2893 5227 originali
2931 5170 2985 5211 et
3033 5158 3232 5212 actuali
3281 5157 3495 5228 penitus
3518 5156 3755 5217 caruisti,

2188 5252 2239 5305 in
2270 5249 2714 5305 medicamentum
2750 5247 2920 5300 nostri
2954 5248 3211 5313 vulneris,
3242 5248 3360 5302 sine
3381 5262 3545 5317 opere
3566 5259 3758 5298 concu-

2186 5343 2509 5415 piscentiali,
2562 5343 2613 5397 in
2658 5342 2772 5395 sola
2821 5342 3048 5398 materia
3095 5340 3383 5411 corporali,
3412 5346 3465 5391 et
3500 5350 3596 5404 per
3622 5334 3758 5388 divi-

2495 5456 2499 5483 ι

2190 5536 2395 5596 utiliter
2433 5537 2741 5593 conferetur
2782 5554 2903 5592 cum
2935 5536 3170 5604 ejusdem
3202 5533 3307 5588 divi
3343 5532 3478 5587 libro
3521 5530 3593 5583 De
3626 5542 3757 5582 con-

2190 5624 2345 5683 ceptu
2376 5608 2619 5680 virginali
2648 5616 2698 5662 et
2735 5607 2977 5679 originali
3011 5612 3248 5675 peccato.
