4200 6186
513 266 606 324 85!
863 263 922 317 S.
962 259 1260 316 ANSELMI
1303 256 1649 313 CANTUAR.
1691 255 2008 311 ARCIIIEI’.
2040 253 2069 307 C

2165 261 2189 304 ι.
2223 252 2401 308 psus
2438 255 2499 308 ιι.
2538 255 3001 312 -ΡΑΙιτΕΧΕΤ,
3045 260 3129 314 ετ
3154 260 3397 317 Αεειιτ.

3647 264 3756 321 85%

513 393 636 433 nam
665 378 1087 447 conceptionem,
1122 372 1541 441 hirmatorisqne
1572 372 1836 425 rationem
1860 372 2079 426 dcsccu-
2112 372 2153 428 A
2186 372 2293 421 tam
2338 367 2626 422 violentum
2671 369 2964 423 dominium
3012 380 3374 435 exercentem,
3421 376 3563 443 quod
3604 378 3754 449 inge-

512 470 656 526 deris
678 470 744 522 ab
767 469 973 523 eodem.
1007 468 1112 522 Sed
1142 465 1264 536 quia
1293 464 1540 531 concepti
1566 480 1751 518 sumus
1782 464 1865 516 illa
1891 465 2079 516 vitiosa

512 567 626 615 tm:
673 556 1032 623 concipiendi,
1072 556 1229 609 nobis
1275 569 1338 608 ex
1380 564 1599 621 peccato
1631 543 1819 622 'prinii
1848 552 2082 619 hominis

510 626 715 699 occulte
760 652 815 697 ct
867 645 1250 701 miserabiliter
1302 648 1602 707 accedenti,
1653 646 1771 698 ideo
1805 643 2082 713 originalis

450 798 453 801 _
509 719 813 800 peccati-ex
867 745 954 789 tua
1000 736 1322 803 justissima,
1364 738 1527 801 Deus,
1578 734 1844 789 sententia
1890 734 1964 787 rei
1991 750 2080 788 su-

506 839 648 879 nius.
706 824 836 878 Nam
891 827 1341 894 (pientadmodntn
1386 835 1484 889 tu,
1529 825 1667 878 Dens
1719 824 2076 891 omnipotens,

507 917 753 987 cognitor
777 917 1132 978 occultorum,
1177 917 1596 969 occultissimam
1634 916 1861 985 gratiam
1902 914 2075 983 Spiri-

506 1017 593 1062 tus
617 1010 785 1063 sancti
813 1009 883 1060 tui
905 1008 1131 1061 latenter
1158 1006 1392 1061 infundis
1415 1008 1518 1061 tuis
1546 1007 1814 1069 ﬁdelibus,
1835 1018 1886 1060 et
1913 1007 2074 1062 etiam

505 1098 740 1167 parvulis
794 1099 845 1151 in
884 1087 1186 1167 baptismo;
1237 1096 1315 1150 sic
1364 1108 1417 1150 ct
1455 1098 1613 1150 homo
1654 1097 1763 1160 ille,
1796 1111 1890 1166 per
1918 1112 2075 1166 quem

507 1191 606 1244 hoc
638 1198 911 1259 peccatum
958 1188 1217 1259 originale
1261 1188 1481 1242 intravit
1517 1188 1569 1241 in
1618 1188 1892 1251 tnnndum,
1928 1188 1981 1241 in
2019 1200 2077 1243 se

504 1295 690 1334 omnes
719 1280 784 1332 de
812 1282 978 1347 stirpe
1025 1295 1122 1334 sua
1154 1288 1409 1333 venturos
1437 1278 1643 1334 occulta
1678 1278 1797 1332 labe
1834 1288 1889 1347 et
1918 1276 2073 1332 t‘mdi-

505 1381 615 1425 tato
648 1388 759 1424 sna-
783 1370 1080 1424 libidinoszc
1117 1370 1563 1439 concupiscentia!
1590 1370 1724 1423 adeo
1763 1368 2071 1432 labi‘licavit,

500 1462 644 1530 qnml
672 1464 846 1515 anima
880 1480 906 1513 a
953 1472 1022 1527 te,
1062 1462 1218 1527 Deus,
1244 1462 1475 1515 creando
1506 1459 1679 1513 inlusa
1711 1458 1923 1528 corpori
1954 1458 2076 1512 tali-

505 1542 586 1608 ter
616 1552 900 1617 labefacta,
934 1552 1484 1622 ntacnlata‘polluitur
1518 1560 1570 1606 et
1601 1549 1837 1605 ﬁndatur
1870 1568 1884 1605 :
1928 1550 2070 1605 sicut

502 1660 555 1697 tn
588 1660 710 1699 vase
741 1660 844 1698 non
880 1646 1091 1699 sincero
1120 1645 1301 1697 vinum
1331 1643 1591 1707 inlusam,
1622 1643 1745 1698 licet
1786 1644 2070 1709 optimum,

503 1735 737 1791 "dicitur
762 1746 816 1789 et
860 1738 1095 1799 acescit;
1134 1747 1184 1790 et
1231 1736 1283 1791 in
1319 1737 1404 1791 illa
1436 1718 1703 1791 inlusione
1744 1738 1857 1809 ipsa
1888 1740 2069 1792 auium

501 1825 859 1880 damnationis
907 1828 1230 1881 sententiam
1281 1828 1334 1881 in
1399 1842 1518 1883 sese
1552 1827 1754 1897 justam
1802 1832 2074 1900 excipiens

499 1914 706 1983 culpam
736 1918 1007 1971 contrahit
1028 1926 1082 1971 et
1105 1927 1336 1983 reatum,
1368 1928 1424 1973 et
1444 1935 1615 1990 prensa
1638 1930 1911 1991 perpetua:
1938 1922 2073 1975 ohli-

441 2012 445 2017 ’
499 2018 677 2075 gatur.
1309 2006 1315 2023 '
1840 2063 1843 2066 .

571 2096 656 2153 13.
676 2096 801 2163 Sed,
839 2114 871 2152 ο
902 2098 1146 2165 Domine,
1178 2100 1306 2168 quid
1344 2100 1538 2165 dicam,
1571 2102 1695 2169 quid
1718 2102 2067 2169 respondebo,

500 2201 620 2243 cum
661 2200 775 2258 mea
823 2189 1146 2242 sensualitas
1193 2204 1223 2240 a
1282 2201 1398 2240 mea
1450 2188 1809 2257 interrogetur
1862 2191 2069 2244 ratione

496 2278 767 2344 qtnimolo
808 2278 907 2330 hoc
938 2286 1111 2345 potest
1147 2291 1287 2339 esse,
1318 2284 1374 2327 ut
1401 2290 1522 2329 cum
1549 2278 1794 2345 originali
1848 2295 1898 2347 ιιι
1949 2289 2068 2335 cato

498 2379 749 2426 nascatur
781 2368 1053 2436 parvulus,
1087 2368 1302 2437 genitus
1342 2388 1371 2426 a
1414 2371 1730 2441 parentibus
1761 2371 2066 2443 baptizatis,

492 2470 616 2511 eum
668 2472 773 2509 non
825 2459 1031 2527 possint
1085 2460 1137 2513 in
1194 2461 1339 2515 illum
1373 2463 1755 2517 transfundere
1785 2463 1924 2531 quod
1962 2479 2068 2515 non

494 2543 729 2600 habent?
758 2545 918 2607 Ecce,
947 2546 1194 2611 Domine,
1222 2550 1313 2617 qui
1359 2551 1589 2604 docuisti
1620 2565 1705 2603 me
1735 2565 1763 2602 a
1788 2548 2070 2617 jnventute

496 2650 612 2691 Iura
646 2644 789 2689 stare
802 2651 981 2705 rsuper
1008 2639 1123 2691 vias
1160 2654 1329 2704 meas,
1359 2649 1413 2693 ct
1445 2640 1782 2710 interrogare
1801 2641 1879 2694 .de
1909 2626 2071 2694 senti-

494 2728 566 2783 tis
594 2727 851 2795 antiquis,
874 2742 969 2797 per
998 2730 1212 2782 easdem
1240 2731 1491 2799 antiquas
1512 2724 1731 2786 semitas
1754 2730 2071 2799 simpliciter

492 2817 836 2882 nntlmlando,
876 2820 1125 2872 existimo
1173 2822 1315 2887 quod
1361 2822 1547 2875 codem
1582 2824 1759 2885 modo,
1791 2838 1898 2889 quo
1944 2836 2067 2889 par-

492 2909 648 2962 vulus
692 2909 817 2963 olim
868 2924 987 2963 cum
1044 2912 1304 2979 prmputio
1350 2906 1900 2981 nascebatur,'qnem
1955 2922 2065 2967 tmn

488 3008 743 3067 parentes
773 3009 1166 3066 generavcrunt
1195 3001 1495 3055 circumcisi
1521 3017 1535 3064 ;
1565 3013 1615 3055 et
1646 3003 1911 3071 quomodo
1932 3017 2064 3072 quo-

494 3087 623 3142 tidie
653 3104 879 3158 granum
924 3088 1146 3150 nudum,
1199 3104 1227 3141 a
1259 3090 1410 3158 palea
1465 3093 1696 3145 luuuano
1732 3105 1891 3161 opere
1940 3108 2062 3146 cum

488 3177 765 3249 diligentia
817 3188 1143 3248 separatum,
1182 3188 1238 3231 ct
1271 3180 1348 3234 sic
1382 3164 1726 3245 seminatnm,
1765 3198 1885 3235 eum
1917 3182 2067 3249 palea

490 3279 666 3323 tamen
708 3269 946 3323 nascitur
973 3280 1024 3321 et
1056 3272 1325 3341 exsurgit;
1356 3272 1433 3326 sic
1456 3283 1509 3325 et
1542 3288 1639 3341 ego
1666 3288 1785 3342 cum
1817 3272 2064 3339 originali

490 3369 710 3429 peccato
756 3373 837 3411 me
867 3357 1037 3411 lateor
1074 3374 1193 3413 esse
1219 3370 1423 3425 natum,
1470 3363 1591 3417 licet
1621 3373 1696 3427 ιιι,
1731 3363 1868 3416 Deus
1898 3364 2069 3415 omni-

498 3459 707 3519 potens,
754 3466 1004 3519 parentes
1041 3456 1280 3511 incusati
1313 3454 1402 3507 illo
1438 3454 1776 3507 tntuulaveris
1806 3455 1853 3506 in
1889 3454 2065 3523 bapti-

492 3553 611 3594 smo
640 3558 650 3569 ·
690 3544 939 3609 quoniam
968 3545 1065 3615 ipsi
1103 3561 1184 3599 me
1211 3560 1274 3598 ex
1309 3546 1408 3599 hoc
1434 3545 1725 3600 carnaliter
1746 3533 2062 3611 gentvernut,

495 3629 637 3699 quod
669 3648 731 3685 ex
786 3646 1065 3701 peccatore
1114 3647 1294 3689 vetere
1328 3637 1542 3689 homine
1572 3645 1978 3698 contraxerunt,
2010 3646 2063 3689 et

494 3737 597 3774 non
646 3727 938 3777 secundum
986 3727 1128 3779 illam
1154 3728 1579 3795 generationem,
1610 3740 1713 3793 qua
1755 3725 1928 3777 denuo
1951 3724 2061 3778 nati

490 3823 643 3867 erant
662 3854 676 3877 ,
722 3818 813 3867 ‘srd
847 3817 1044 3884 potius.
1070 3817 1192 3886 quia
1218 3826 1271 3869 et
1297 3816 1396 3885 ipsi
1428 3816 1637 3869 fuerant
1661 3814 1952 3869 carnaliter
1971 3830 2063 3884 ge—

492 3908 681 3963 nerati.
709 3910 771 3962 Et
800 3910 899 3963 hoc
927 3912 1237 3965 recordatus
1262 3919 1472 3973 sum,ct
1498 3909 1658 3962 cll'udi
1690 3910 1741 3961 in
1769 3924 1852 3961 me
1875 3923 2060 3961 coram

492 4008 545 4051 te
569 4000 799 4053 animam
848 4018 1044 4063 meam,
1080 4003 1240 4067 Deus,
1275 4011 1333 4054 ut
1368 3999 1658 4067 intelligant
1684 3998 2061 4051 miserabiliter

490 4086 541 4141 in
574 4102 656 4142 me
686 4087 906 4152 facunu,
937 4092 1076 4159 quod
1130 4090 1216 4144 ille
1262 4093 1467 4157 primus
1517 4089 1697 4147 homo,
1736 4102 1856 4140 cum
1888 4086 1941 4141 in
1971 4086 2061 4140 ho-

489 4193 620 4233 nore
650 4189 806 4242 esset,
844 4181 893 4233 in
934 4197 990 4234 sc
1029 4196 1132 4233 non
1178 4178 1442 4232 intellexit
1494 4193 1521 4230 a
1571 4187 1621 4231 te
1656 4176 1955 4244 justissime
1980 4179 2059 4232 l’a-

491 4271 758 4325 ciendum.
815 4273 892 4326 Tu
928 4283 1127 4335 autem,
1172 4274 1332 4335 Deus,
1364 4271 1452 4339 qui
1485 4271 1636 4324 dives
1668 4285 1728 4325 es
1758 4270 1810 4324 in
1852 4270 2059 4325 miscri-

2185 460 2414 512 misccns
2457 459 2557 512 sub
2593 472 2760 514 onere
2799 461 2905 514 isto
2936 463 3084 530 gravi
3118 478 3341 517 necesse
3377 464 3547 520 habeo
3568 468 3753 523 excla-

2183 565 2377 602 mare:
2414 548 2598 601 lnl'elix
2650 565 2751 619 ego
2790 551 2969 613 homo,
3020 552 3109 620 qui
3161 567 3258 620 per
3308 568 3395 608 me
3446 556 3511 609 de
3543 558 3747 612 crudeli

2181 639 2416 693 dominio
2461 640 2563 693 isto
2612 640 2790 694 carnis
2831 640 3045 694 liberari
3107 657 3211 695 non
3248 646 3636 715 possum,quis
3667 663 3753 704 me

2180 730 2430 784 liberabit
2462 732 2528 786 de
2574 746 2801 800 corpore
2845 733 3034 786 mortis
3068 732 3260 801 hujus?
3305 735 3466 789 Certe
3511 754 3618 792 non
3670 738 3756 794 lex

2180 820 2395 890 Moysis,
2446 836 2551 874 non
2581 822 2875 891 prephetm,
2918 836 3022 874 non
3052 824 3282 892 propria:
3310 824 3451 879 vires
3474 842 3626 889 mem,
3657 826 3755 891 scd

2179 912 2349 982 gratia
2382 921 2494 976 tua,
2530 912 2690 992 Deus,
2724 927 2817 980 per
2836 911 3018 965 .lcsum
3051 914 3321 967 Christum
3354 915 3632 970 Dominum
3652 910 3752 970 no-

2179 1012 2386 1067 strum;
2413 1016 2572 1070 quem
2606 1011 2715 1067 tua,
2742 1002 2919 1066 Pater,
2942 1003 3309 1059 misericordia
3339 1003 3469 1059 mihi
3496 1002 3663 1065 dedit.
3695 1015 3757 1062 ut

2181 1107 2277 1161 per
2300 1108 2423 1147 eum
2466 1092 2835 1147 remissionem
2876 1094 3133 1161 accipiam
3165 1106 3528 1167 peccatorum.
3566 1096 3623 1151 ιη
3650 1096 3751 1152 hoc

2182 1194 2359 1239 anteIn
2389 1184 2695 1250 considero,
2729 1194 2783 1239 et
2808 1185 3408 1255 suspiro,justissimam
3430 1177 3752 1243 condemna-

2179 1272 2340 1325 tionis
2382 1272 2702 1326 sententiam
2736 1282 2904 1337 tuam,
2934 1272 3093 1339 Deus,
3126 1288 3287 1343 quam
3320 1275 3372 1328 in
3400 1277 3571 1329 Adam
3603 1286 3655 1331 et
3690 1276 3751 1333 in

2177 1361 2291 1429 cjus
2320 1372 2559 1432 posteros
2600 1364 2804 1418 ratione
2834 1364 2972 1417 illius
3014 1364 3391 1422 inobedientia:
3426 1368 3690 1438 protulisti
3724 1385 3742 1427 :

2176 1456 2318 1524 quod
2358 1455 2605 1509 videlicet
2637 1472 2741 1510 non
2777 1463 2858 1512 est
2881 1456 3097 1527 aliquis,
3120 1458 3210 1528 qui
3241 1459 3403 1513 etiam
3432 1469 3550 1528 post
3575 1461 3747 1532 bapti-

2174 1559 2347 1597 smum
2380 1544 2573 1598 vixerit
2603 1545 2653 1597 in
2682 1547 2780 1599 hac
2810 1562 2997 1611 carne,
3028 1548 3117 1614 qui
3150 1565 3256 1602 non
3285 1548 3353 1603 ah
3380 1549 3536 1617 hujus
3563 1555 3612 1604 Ιιι
3632 1552 3749 1607 διἸὶ

2176 1631 2608 1701 concupiscentia
2643 1630 2926 1704 allligatur,
2961 1636 3061 1688 nisi
3086 1635 3244 1699 ,l'orte
3294 1637 3545 1691 inell‘abili
3577 1640 3744 1692 mira-

2108 1702 2147 1758 Π
2176 1720 2295 1774 culo
2339 1721 2406 1774 ab
2435 1702 2821 1790 omnipotentia
2864 1731 2975 1787 tua,
3028 1723 3193 1789 Deus,
3230 1724 3313 1779 lex
3366 1726 3593 1794 peccati,
3627 1742 3746 1796 quae

2175 1818 2257 1864 est
2314 1811 2366 1864 in
2420 1811 2674 1863 utenthris
2719 1812 2860 1881 ejus,
2897 1813 2949 1866 in
2994 1829 3059 1868 eo
3103 1816 3315 1883 penitus
3353 1818 3743 1886 cxslinguatur,

2176 1899 2316 1971 quod
2347 1899 2497 1951 valde
2522 1915 2773 1969 maguum
2802 1902 3137 1972 privilegium
3165 1915 3246 1957 est
3278 1919 3587 1970 paucorum.
3620 1904 3746 1957 Inde

2178 1998 2350 2040 tamen
2390 1988 2589 2058 gratias
2638 1989 2728 2041 tibi
2764 2004 2882 2059 pago
2909 1990 3202 2058 gratiarum
3230 1992 3433 2059 Optimo
3480 1986 3743 2063 largitori,

2174 2072 2296 2143 quia
2328 2077 2426 2130 etsi
2471 2077 2568 2130 istc
2591 2077 2919 2131 domesticus
2947 2078 3115 2132 hostis
3151 2094 3321 2144 meus,
3360 2081 3446 2136 hic
3472 2082 3741 2149 stimulus,

2174 2166 2259 2218 hic
2292 2176 2572 2235 tyrannus,
2616 2165 2665 2219 in
2703 2183 2788 2222 me
2820 2179 3034 2224 maneat
3081 2179 3202 2239 post
3237 2172 3585 2241 baptismum,
3634 2192 3738 2230 non

2174 2265 2349 2308 tamen
2381 2256 2515 2309 adeo
2545 2257 2848 2311 dominatur
2877 2270 2930 2311 ct
2974 2270 3179 2328 regnat,
3213 2271 3270 2314 ut
3313 2272 3469 2328 ante;
3502 2267 3594 2319 sed
3620 2273 3742 2335 post

2171 2345 2420 2413 baptismi
2452 2346 2677 2413 gratiam
2707 2347 3043 2413 debilitatur;
3075 2350 3325 2407 inimicus
3364 2353 3653 2423 mitigatur,
3684 2366 3745 2410 ut

2174 2435 2224 2486 in
2251 2452 2334 2488 me
2363 2452 2465 2489 non
2501 2435 2675 2489 valeat
2704 2438 2990 2503 dominari,
3021 2440 3123 2495 nisi
3148 2456 3247 2510 ego
3276 2442 3328 2495 in
3362 2459 3585 2498 vacuum
3616 2460 3741 2500 sus-

2173 2525 2375 2590 cipiens
2416 2526 2641 2594 gratiam
2695 2536 2862 2589 tuam,
2926 2528 3082 2594 Dens,
3133 2541 3184 2583 et
3215 2542 3335 2600 post
3358 2538 3741 2604 mncup'sceu-

2175 2617 2277 2669 tias
2308 2631 2454 2671 meas
2501 2617 2714 2676 vadens.
2761 2620 3039 2674 restituam
3073 2622 3213 2675 vites
3246 2624 3407 2690 hosti,
3454 2625 3626 2680 cidem
3658 2642 3742 2682 me

2172 2721 2265 2773 per
2294 2721 2609 2761 consensum
2648 2708 2889 2763 illicitum
2914 2709 3281 2780 supponenda.

2244 2812 2327 2865 l7.
2380 2813 2483 2867 Sed
2522 2815 2621 2868 heu
2675 2817 2801 2869 mihi
2841 2818 3037 2891 misero
3064 2822 3354 2888 peccaturi,
3409 2823 3480 2877 mi
3518 2824 3744 2880 Domine

2170 2907 2480 2959 metuende!
2527 2905 2656 2967 Cum
2706 2909 2900 2962 Scirem
2947 2912 3089 2979 quod
3130 2921 3182 2965 tu
3214 2929 3303 2967 tne
3329 2915 3562 2981 gaudeas
3594 2917 3737 2985 (cod.

2167 2997 2362 3066 videns)
2388 3008 2630 3069 spectare
2660 3000 2970 3066 luctantem,
2998 3001 3187 3072 jnvarc
3217 3006 3576 3073 deiicientem,
3606 3010 3738 3066 sub-

2170 3086 2348 3142 levare
2397 3090 2697 3156 cadentem,
2754 3107 3012 3148 coronare
3056 3095 3388 3162 vincentem;
3440 3112 3586 3165 ecce,
3633 3098 3742 3154 Do-

2170 3175 2333 3237 mine,
2362 3185 2415 3230 tu
2449 3178 2645 3244 vidisti,
2674 3182 2927 3250 quoniam
2961 3184 3011 3237 iu
3038 3200 3121 3238 me
3145 3184 3331 3240 iusiliit
3357 3187 3535 3243 subito
3564 3190 3743 3247 hostis
3778 3222 3783 3233 κ

2171 3266 2271 3318 iste
2309 3266 2565 3337 impulsus
2598 3271 2665 3325 ab
2698 3271 2788 3324 illo
2819 3273 2972 3340 cujus
3000 3274 3197 3329 halitus
3219 3292 3430 3344 prunas.
3451 3281 3639 3336 ardere
3661 3279 3744 3335 fa-

2169 3356 2260 3422 cit,
2292 3366 2346 3410 et
2396 3359 2628 3427 quietem
2675 3365 2853 3418 contis
2883 3365 2984 3419 mei
3031 3373 3084 3419 et
3127 3370 3367 3437 corporis
3390 3358 3741 3439 perturbavit.

2168 3448 2387 3514 Quoties
2423 3451 2697 3531 obscaenis
2719 3463 2770 3507 et
2809 3456 3097 3511 immundis
3126 3468 3177 3511 et
3210 3461 3361 3515 vanis
3396 3463 3741 3529 CtigitaliOni-

2168 3537 2265 3590 bus
2304 3554 2390 3593 me
2443 3540 2668 3609 turpiter
2698 3542 3115 3611 blasphemavit!
3157 3548 3368 3617 quoties
3421 3551 3486 3605 ad
3516 3554 3737 3622 phalan-

2166 3642 2256 3697 ges
2294 3629 2470 3685 cordis
2518 3632 2618 3685 mei
2663 3649 2826 3696 mane,
2852 3644 2903 3689 et
2935 3651 3157 3705 vespere
3190 3639 3534 3705 exclamavit,
3566 3649 3622 3696 ut
3664 3645 3737 3699 ad

2164 3720 2432 3790 singulare
2470 3735 2743 3801 certamen
2801 3728 3177 3785 descenderem
3229 3740 3414 3785 contra
3444 3732 3637 3802 ipsum,
3682 3746 3741 3788 et

2165 3811 2500 3868 all'ectionum
2545 3830 2807 3871 mearum'
2832 3820 3135 3888 agminibus
3164 3824 3509 3891 exprobavit!
3544 3822 3736 3878 Vidisti

2165 3906 2346 3971 etiam,
2390 3908 2631 3972 Domine,
2684 3926 2746 3964 ex
2791 3912 3017 3965 adverso
3043 3914 3311 3980 quomodo
3342 3927 3528 3968 contra
3560 3916 3735 3984 ipsum

2165 3993 2306 4047 velut
2336 3995 2688 4063 pusillanimis
2716 4015 2821 4051 non
2857 4000 3078 4065 certavi,
3112 4001 3254 4054 velut
3286 4002 3517 4057 infidelis
3562 4004 3737 4073 illegi-

2165 4082 2292 4136 time
2325 4086 2611 4151 decertavi,
2645 4088 2723 4143 vel
2752 4091 2969 4145 omnino
2992 4092 3122 4145 solvi
3166 4094 3367 4149 militia:
3395 4112 3524 4150 mea:
3552 4097 3739 4149 vinci-

2163 4173 2269 4228 lum
2324 4177 2650 4243 indecenter,
2730 4192 3015 4250 antequam
3080 4184 3125 4237 ei
3175 4185 3393 4239 cederet
3437 4187 3737 4243 advetsitas

2160 4266 2931 4339 pia-liornm.'Vldistiinsuper
2952 4271 3220 4339 (Domine,
3246 4290 3312 4327 ne
3332 4274 3491 4329 sileas
3517 4291 3578 4330 ae
3604 4294 3731 4345 pro-

490 4360 693 4422 cordia,
728 4360 1003 4413 dimittens
1034 4360 1314 4430 originalia
1342 4370 1395 4414 et
1427 4360 1679 4423 actualia,
1713 4376 1815 4414 non
1842 4370 2059 4431 propter
2088 4373 2134 4433 υ
2161 4366 2281 4426 pler
2316 4358 2414 4411 hoc
2442 4358 2672 4413 linalitcr
2712 4360 2973 4427 discedas
2997 4378 3023 4413 a
3054 4362 3158 4439 me)
3191 4364 3455 4432 quomodo
3484 4382 3603 4418 cum
3632 4369 3733 4420 Ιιιι-

488 4451 737 4505 tueritmn
770 4460 1034 4516 uestrum,
1072 4451 1161 4503 sed
1194 4459 1411 4519 propter
1450 4450 1668 4502 nimiam
1714 4449 2052 4512 charitatem,

484 4556 591 4611 qua
633 4542 864 4597 dilexisti
900 4558 1014 4607 nos,
1060 4557 1181 4595 cum
1211 4556 1383 4595 essem
1418 4541 1469 4594 in
1498 4540 1655 4594 dictis
1686 4539 2056 4610 iniquitatibus

482 4635 562 4690 sic
594 4642 917 4700 conceptus,
969 4641 1020 4685 et
1054 4641 1299 4686 mortuus
1344 4631 1503 4685 etiam
1564 4640 1850 4699 antequam
1900 4642 2055 4686 natus

482 4739 678 4787 essent,
702 4723 1085 4778 conviviticasti
1130 4737 1213 4775 me
1245 4738 1339 4790 per
1366 4723 1756 4793 tuamgratiam
1795 4723 1845 4775 in
1880 4723 2054 4792 bapti-

484 4828 620 4877 smo,
650 4813 884 4869 anltnam
926 4829 953 4865 a
977 4822 1245 4867 vetustate
1270 4812 1439 4882 culpa:
1482 4812 1811 4873 numdaudo,
1846 4812 2059 4865 reatum

483 4902 598 4969 ejus
623 4902 894 4967 solvendo,
921 4919 983 4956 ac
1011 4903 1179 4971 ipsam
1217 4919 1243 4955 a
1271 4918 1427 4971 poma
1459 4912 1713 4972 perpetua
1752 4900 2049 4955 liherando.

485 4996 549 5050 Et
577 5004 853 5065 propterea
901 4994 1017 5058 tibi,
1054 4994 1296 5056 Domine,
1346 5010 1553 5063 semper
1585 4996 1637 5048 in
1671 4994 1891 5063 psalmis
1918 5008 2049 5047 con-

487 5086 697 5141 lltebor.

556 5177 642 5233 16.
682 5176 1061 5231 Verumtamen
1106 5174 1280 5229 adlmc
1330 5172 1382 5227 in
1434 5189 1601 5229 carne
1631 5188 1769 5241 mea,
1801 5174 2045 5241 Domine,

480 5270 657 5324 sentio
688 5266 1022 5321 incessanter
1057 5268 1216 5321 etiam
1255 5274 1374 5333 post
1422 5264 1748 5333 baptismum
1797 5266 2049 5336 concupi—

479 5359 741 5416 scentiam
788 5356 931 5412 illam
962 5356 1164 5423 carnis,
1195 5373 1312 5427 qua:
1356 5368 1439 5413 est
1471 5356 1640 5411 fontes
1679 5360 1906 5425 peccati,
1936 5358 2049 5413 lan—

478 5464 575 5520 gor
610 5451 703 5520 (ita
726 5447 843 5501 cad.
887 5448 1149 5517 are/inice)
1184 5455 1409 5511 naturae,
1440 5456 1701 5519 tyrannus
1730 5448 1927 5513 carnis,
1952 5448 2048 5502 sti-

479 5539 653 5594 nudus
678 5537 890 5605 mortis,
929 5538 1011 5593 lex
1041 5536 1406 5592 membrorum
1435 5552 1741 5607 repugnans
1767 5536 1868 5606 legi
1898 5554 2049 5593 men-

477 5628 552 5683 tis
582 5645 728 5697 nteac,
772 5636 823 5684 et
858 5630 1134 5701 captivans
1171 5644 1254 5684 me
1283 5629 1335 5683 in
1368 5627 1484 5699 lege
1508 5630 1733 5697 peccati,
1770 5623 1941 5699 super
1963 5644 2045 5684 me

2162 4446 2395 4500 tuiliatus
2447 4464 2550 4500 non
2586 4464 2698 4503 mea
2753 4452 2843 4504 sed
2898 4460 2981 4502 tua
3024 4453 3218 4506 virtute
3246 4453 3450 4520 sileret,
3484 4465 3537 4508 et
3571 4457 3733 4510 relin-

2158 4547 2348 4605 queret
2372 4554 2453 4592 me
2484 4539 2551 4615 in“.
2572 4554 2734 4607 pace;
2772 4555 2869 4610 ego
2916 4541 3061 4595 illum
3102 4543 3213 4612 ipse
3245 4544 3524 4598 adversum
3553 4562 3636 4599 me
3662 4548 3729 4601 ad

2158 4628 2393 4696 prmlituu
2430 4630 2679 4695 excitavi,
2732 4642 2784 4683 et
2811 4631 2949 4685 vires
2994 4644 3173 4687 reatus
3205 4635 3337 4695 mei,
3378 4649 3512 4700 quas
3546 4635 3596 4685 in
3630 4632 3728 4686 ha-

2156 4720 2353 4789 ptismo
2382 4729 2435 4773 et
2480 4721 2530 4772 in
2567 4722 2787 4790 pristina
2827 4724 3143 4789 pmniteutia
3171 4742 3283 4774 mea
3323 4724 3646 4792 perdiderat,
3676 4724 3723 4777 ei

2158 4814 2382 4885 reddidi,
2424 4822 2479 4865 et
2523 4815 2601 4867 sic
2646 4828 2900 4868 coronam
2928 4815 3049 4881 (veli
3083 4814 3236 4879 mihi)
3264 4816 3274 4866 ι
3304 4814 3531 4885 perdidi,
3557 4830 3725 4884 quant

2155 4890 2363 4955 nonnisi
2389 4902 2621 4971 legitime
2660 4904 2989 4955 certanlilms
3026 4904 3336 4972 praeparasti
3390 4904 3456 4955 At
3481 4905 3548 4969 si,
3572 4920 3727 4959 recu-

2155 4993 2353 5060 peratis
2384 5008 2478 5060 per
2516 5004 2565 5046 te
2610 4993 2830 5056 viribus,
2864 4993 3147 5062 aliquando
3174 4994 3407 5063 praalicti
3439 4976 3605 5048 hostis
3631 4995 3723 5050 de-

2153 5084 2365 5139 sideriis
2390 5084 2592 5141 vitiosis
2622 5086 2848 5139 viriliter
2882 5088 3048 5141 restiti
3104 5087 3183 5139 vel
3218 5087 3465 5140 restitero
3493 5087 3543 5140 in
3577 5087 3721 5141 lutu-

2155 5192 2293 5239 rum,
2330 5190 2569 5246 eumque
2615 5179 2860 5247 superavi
2890 5179 2973 5231 Vl‘l
3011 5194 3355 5246 superavere,
3386 5189 3435 5232 te
3472 5180 3719 5245 juvantc,

2152 5266 2276 5321 licet
2308 5268 2513 5321 hostem
2549 5268 2719 5339 ipsum
2751 5279 3031 5339 tyranuum
3068 5270 3417 5323 domesticum
3450 5269 3514 5323 de
3545 5283 3713 5322 carne

2152 5376 2267 5415 mea
2314 5362 2363 5413 in
2408 5362 2506 5415 hac
2538 5360 2733 5414 misera
2762 5360 2865 5413 vita
2904 5374 3006 5413 non
3049 5363 3245 5430 possim
3290 5362 3508 5414 omnino
3535 5360 3694 5428 expel

2151 5448 2280 5515 lere,
2318 5451 2458 5505 velut
2516 5450 2743 5504 alterum
2800 5448 3134 5515 Jehusaeum,
3210 5451 3487 5521 providisti
3536 5459 3716 5505 tamen

2151 5541 2299 5605 mihi,
2336 5543 2378 5597 si
2427 5557 2531 5595 non
2579 5540 2959 5605 consentienti,
2982 5542 3124 5610 quod
3155 5552 3413 5610 quantum
3440 5541 3506 5595 ad
3534 5538 3714 5593 actum

2144 5640 2377 5698 tantum,
2418 5642 2470 5687 et
2499 5650 2604 5687 non
2629 5639 2887 5701 quantum
2912 5634 2976 5685 ad
3023 5632 3330 5703 icatum,in
3364 5648 3447 5687 mc
3475 5636 3716 5691 remanet
