4200 6238
458 260 560 314 853

1516 258 1887 316 MEDITATIO
1926 260 1991 313 IN
2037 259 2227 315 PSAL.
2272 261 2638 318 MISERERE.

3592 271 3693 326 83%

457 385 576 445 post
622 375 967 446 baptismum.
1017 377 1146 433 Nam
1176 380 1241 434 de
1264 389 1351 433 tua
1382 379 1580 451 pietate
1606 377 1839 441 conﬁdo,
1884 376 2027 445 quod
2055 382 2099 439 Α
2130 376 2499 448 impugnantes
2539 395 2623 435 me
2667 387 2980 434 constanter
3006 378 3207 433 valeam
3266 396 3479 450 cxpugn
3520 399 3609 447 re;
3642 396 3696 438 et

452 482 515 519 ea
543 482 661 535 qute
688 467 886 522 invitus
913 480 966 522 et
1008 471 1245 525 renitens
1273 470 1447 540 patior
1475 469 1543 521 ab
1564 469 1663 523 hoc
1694 469 1866 530 hoste,
1894 465 2025 520 mihi

455 558 719 627 imputare
748 576 853 613 non
886 562 1083 615 debeas
1113 562 1178 615 ad
1204 570 1503 631 peccatum.
1536 561 1601 615 Et
1628 562 1791 617 etiam
1823 560 1876 616 in
1904 562 2024 626 hoc,

458 650 594 704 Deus
638 664 811 716 meus,
854 651 1125 719 parcendo
1155 652 1388 711 maxime
1422 662 1476 706 et
1529 652 1836 707 miserando
1879 646 2025 704 tuam

452 736 899 806 mriuipoteutiam
945 738 1282 804 manifestas,
1338 741 1479 809 quod
1530 742 1670 796 sicut
1727 742 1832 795 alia
1883 739 2025 794 mala

454 837 780 896 pneterennt
812 829 864 882 in
897 830 1052 885 nobis
1079 839 1302 896 actu,‘et
1327 844 1607 887 remanent
1645 843 1818 898 reatu,
1843 842 1901 885 ιιι
1930 832 2028 885 ho-

455 919 752 985 micidium,
794 920 1140 985 adulterium,
1193 934 1248 977 et
1298 924 1529 987 similia;
1572 926 1647 978 ita
1694 940 1724 977 ε
1767 940 2027 979 converso

452 1019 709 1077 operatur
731 1012 783 1066 in
809 1013 963 1067 nobis
989 1013 1307 1069 mirabiliter
1325 1014 1712 1083 omnipotentia
1738 1027 1850 1079 tua,
1866 1014 2023 1079 Deus,

453 1112 512 1156 ιιι
531 1104 763 1160 carnalis
791 1107 1245 1176 concupiscentia,
1268 1106 1420 1175 cujus
1449 1122 1555 1159 non
1576 1107 1911 1160 consentitur
1935 1109 2025 1158 dc-

371 1202 377 1209 '
452 1192 667 1246 sideriis
694 1194 922 1259 vitiosis,
975 1196 1027 1248 in
1061 1195 1327 1264 baptismo
1352 1204 1635 1263 praetereat
1664 1202 1836 1259 reatu,
1870 1203 1925 1248 et
1974 1196 2024 1248 in

450 1296 665 1352 ptrnam
704 1286 910 1354 peccati
945 1287 1100 1341 nobis
1133 1295 1410 1341 remaneat
1433 1300 1649 1354 semper
1671 1296 1813 1339 actu.

524 1377 610 1430 18.
646 1377 712 1431 Et
762 1377 864 1433 hoc
903 1388 987 1433 est
1020 1379 1207 1449 jugum
1256 1393 1440 1447 grave,
1482 1378 1623 1448 quod
1672 1388 1909 1431 creatum
1944 1386 2028 1431 est

451 1480 615 1535 super
662 1467 802 1523 tilias
857 1469 1027 1523 Adam
1083 1484 1112 1521 a
1166 1466 1253 1522 die
1303 1468 1483 1521 exitus
1517 1468 1583 1521 de
1623 1478 1809 1523 ventre
1838 1468 2026 1522 matris

448 1572 661 1624 eorum,
694 1571 864 1627 usque
885 1558 951 1610 ad
979 1557 1119 1612 diem
1147 1556 1498 1627 sepulturrein
1520 1564 1743 1611 matrem
1758 1554 2021 1611 omnium.

446 1647 563 1704 Sub
618 1650 721 1703 hoc
759 1646 888 1716 iugo
938 1647 1257 1716 gravissimo
1291 1643 1658 1717 ingemiscunt
1707 1661 1897 1701 omnes
1932 1646 2021 1715 qui

2130 469 2374 537 procacis
2397 471 2598 525 militia:
2628 471 2898 525 turbinem
2921 470 3147 539 sapienti
3177 472 3543 527 moderatione
3576 474 3690 527 dis—
3748 508 3757 516 -

2132 557 2362 623 cutiens,
2414 559 2719 615 innocentia
2756 561 2879 614 vita:
2906 569 2959 614 ct
2989 561 3193 615 devota:
3220 563 3483 617 orationis
3505 562 3698 619 suﬂ'ra-

2130 648 2218 716 gio
2250 650 2377 704 mihi
2428 654 2743 707 continuare
2792 654 2997 707 valeam
3044 654 3272 723 gratiam
3321 665 3487 721 tuam,
3532 657 3676 712 Dens

2128 738 2194 792 Et
2224 739 2344 795 inde
2369 742 2527 797 Iosue
2564 744 2805 816 clypeum
2833 762 2936 800 non
2957 747 3248 811 dimittam,
3276 764 3553 817 quousque
3571 750 3698 804 obe-

2127 828 2311 883 diente
2346 838 2398 883 te
2425 826 2533 885 Deo
2571 836 2685 887 voci
2714 836 2966 900 hominis,
2997 837 3136 891 diem
3166 838 3289 891 vita:
3319 854 3451 892 inea:
3482 848 3695 906 prolra-
3732 891 3735 897 .

2128 920 2227 975 has
2256 923 2321 973 ad
2354 922 2678 991 triumphtnn
2705 943 2720 979 :
2756 941 2853 979 nec
2879 929 3125 981 recedam
3149 930 3216 981 ah
3238 932 3373 993 acie,
3405 932 3573 984 donec
3603 946 3697 1001 pa-

2128 1009 2231 1063 riat
2278 1010 2406 1063 mihi
2469 1012 2777 1078 congressio
2826 1009 2999 1082 caipta
3052 1017 3327 1071 victoriam
3384 1021 3584 1087 pariter
3641 1028 3697 1074 et

2126 1116 2401 1155 coronam.
2433 1102 2681 1171 Alioquin
2707 1104 2963 1171 quidquid
2992 1122 3089 1174 ago
3123 1109 3237 1161 sine
3269 1122 3340 1173 te,
3369 1113 3496 1164 mihi
3535 1114 3693 1166 verti-

2128 1202 2214 1247 tur
2241 1194 2291 1246 in
2320 1194 2548 1248 ruinam.
2579 1193 2711 1249 Nam
2743 1185 2917 1249 adhuc
2948 1208 2999 1275 et
3031 1201 3233 1253 macula
3263 1204 3540 1271 origin-dis
3560 1221 3689 1275 pec-

2125 1288 2229 1339 cati
2260 1295 2485 1352 tencor;
2514 1295 2567 1341 et
2603 1286 2740 1351 ideo,
2786 1296 2843 1340 ιιι
2872 1288 3114 1355 prtedixi,
3153 1292 3324 1345 existo
3354 1295 3420 1346 ad
3458 1297 3690 1349 actualia

2125 1373 2294 1443 magis
2325 1388 2545 1443 pronus.
2589 1374 2699 1429 Nec
2747 1375 2850 1429 hoc
2888 1376 3032 1441 dico,
3071 1377 3210 1432 Deus
3238 1395 3406 1441 meus,
3437 1384 3501 1436 ad
3530 1399 3693 1437 excu-

2124 1466 2321 1518 sandas
2378 1458 2776 1535 excusa-times,
2818 1468 3013 1536 quibus
3041 1484 3071 1522 a
3114 1478 3165 1523 te
3213 1473 3278 1523 de
3315 1473 3697 1540 peccatismcis

2125 1570 2338 1623 possum
2372 1556 2563 1610 merito
2595 1557 2860 1621 accusari,
2889 1556 2970 1611 vel
2999 1558 3123 1611 utin
3150 1569 3404 1627 parentes
3435 1576 3583 1615 meos
3607 1576 3696 1615 ve-

2126 1642 2215 1696 lim
2247 1642 2529 1695 refundere
2564 1643 2776 1712 culpam
2819 1660 3013 1711 meum,
3044 1660 3167 1700 cum
3218 1664 3488 1716 ntmquam
3516 1651 3693 1704 credi-

446 1739 565 1808 ejus
589 1738 831 1801 sentiunt
875 1736 1214 1806 gravitatem,
1246 1738 1342 1792 sub
1380 1751 1485 1806 quo
1515 1736 1712 1791 Tobias
1743 1735 2021 1805 ingemuit,
2058 1733 2099 1785 Β
2126 1733 2293 1787 derim
2331 1732 2539 1802 culpam
2579 1742 2632 1785 et
2664 1743 2941 1802 peccatmn
2972 1752 3114 1803 esse,
3154 1738 3197 1791 si
3241 1740 3494 1809 conjuch
3533 1757 3692 1796 causa

447 1830 709 1903 ingemuit
756 1839 811 1885 et
858 1829 1105 1899 Susanna
1162 1847 1175 1882 :
1219 1830 1311 1885 sed
1346 1839 1401 1884 et
1441 1830 1617 1883 onmis
1643 1837 1892 1883 creatura
1925 1828 2023 1880 sub

447 1924 553 1979 hoc
593 1922 723 1992 iugo
767 1922 1073 1993 ingemiscit
1123 1930 1178 1999 et
1203 1921 1432 1991 parturit
1456 1936 1622 1989 usque
1650 1920 1845 1973 adhuc.
1876 1918 2026 1987 luge-

446 2015 616 2069 misco
636 2022 692 2069 et
716 2004 817 2083 ego
851 2014 1091 2068 sentiens
1122 2012 1174 2066 in
1208 2012 1435 2081 meipso,
1494 2009 1619 2077 quia
1656 2008 2022 2064 circumdede-

448 2116 575 2161 runt
608 2121 693 2161 me
743 2106 975 2177 gemitus
1020 2102 1233 2167 mortis,
1299 2113 1355 2156 et
1406 2109 1675 2156 torrentes
1728 2099 2024 2166 iniquitatis

445 2196 635 2251 aliena:
671 2207 727 2251 et
776 2211 909 2250 mem
962 2194 1414 2250 conturbaverunt
1469 2207 1575 2246 me.
1630 2191 1856 2267 Propter
1904 2204 2022 2259 quae

447 2302 663 2358 possum
694 2287 1114 2356 lacrymabiliter
1154 2288 1337 2341 dicere
1372 2294 1494 2341 cum
1522 2284 1779 2354 propheta
1820 2302 1832 2335 :
1875 2282 2021 2336 Multi

446 2387 570 2433 sunt
603 2379 835 2448 gemitus
880 2379 1006 2437 mei.
1039 2387 1093 2431 et
1130 2391 1228 2431 cor
1283 2391 1457 2429 meum
1507 2374 1709 2428 factum
1737 2382 1819 2428 cst
1846 2374 1899 2426 in
1941 2389 2023 2425 me

446 2483 703 2525 mmrcns.
744 2469 914 2522 Porro
957 2484 1080 2521 cum
1106 2481 1401 2535 oppressus
1442 2465 1693 2535 hocjugo
1734 2464 2023 2535 aliquando

445 2557 701 2629 recogito,
737 2559 876 2612 Deus
903 2573 1073 2623 meus,
1106 2559 1248 2627 quod
1273 2567 1556 2626 peceatum
1588 2556 1714 2610 illud
1740 2555 2021 2625 originale,

445 2654 501 2705 in
536 2666 644 2720 quo
698 2661 989 2721 conceptus
1037 2667 1176 2713 sum,
1216 2651 1267 2703 in
1309 2651 1577 2719 baptismo
1617 2652 1761 2719 (eum
1794 2650 1866 2703 sit
1903 2649 2024 2703 inde

444 2743 640 2813 gratia)
693 2742 933 2796 dclevisti
959 2757 973 2795 :
1000 2751 1051 2796 ct
1083 2742 1346 2813 gemendo
1377 2757 1442 2796 ac
1472 2741 1799 2811 suspirando
1851 2742 1904 2793 in
1940 2755 2023 2793 me

443 2834 561 2903 ipso
600 2833 814 2902 requiro
843 2848 938 2886 cur
971 2832 1306 2901 pumalitatcs
1356 2833 1509 2896 istas,
1566 2847 1699 2900 quas
1725 2818 2022 2885 'oecasione

442 2922 573 2977 dicti
612 2922 888 2992 or'giualis
921 2922 1125 2989 peccati
1177 2922 1370 2992 patior,
1427 2921 1479 2974 in
1521 2921 1710 2975 eodem
1752 2920 2020 2989 baptismo

442 3000 647 3083 pariter
674 3030 779 3067 uoa
813 3013 1016 3067 tulisti:
1064 3023 1210 3067 certe
1236 3014 1377 3067 inter
1405 3012 1548 3082 ipsas
1579 3000 1920 3080 pienalitates
1965 3019 2019 3064 et
2048 3062 2089 3083 ﬁ

442 3119 726 3175 pressuras
753 3104 941 3166 fateor,
974 3102 1117 3172 quoii
1147 3120 1215 3157 ex
1240 3103 1643 3171 dispensatione
1671 3101 1903 3154 maxima
1924 3116 2019 3155 eas
2046 3148 2049 3149 ν

445 3193 610 3256 inme
632 3194 797 3247 voluit
821 3203 905 3245 tua
931 3193 1246 3245 admiranda
1269 3191 1604 3260 providentia
1636 3202 1935 3246 remanere,
1963 3198 2021 3242 ut

442 3284 693 3339 videlicet
734 3284 943 3353 sagina:
979 3294 1103 3346 tua),
1156 3281 1397 3343 Domine,
1447 3282 1498 3334 in
1545 3296 1631 3333 me
1661 3288 1864 3342 essent,
1900 3294 2022 3348 qua:

443 3388 531 3429 me
554 3373 810 3427 docerent
836 3371 976 3439 quod
1008 3370 1305 3423 lmmiliatio
1325 3369 1427 3423 mei
1451 3370 1502 3422 in
1528 3370 1702 3422 medio
1731 3374 1873 3421 esset
1896 3366 2015 3420 mei.

444 3462 598 3530 item,
628 3472 687 3517 ut
716 3472 949 3516 terrores
975 3461 1047 3514 tui
1088 3470 1275 3515 contra
1313 3475 1399 3515 me
1425 3460 1667 3530 quotidie
1706 3458 2016 3521 militarent,

445 3558 536 3625 qui
588 3555 834 3608 timorem
885 3561 1034 3607 tuum
1086 3552 1217 3606 mihi
1270 3553 1617 3617 incuterent,
1667 3560 1722 3604 et
1758 3565 2014 3605 amorem.

444 3647 599 3713 Item,
624 3657 683 3703 ut
707 3648 921 3703 vexatio
949 3646 1077 3700 mihi
1119 3646 1272 3699 daret
1304 3644 1631 3698 intellectum
1659 3642 2015 3712 cognoscendi

443 3741 587 3811 quod
625 3756 655 3794 a
686 3741 861 3802 nobis,
898 3753 1003 3792 non
1031 3754 1059 3791 a
1086 3746 1155 3801 te,
1181 3736 1306 3789 mali
1338 3750 1543 3789 sumus.
1576 3734 1733 3798 ltem,
1760 3743 1818 3787 ut
1844 3734 2014 3786 Adam

446 3830 747 3901 exemplum
771 3846 945 3885 meum
981 3830 1047 3883 ab
1077 3826 1435 3881 adolescentia
1468 3840 1585 3879 mea
1614 3835 1778 3888 esset,
1804 3835 1858 3877 et
1892 3838 2016 3894 pec-

446 3932 627 3977 catum
660 3920 1041 3987 inobedientia:
1074 3933 1205 3972 mea)
1234 3918 1514 3971 evitarem.
1546 3916 1678 3970 item
1712 3924 1769 3969 ut
1796 3916 1872 3970 sic
1904 3925 2015 3969 tra-

446 4012 607 4068 hercs
636 4027 720 4067 me
756 4010 823 4064 ad
867 4019 936 4075 te,
972 4009 1130 4075 Dens,
1173 4009 1225 4062 in
1267 4006 1518 4061 funiculis
1546 4007 1695 4071 Adae,
1733 4015 1789 4061 et
1821 4006 1873 4059 in
1904 4006 2018 4058 vin-

447 4102 585 4157 culis
610 4101 915 4164 charilatis,
941 4110 999 4152 ιιι
1036 4112 1412 4169 cognoscerem
1451 4096 1590 4166 quod
1619 4106 1696 4157 tu,
1724 4094 1902 4157 Pater,
1934 4109 2018 4147 mc

449 4204 611 4260 quem
634 4190 831 4259 diligis,
890 4188 1055 4242 tilium
1097 4188 1177 4243 sic
1208 4185 1386 4255 arguis
1411 4195 1462 4239 et
1489 4184 1741 4253 caS'igas.
1773 4182 1928 4244 item,
1964 4191 2021 4234 ut

448 4294 659 4348 semper
685 4272 939 4332 haberem
964 4286 1149 4331 contra
1177 4274 1483 4345 spiritualcs
1510 4274 1771 4342 nequitias
1796 4288 2019 4327 consuc—

2126 1823 2326 1879 sobolis
2379 1824 2724 1893 procreandte
2767 1826 3054 1881 carnaliter
3101 1829 3455 1895 misceantur;
3490 1834 3582 1889 sed
3635 1841 3692 1887 ut

2128 1927 2203 1979 tu,
2228 1914 2389 1981 Deus,
2412 1916 2503 1985 qui
2526 1931 2587 1969 ea
2612 1931 2730 1985 qua:
2754 1926 2877 1983 sunt
2906 1918 2958 1971 in
2992 1918 3207 1973 homine
3243 1924 3562 1989 cognovisti,
3620 1926 3686 1978 ad

2127 2006 2487 2061 miserandum
2521 2007 2625 2061 mei
2681 2005 2893 2063 facilius
2944 2009 3234 2076 inclineris,
3290 2013 3333 2065 si
3364 2015 3430 2066 ab
3463 2016 3573 2082 ipsa
3610 2032 3693 2067 ra-

2124 2098 2244 2152 dice
2298 2112 2437 2163 mea,
2474 2112 2560 2150 me
2592 2112 2774 2152 coram
2834 2107 2884 2153 te
2935 2101 3197 2154 conﬁteor
3240 2112 3597 2171 peccatorem.
3638 2107 3692 2160 In

2123 2188 2370 2243 omnibus
2394 2188 2536 2242 enim
2568 2188 2797 2242 trahitur
2825 2189 3082 2259 iniquitas
3106 2206 3172 2244 ex
3204 2192 3392 2255 Adam,
3429 2205 3482 2248 et
3514 2195 3695 2248 vincu-

2125 2281 2233 2333 lum
2258 2280 2488 2349 peccati,
2521 2292 2573 2333 et
2616 2282 2931 2349 propagatio
2977 2283 3185 2346 mortis,
3226 2293 3276 2337 te
3304 2284 3415 2338 solo
3443 2297 3689 2354 excepto,

2124 2376 2347 2429 Domine
2368 2374 2741 2440 lesuChristc,
2762 2378 2874 2443 qui,
2911 2386 3107 2430 natura
3134 2377 3383 2439 mirante,
3408 2379 3471 2429 de
3502 2388 3690 2430 sancto

2125 2466 2324 2535 Spiritu
2353 2484 2409 2523 es
2446 2478 2755 2537 conceptus.
2795 2466 2857 2520 Et
2890 2463 2941 2522 iii
2969 2468 3193 2537 percutis
3220 2469 3445 2537 concepit
3477 2486 3555 2521 me
3579 2488 3691 2521 uta-

2123 2567 2201 2607 ter
2228 2572 2370 2619 mea;
2398 2556 2500 2609 hoc
2541 2564 2625 2610 est
2664 2557 3101 2626 concupiscentia
3131 2557 3390 2620 libidinis,
3414 2574 3532 2627 qua:
3569 2575 3686 2627 pec-

2124 2653 2304 2699 catum
2324 2656 2426 2710 cst,
2450 2645 2548 2699 nisi
2587 2663 2682 2715 per
2707 2648 2845 2701 bona
2877 2645 3107 2716 coniugii
3131 2656 3438 2701 excusetur.
3482 2649 3542 2702 lit
3568 2649 3693 2702 licet

2123 2735 2175 2788 in
2204 2744 2428 2805 utroque
2460 2748 2680 2805 parente
2709 2752 2849 2801 meo,
2880 2738 2971 2806 qui
3002 2750 3073 2804 te,
3108 2730 3351 2804 Domine,
3376 2739 3689 2805 tiumcrnnt,

2122 2835 2176 2880 et
2203 2843 2285 2881 me
2309 2845 2413 2882 non
2442 2829 2493 2881 in
2522 2829 2805 2891 adulterio,
2839 2832 2931 2883 sed
2960 2832 3011 2883 in
3040 2842 3190 2885 casto
3217 2831 3465 2901 coningio
3490 2849 3688 2903 genue-

2121 2923 2268 2979 runt,
2297 2916 2508 2984 culpam
2560 2932 2662 2969 non
2700 2917 2947 2970 habuerit
2982 2934 3115 2986 opus
3158 2918 3307 2983 illud,
3335 2929 3512 2973 tamen
3540 2923 3692 2991 origo

2121 3008 2323 3074 peccati
2373 3007 2426 3061 in
2463 3008 2610 3076 prole
2652 3023 2831 3063 secum
2871 3009 3105 3063 debitam
3156 3024 3370 3078 pinnam
3400 3013 3579 3065 traxit.
3613 3012 3689 3068 Ne

2122 3095 2486 3149 reminiscaris
2525 3111 2653 3163 ergo
2689 3098 2911 3151 Domine
2954 3109 3173 3167 peccata
3206 3115 3346 3167 mea,
3382 3102 3463 3154 vel
3494 3117 3687 3170 parcn-

2123 3194 2232 3239 tum
2262 3200 2498 3240 meorum
2527 3204 2541 3240 :
2593 3203 2663 3241 ne
2698 3204 2877 3243 sumas
2904 3180 3159 3242 ultionem
3188 3190 3252 3242 de
3275 3194 3507 3259 peccatis
3532 3194 3685 3259 meis,

2122 3273 2167 3326 si
2191 3274 2255 3327 de
2296 3289 2378 3327 me
2405 3286 2685 3345 peccatore
2711 3277 2826 3342 tibi,
2857 3278 2945 3346 qui
2978 3278 3156 3331 Otltttia
3179 3278 3306 3342 scis,
3335 3288 3500 3336 totam
3528 3295 3688 3350 quant

2121 3364 2237 3420 scio
2266 3367 2523 3436 proﬁteor
2546 3368 2851 3422 veritatem.

2189 3454 2277 3510 20.
2312 3454 2404 3526 (γ.
2444 3456 2520 3526 8.)
2556 3456 2687 3511 Ecce
2728 3458 2865 3517 enim
2902 3459 3169 3513 veritatem
3197 3460 3446 3514 dilexisti.
3483 3459 3692 3516 Veritas

2119 3561 2199 3609 es,
2241 3557 2298 3602 et
2335 3563 2437 3601 non
2480 3547 2692 3612 failens,
2729 3551 2811 3603 vin
2862 3567 2965 3604 non
3001 3567 3211 3615 errans,
3264 3552 3372 3605 vita
3410 3569 3511 3607 non
3556 3553 3691 3607 deti-

2117 3634 2285 3688 ciens.
2316 3633 2361 3689 0
2387 3650 2513 3689 vera
2540 3635 2797 3699 Charitas,
2840 3647 2895 3690 et
2932 3654 3035 3691 non
3069 3638 3231 3691 chara
3267 3640 3483 3703 veritas,
3517 3643 3607 3715 qui
3638 3642 3689 3695 in

2118 3725 2220 3781 hoc
2250 3735 2409 3779 natus
2444 3740 2503 3779 es
2554 3736 2608 3779 et
2656 3727 2719 3779 ad
2754 3728 2852 3781 hoc
2882 3727 3071 3781 venisti
3106 3728 3156 3780 in
3184 3730 3440 3782 nmudmu
3475 3740 3531 3781 ut
3560 3746 3682 3799 per-

2118 3817 2304 3872 bibens
2350 3802 2710 3870 testimonium
2741 3818 2976 3878 veritati,
3004 3818 3055 3869 in
3095 3818 3318 3870 veritate
3348 3828 3433 3870 tua
3487 3821 3681 3873 exaudi

2118 3922 2224 3969 me,
2258 3905 2500 3966 Domine,
2549 3906 2599 3959 in
2655 3916 2743 3958 tua
2788 3906 3030 3975 justitia!
3063 3906 3125 3959 Et
3153 3907 3276 3975 quia
3308 3908 3419 3960 scio
3457 3908 3596 3975 quod
3631 3919 3685 3963 tu

2112 3997 2381 4065 judicabis
2410 3994 2631 4066 populos
2667 3996 2716 4048 in
2755 3999 3002 4059 veritate,
3044 4007 3094 4050 et
3144 4000 3332 4065 perdes
3363 4013 3551 4052 omnes
3592 4000 3683 4067 qui

2118 4087 2408 4156 loquuntur
2454 4087 2811 4149 memiaeium,
2866 4078 2985 4142 ideo
3038 4090 3187 4157 prius
3246 4091 3331 4143 hic
3362 4091 3412 4144 in
3458 4091 3686 4145 veritate

2120 4193 2303 4233 coram
2354 4186 2406 4231 te
2454 4178 2823 4246 memetipsum
2866 4178 3126 4245 dijudico,
3160 4190 3215 4232 ιιι
3257 4196 3379 4233 cum
3434 4191 3511 4242 tu.
3546 4182 3685 4235 Deus

2121 4283 2297 4333 meus,
2328 4276 2537 4337 tempus
2562 4268 2856 4336 acceperis,
2897 4279 2944 4319 et
2972 4268 3115 4336 ipsas
3136 4269 3683 4337 justitiasjudicabis,

451 4372 686 4424 tudinem
739 4368 1033 4438 przrliaudi,
1081 4376 1133 4421 et
1167 4383 1253 4420 me
1287 4365 1458 4439 sacris
1491 4364 1775 4417 virtutitms
1797 4378 2017 4417 exerce-
2049 4384 2096 4441 ι)
2123 4372 2227 4412 non
2278 4357 2445 4410 intres
2488 4356 2539 4409 in
2580 4356 2840 4425 judicium
2872 4374 2990 4409 cum
3027 4376 3109 4411 me
3151 4374 3307 4411 servo
3336 4373 3444 4426 tuo,
3474 4362 3686 4430 euijam

450 4477 563 4516 rem
604 4479 617 4514 :
652 4470 705 4515 et
757 4460 989 4513 maxime
1040 4474 1124 4521 ne,
1156 4458 1201 4511 si
1242 4456 1500 4510 liberatus
1534 4453 1752 4507 fuissem
1804 4454 1870 4506 ab
1902 4452 2018 4505 istis

450 4552 851 4621 pmualitatihus
883 4551 933 4604 iu
971 4550 1256 4616 baptismo,
1298 4562 1397 4615 ego
1429 4553 1481 4597 et
1533 4544 1621 4597 alii
1649 4540 1893 4597 homines
1916 4542 2017 4607 hoc

450 4657 569 4695 esse
615 4640 862 4707 baptismi
899 4638 1127 4705 pretium
1163 4634 1242 4688 vel
1289 4633 1565 4703 przeinium
1600 4639 1935 4700 putaremus,
1966 4636 2020 4680 ct

452 4746 555 4783 non
578 4730 798 4799 gloriam
835 4726 979 4795 regni
1022 4727 1119 4779 tui.
1150 4724 1379 4793 licoque
1406 4722 1581 4777 soluto
1612 4730 1763 4776 reatu
1798 4720 1864 4773 ab
1896 4720 2014 4772 ani-

452 4835 559 4882 ma,
592 4816 923 4888 providentia
960 4824 1068 4880 tua,
1120 4814 1279 4877 Deus,
1315 4812 1659 4882 temporalem
1697 4824 1911 4880 pccnam
1941 4818 2021 4861 ta-

452 4925 573 4964 men
602 4909 656 4963 in
689 4920 773 4962 me
821 4921 1042 4961 manere
1078 4905 1243 4959 voluit
1274 4906 1326 4958 in
1366 4906 1466 4958 hac
1493 4904 1621 4966 vita,
1656 4911 1715 4954 ut
1744 4917 1770 4953 a
1803 4915 1887 4954 me
1915 4899 2018 4952 alia

453 5002 561 5054 vita
591 5000 880 5054 studiosius
924 5006 1276 5067 qumreretur,
1306 5014 1422 5065 qua:
1449 4996 1552 5051 erit
1576 5012 1605 5048 a
1646 4994 1819 5063 pinnis
1850 4991 2021 5046 omni-

426 5108 427 5111 ‘
452 5090 550 5146 bus
578 5091 773 5145 aliena.

526 5183 611 5236 l9.
654 5183 895 5250 Evsnrge
918 5197 1063 5251 ergo,
1101 5180 1344 5245 Domine,
1375 5178 1563 5246 adjnva
1594 5194 1714 5233 me:
1746 5178 1905 5231 indue
1936 5192 2019 5230 me

455 5274 671 5327 thorace
690 5274 932 5340 iustitiae,
959 5271 1243 5339 ctaeeinge
1274 5270 1581 5324 fortitudine
1610 5268 1817 5321 lumbos
1848 5282 2015 5330 meos,

456 5371 515 5417 ιιι
553 5365 691 5418 inter
726 5374 804 5417 tot
852 5362 1082 5417 insultns
1109 5362 1338 5415 hostium
1370 5362 1420 5413 in
1450 5362 1566 5413 acie
1600 5371 1733 5415 stem
1772 5373 2016 5422 securus,

456 5463 510 5508 et
548 5469 642 5522 per
691 5464 932 5523 patentes
967 5467 1187 5521 campos
1223 5451 1559 5511 humilitatis,
1604 5452 1654 5503 in
1699 5451 1894 5504 virtute
1924 5466 2016 5518 pa—

458 5545 656 5601 tientia:
684 5559 735 5601 et
781 5544 1202 5611 longanimitatis
1249 5544 1523 5597 accinctus
1555 5541 1692 5612 lead.
1732 5539 2016 5611 accensus]

2122 4447 2239 4517 (tibi
2284 4447 2355 4501 sit
2389 4447 2512 4500 inde
2539 4446 2831 4516 gratiarum
2864 4448 3026 4513 actio,
3056 4458 3109 4502 et
3133 4464 3230 4501 vox
3268 4450 3489 4520 lamlis!)
3517 4454 3689 4506 mani-

2119 4538 2309 4592 festavi
2369 4538 2689 4603 veritatem,
2739 4540 3018 4592 veritatem
3080 4540 3247 4593 beatae
3304 4542 3687 4596 incarnationis

2124 4640 2241 4693 tum,
2274 4645 2405 4699 .qua:
2454 4631 2631 4685 adhuc
2670 4644 2765 4699 per
2822 4631 3139 4700 sapientiam
3190 4642 3333 4699 tuam
3385 4633 3689 4689 inﬁdelibus

2122 4724 2322 4777 incerta
2349 4731 2508 4777 estet
2540 4723 2787 4789 occulta;
2820 4732 2873 4779 et
2908 4725 3187 4779 veritatem
3219 4727 3550 4781 remissionis
3572 4745 3688 4797 pre-

2122 4825 2365 4869 catorum
2398 4829 2662 4880 meorum,
2691 4816 2756 4869 de
2802 4832 2903 4883 qua
2951 4816 3199 4870 similiter
3234 4818 3494 4872 incertum
3526 4833 3602 4875 est
3639 4834 3688 4873 et

2122 4905 2411 4970 occultum,
2444 4904 2527 4958 cui
2565 4906 2804 4959 misereri
2848 4905 2997 4968 velis,
3029 4916 3080 4959 et
3114 4896 3272 4975 quem
3306 4907 3689 4975 \‘ulttcrisjudi-

2122 5009 2265 5047 care.
2294 4994 2356 5046 Et
2381 5007 2554 5049 tamen
2582 4994 2814 5048 lueedno
2839 5011 2851 5047 :
2886 4994 3093 5047 Incerta
3120 5006 3165 5049 et
3200 4997 3401 5049 ecculm
3424 4998 3691 5063 sapientia:

2123 5094 2224 5137 tuo:
2276 5084 2617 5151 manifestam
2657 5084 2801 5136 milii.
2832 5082 3069 5137 Primum
3110 5100 3204 5153 per
3228 5086 3408 5151 ﬁdem,
3435 5096 3685 5158 tanquam

2122 5190 2217 5245 per
2238 5174 2368 5227 alios
2400 5174 2588 5228 Isaiam
2613 5182 2665 5226 et
2694 5172 2991 5227 Gabrielem
3035 5183 3195 5228 testes
3221 5176 3541 5230 mirabiliter
3564 5192 3685 5229 con-

2122 5264 2411 5318 cordantcs
2453 5272 2507 5317 et
2552 5263 2792 5317 dicentes
2836 5264 2964 5316 mihi
2996 5284 3008 5316 :
3043 5264 3184 5320 Ecce
3222 5268 3369 5335 virgo
3399 5268 3684 5334 comtipiet,

2121 5364 2173 5411 et
2218 5356 2390 5425 pariet
2425 5354 2610 5415 filium,
2655 5363 2709 5406 et
2755 5356 3035 5409 vocabitur
3082 5372 3273 5410 nomen
3306 5359 3420 5426 ejus
3472 5358 3687 5410 Ειιιιιιςι-

2124 5448 2264 5501 nuel.
2302 5446 2605 5500 Secundum
2650 5462 2744 5512 per
2769 5463 2938 5516 spem,
2984 5447 3133 5514 quasi
3160 5461 3256 5513 per
3279 5446 3439 5497 alimn
3474 5444 3681 5497 Nathan

2122 5542 2462 5612 prophetam,
2511 5540 2772 5596 dicentem
2800 5541 2926 5593 mihi
2962 5549 3015 5592 ut
3057 5539 3240 5592 D‘Hitii
3280 5539 3543 5592 veraciter
3573 5552 3683 5603 pce.
