4200 6236
512 183 617 251 83ft

868 193 925 245 S.
966 187 1262 242 ANSELMI
1301 185 1657 241 CANTUAR.
1693 184 2023 255 ,Λιιοιιιιῖιη
2063 186 2218 240 OPI'.
2257 189 2436 240 PARS
2476 190 2615 241 ll.—-
2648 183 3013 242 PARA'INET.
3051 185 3142 247 Er
3181 188 3427 244 ASCET.

3646 188 3753 245 ass
3772 260 3775 261 ί

514 304 704 361 nitenti
729 322 741 356 :
767 299 1059 356 Transtulit
1087 314 1117 353 a
1152 309 1203 351 te
1244 296 1501 377 Dominus
1528 307 1801 366 precatum
1832 306 2077 361 tuum,et
2108 300 2150 356 Α
2180 295 2411 377 primum
2466 304 2521 349 et
2572 295 2867 349 maximum
2915 303 3000 351 est
3037 295 3310 351 delictum.
3371 296 3439 351 Et
3487 312 3581 367 per
3609 298 3749 356 hanc

516 416 620 457 non
664 394 927 449 morieris.
967 391 1031 444 Et
1077 391 1120 445 si
1150 390 1260 445 dixi
1287 392 1452 445 corde
1488 391 1720 445 contrito
1754 398 1808 443 et
1849 389 2074 443 humili:

432 504 467 523 ἀ
499 487 811 547 Confiteor;
849 493 900 537 tu
926 483 1190 552 propitius
1225 480 1502 536 remisisti.
1534 481 1733 550 thuia
1756 480 1806 533 in
1830 494 2079 534 sermone

515 591 602 631 tuo
629 589 849 629 manere
877 573 1013 635 volo,
1046 582 1099 627 et
1126 569 1552 638 verediscipulus
1573 583 1691 622 esse
1718 575 1859 628 tuus,
1886 565 2004 619 ideo
2027 573 2079 620 te

510 665 885 721 manifestantc
917 663 1135 732 cognovi
1167 662 1303 715 hanc
1331 659 1615 726 duplicem,
1646 665 1700 710 et
1726 656 1776 709 in
1814 654 2075 724 sapientia

512 768 601 810 tua
647 772 676 809 a
724 754 932 809 saeculis
968 744 1336 804 absconditam
1397 748 1696 802 veritatem.
1750 744 1829 798 Tu
1873 754 2113 831 antem,‘

512 845 669 907 Dens,
725 844 815 911 qui
867 839 1113 909 superbis
1164 837 1389 900 resistis,
1421 846 1474 891 et
1506 836 1795 891 humilibus
1831 834 1928 888 das
1953 852 2076 904 gra-

510 937 635 989 tiam
668 935 718 987 iu
747 932 1014 1002 praesenti,
1044 940 1097 983 ct
1122 929 1271 997 cujus
1300 928 1462 999 gloria
1490 927 1743 981 humilem
1781 942 1928 995 spem
1956 940 2078 978 sus-

507 1023 668 1092 cipiet
712 1022 764 1075 in
807 1012 1115 1086 futuro,'ex
1166 1016 1623 1087 quo'coulidcntcr
1656 1016 1783 1071 ntihi
1830 1024 1917 1068 tua
1948 1029 2076 1084 puc-

508 1114 646 1167 dicta
690 1110 897 1167 occulta
948 1119 1004 1164 et
1030 1110 1346 1163 abscondita
1379 1107 1648 1170 revelasti,
1691 1106 1901 1161 confido
1934 1106 2074 1174 quod

508 1202 609 1256 hoc
633 1200 829 1254 donum
861 1212 1007 1253 tuum
1035 1198 1383 1267 scmiplenum
1416 1213 1519 1251 non
1552 1196 1839 1265 relinques.

574 1291 662 1344 21.
697 1288 895 1371 (v.91)
945 1286 1049 1342 Sed
1102 1303 1339 1356 asperge:
1383 1303 1482 1349 me,
1542 1285 1781 1347 Domine,
1831 1284 2071 1353 liguopa.
2116 1286 2127 1291 ἣ

508 1382 691 1439 Sancti
742 1382 836 1445 tui,
892 1381 1131 1440 Domine,
1166 1395 1259 1448 per
1281 1394 1417 1447 quos
1454 1379 1608 1433 nobis
1635 1383 1754 1431 tuas
1794 1375 1990 1447 figuras
2018 1386 2071 1431 et

507 1473 789 1544 parabolas
830 1471 1067 1526 ediscere
1111 1470 1345 1533 voluisti,
1372 1470 1554 1523 dicunt
1580 1466 1734 1523 nobis
1771 1469 1913 1537 quod
1942 1467 2070 1538 hys-

504 1581 669 1635 snpus
698 1574 779 1617 est
818 1563 979 1616 herba
1010 1561 1225 1615 ltuntilis
1265 1570 1319 1613 et
1357 1552 1713 1626 medicinalis,
1740 1559 1891 1627 cujus
1918 1560 2069 1614 radix

2181 374 2615 443 cntundationem
2647 387 2851 441 lavabis
2904 407 2989 444 me
3032 404 3127 460 per
3170 388 3397 456 gratiam
3452 399 3595 444 tuam
3624 406 3748 445 san-

2180 488 2341 544 ctam,
2376 478 2428 531 in
2457 478 2720 546 baptismo
2762 481 3035 549 sanguinis
3062 481 3254 534 animre
3290 494 3421 533 ntcze
3442 494 3538 549 per
3567 481 3739 548 poeni-

2182 569 2402 625 tentiam
2453 568 2780 632 renovando,
2810 585 2967 638 quem
3007 569 3059 624 in
3106 569 3371 637 baptismo
3413 567 3646 622 fluminis
3693 578 3748 624 ct

2179 658 2412 712 flaminis
2438 656 2555 726 (tibi
2589 657 2661 710 sit
2689 657 2811 710 inde
2839 658 2955 713 laus
2987 668 3041 713 et
3064 658 3312 727 juhilatio
3339 656 3512 727 !)jam
3542 657 3745 713 lavisti.

2180 749 2246 803 Et
2272 764 2425 815 super
2452 747 2614 801 nivem
2632 747 2919 803 dealbalor.
2954 752 3029 805 Ex
3057 753 3157 805 hoc
3180 750 3349 803 audeo
3368 749 3546 805 dicere
3572 736 3746 803 conli-

2176 839 2392 901 denter;
2424 837 2572 905 quia,
2609 836 2848 903 Domine,
2879 847 2932 893 tu
2964 840 3179 898 dixisti:
3213 839 3269 894 Si
3293 838 3492 894 fuerint
3523 846 3741 906 peccata

2176 937 2374 995 vestra,
2401 936 2459 981 ut
2485 927 2757 981 coccinum
2788 930 3100 998 sanguinea,
3129 930 3280 999 quasi
3309 930 3397 983 nix
3419 928 3737 983 dcalhabnn-

2179 1029 2265 1083 tur
2294 1021 2345 1074 iu
2381 1019 2695 1090 poenitentia
2730 1036 2742 1071 :
2798 1026 2851 1071 ct
2890 1019 2933 1073 si
2966 1019 3177 1092 fuerint
3228 1021 3387 1072 rubra
3437 1018 3592 1087 quasi
3624 1033 3747 1073 ver-
3808 1049 3813 1052 ο

2175 1111 2424 1174 miculas,
2451 1112 2590 1167 sicut
2632 1114 2754 1177 lana
2783 1110 2903 1165 alba
2946 1116 3121 1171 erunt,
3151 1117 3204 1163 et
3234 1109 3311 1163 sic
3338 1108 3743 1178 Opera'sangui-

2174 1203 2279 1267 nis,
2310 1203 2364 1257 in
2409 1214 2611 1259 vestem
2645 1217 2808 1268 tuam,
2852 1201 3094 1265 Domine,
3123 1201 3545 1254 misericorditer
3575 1208 3745 1253 tauta-

2176 1294 2377 1348 buutur
2405 1313 2419 1348 :
2447 1295 2519 1349 ita
2546 1298 2686 1365 quod
2712 1298 2779 1351 de
2807 1310 3024 1351 mecum
3039 1292 3159 1347 aliis
3180 1293 3381 1347 sanctis
3409 1293 3532 1357 tuis,
3550 1294 3743 1362 quibus

2175 1384 2328 1452 quasi
2377 1385 2632 1471 prmclara
2667 1394 2814 1440 veste
2860 1385 2940 1473 in.
2962 1383 3128 1453 gloria
3161 1382 3427 1444 vestiet-is,
3460 1383 3622 1437 facies
3648 1400 3743 1437 vc-

2174 1482 2311 1526 stem
2340 1482 2517 1539 tuam;
2550 1490 2711 1543 quant
2742 1472 3042 1528 dealbatam
3083 1473 3402 1528 mirabiliter
3429 1472 3742 1543 designasti,

2177 1578 2299 1619 cum
2330 1564 2383 1618 in
2433 1562 2909 1635 transfiguratione
2956 1562 3272 1615 vestimenta
3314 1571 3401 1615 tua
3435 1562 3575 1615 facta
3619 1570 3743 1616 sunt

505 1665 669 1725 petrm
699 1654 896 1708 dicitur
939 1652 1232 1711 adhaerere.
1258 1660 1311 1704 et
1342 1650 1622 1720 pulmones
1649 1648 1864 1705 inflatos
1900 1650 2073 1719 repri-
2106 1627 2150 1688 Β
2177 1652 2321 1717 alba,
2349 1654 2525 1721 qualia
2555 1627 2661 1707 non
2687 1660 2871 1723 posset
2901 1648 3028 1705 fullo
3052 1650 3230 1705 facere
3261 1665 3423 1719 super
3450 1658 3670 1704 terram.

493 1755 657 1797 suere
691 1754 747 1798 et
794 1754 1043 1811 purgare.
1091 1741 1156 1794 Et
1208 1741 1327 1795 ideo
1378 1741 1593 1808 quando
1649 1740 1736 1793 hic
1772 1738 1983 1794 loeutus
2013 1754 2073 1795 es

506 1832 748 1899 Domine,
777 1832 843 1887 de
865 1832 1121 1900 hySsopo,
1155 1831 1223 1885 de
1252 1829 1553 1883 ltmntlitale
1581 1828 1893 1899 intelliget-is
1918 1830 2073 1884 nobis

506 1924 670 1993 loqui,
699 1940 819 1992 qua:
843 1924 894 1977 itt
926 1918 1357 1977 censideratioue
1386 1921 1465 1975 sui
1496 1929 1578 1974 est
1610 1921 1815 1994 modica
1853 1920 1939 1977 illa
1966 1924 2075 1979 vir-

509 2023 611 2074 tus,
642 2029 762 2082 quae
803 2013 854 2067 itt
892 2004 1186 2080 conspectu
1230 2020 1320 2064 tuo
1349 2020 1402 2064 et
1445 2010 1609 2063 totius
1633 2010 1868 2067 cmlestis
1908 2013 2072 2067 curia:

505 2104 739 2156 maxima
781 2111 1077 2171 reputatur.
1101 2101 1197 2155 Cui
1237 2110 1312 2165 ιιι,
1349 2101 1502 2161 Deus,
1535 2115 1778 2154 summus
1807 2103 2069 2168 medicus,

501 2207 751 2260 magnam
783 2190 1057 2245 contulisti
1088 2198 1277 2243 contra
1306 2197 1568 2241 tumorem
1597 2189 1863 2256 superbia:
1895 2192 2069 2245 medi-

501 2283 678 2336 cinam
705 2299 719 2334 :
751 2280 963 2348 quando
989 2288 1061 2343 tu,
1096 2278 1254 2342 Deus,
1289 2278 1378 2346 qui
1418 2279 1483 2331 de
1512 2277 1725 2333 excelso
1751 2277 1934 2347 gloria
1965 2289 2066 2337 tua:

502 2373 697 2426 throno
723 2370 943 2424 humilia
972 2367 1219 2437 reSpicis,
1234 2377 1286 2422 et
1307 2366 1463 2437 ponis
1485 2367 1730 2422 humiles-
1745 2367 1799 2421 in
1827 2368 2065 2437 sublimi,

501 2477 623 2516 cum
651 2475 797 2514 esses
854 2460 1150 2512 immensus
1194 2465 1251 2510 et
1278 2452 1543 2519 excelsus,
1576 2456 1845 2510 inclinasti
1874 2458 2066 2523 ctelos,

501 2560 557 2603 et
584 2549 901 2603 descendisti
935 2550 986 2601 in
1012 2558 1235 2610 tet-ram,
1264 2545 1489 2599 formam
1521 2545 1660 2598 servi
1689 2546 1981 2615 accipiens,
2012 2557 2071 2603 ut

502 2640 819 2693 humilitatis
868 2637 1171 2705 exemplum
1202 2635 1649 2702 hutttauo.gcneri
1682 2632 1992 2701 exhiberes,
2013 2646 2071 2691 et

502 2738 648 2780 esset
701 2726 961 2779 medicina
1011 2723 1235 2777 tuutoris
1292 2722 1345 2773 itt
1399 2719 1613 2773 homine
1642 2720 1912 2777 humilitas
1955 2734 2063 2790 tua,

502 2815 734 2869 Christe.
773 2814 868 2869 Ubi
906 2814 1072 2875 enim,
1110 2808 1361 2877 Domine,
1398 2815 1485 2859 tua
1529 2822 1587 2861 se
1630 2808 1925 2863 exinanivit
1962 2826 2067 2888 uta-

2242 1741 2332 1797 ΞΞ.
2361 1742 2428 1796 Ει
2465 1744 2511 1799 si
2559 1759 2665 1807 me,
2699 1758 2820 1799 cum
2849 1744 2953 1800 illis
2984 1741 3073 1812 qui
3101 1741 3355 1795 viderunt
3381 1749 3432 1794 te
3462 1741 3658 1794 nudum
3687 1750 3743 1795 et

2174 1828 2496 1898 vestierunt,
2548 1850 2785 1902 unquam
2837 1833 3153 1905 permiseris
3192 1831 3337 1885 illam
3388 1831 3741 1885 laetabundam

2174 1938 2358 1981 vocem
2403 1935 2547 1980 tuam
2600 1926 2788 1980 audire
2816 1945 2830 1980 :
2866 1924 3077 1989 Venite,
3105 1917 3368 1977 lienedieti
3403 1921 3581 1975 Patris
3613 1921 3737 1983 ntei,

2174 2014 2435 2085 percipite
2457 2028 2676 2084 regnum
2708 2015 2848 2083 quod
2876 2023 3117 2083 paratum
3147 2000 3295 2063 vobis
3326 2020 3411 2063 est
3434 2010 3502 2061 ab
3533 2009 3741 2079 origine

2174 2104 2358 2158 mutuli
2407 2103 2501 2171 (V.
2530 2104 2655 2174 l0);
2690 2104 2896 2156 andimi
2930 2118 3041 2156 meo
3077 2100 3225 2155 dabis
3251 2100 3501 2170 gaudium
3529 2111 3575 2154 et
3604 2099 3731 2154 laui-

2168 2192 2317 2244 tiam.
2348 2190 2392 2246 0
2421 2206 2521 2253 vox
2543 2190 2917 2245 exsultationis
2939 2199 2993 2245 et
3014 2189 3228 2252 salutis,
3254 2205 3374 2257 quae
3399 2188 3741 2242 audientibus

2172 2287 2223 2333 te
2267 2279 2421 2334 dabis
2452 2279 2501 2333 in
2545 2265 2763 2335 Christo
2790 2278 3030 2334 ltctitiant
3061 2277 3471 2346 sempiternam,
3505 2292 3638 2332 seua
3684 2277 3737 2331 itt

2130 2374 2133 2375 '
2168 2368 2389 2424 auribus
2419 2371 2581 2425 meis!
2612 2369 2690 2424 Tu
2742 2371 2886 2426 enim
2928 2385 2986 2425 es
3015 2384 3123 2423 vox
3154 2367 3307 2423 valde
3331 2367 3525 2434 dulcis,
3564 2375 3618 2422 et
3657 2366 3741 2422 fa-

2168 2459 2280 2512 cies
2303 2461 2549 2514 sonantis
2583 2461 2813 2515 decoral
2857 2459 3027 2526 Sena,
3058 2468 3117 2514 ut
3156 2460 3234 2514 sic
3260 2460 3444 2514 auditu
3471 2461 3616 2515 auris
3646 2475 3741 2515 an-

2169 2545 2314 2600 diam
2362 2555 2434 2612 te,
2465 2558 2525 2601 ut
2553 2548 2739 2603 oculus
2788 2563 2941 2603 meus
2996 2549 3174 2602 videat
3229 2558 3297 2613 te,
3351 2538 3506 2617 quem
3536 2551 3738 2613 videre,

2170 2636 2308 2690 idem
2344 2647 2425 2693 cst
2461 2639 2603 2707 quod
2647 2640 2865 2695 habere.
2900 2640 3119 2695 Interim
3152 2651 3330 2695 autem
3361 2656 3458 2711 pro
3489 2656 3740 2696 reveren-

2170 2727 2240 2779 tia
2272 2736 2380 2789 tua.
2424 2729 2589 2795 Deus,
2635 2731 2855 2784 audiam
2890 2740 3093 2793 tacens,
3139 2732 3265 2799 quid
3300 2732 3350 2785 in
3380 2748 3464 2786 me
3490 2732 3742 2802 loquatur

2167 2814 2400 2884 Spiritus
2430 2824 2582 2874 tuus
2606 2830 2845 2884 sanctus,
2880 2821 3133 2889 quoniam
3167 2821 3217 2875 in
3256 2836 3340 2875 me
3380 2822 3490 2891 jam
3524 2839 3627 2876 non
3657 2822 3738 2877 lo-

496 2905 689 2972 jestas,
718 2902 989 2972 indignum
1022 2907 1105 2955 est
1139 2907 1207 2993 ,ιιι
1233 2907 1391 2951 vento
1420 2897 1926 3000 superbimoiniletur
1947 2915 2063 2956 ver-
2089 2950 2135 3009 Ε
2164 2908 2347 2974 quitur
2372 2909 2472 2962 uisi
2498 2925 2700 2978 pacem.
2730 2909 3214 2979 Quantumcunque
3239 2911 3501 2980 inquietet
3546 2922 3598 2966 et
3621 2928 3740 2981 per?

500 2994 724 3049 miculas
759 3006 825 3045 ac
871 2988 1152 3047 tumescat.
1194 2989 1331 3055 Quid
1371 2991 1513 3042 enim
1561 2988 1732 3058 magis
1764 2990 2061 3046 mirandum

495 3093 601 3149 est,
635 3084 761 3151 quid
799 3074 1028 3151 amplius
1081 3065 1474 3137 detestandum.
1527 3080 1654 3147 quid
1707 3081 1925 3148 gravius
1971 3098 2059 3152 pu.

499 3174 776 3235 niendnnt,
807 3187 967 3239 quam
986 3170 1123 3239 quod
1154 3169 1339 3233 videns
1365 3169 1458 3223 Dei
1493 3168 1685 3222 Filium
1711 3182 1983 3225 summum
2012 3172 2067 3226 in

499 3279 668 3332 regno
694 3261 973 3325 caelorum,
1005 3259 1350 3319 novissimam
1382 3259 1582 3314 factum
1608 3260 1661 3313 in
1694 3273 1858 3329 regno
1899 3259 2069 3315 homi-

499 3352 651 3417 num,
677 3362 908 3423 apponat
935 3352 1110 3407 adhuc
1133 3350 1477 3422 magniﬁcare
1502 3366 1561 3404 se
1592 3350 1751 3403 homo
1772 3363 1935 3419 super
1962 3359 2067 3405 ter-

501 3446 653 3500 ram?
686 3445 729 3500 0
762 3442 1014 3513 magister
1039 3452 1091 3497 et
1120 3440 1343 3494 Domine
1364 3442 1435 3510 (et
1474 3440 1608 3494 bene
1637 3438 1907 3523 dicimus},
1941 3446 2067 3494 tunc

500 3536 656 3591 nobis
677 3530 990 3588 humilitatis
1037 3531 1359 3586 tuac‘librum
1383 3538 1448 3596 et
1481 3528 1851 3597 magisterium
1879 3538 2064 3583 osten-

499 3629 646 3690 disti,
677 3642 796 3681 cunt
834 3626 1111 3679 lectionem
1145 3622 1290 3676 illam
1317 3621 1468 3681 nobis
1490 3604 1763 3676 memoria:
1789 3635 2065 3676 commen-

496 3718 724 3774 dandam
776 3716 948 3786 legisti
992 3715 1227 3770 dicens:
1281 3713 1481 3767 Discite
1536 3727 1566 3766 a
1622 3726 1709 3767 me
1754 3708 1891 3788 quia
1919 3712 2065 3767 mitis

496 3824 634 3874 sum,
678 3817 731 3863 et
777 3806 993 3861 humilis
1021 3805 1204 3859 corde.
1241 3804 1285 3860 0
1326 3804 1542 3858 humilis
1572 3801 1863 3857 celsitudo!
1891 3802 2063 3870 Quam

494 3916 621 3958 vere
649 3900 1007 3965 si.voluisses,
1070 3899 1252 3953 dicere
1305 3898 1574 3967 potuisses
1610 3913 1625 3949 :
1659 3895 1857 3950 Discite
1904 3910 1934 3948 a
1980 3910 2065 3948 mc

498 3995 763 4049 fabricare
813 3992 1017 4055 lunam,
1049 4000 1101 4046 et
1132 3990 1323 4051 solent,
1351 3988 1433 4041 vel
1465 3996 1631 4040 totam
1672 3983 1932 4039 fabricam
1964 3985 2061 4038 htt-

495 4088 579 4158 jus
608 4085 788 4139 mundi
814 4085 828 4137 !
866 4083 949 4137 vel
981 4083 1173 4137 discite
1199 4096 1227 4133 a
1262 4094 1345 4132 me
1371 4077 1651 4132 triduauos
1677 4085 1920 4132 mortuos
1948 4091 2054 4132 sus

495 4176 693 4230 citare!
740 4174 845 4227 Sed
876 4172 999 4241 quia
1052 4170 1322 4241 potentior
1350 4178 1433 4222 est
1462 4165 1786 4221 solidissima
1849 4166 2065 4222 humili-

501 4276 582 4319 tas
637 4280 797 4333 quant
846 4261 1218 4316 ventosissima
1252 4257 1535 4321 celsitudo,
1572 4256 1769 4310 idcirco
1808 4267 1858 4311 tu
1891 4258 2065 4312 humi-

498 4357 663 4410 litatis
694 4356 882 4409 doctor
909 4354 1155 4423 egregius
1182 4352 1358 4421 potius
1379 4350 1555 4403 dicere
1578 4346 1803 4402 voluisti
1830 4366 1843 4402 :
1870 4348 2066 4405 Discite

495 4461 524 4498 a
584 4462 669 4499 ttte
724 4453 995 4509 nascente,
1052 4443 1335 4505 moriente,
1389 4437 1754 4508 pncdicaute,
1809 4438 2065 4493 miracula

496 4538 746 4599 faciente,
784 4536 907 4605 quia
965 4535 1110 4587 mitis
1180 4547 1298 4586 smn
1363 4540 1418 4583 et
1477 4529 1694 4589 humilis
1731 4531 1910 4587 corde.
1947 4530 1991 4585 0
2019 4530 2063 4584 si

494 4629 671 4682 cordis
708 4628 810 4680 ntei
867 4626 1051 4679 itttinta
1102 4639 1418 4693 aspergeres
1474 4624 1724 4695 hyssopo,
1775 4624 1876 4680 hoc
1918 4631 2066 4678 certe

484 4720 611 4782 tibi,
644 4710 732 4787 qui
763 4733 821 4772 es
851 4718 1153 4772 firmissima
1181 4725 1355 4784 petra,
1384 4715 1618 4781 Christe,
1653 4700 1761 4771 toto
1788 4714 1952 4773 corde
1978 4730 2066 4768 ra-

498 4808 691 4861 dicitus
733 4808 1082 4866 adhrcrerem,
1136 4806 1206 4858 ita
1252 4805 1392 4873 quod
1437 4821 1573 4860 unus
1608 4807 1839 4875 spiritus
1891 4820 2064 4860 essent

500 4909 699 4960 tecum,
748 4906 802 4950 et
842 4912 948 4965 prie
995 4896 1188 4963 gaudio
1236 4895 1619 4959 cxclamarem,
1648 4897 1790 4966 quod
1821 4895 1914 4950 libi
1962 4895 2068 4950 Do-

498 4992 644 5042 mino
668 5001 786 5040 meo
811 4987 1003 5039 bonum
1046 4997 1127 5039 est
1157 4987 1455 5041 adhmrere.
1485 4986 1550 5041 Et
1583 4988 1704 5057 quia
1737 4987 1855 5044 hac
1880 4988 2065 5058 hysso-

496 5095 595 5149 pus
625 5088 709 5132 est
745 5075 936 5130 inflatis
963 5076 1211 5129 omnibus
1242 5078 1400 5131 nobis
1444 5093 1597 5147 opus,
1631 5078 1834 5153 idcirco
1865 5087 1941 5141 te,
1979 5078 2065 5131 cui

496 5171 777 5227 humilium
807 5176 863 5221 et
888 5175 1288 5245 mansnetorum
1341 5184 1550 5237 semper
1576 5170 1778 5241 placuit
1807 5171 2067 5241 depreca—

498 5267 590 5327 tio,
623 5263 883 5331 deprecor
930 5256 1201 5313 humiliter
1230 5267 1284 5311 et
1315 5259 1523 5325 devote,
1554 5268 1613 5314 ut
1640 5276 1726 5315 me
1747 5260 1977 5315 interius
2014 5268 2068 5315 et

497 5356 731 5409 exterius
757 5350 996 5421 digneris
1024 5362 1308 5418 aspergere
1336 5349 1438 5403 hac
1470 5350 1720 5420 hyssopo,
1749 5361 1803 5405 et
1835 5350 2061 5405 munda-

499 5448 620 5511 hor,
650 5463 711 5500 ac
742 5447 951 5515 penitus
987 5442 1320 5497 emundabor
1352 5457 1380 5495 a
1414 5440 1607 5495 delicto
1638 5442 1896 5505 maximo,
1924 5440 2065 5510 quod

500 5538 869 5604 estsupcrhia,
898 5551 1014 5604 quae
1043 5534 1183 5589 inter
1206 5548 1398 5603 magna
1422 5547 1527 5589 non
1556 5531 1729 5590 solum
1755 5531 1946 5601 majus,
1971 5531 2065 5585 sed

2172 3006 2377 3068 strepat
2416 2999 2547 3054 foris
2592 3000 2843 3067 mundus,
2894 3010 2948 3055 et
2980 3000 3264 3063 audiendo,
3298 3001 3540 3070 qumdam
3567 3001 3619 3054 in
3642 3016 3740 3055 cor

2171 3104 2347 3143 meum
2368 3091 2567 3145 veritas
2612 3090 2902 3146 iudicibilis
2947 3091 3246 3159 eliquatur;
3286 3108 3427 3161 quae,
3458 3092 3588 3147 situ
3628 3106 3734 3146 non

2170 3191 2249 3242 es,
2295 3178 2477 3249 nescio
2524 3177 2651 3246 quid
2699 3178 2788 3232 sit.
2847 3178 2891 3234 0
2920 3181 3305 3245 ,secretissinte
3355 3180 3548 3235 animae
3602 3194 3737 3235 mete

2170 3280 2383 3335 sponse,
2438 3266 2523 3321 fac
2571 3280 2655 3321 me
2684 3267 2869 3323 audire
2907 3269 3133 3324 interius
3189 3270 3239 3322 in
3284 3269 3497 3325 silentio
3542 3285 3731 3326 vocem

2170 3355 2349 3421 istam,
2399 3364 2455 3409 ut
2500 3357 2652 3425 quasi
2681 3357 2888 3411 amicus
2913 3360 3091 3427 sponsi
3135 3358 3259 3413 item
3289 3374 3392 3413 non
3422 3360 3611 3414 cadam
3639 3377 3738 3430 per

2128 3445 2583 3514 “multiloquium,
2633 3455 2691 3501 et
2735 3447 2932 3515 gaudio
2978 3448 3238 3517 gaudeam
3291 3458 3509 3519 propter
3548 3464 3735 3504 vocem

2166 3537 2379 3605 sponsi;
2419 3537 2492 3591 ita
2542 3538 2683 3606 quod
2720 3539 2897 3592 aninta
2930 3555 3071 3607 mea,
3110 3552 3240 3609 qua!
3258 3541 3433 3595 adhuc
3477 3551 3561 3596 est
3578 3541 3735 3609 quasi

2167 3630 2254 3683 nix
2280 3630 2331 3684 in
2356 3638 2538 3684 monte
2558 3630 2823 3698 superbim
2842 3630 3140 3700 congelata,
3172 3631 3238 3685 ad
3262 3630 3493 3684 calorem
3524 3631 3595 3683 tui
3625 3630 3737 3685 elo-

2182 3719 2298 3789 luii,
2342 3721 2485 3790 quod
2534 3719 2883 3773 vehementer
2937 3719 3163 3789 ignitum
3209 3728 3316 3782 est,
3368 3718 3649 3789 liquefacta
3679 3719 3736 3774 in

2153 3808 2357 3867 vallem
2404 3808 2727 3863 humilitatis
2761 3808 3009 3865 celeriter
3036 3817 3091 3863 et
3130 3808 3374 3863 hilariter
3403 3804 3735 3865 condescen-

2184 3896 2276 3950 lat.
2331 3898 2396 3951 Et
2446 3899 2776 3952 exsultabant
2828 3914 2946 3952 ossa
3002 3897 3301 3952 humilium.
3354 3898 3489 3953 Ossa
3544 3899 3737 3954 anima:

2165 4003 2318 4054 mem,
2345 3990 2586 4057 Domine,
2635 4001 2759 4045 sunt
2792 3991 3038 4055 virtutes,
3085 3990 3281 4058 quibus
3332 3991 3444 4059 ipsa
3482 3990 3736 4057 interius,

2150 4079 2304 4134 ‘sicut
2330 4096 2525 4151 corpus
2562 4080 2800 4135 exterius
2828 4081 3044 4135 ossibus
3092 4089 3461 4150 supportatur,
3497 4090 3550 4133 ttt
3590 4090 3738 4135 stare

2167 4172 2332 4240 possit
2353 4172 2489 4242 Zante
2527 4180 2578 4225 te
2621 4186 2781 4240 supra
2814 4172 2977 4241 pedes
3019 4169 3327 4235 all‘ectumn,
3384 4186 3451 4225 ne
3500 4171 3734 4227 labatur.

2096 4273 2142 4331 ί)
2169 4262 2246 4316 Τιι
2271 4270 2473 4328 autem,
2516 4262 2675 4325 Deus,
2729 4262 2819 4331 qui
2851 4260 3031 4315 omnia
3068 4261 3227 4324 nosti,
3264 4260 3372 4314 scis
3400 4262 3477 4330 (et
3506 4275 3605 4327 ego
3636 4276 3738 4316 nec

2168 4355 2289 4408 volo
2313 4355 2425 4416 lilii,
2471 4369 2577 4425 nec,
2618 4354 2809 4410 audeo.
2864 4368 2961 4406 nec
2996 4353 3148 4405 valeo
3183 4350 3417 4422 diliiteri)
3454 4353 3592 4422 qttml
3624 4354 3738 4407 lucc

2167 4448 2358 4511 animat
2390 4462 2520 4501 mcic
2549 4462 2669 4499 ossa
2697 4445 2894 4513 pluries
2924 4442 3219 4511 dissipasti,
3250 4459 3368 4509 qua:
3398 4442 3609 4513 placere
3641 4444 3738 4496 lto-

2167 4538 2399 4592 ntinihus
2423 4538 2753 4607 quaesierunt
2802 4535 2975 4605 adeo,
3012 4534 3153 4604 quod
3200 4534 3422 4589 medella
3468 4535 3561 4606 (ita
3610 4535 3729 4589 cod.

2166 4627 2427 4697 archaice)
2463 4626 2784 4688 devotionis,
2833 4640 2860 4676 a
2891 4638 2996 4692 qua
3030 4633 3197 4676 totum
3229 4624 3535 4693 concipiunt
3569 4625 3736 4678 robur

2166 4733 2346 4780 sumu,
2386 4718 2534 4770 arida
2586 4726 2668 4771 est
2714 4725 2769 4770 et
2812 4716 3077 4781 sicca,ita
3108 4715 3375 4784 utpossint
3403 4715 3583 4769 dicere
3610 4730 3734 4768 cunt

2167 4803 2465 4874 propheta:
2507 4803 2639 4858 Ossa
2688 4819 2801 4856 utea
2845 4804 2984 4857 sicut
3021 4805 3281 4857 cremium
3310 4814 3586 4857 aruerunt.
3627 4804 3733 4858 Sed

2168 4894 2289 4963 quia
2336 4904 2388 4947 ttt
2436 4909 2495 4947 es
2550 4894 2687 4946 Deus
2737 4892 3016 4956 virtutum,
3075 4892 3230 4959 cujus
3260 4908 3319 4947 os
3352 4894 3431 4947 vel
3477 4894 3644 4954 virtus
3678 4895 3732 4949 itt

2166 5000 2326 5040 cruce
2358 5001 2461 5039 non
2492 4985 2611 5050 fuit,
2658 4984 2949 5038 confractis
2985 4984 3210 5039 aliorum
3244 4984 3468 5037 duorum
3496 4986 3733 5051 ossibus,

2167 5078 2574 5142 comminutum,
2601 5077 2802 5129 idcirco
2845 5075 3085 5144 supplico
3111 5084 3213 5127 tua:
3236 5074 3488 5129 ineffabili
3521 5076 3732 5144 pietati,
3770 5108 3778 5115 ε

2168 5178 2225 5222 ιιι
2251 5169 2316 5223 de
2347 5170 2560 5225 excelso
2587 5171 2760 5238 ignem
2788 5168 2988 5224 amoris
3018 5166 3090 5218 tui
3116 5166 3167 5218 in
3193 5166 3405 5221 ossibus
3437 5168 3570 5220 meis
3597 5168 3730 5220 mit-

2169 5267 2269 5318 tas,
2301 5258 2423 5326 quia
2460 5259 2550 5311 tibi
2580 5258 2676 5311 soli
2714 5257 2963 5312 desidero
3002 5254 3138 5306 bene
3170 5254 3380 5323 placitis
3421 5254 3632 5312 actibus
3664 5253 3735 5309 de

2169 5358 2359 5402 cmtero
2393 5350 2744 5419 complaccre,
2778 5358 2835 5400 ιιι
2876 5343 3183 5401 holocausta
3225 5345 3316 5398 tibi
3354 5344 3573 5398 oderam
3611 5359 3729 5398 me-

2169 5439 2365 5492 dullata
2399 5458 2410 5491 :
2443 5450 2495 5493 et
2522 5441 2599 5495 sic
2627 5440 2877 5509 prredirta
2909 5440 3101 5493 anima:
3136 5451 3267 5490 mete
3303 5450 3423 5489 ossa
3456 5434 3731 5488 hutniliata

2166 5543 2263 5597 per
2304 5530 2665 5599 aspersionem
2720 5528 2965 5599 hyssopi,
3024 5537 3075 5581 et
3134 5518 3383 5594 gaudium
3434 5522 3582 5575 vocis
3627 5529 3733 5576 tute
