4200 6234
487 151 587 203 837

1575 145 1942 203 MEDITATIO
1983 146 2044 200 iN
2084 145 2276 202 PSAL.
2317 147 2676 202 MISERICRE.

3611 164 3712 215 638

487 264 687 318 auditui
719 264 1054 330 mandatum,
1087 264 1138 320 in
1167 271 1241 327 te,
1279 245 1532 330 Domine,
1561 260 1897 316 evsultabunt
1920 277 2049 333 gau~
2081 267 2126 322 Α
2157 259 2272 314 cius
2300 269 2459 326 atque
2489 260 2747 325 vivacius,
2797 278 2848 314 ιιι
2881 275 2940 316 es
2967 276 3060 318 cor
3093 274 3148 318 et
3194 266 3298 318 vita
3341 267 3531 320 anima:
3563 285 3711 335 mese,

486 352 576 406 dio
605 368 800 419 magno
827 353 999 408 valde.

552 442 628 499 25
653 442 747 510 (γ.
779 443 888 512 ll.)
917 444 981 497 Et
1013 453 1077 497 ne
1110 444 1220 498 lucc
1243 446 1528 500 exsultatio
1561 448 1624 502 de
1652 459 1848 505 ca‘tero
1874 451 1923 503 in
1953 448 2048 502 tri-

487 531 687 589 stitiam
732 542 1097 601 convertatur,
1136 543 1304 590 averte
1343 535 1526 600 facient
1565 550 1705 591 tutam
1751 557 1782 592 (ι
1827 538 2048 608 peccatis

487 621 631 674 meis.
669 619 938 674 Hactenus
977 621 1300 674 mentionem
1353 623 1442 677 tibi
1495 624 1616 689 feci,
1657 627 1871 680 domine
1908 625 2048 680 Deus

489 725 661 774 lllCllS,‘
691 713 755 763 de
808 726 910 764 una
943 711 1244 778 iniquitate,
1291 722 1345 768 et
1382 715 1446 769 de
1482 731 1587 769 uno
1625 728 1877 785 peccato,
1909 717 2048 785 quod

485 809 567 854 est
619 801 868 868 superbia
910 811 965 854 et
1009 804 1310 871 arrogantia
1368 821 1582 876 magna,
1625 810 1692 864 de.
1737 825 1841 878 qua
1889 811 2048 864 timeo

489 889 618 941 mihi
651 889 822 950 valde,
855 892 1137 944 attendens
1169 894 1309 962 quod
1353 910 1451 949 nec
1489 899 1920 964 superbientibus
1957 913 2052 952 an-

487 978 618 1046 gelis
646 980 947 1047 pepercisti,
983 984 1080 1060 sed
1127 982 1272 1037 illum
1316 984 1551 1050 Cberob,
1583 972 1816 1057 quierat
1865 989 2046 1056 signa-

485 1066 664 1121 culum
703 1069 1084 1133 similitudin’s,
1121 1072 1308 1142 plenus
1354 1077 1633 1144 sapientia,
1685 1086 1738 1131 ct
1786 1075 2051 1146 perfectus

487 1158 702 1219 decore,
734 1169 951 1243 propter
991 1165 1294 1229 superbiam
1348 1164 1415 1218 de
1459 1165 1663 1220 deliciis
1706 1161 1936 1235 paradisi
1985 1170 2050 1223 ad

481 1246 690 1301 inferos
730 1249 1026 1304 detraxisti.
1082 1251 1146 1306 Et
1194 1253 1394 1307 idcirco
1437 1269 1465 1307 a
1517 1262 1586 1318 te,
1639 1254 1880 1319 Domine,
1927 1261 2048 1327 petii

487 1346 595 1390 tam
641 1339 924 1405 instanter,
975 1351 1032 1396 ut
1061 1344 1223 1401 .hanc
1287 1344 1622 1413 iniquitatem
1671 1355 1724 1400 et
1771 1359 2049 1417 peccatum

489 1446 664 1485 meum
718 1434 942 1500 deleres,
987 1435 1213 1501 lavares,
1261 1439 1580 1500 mundares,
1626 1441 1748 1507 quia
1791 1444 2048 1498 maculam

485 1516 639 1573 valde
676 1519 962 1574 luerentcm
1013 1522 1063 1575 in
1096 1524 1271 1580 anima
1300 1543 1413 1582 mea
1452 1531 1656 1585 fecerit.
1692 1530 1840 1587 Nunc
1871 1542 2048 1586 autem

463 1611 608 1687 [quia
639 1613 874 1681 intelligo
899 1618 1040 1685 quod
1083 1631 1146 1671 ex
1183 1619 1279 1672 hoc
1312 1631 1533 1686 peccato
1584 1638 1702 1677 meo
1731 1633 1985 1692 tanquam
2023 1639 2048 1675 a

477 1703 712 1769 quadam
740 1704 998 1759 virulenta
1028 1707 1229 1772 radice,
1257 1709 1424 1780 multa.
1445 1711 1495 1764 in
1526 1726 1610 1765 me
1633 1721 1846 1781 peccata
1873 1722 1926 1765 et
1952 1713 2052 1765 ini-

484 1791 720 1859 quitatcs
750 1794 868 1849 alia:
913 1781 1260 1865 pullularunt,
1293 1814 1417 1853 cum
1450 1800 1902 1868 omnis’superbia
1934 1799 2052 1851 fon-

485 1885 794 1960 dameutum
833 1896 890 1941 et
911 1887 1122 1942 initium
1163 1891 1478 1960 sitpeccati,
1502 1901 1554 1944 et
1572 1890 1826 1958 angelum
1863 1899 1916 1943 et
1951 1890 2046 1944 bo-

483 1958 686 2029 mineni
705 1986 1013 2045 apostatare
1033 1995 1060 2033 a
1100 1989 1152 2034 te
1180 1981 1368 2035 fecerit
1397 1982 1622 2036 nimium
1654 1968 2048 2053 imprudenter;

484 2061 604 2116 ideo
631 2064 854 2132 imploro
881 2066 1156 2121 lunuiliter
1189 2077 1356 2134 tuam,
1392 2072 1550 2137 Deus,
1589 2072 1907 2129 ineffabilem
1939 2074 2050 2142 pic-

487 2160 672 2217 tatem,
717 2169 782 2208 ne
821 2153 1000 2208 laetitia
1035 2165 1089 2210 et
1122 2159 1429 2226 exsultatio,
1459 2176 1593 2230 quas
1621 2163 1822 2218 anditui
1855 2173 2051 2218 meoet

485 2241 779 2299 bumiliatis
807 2246 1018 2301 ossibus
1053 2247 1186 2303 meis
1215 2248 1492 2317 infudisti,‘
1521 2252 1573 2306 in
1622 2252 1914 2313 lameutmn
1964 2254 2045 2308 vel

487 2345 672 2387 vocem
694 2331 930 2388 flentium
953 2348 1318 2392 convertatur.
1341 2331 1539 2395 Averte
1568 2340 1757 2396 faciem
1785 2351 1928 2396 tuam
1944 2358 2048 2396 non

477 2419 658 2475 solum
703 2422 770 2475 ab
801 2421 890 2477 illo
934 2434 1153 2500 peccato
1191 2441 1309 2481 meo
1355 2429 1638 2496 superbiat,
1675 2429 1766 2484 sed
1791 2429 1952 2500 etiam
1983 2431 2050 2484 ab

483 2503 740 2563 omnibus
767 2497 1003 2578 peccatis
1032 2513 1167 2567 meis
1193 2531 1205 2567 :
1227 2503 1311 2568 ita
1348 2523 1528 2571 tamen
1552 2518 1692 2587 quod
1718 2533 1747 2571 a
1787 2507 1872 2572 me
1905 2528 2047 2572 tuam

484 2595 678 2653 faciem
722 2617 825 2654 non
862 2613 1096 2668 avertas,
1137 2608 1225 2676 qui
1262 2607 1313 2659 in
1363 2608 1475 2662 hac.
1510 2609 1616 2662 vita
1645 2609 1764 2664 volo
1808 2625 2048 2678 quaerere

487 2696 630 2740 tuam
675 2687 885 2755 faciem,
937 2691 1034 2744 hoc
1069 2703 1148 2746 est
1187 2693 1478 2762 jucundam
1515 2698 1850 2765 prmsentiam
1901 2709 2044 2750 tuam

486 2793 712 2854 semper.
763 2779 890 2834 Scio
919 2784 1082 2846 enim,
1120 2783 1366 2846 Domine,
1405 2787 1525 2854 quia
1563 2796 1649 2838 tua
1684 2787 1847 2841 facies
1877 2787 1927 2840 in
1959 2785 2044 2854 ju-

483 2867 592 2923 bllo
618 2871 1019 2940 contemplatur,
1046 2883 1103 2926 et
1140 2874 1183 2928 si
1207 2889 1326 2927 eam
1352 2876 1670 2939 ostemleris,
1704 2876 1882 2931 salvus
1907 2892 1999 2930 ero
2028 2895 2040 2930 :

2153 349 2320 414 Deus;
2375 352 2464 420 qui
2504 351 2740 420 quandiu
2774 355 2939 420 ipsam
2971 353 3201 419 habitas,
3247 357 3351 410 vita
3383 361 3571 427 gratia:
3613 369 3715 415 tua:

2152 440 2308 505 vivit,
2337 451 2512 508 gustat
2555 441 2907 510 spiritualitcr
2942 445 3114 498 dulcia
3146 457 3199 501 et
3252 465 3430 504 amara
3458 467 3472 504 :
3516 469 3637 506 nam
3664 457 3714 510 ei

2149 529 2456 584 dulcescunt
2490 531 2732 595 cmlestia
2779 541 2832 584 ct
2878 533 3123 598 virtutes,
3167 545 3218 588 et
3259 547 3469 592 terrena
3495 556 3558 596 ac
3581 544 3711 596 vitia

2151 629 2270 673 sunt
2308 635 2508 674 amara.
2551 623 2613 676 Et
2655 623 2818 676 etiam
2859 626 3010 693 quasi
3045 643 3206 680 unum
3237 631 3447 698 mystici
3473 637 3716 702 corporis

2152 712 2224 763 tui
2259 711 2575 775 membrum,
2604 713 2645 766 si
2673 715 3028 784 prOSporitate
3051 719 3413 771 membrorum
3439 721 3578 774 aliud
3603 725 3715 792 glo-

2155 801 2343 864 riatur,
2375 804 2702 870 congaudet;
2756 814 2810 858 et
2842 808 2882 859 si
2918 806 3298 862 adversitatem
3325 812 3545 879 patitur,
3584 829 3718 882 quo-
3793 829 3810 842 ’-

2152 889 2270 969 diam
2306 893 2692 960 compassionis
2741 897 3021 964 participio
3069 899 3387 954 molestatur
3427 913 3480 957 et
3524 903 3713 958 dolet:

2154 971 2214 1032 Et
2237 981 2313 1034 sic
2342 982 2574 1034 animam
2602 998 2772 1036 meam
2802 987 2976 1039 sentio
3005 1004 3100 1041 cor
3122 990 3338 1046 habere.
3365 992 3499 1046 Cum
3535 1005 3713 1049 autem

2151 1077 2367 1135 propter
2399 1068 2707 1136 iniquitates
2739 1088 2887 1124 meas
2930 1075 2994 1126 ab
3025 1076 3200 1128 anima
3231 1096 3343 1131 tinea
3375 1081 3536 1134 fueris
3565 1099 3715 1152 sepa-

2147 1168 2319 1221 ratus,
2350 1165 2609 1214 tunc.nee
2641 1161 2822 1224 vitam,
2860 1178 2954 1215 uec
3004 1180 3271 1232 saporem,
3303 1183 3396 1221 nec
3437 1157 3712 1237 gaudium,

2154 1262 2249 1299 nec
2305 1247 2540 1303 dolerent
2593 1251 2760 1302 sentit
2791 1252 2867 1304 vel
2907 1253 3068 1307 habet
3097 1270 3259 1323 super
3286 1256 3464 1326 aliquo
3491 1260 3555 1312 de
3592 1277 3712 1328 pro.

2157 1337 2352 1401 missis,
2383 1338 2475 1391 sed
2508 1337 2650 1392 velut
2678 1350 2885 1393 mortua
2917 1343 3030 1396 sine
3054 1344 3218 1398 corde
3244 1346 3294 1397 in
3327 1341 3504 1400 loculo’
3523 1363 3715 1418 corpo-

2157 1425 2229 1478 ris
2259 1427 2340 1478 sui
2382 1425 2548 1494 jacet,
2585 1435 2639 1481 et
2671 1437 2797 1481 tunc
2845 1445 2969 1483 vere
3003 1441 3176 1499 potest
3221 1433 3403 1488 dicere
3443 1451 3564 1488 cum
3596 1451 3720 1504 pro-

2151 1515 2309 1581 pheta
2340 1511 2484 1565 :Cor
2517 1529 2692 1568 mequ
2726 1515 3044 1586 dcrcliuquit
3076 1534 3187 1582 me;
3223 1533 3268 1573 et
3300 1524 3441 1590 quod
3475 1523 3613 1578 facta
3637 1533 3720 1578 est

2088 1613 2127 1664 Β
2159 1605 2311 1674 quasi
2341 1599 2586 1659 columba
2617 1609 2836 1660 seducta
2871 1622 2973 1660 nou
3006 1609 3208 1662 habens
3230 1626 3345 1663 cor.
3385 1611 3448 1664 Et
3476 1628 3599 1667 vere
3626 1614 3722 1667 mi-
3805 1685 3822 1690 _

2142 1697 2463 1751 serabiliter
2505 1698 2756 1774 seductus
2788 1709 2870 1752 est
2915 1700 3090 1794 erupis
3139 1699 3320 1764 homo,
3364 1703 3454 1771 qui
3499 1715 3721 1774 pr0pter

2156 1779 2284 1840 tanti
2308 1797 2362 1841 et
2391 1788 2718 1843 taliscordis
2769 1779 3029 1856 inopiam"
3049 1791 3281 1844 animam
3307 1809 3478 1847 suam
3515 1796 3716 1863 perdit.

2153 1877 2286 1931 Nam
2331 1876 2429 1932 hoc
2455 1889 2534 1933 est
2582 1894 2679 1949 pro
2711 1879 2897 1941 nihilo,
2929 1879 3030 1933 hoc
3063 1890 3144 1934 est
3172 1898 3268 1950 pro
3302 1893 3543 1952 peccato,
3575 1887 3718 1954 quod

2152 1981 2280 2020 vere
2305 1966 2438 2020 nihil
2463 1977 2568 2033 est,
2600 1975 2698 2037 pro
2728 1983 2834 2038 quo
2871 1968 3038 2036 nihilo
3073 1972 3211 2039 perit
3236 1987 3329 2025 cor
3352 1973 3498 2042 impii
3532 1989 3720 2042 pecca-

2155 2059 2304 2112 toris.
3697 2111 3702 2115 .

2219 2147 2308 2200 ‘25.
2346 2147 2410 2200 Et
2435 2147 2536 2201 heu
2567 2148 2719 2213 mihi,
2750 2148 2966 2203 domine
2989 2151 3126 2205 Deus
3160 2167 3332 2215 meus,
3362 2152 3479 2207 siue
3514 2162 3590 2217 te,
3624 2169 3720 2223 per

2151 2241 2308 2306 quem
2339 2239 2519 2291 omnia
2567 2238 2705 2292 facta
2738 2247 2886 2305 sunt,
2916 2255 2945 2294 a
2977 2257 3062 2295 me
3098 2240 3298 2296 factum
3328 2254 3412 2299 est
3454 2245 3592 2300 istud
3626 2246 3716 2302 ni-

2151 2327 2247 2391 hil,
2275 2337 2324 2381 et
2357 2343 2452 2397 pro
2481 2329 2585 2387 isto
2613 2329 2781 2382 nihilo
2829 2332 2984 2398 perii,
3019 2330 3072 2386 et
3101 2335 3165 2386 ad
3201 2333 3428 2388 nihilum
3461 2338 3714 2391 redactus

2151 2432 2266 2470 sum
2292 2425 2342 2469 et
2392 2417 2615 2470 nescivi.
2649 2416 2760 2477 Sed
2801 2428 2878 2482 tu,
2929 2429 3145 2474 creator
3169 2423 3409 2476 omnium
3440 2425 3601 2488 Dens,
3627 2427 3718 2496 qui

2149 2505 2216 2560 de
2244 2506 2412 2560 nihilo
2443 2516 2636 2562 concta
2667 2509 2884 2574 creasti,
2907 2525 3000 2564 cor
3024 2513 3277 2566 mundum
3304 2528 3426 2568 crea
3456 2515 3506 2568 in
3538 2517 3716 2570 anima

2150 2597 2478 2674 mga,Deus,
2530 2600 2596 2652 ad
2651 2591 2906 2667 ipsam‘iu
2961 2600 3347 2662 misericordiis
3397 2606 3718 2660 revertendo

2147 2687 2509 2756 suspirautcm
2562 2697 2616 2741 et
2646 2688 2980 2764 clamantem
3003 2690 3070 2742 ad
3100 2699 3189 2744 te:
3220 2693 3490 2748 Velociter
3522 2696 3716 2750 exaudi

2146 2790 2254 2840 me,
2291 2775 2555 2830 Domine:
2606 2777 2802 2833 defecit
2847 2777 3083 2848 Spiritus
3133 2796 3326 2847 meus;
3384 2800 3452 2838 ne
3500 2797 3718 2841 avertas

2145 2879 2271 2934 ergo
2296 2877 2477 2930 aurem
2508 2868 2649 2918 tuam
2673 2881 2702 2918 a
2729 2865 2961 2936 singultu
2997 2881 3135 2944 meo,
3165 2869 3257 2922 sed
3279 2869 3496 2937 propter
3523 2883 3715 2926 temet-

2093 2933 2224 2959 V_'
2379 2952 2411 2959 λ
2821 2933 2913 2959 ⁷,

485 2969 759 3014 avertente
793 2972 970 3015 autem
1025 2973 1075 3017 te
1129 2964 1315 3023 faciem
1351 2977 1495 3020 tuam
1529 2981 1557 3018 τι
1601 2982 1707 3029 me,
1745 2966 2044 3021 inconsola-

2149 2954 2347 3022 ipsmn,
2379 2952 2542 3016 Dens,
2580 2963 2633 3008 et
2680 2955 2913 3023 propter
2939 2939 3134 3009 nomen
3163 2965 3410 3011 sanctum
3440 2968 3588 3013 tuum
3629 2976 3714 3016 re-

486 3045 668 3100 biliter
697 3051 1074 3104 conturbabor.
1116 3050 1191 3106 Ne
1224 3063 1436 3108 avertas
1470 3055 1648 3122 igitur,
1694 3053 1836 3109 Deus
1872 3071 2040 3117 meus,

482 3135 680 3189 faciem
712 3148 853 3190 tuam
888 3154 917 3193 a
965 3155 1080 3204 me;
1109 3142 1200 3195 sed
1229 3157 1258 3195 a
1294 3145 1529 3211 pet-catis
1559 3145 1690 3198 meis
1715 3155 1948 3207 avertas.
1980 3161 2046 3198 ne

487 3223 963 3282 auimadvertemlo
994 3230 1045 3284 in
1073 3245 1179 3294 me,
1207 3233 1395 3298 punias
1426 3248 1512 3287 me
1547 3247 1642 3302 pro
1674 3235 1777 3300 illis
1807 3252 1820 3289 :
1865 3251 1893 3288 a
1923 3237 2042 3306 qui-

482 3311 586 3367 bus
607 3327 847 3381 aversus,
875 3325 929 3380 et
955 3333 1074 3386 qua:
1094 3333 1192 3389 ego
1221 3322 1411 3386 habeo,
1435 3332 1488 3377 et
1518 3324 1724 3377 habebo
1737 3324 1802 3378 de
1824 3335 2043 3390 castore.

485 3407 540 3455 te
568 3401 808 3470 juvante,
837 3406 902 3459 ad
931 3415 982 3460 te
1011 3407 1198 3462 faciem
1241 3425 1412 3465 meam
1439 3411 1824 3484 [convertam],
1857 3424 1914 3467 ut
1965 3414 2045 3468 fu-

485 3489 626 3558 giant
653 3506 713 3544 ea
761 3509 994 3562 semper.
1043 3496 1108 3550 Et
1151 3515 1324 3553 annue:
1349 3501 1648 3569 iniquitates
1676 3505 1812 3555 meas
1843 3502 1954 3578 dele
1980 3503 2046 3556 de

466 3577 675 3634 .notit'i'a
711 3591 820 3646 tua,
865 3584 1022 3651 Deus,
1052 3595 1107 3640 et
1137 3575 1368 3643 radicem
1406 3599 1460 3642 et
1490 3590 1795 3658 progeniem
1835 3601 1889 3644 et
1926 3575 2045 3660 ger-

488 3681 630 3730 men,
651 3669 790 3723 sicut
808 3673 1025 3727 υιιιιιίιιο
1044 3674 1228 3729 delesti
1255 3677 1564 3730 memoriam
1594 3670 1842 3732 Amalech
1863 3679 1927 3733 de
1948 3679 2045 3732 sub

486 3755 643 3811 caelo.
679 3791 687 3801 -
827 3759 834 3766 ’

426 3851 430 3854 ’
467 3889 474 3894 .
546 3846 645 3902 ει.
680 3849 773 3917 (γ.
809 3850 919 3919 l2.)
954 3853 1015 3906 Et
1045 3853 1233 3908 deletis
1269 3856 1403 3908 meis
1449 3855 1815 3924 iniquitatibus
1843 3867 1896 3910 et
1925 3872 2044 3926 pec-

487 3937 644 3999 catis,
669 3953 758 3992 cor
781 3943 1032 3996 mundum
1075 3960 1190 3997 crca
1232 3946 1285 3998 in
1313 3961 1408 4007 me,
1443 3945 1598 3999 Deus.
1628 3944 1670 4000 Ο
1700 3947 1837 4000 Deus
1867 3948 2046 4001 cordis

489 4027 616 4091 mei,
642 4029 731 4096 qui
767 4031 1092 4087 intellectura
1142 4035 1239 4088 das
1283 4036 1550 4114 parvulis,
1584 4038 1654 4102 da
1684 4038 1812 4092 mihi
1852 4038 2046 4092 intelli-

488 4132 614 4185 gere
639 4119 737 4172 hoc
765 4139 778 4173 :
824 4123 967 4176 intus
1000 4124 1165 4191 legem
1204 4135 1350 4194 peto,
1392 4135 1450 4181 ut
1478 4142 1576 4181 cor
1610 4129 1865 4182 mundum
1893 4143 2046 4181 crees

2145 3051 2372 3097 vertere
2410 3044 2475 3095 ad
2517 3043 2750 3096 animam
2803 3059 2998 3106 meam,
3029 3053 3088 3097 ut
3134 3045 3280 3098 vivat
3313 3064 3326 3099 τ
3393 3055 3446 3099 ιιι
3487 3064 3546 3103 es
3573 3052 3715 3104 enim

2145 3133 2359 3201 proprie
2384 3134 2654 3201 proprium
2683 3147 2777 3188 cor
2803 3134 2972 3203 ipsius
2998 3145 3054 3189 et
3083 3137 3212 3190 vita.
3236 3137 3376 3208 Ergo
3404 3139 3715 3195 misericor-

2148 3223 2389 3286 dissime,
2440 3224 2824 3286 secretissime,
2859 3226 3065 3291 intime,
3092 3227 3183 3298 qui
3219 3230 3458 3283 custodis
3501 3241 3717 3299 pactum

2147 3322 2200 3366 et
2250 3313 2673 3367 misericordiam
2723 3315 2897 3368 servis
2941 3317 3077 3381 tuis;
3108 3319 3198 3387 qui
3250 3320 3542 3386 promisisti
3579 3324 3720 3391 quod

2145 3403 2304 3456 dares
2341 3405 2494 3456 nobis
2519 3420 2613 3456 ροι-
2640 3420 2856 3469 novum,
2893 3415 2947 3460 et
2986 3409 3235 3475 spiritum
3262 3424 3460 3464 novum
3492 3429 3723 3482 poneret

2147 3492 2198 3546 in
2236 3493 2410 3546 medio
2457 3493 2650 3557 nostri,
2683 3495 2726 3546 si
2761 3495 3057 3552 rediremus
3104 3499 3171 3551 ad
3199 3513 3325 3564 cor;
3359 3511 3413 3553 et
3443 3502 3720 3569 plautares

2147 3579 2286 3651 [cod.
2319 3573 2609 3651 plorantes}
2647 3598 2745 3638 nos
2779 3583 2831 3639 in
2880 3586 3041 3638 corde
3070 3593 3180 3651 tuo,
3228 3596 3283 3641 et
3312 3587 3364 3642 in
3398 3591 3577 3645 anima
3624 3603 3713 3648 tua

2145 3680 2276 3724 tota.
2305 3669 2376 3722 Da
2424 3680 2477 3724 te
2524 3673 2694 3725 solum
2732 3673 2889 3736 mihi,
2913 3681 2968 3726 et
2995 3682 3044 3727 te
3073 3675 3123 3727 in
3149 3676 3326 3730 anima
3359 3694 3474 3732 mea
3512 3681 3712 3749 planta,

2145 3770 2197 3813 et
2249 3761 2435 3826 plruus
2487 3777 2624 3814 sum.
2669 3762 2780 3831 Ego
2825 3773 3004 3817 autem
3036 3766 3429 3832 prrevaricator,
3454 3771 3526 3824 ad
3558 3787 3717 3827 voca-

2105 3867 2107 3870 ‘
2151 3850 2344 3903 tionem
2372 3861 2517 3903 tuam
2566 3852 2741 3905 redire
2772 3853 2890 3904 volo
2918 3853 2982 3905 ad
3015 3869 3128 3917 cur,
3160 3855 3265 3908 hoc
3292 3868 3373 3911 est
3413 3859 3479 3912 ad
3519 3869 3590 3925 te,
3626 3862 3715 3930 qui
3786 3913 3788 3916 ,

2147 3955 2206 3993 es
2237 3956 2351 4004 cur,
2378 3957 2482 4009 quo
2514 3941 2662 4005 vivit,
2694 3943 2854 4009 sapit,
2887 3946 3104 4013 gaudet,
3127 3945 3293 4009 dolet,
3321 3947 3444 4012 scil,
3469 3950 3716 4020 intelligit

2149 4032 2326 4084 auium
2356 4029 2493 4094 mea,
2529 4033 2685 4085 Deus.
2717 4033 2781 4086 Et
2826 4034 2925 4087 hoc
2953 4044 3034 4088 est
3060 4049 3155 4088 cor
3193 4038 3468 4102 mundum,
3493 4041 3633 4108 quod
3659 4051 3717 4096 ut

2148 4139 2298 4178 crees
2313 4125 2364 4177 in
2385 4141 2485 4184 me,
2505 4127 2662 4184 Deus.
2693 4128 2952 4195 requiroa
2978 4136 3043 4180 te.
3076 4126 3454 4183 Verumtamen
3472 4115 3714 4197 attende,
3737 4140 3752 4148 ‘

486 4208 540 4258 in
564 4223 668 4272 me,
702 4211 839 4266 Dens
881 4231 895 4268 ε
927 4231 994 4268 ηρ
1029 4218 1071 4268 si
1104 4217 1303 4284 ρριῑριηο
1324 4219 1462 4286 (μιοά
1495 4219 1703 4287 ignaro,
1727 4219 1876 4273 dicas
1916 4219 2042 4272 mihi
2080 4241 2122 4299 υ
2153 4213 2393 4275 Doiiiine,
2444 4215 2891 4284 quotljntemlo:
2932 4231 3035 4268 non
3087 4226 3168 4271 est
3217 4218 3360 4270 enim
3403 4219 3717 4276 intentionis

437 4312 440 4315 '
485 4298 626 4362 quod
653 4299 840 4354 dixisti
883 4306 1038 4356 matri
1067 4306 1291 4359 filiorum
1320 4316 1373 4360 et
1403 4307 1526 4359 filiis
1549 4295 1788 4362 zeliedmi
1823 4308 2045 4363 :Nesci-

470 4387 554 4440 .tis
579 4389 704 4456 quid
736 4393 947 4459 petatis.
981 4393 1118 4446 Ecce
1143 4395 1283 4448 cutim
1315 4397 1434 4449 mali
1473 4380 1578 4450 non
1609 4406 1734 4450 sunt
1767 4399 1946 4452 mundi
1992 4399 2043 4453 in

485 4491 774 4548 conspectu
825 4492 933 4546 tuo,
982 4495 1036 4536 et
1085 4487 1135 4538 in
1185 4475 1390 4554 angelis
1443 4489 1646 4556 reperis
1690 4479 2060 4558 pravitatem,»

486 4581 688 4638 quanto
721 4573 896 4626 minus
940 4573 1099 4627 homo
1155 4577 1380 4644 putredo
1417 4587 1470 4630 et
1520 4578 1658 4632 filius
1697 4579 1813 4648 ejus
1850 4581 2046 4632 vermis

486 4662 685 4729 poterit
725 4663 906 4716 dicere
945 4679 958 4716 :
1013 4664 1262 4720 illundum
1307 4677 1388 4720 est
1443 4684 1538 4722 cor
1577 4670 1789 4734 meum!
1839 4670 1906 4723 Et
1940 4687 2044 4722 non

483 4759 694 4815 oportet
715 4755 799 4805 me
837 4754 1032 4807 habere
1060 4771 1171 4816 cor,
1227 4767 1279 4810 et
1308 4757 1434 4811 illud
1471 4758 1726 4812 mundum
1759 4771 2041 4828 antequam

483 4839 692 4894 videam
728 4854 797 4908 te,
829 4859 986 4912 quem
1029 4845 1122 4898 soli
1155 4847 1250 4900 viri
1279 4849 1485 4902 cordati
1509 4849 1783 4912 videbunt,
1812 4851 1900 4918 qui
1934 4849 2043 4902 fue-

489 4942 614 4982 runt
654 4935 851 4986 mundo
893 4936 1072 4989 corde.
1118 4936 1269 4992 Nunc
1314 4950 1516 5003 autem,
1567 4940 1656 4994 lux
1700 4939 2043 5007 intelligibilis

486 5019 662 5090 (cujus
701 5022 988 5078 invisibilia
1027 5041 1121 5094 per
1147 5042 1229 5090 ea,
1253 5044 1371 5096 qme
1421 5030 1558 5082 facta
1599 5039 1744 5092 sunt,
1776 5029 2042 5102 intellecta

491 5113 928 5183 conspiciuntur),
955 5115 1208 5186 intelligo,
1231 5129 1280 5172 te
1304 5119 1559 5188 magistro
1582 5119 1832 5172 iutin'oin
1858 5117 2039 5172 schola

410 5236 416 5241 .
449 5235 454 5239 -
492 5201 591 5255 mei
619 5203 853 5268 pectoris
884 5204 1068 5256 intime
1113 5223 1196 5260 me
1227 5209 1472 5271 docente,
1501 5208 1642 5276 quod
1683 5208 1822 5260 sicut
1847 5222 2041 5274 corpus

491 5307 688 5354 meum,
722 5293 906 5353 vitam,
938 5308 1203 5361 saporem,
1231 5297 1498 5364 gaudium,
1528 5308 1581 5352 et
1613 5298 1851 5352 dolorem
1881 5296 2053 5352 habet"

496 5395 518 5427 ,ι
543 5391 739 5429 carneo
764 5378 940 5430 cordis
965 5377 1142 5438 modo,
1165 5393 1270 5444 quo
1295 5393 1538 5446 separato
1561 5384 1626 5436 ab
1656 5383 1769 5451 ipso
1793 5399 2037 5452 corpore,

495 5467 736 5534 privatur
768 5467 830 5520 iis
858 5466 1104 5521 omnibus
1145 5468 1313 5535 ipsum
1358 5483 1576 5537 corpus;
1611 5474 1710 5540 sic,
1744 5474 1850 5528 imo
1890 5490 2037 5529 vera-

2151 4317 2298 4362 ιιιρτιε,
2334 4301 2471 4353 Deus
2501 4318 2667 4364 meus,
2686 4313 2868 4371 petere
2895 4319 2923 4356 τι
2959 4314 3030 4368 te,
3062 4305 3152 4374 qui
3184 4319 3397 4374 semper
3429 4322 3489 4360 es
3517 4324 3715 4364 creans

2147 4391 2346 4451 omnia,
2377 4408 2478 4443 non
2510 4402 2745 4456 creatus,
2776 4402 2836 4446 ut
2860 4403 2909 4446 te
2932 4409 3086 4448 crees
3109 4396 3160 4447 in
3187 4411 3300 4459 me;
3330 4411 3450 4449 cum
3484 4396 3535 4449 in
3569 4406 3714 4452 tuam

2145 4490 2398 4549 :eternam
2430 4481 2719 4534 essentiam
2761 4482 2964 4534 creatio
3013 4483 3152 4535 nulla
3201 4483 3394 4548 cadat;
3439 4488 3535 4539 sed
3563 4497 3710 4541 tuum

2145 4581 2386 4624 sanctum
2418 4557 2672 4640 Spiritum
2699 4571 2993 4625 emittenda
3018 4573 3068 4626 in
3096 4575 3302 4642 me,qui
3325 4575 3367 4627 si
3393 4575 3710 4630 charitateui

2147 4655 2250 4714 neu
2278 4661 2532 4725 habuero,
2567 4661 2698 4720 nihil
2742 4677 2884 4720 sum,
2922 4676 3008 4714 me
3034 4661 3098 4716 de
3139 4662 3240 4715 hoc
3273 4663 3436 4716 nihilo
3461 4679 3611 4718 crees
3653 4665 3706 4720 in

2149 4757 2218 4810 te,
2247 4748 2336 4815 qui
2369 4758 2584 4802 vere'es
2626 4764 2722 4801 cor
2750 4751 2941 4802 animae
2978 4763 3109 4801 meae
3133 4764 3313 4802 verum
3354 4760 3408 4803 et
3440 4753 3615 4805 vivum
3654 4764 3708 4808 et

2144 4838 2428 4902 mundum;
2482 4848 2534 4891 et
2577 4840 2833 4890 mundum
2859 4840 3023 4910 [istum
3067 4840 3133 4891 ab
3177 4840 3426 4912 omnibus
3455 4841 3706 4910 inquina-

2146 4929 2340 4980 mentis
2364 4928 2476 4981 suis
2497 4928 2669 4981 abluis
2709 4939 2761 4981 et
2789 4929 3093 4982 cnnuulas:
3134 4938 3186 4982 et
3216 4936 3431 4998 propter
3463 4947 3702 4986 reveren-

2146 5014 2272 5066 tiam
2317 5015 2389 5067 tui
2432 5015 2610 5067 vitalis
2651 5026 2705 5068 et
2749 5016 2929 5070 mundi
2978 5017 3171 5071 anima:
3211 5018 3414 5086 cordis,
3474 5023 3708 5074 concede

2144 5105 2273 5157 mihi
2314 5121 2406 5172 per
2435 5115 2576 5158 tuam
2611 5099 2932 5160 ineffabilem
2981 5107 3297 5170 bonitatem,
3343 5118 3398 5160 ut
3432 5123 3524 5161 cor
3552 5121 3705 5159 nutu-

2140 5192 2264 5261 dum
2319 5194 2586 5247 sincerum
2617 5203 2686 5247 ct.
2719 5209 2909 5263 purum
2944 5195 3011 5250 ab
3053 5197 3338 5251 inunundis
3383 5205 3436 5250 et
3473 5196 3622 5248 vanis
3650 5207 3704 5249 et

2142 5285 2319 5340 noxiis
2346 5285 2761 5354 cogitationibus
2807 5287 2886 5353 sic
2917 5288 3118 5342 valeam
3149 5287 3435 5351 custodire,
3476 5293 3534 5338 ιιι
3566 5300 3700 5354 pro-

2144 5356 2261 5444 pter
2289 5376 2603 5430 munditiam
2640 5375 2816 5430 cordis
2843 5376 2943 5429 mei
2983 5385 3030 5429 te
3061 5390 3233 5444 regem
3267 5373 3446 5444 gloria:
3475 5373 3700 5427 habeam

2141 5466 2392 5522 amicum.
