4200 6204
561 292 666 350 839

937 297 999 354 s.
1039 299 1333 354 ANSEMH
1367 302 1716 360 caurum.
1743 303 2056 359 AltClliEP.
2091 283 2160 362 et

2185 305 2244 360 Ρ.
2276 305 2453 361 PARS
2479 306 2536 358 Il.
2566 335 2632 346 -ο
2669 305 3027 360 ιἈιυεΝκτ.
3068 307 3152 359 ΕΤ
3184 265 3440 364 ASCFJI‘.~

2941 219 2963 240 Ι

3683 313 3784 377 sta

635 408 722 465 26.
766 407 831 464 ει
855 413 1104 480 quoniam
1144 402 1269 466 dum
1315 416 1492 470 anima
1522 433 1636 470 mea
1675 418 1774 472 fuit
1807 420 2008 487 absque
2051 427 2121 476 te.
2154 423 2200 480 Α
2234 419 2394 473 reduc
2419 419 2485 472 ad
2520 435 2614 473 cor
2637 417 2866 476 enorme
2887 419 3162 480 delictum.
3184 431 3238 472 et
3267 435 3646 491 perone-tetas
3667 448 3782 486 cor-

563 501 722 552 cordc
751 515 864 558 suo,
915 501 1078 554 miser
1115 503 1289 558 l‘aetns
1316 520 1459 569 sum,
1486 499 1541 560 et
1574 517 1825 561 curvatus
1872 523 2010 566 Stttll,
2068 520 2124 560 et

569 592 949 645 itu-linata.cst
1003 594 1069 646 ad
1106 603 1320 649 terrena
1377 599 1480 652 mei
1532 581 1755 666 spiritus
1818 601 2120 663 reetitudo;

525 745 530 751 η
564 680 684 733 ideo
723 691 771 732 et
797 681 1064 751 Spiritum
1098 696 1290 738 rectum
1321 687 1512 754 inuoco;
1555 680 1607 740 in
1643 684 1744 741 me.
1780 687 1857 742 Tu
1885 704 1950 742 es
1979 689 2123 743 enim

563 776 739 821 metus
769 768 1026 826 Dominus
1055 772 1192 826 Deus
1217 782 1420 837 noster,
1450 775 1541 842 qui
1566 776 1632 828 ad
1667 777 1767 830 hoc
1794 786 2001 830 rectmn
2031 778 2124 832 bo-

560 858 757 911 minem
800 859 979 915 facere
1009 861 1242 924 voluisti,
1271 871 1329 914 ut
1357 864 1727 930 spectantibus
1761 874 1957 918 terram
1991 881 2121 934 pro-

561 949 646 1003 nis
682 951 1042 1004 animantibus
1088 951 1372 1014 universis,
1421 954 1519 1006 ista
1562 956 1850 1026 exterioris
1881 940 2147 1025 figmenti

560 1055 846 1108 corporum
893 1041 1481 1119 rectitudo,_homiuem
1534 1044 1680 1097 illum
1707 1045 2017 1099 interiorem
2049 1043 2114 1096 ad
2154 1061 2156 1065 ·

557 1129 845 1202 imaginem
879 1138 1022 1181 tuam
1072 1128 1295 1193 factum,
1330 1131 1626 1200 Spiritu'alis
1651 1147 1762 1184 sine
1791 1132 2121 1193 rectitudinis

554 1221 896 1284 admoneret;
927 1224 983 1273 et
1012 1221 1275 1275 rectitude
1303 1224 1547 1294 corporis
1573 1205 1892 1276 curvitatem
1936 1238 2120 1292 argue-

554 1317 631 1362 ret
656 1309 848 1372 animi.
889 1309 942 1364 si
975 1311 1181 1383 videret
1213 1299 1450 1365 animum
1490 1313 1542 1365 in
1573 1328 1798 1381 corpore
1823 1321 1970 1366 recto
1996 1329 2121 1366 cur-

550 1416 706 1457 vum.
724 1403 789 1457 Et
818 1404 940 1472 quia
967 1387 1276 1458 innocentes
1295 1414 1350 1457 ct
1375 1396 1508 1458 recti
1537 1405 1885 1474 atliucserunt
1910 1404 2025 1469 tibi,
2053 1419 2118 1458 eo

550 1495 696 1560 quod
718 1493 944 1560 diligunt
967 1501 1038 1557 te,
1057 1502 1112 1546 et
1139 1494 1310 1546 bonus
1336 1508 1396 1547 cs
1422 1493 1505 1548 his
1525 1495 1612 1562 qui
1629 1503 1775 1548 recto
1789 1504 1913 1547 sunt
1931 1495 2114 1556 corde,

553 1580 755 1637 idcirco
783 1581 1008 1650 imploro
1039 1580 1313 1635 lmtniliter
1341 1583 1720 1637 rectitudinem
1751 1595 1920 1644 tuam,
1954 1583 2112 1647 Dens,

547 1682 610 1724 nt
634 1672 879 1742 spiritum
917 1680 1122 1726 rectmu
1151 1671 1284 1761 vel‘is
1319 1673 1370 1726 in
1420 1687 1538 1725 meo
1579 1681 1798 1741 pectore
1838 1673 2112 1735 innovare,

2226 510 2310 563 dis
2335 511 2616 562 inunancm
2649 508 2906 575 rugitum:
2934 509 3171 574 intende,
3203 509 3406 573 infelix,
3434 512 3648 569 intende
3672 533 3783 573 sce-

2227 598 2354 652 leris
2386 598 2459 651 tui
2501 612 2765 660 errorem,
2803 607 2856 651 et
2897 599 3122 668 proinde
3151 599 3461 652 horrificum
3505 588 3778 667 terrorem,

2223 697 2279 743 ct
2307 688 2594 758 terrificum
2641 687 2900 742 dolorem.
2932 689 3044 750 Tu.
3079 689 3320 758 inquam.
3366 685 3411 744 o'
3436 691 3615 744 anima
3641 708 3788 759 mea,

2223 778 2490 846 quondam
2517 777 2800 838 candidato
2824 778 3030 851 caelesti
3055 779 3285 844 lavacm,
3311 762 3630 849 desponsata
3656 781 3779 850 fido,

2177 895 2182 897 -
2221 868 2402 920 dotata
2427 865 2646 934 Spiritu.
2681 867 2950 935 redempta
2978 866 3177 922 Christi
3201 870 3484 939 sanguine,
3521 869 3613 924 Dei
3644 870 3779 924 ima,

2221 955 2343 1023 giue
2359 954 2631 1022 insignita,
2651 961 2706 1006 et
2730 953 2782 1006 in
2795 952 3096 1026 Christiana
3119 954 3373 1024 religione
3388 955 3614 1022 imbuta,
3632 957 3781 1025 virgo

2221 1043 2365 1097 fuisti
2392 1042 2609 1096 Christo
2647 1042 2871 1094 Domino
2903 1040 3249 1108 despOnsata.
3275 1035 3325 1097 ’0
3362 1044 3502 1099 unde
3527 1027 3774 1100 memini!

2218 1133 2262 1188 0
2291 1131 2763 1201 quod'nominavi!
2797 1129 2990 1200 Utique
3029 1145 3133 1187 non
3164 1140 3271 1185 tam
3301 1133 3588 1203 benignum
3620 1150 3787 1207 spon-

2216 1238 2332 1278 sum
2362 1221 2689 1290 virginitatis
2717 1235 2870 1284 mete,
2906 1235 3064 1289 quam
3100 1207 3648 1291 terribilemijudicem
3677 1224 3781 1282 int-

2217 1315 2492 1375 munditite
2521 1329 2670 1389 meat.
2703 1313 2814 1367 lleu
2851 1315 3109 1368 memoria
3137 1314 3360 1384 perdita:
3398 1316 3776 1385 iucunditatis!

2214 1401 2323 1468 Cur
2345 1402 2424 1475 sic
2449 1401 2872 1472 sup'eraggravas
2899 1417 3210 1470 pressuram
3246 1404 3571 1472 possidentis
3606 1393 3782 1461 infeli-

2213 1493 2428 1548 citatis?
2459 1493 2637 1559 Quam,
2663 1494 2858 1546 misera
2881 1493 3117 1547 conditio
3136 1508 3281 1554 mea.
3314 1495 3398 1548 cui
3423 1503 3478 1549 et
3504 1496 3698 1551 bonum
3722 1505 3779 1550 et

2215 1578 2411 1640 malum
2441 1595 2566 1640 sont
2601 1585 2802 1654 pariter
2831 1569 2882 1637 in
2913 1579 3224 1637 tormentis!
3263 1583 3501 1652 Tarquct
3525 1584 3670 1658 enim
3688 1598 3778 1638 tne

2216 1673 2351 1727 mala
2379 1673 2707 1728 conscientia
2741 1682 2795 1725 et
2823 1671 3090 1728 crudatus
3118 1673 3255 1738 ejus,
3274 1673 3337 1734 'in
3372 1672 3568 1742 quibus
3613 1672 3777 1727 timeo

552 1772 610 1815 nt
637 1762 776 1815 sicut
810 1761 1089 1815 incensum
1136 1763 1186 1815 in
1229 1755 1524 1830 conspectu
1555 1771 1667 1825 tuo,
1717 1776 1831 1816 mea
1861 1761 2033 1814 oratio
2059 1770 2113 1815 et
2147 1755 2185 1811 Β
2215 1779 2298 1818 me
2319 1779 2588 1818 arsurum.
2610 1762 2856 1830 Torquet
2884 1776 2968 1815 me
2989 1761 3142 1815 bona:
3173 1762 3538 1825 conscientiae,
3559 1769 3616 1815 et
3641 1775 3779 1829 pras-

551 1852 778 1905 intentio
821 1843 1102 1920 dirigatur.
1156 1837 1238 1906 Et.
1269 1867 1374 1904 non
1407 1851 1582 1927 solum
1619 1851 1673 1905 in
1703 1851 1892 1920 spiritu
1925 1866 2012 1905 me
2039 1851 2115 1903 in—

547 1943 706 2005 n'ova,
737 1942 830 1997 sed
854 1942 1017 1997 etiam
1043 1943 1095 1996 in
1123 1942 1398 1997 visceribus
1424 1931 1740 2007 utsin-unde
1765 1942 1899 1996 exiit
1925 1957 2114 2010 pecca-

497 2033 499 2038 “
550 2039 664 2085 tum
715 2025 1295 2086 iutmuuditia:carnis
1349 2046 1499 2084 meze.
1541 2031 1595 2084 lu
1638 2031 1934 2084 visceribus
1958 2031 2110 2083 enim

551 2137 738 2177 renum
769 2125 924 2177 sedes
947 2133 1028 2177 est
1050 2122 1356 2192 voluptatis,
1386 2122 1486 2175 illis
1513 2122 1642 2176 solis
1678 2122 1915 2188 exceptis
1943 2120 2112 2174 beatis

547 2213 846 2266 visceribus
889 2228 1008 2281 quze
1065 2213 1321 2267 te-Denm
1370 2222 1422 2266 et
1464 2213 1746 2264 Dominum
1789 2211 1840 2264 in
1869 2209 2107 2278 virginali

547 2302 688 2362 aula.
721 2317 884 2369 quam
937 2301 1196 2370 elegeras,
1240 2310 1610 2371 portaverant.
1661 2301 1726 2354 Et
1758 2301 1880 2369 quia
1913 2298 2107 2353 diaboli

546 2392 803 2445 fortitudo
830 2399 906 2444 est
961 2391 1011 2446 in
1041 2391 1390 2462 lumbis’ejns
1435 2403 1491 2446 et
1526 2393 1580 2446 in
1622 2390 1877 2453 umbilico
1907 2389 2110 2443 ventris

543 2482 708 2549 illius,
751 2484 951 2537 idcirco
978 2483 1185 2536 lumbos
1222 2499 1368 2538 meos
1397 2485 1546 2537 nisus
1571 2494 1647 2536 ρει
1678 2483 1878 2552 pluries
1904 2481 2111 2535 illusio-

545 2576 703 2628 nibus
732 2573 1045 2642 adimpiere,
1072 2585 1130 2627 ιιι
1153 2573 1205 2627 in
1234 2589 1326 2628 ειιει
1358 2573 1675 2628 fortitudine
1697 2576 1962 2627 infirmam
1997 2571 2111 2644 τιδιιί-

547 2676 696 2736 {mret
734 2680 954 2718 carnem
987 2680 1180 2718 meam.
1215 2666 1321 2731 ligo
1357 2674 1534 2719 autem
1559 2676 1776 2734 propter
1795 2664 1972 2716 cordis
1996 2663 2109 2715 ino-

545 2757 688 2826 piam
730 2765 783 2809 ct
823 2757 1181 2808 ell'ctniuatam
1211 2756 1518 2808 maestitiam
1576 2755 1768 2808 mentis
1795 2769 1946 2816 meat,
1984 2767 2110 2804 con-

543 2849 686 2901 sensi
745 2847 1034 2901 infeliciter
1091 2865 1106 2900 :
1167 2855 1216 2899 et
1286 2847 1400 2914 ipse
1456 2846 1748 2907 diabolus,
1811 2860 1969 2914 quem
2028 2845 2111 2896 vir

543 2935 852 3007 sagittarius
901 2934 1003 2989 nun
1056 2933 1288 3003 fugabat,
1336 2933 1547 3003 sagittis
1580 2935 1691 2987 suis
1718 2933 2031 2986 ardentibus
2055 2942 2110 2986 et

542 3027 726 3098 ignitis
754 3025 821 3079 ab
849 3025 964 3094 ipso
993 3033 1045 3078 ct
1081 3025 1289 3093 angelis
1317 3025 1427 3079 suis
1467 3023 1620 3078 malis
1648 3025 1916 3092 sagittatis
1940 3023 2102 3078 in-re-

542 3133 670 3171 num
700 3131 940 3171 meorum
964 3115 1260 3169 visceribus
1289 3112 1344 3169 et
1365 3114 1566 3181 infixis,
1593 3114 1684 3170 me
1700 3114 1951 3175 miserum
1981 3128 2106 3183 pec.-

544 3215 781 3259 catorem
826 3205 892 3258 de
931 3203 1141 3257 excelso
1181 3203 1374 3255 throno
1413 3194 1738 3272 virginiiatis
1761 3211 1815 3256 et
1841 3202 2109 3271 pudicitia:

543 3297 834 3364 deponeret
877 3301 932 3348 et
977 3295 1203 3363 fugaret.
1239 3293 1466 3362 Propter
1487 3292 1641 3360 quod
1667 3293 1791 3355 velt,
1818 3293 2103 3356 veb‘mibi!

544 3387 750 3457 perdidi
793 3388 1046 3440 honorem
1081 3386 1249 3449 illum,
1277 3395 1331 3440 et
1359 3386 1654 3439 decentiam
1693 3385 1859 3447 illam,
1905 3393 2106 3438 sertum

550 3479 678 3532 illud
725 3477 1001 3540 diadema,
1051 3493 1304 3531 coronam
1337 3477 1476 3548 illam
1509 3491 1747 3542 auream,
1780 3475 1885 3528 imo
1915 3489 2108 3528 aureo-

543 3569 670 3632 iam,
696 3583 855 3638 quam
897 3567 1022 3620 soiut
1061 3568 1253 3620 anima:
1293 3565 1344 3617 in
1383 3565 1523 3617 vasis
1551 3563 1802 3617 ﬁctilibus
1825 3576 2108 3631 corporum

547 3660 933 3726 constituendm
962 3659 1264 3726 acquirunt,
1291 3665 1467 3709 motus
1489 3655 1700 3708 illicitos
1729 3654 1940 3722 penitus
1962 3667 2111 3706 com~

541 3733 836 3821 primendo.
863 3754 924 3800 ac
947 3745 1210 3814 iaeenttva
1235 3744 1415 3799 carnis
1435 3743 1685 3803 similiter
1708 3741 2106 3807 restringendo.

544 3840 649 3894 Sed
681 3841 782 3893 bcu
819 3839 1005 3898 miser,
1037 3836 1249 3902 quando
1280 3833 1644 3902 virginitatem
1673 3843 1846 3883 meam
1883 3827 2106 3898 perdidi,

543 3944 708 4000 quare
757 3908 1131 3996 noncogitavi
1181 3924 1320 3993 quod
1371 3914 1546 3977 o'nnis
1591 3920 1812 3973 fmdatio
1859 3935 1960 3972 non
2028 3927 2113 3970 est

544 4025 702 4092 digna
732 4022 921 4074 animat
953 4017 1311 4073 continentis?
1334 4016 1512 4081 Quare
1539 4013 1727 4067 infelix
1761 4013 1962 4066 nescivi
1992 4028 2112 4082 pre-

544 4111 674 4164 tium
712 4109 858 4178 ejus?
891 4109 1068 4173 Quare
1102 4123 1236 4163 cum
1292 4106 1416 4158 forti
1479 4103 1703 4157 muliere
1756 4116 1858 4155 non
1901 4101 2112 4164 accinxi'

545 4198 858 4253 fortitudine
893 4197 1102 4249 lumbos
1134 4194 1318 4246 uicos?
1356 4204 1409 4246 ct
1454 4203 1528 4255 tu,
1560 4191 1777 4245 domine
1811 4189 1935 4245 Iesu
1961 4190 2114 4245 Chri-

543 4301 646 4352 ste,
675 4289 859 4356 procul
895 4297 947 4341 et
991 4287 1196 4339 ultimis
1223 4285 1483 4339 cmlorum
1518 4282 1713 4337 finibus
1752 4278 1866 4355 [ad]
1898 4283 2114 4354 virgini-

546 4380 671 4434 tatis
704 4393 832 4431 mezc
865 4379 1119 4445 prmdinm
1158 4376 1300 4447 [cor].
1354 4371 1604 4444 pretium]
1650 4373 2111 4435 advettiens,vcam
2147 4388 2190 4442 ῃ
2213 4368 2264 4407 m

545 4471 612 4525 de
644 4469 834 4538 teip'o,
887 4467 972 4536 qui
1003 4475 1081 4520 est
1113 4466 1210 4520 llos
1239 4465 1432 4531 campi,
1497 4471 1551 4518 et
1580 4463 1744 4517 lilium
1771 4462 2109 4525 convallium,

544 4564 596 4616 in
628 4559 901 4628 praemium
949 4572 1258 4610 coronares.
1304 4555 1349 4609 0
1380 4555 1517 4608 bone
1541 4553 1688 4615 Jcsu,
1721 4567 1915 4607 corona
1953 4549 2114 4620 virgi-

544 4667 696 4712 unm,
726 4651 768 4703 si
821 4649 930 4702 soli
971 4659 1025 4700 ct
1070 4645 1196 4699 sola:
1227 4644 1482 4712 virgines,
1515 4642 1832 4711 quocunque
1875 4640 2022 4701 ieris,
2063 4649 2112 4692 te

546 4748 860 4808 sequuntur,
890 4746 942 4790 et
973 4745 1093 4788 aute
1119 4743 1169 4788 te
1195 4741 1396 4786 canunt
1416 4731 1557 4804 [cod.
1589 4730 1735 4801 sunt]
1766 4746 1961 4783 novum
1987 4744 2109 4782 can-

551 4833 734 4888 ticum,
763 4826 901 4896 quod
946 4840 1101 4878 nemo
1138 4833 1313 4891 potest
1344 4821 1482 4876 alius
1525 4821 1844 4881 decantare;
1882 4834 1978 4888 ego
2023 4818 2110 4886 qui

550 4918 907 4985 virginitatem
954 4931 1124 4968 meam
1159 4914 1385 4983 perdidi,
1423 4914 1555 4982 proh
1588 4911 1738 4965 dolor
1775 4913 1786 4963 !
1827 4921 1934 4978 ‘quo
1966 4909 2049 4962 ibo
2083 4925 2111 4961 a

552 5008 740 5073 spiritu
770 5017 879 5062 tuo.
909 5013 958 5058 ct
997 5020 1102 5071 quo
1151 5021 1179 5057 a
1228 5004 1363 5058 facie
1414 5015 1499 5057 tua
1529 5001 1764 5072 fugiam"
1809 5001 1864 5054 Si
1895 4999 2034 5052 enim
2064 5007 2114 5052 te

552 5107 765 5150 secutus
818 5110 916 5146 non
959 5093 1127 5158 fueto,
1169 5095 1220 5148 in
1263 5096 1497 5150 tenebris
1542 5093 1859 5156 ambulabo;
1909 5099 1960 5143 et
1989 5089 2114 5157 quid

551 5186 780 5240 cantabo
808 5184 906 5238 nisi
930 5184 1360 5251 lamentationes,
1411 5186 1652 5240 carmine
1688 5182 1884 5236 lzetitite
1908 5178 2116 5250 perdito

552 5287 604 5331 et
635 5274 853 5328 relicto?

623 5367 710 5420 ‘27.
754 5366 1013 5428 Proinde,
1038 5365 1214 5419 anima
1246 5380 1359 5419 mea
1387 5367 1626 5426 seducta.
1656 5362 1831 5416 anima
1860 5374 1972 5413 mea
2009 5356 2112 5409 mi-

557 5473 697 5519 sera,
727 5459 902 5510 anima
935 5472 1254 5516 :crumnosa,
1278 5471 1429 5510 sume
1451 5457 1708 5525 hymnum
1733 5449 2114 5505 confessionis:

561 5551 810 5604 ttzeretrix
852 5550 1103 5604 oblivioni
1156 5549 1376 5611 tradita,
1416 5555 1607 5600 excute
1652 5554 1920 5610 torporem
1950 5551 2116 5598 tuum,

559 5637 762 5693 discute
805 5651 1078 5706 peccatum
1124 5649 1296 5701 tuum,
1343 5645 1394 5691 et
1427 5643 1653 5690 concute
1691 5643 1921 5686 mentem
1951 5639 2114 5690 tuam,

2214 1849 2443 1908 miorum
2489 1853 2604 1920 ejus
2647 1851 2927 1912 memoria,
2959 1864 3120 1918 quam
3157 1851 3272 1904 scio
3315 1865 3401 1904 me
3453 1850 3776 1918 perdidisse,

2215 1955 2313 1994 nec
2361 1937 2589 2004 amplius
2620 1933 3077 2003 recuperaturum.
3110 1931 3217 1995 νίν,
3250 1948 3327 1986 va:
3360 1933 3617 2006 miserum
3649 1945 3776 2001 per-

2213 2030 2341 2082 dere
2371 2025 2676 2084 dolendum,
2711 2023 2935 2092 perdere
2984 2022 3056 2086 id,
3093 2022 3319 2089 perdere
3352 2019 3778 2088 irrccnperabili-

2213 2127 2314 2183 ter,
2339 2116 2481 2184 quod
2527 2130 2556 2167 ει
2599 2131 2683 2170 me
2730 2112 2935 2166 servari
2976 2113 3160 2166 debuit
3202 2112 3686 2166 interminabiliter.
3721 2111 3778 2169 .0

2209 2205 2488 2274 virginitas
2516 2203 2625 2272 jam
2685 2219 2787 2257 non
2830 2203 3021 2257 dilecta
3066 2217 3207 2276 mea,
3255 2202 3347 2255 sed
3383 2202 3588 2270 perdita
3619 2216 3772 2264 mea;

2210 2310 2314 2348 non
2339 2279 2629 2363 jucundata
2667 2308 2806 2357 mea,
2836 2293 2929 2348 sed
2959 2293 3236 2361 desperata
3260 2309 3398 2356 mea,
3423 2295 3777 2362 quodeveui-

2209 2386 2320 2440 sti?
2369 2385 2420 2438 in
2450 2399 2611 2452 quam
2649 2383 2855 2446 fmtido,
2883 2382 2934 2447 in
2962 2398 3122 2451 quam
3157 2397 3342 2436 amaro
3371 2397 3529 2436 cinno
3563 2398 3650 2436 me
3687 2383 3778 2438 de-

2214 2475 2512 2544 reliquisti?
2561 2474 2606 2529 Ο
2653 2473 2937 2528 fornicatio
2995 2472 3329 2527 ‘sordidatrix
3381 2473 3577 2526 mentis
3617 2455 3775 2539 mea},

2210 2564 2466 2634 pcrditrix
2515 2562 2707 2616 anima:
2743 2577 2896 2625 mea),
2936 2560 3074 2615 unde
3125 2561 3321 2615 misera
3362 2561 3681 2617 surrexisti?
3705 2564 3778 2618 de

2211 2644 2371 2723 Quam
2406 2653 2579 2718 niveo,
2605 2652 2672 2706 dc
2693 2667 2852 2721 quam
2869 2653 3113 2722 jucundo-
3128 2662 3268 2708 statu
3292 2670 3376 2708 me
3399 2651 3777 2724 praecipitasti?

2211 2743 2289 2798 Tu
2321 2758 2569 2811 namque,
2593 2744 2775 2795 anima
2819 2756 2959 2805 mea,
2999 2741 3200 2810 perfida
3243 2743 3372 2809 Deo,
3409 2744 3622 2813 perjnra
3653 2744 3774 2809 Dei,

2209 2825 2450 2890 adultera
2475 2834 2696 2898 Christi,
2735 2834 2799 2886 de
2820 2833 3151 2886 sublimitate
3190 2832 3515 2901 virginitatis
3546 2832 3777 2886 misera-

2175 2979 2178 2982 .
2207 2920 2387 2980 biliter
2413 2939 2472 2979 es
2493 2925 2734 2977 demersa
2764 2923 2818 2975 in
2851 2921 3164 2975 barathrum
3197 2919 3594 2982 fornicationis,
3618 2919 3774 2987 abie-

2210 3029 2295 3075 cta
2330 3035 2360 3072 ει
2414 3020 2545 3079 Deo.
2589 3015 2826 3086 projecta
2866 3013 3098 3078 diabolo,
3149 3014 3255 3067 imo
3284 3014 3545 3082 abjiciens
3580 3014 3772 3076 Deum,

2190 3105 2536 3177 amplectens
2577 3106 2849 3160 diabolum
2885 3121 2900 3158 :
2953 3115 3004 3157 te
3051 3103 3368 3171 impendens
3399 3101 3774 3167 fornicationi,
3847 3102 3849 3104 ’

2211 3208 2263 3264 ιιι
2305 3199 2452 3266 prior
2479 3191 2709 3262 creatori
2759 3203 2814 3248 ct
2852 3192 3225 3268 amantissimo
3275 3192 3385 3245 Deo
3413 3192 3648 3245 libellum
3684 3207 3774 3245 re-

2207 3289 2353 3360 pudii
2389 3284 2652 3349 obtulisti,
2688 3292 2739 3336 et
2793 3283 2860 3336 ad
2890 3281 3254 3335 insidiatorem
3298 3289 3445 3333 tmnn
3473 3281 3775 3336 dzcmonem

2212 3385 2263 3429 te
2287 3382 2478 3442 sponte
2504 3369 2804 3436 contulisti.
2830 3369 2876 3424 Ὀ
2920 3369 3116 3422 misera
3153 3377 3204 3422 et
3237 3367 3353 3437 plus
3379 3383 3538 3436 quam
3571 3367 3772 3421 misera

2209 3455 2588 3512 commutatio!
2637 3453 2750 3519 Vm,
2780 3453 2906 3521 quia
2954 3452 3239 3520 benignum
3289 3450 3682 3519 contempsisti,
3714 3459 3780 3505 et

2207 3547 2441 3616 maligno
2483 3545 2779 3604 adluesisti!
2812 3541 2948 3610 Quid
2977 3542 3169 3635 fecisti.
3201 3559 3234 3596 ο
3271 3533 3470 3595 mentis
3515 3541 3774 3601 amentia.
3853 3533 3856 3535 Α

2208 3651 2392 3690 amens
2412 3634 2689 3704 spurcitia,
2710 3634 2890 3704 spuria
2910 3631 3164 3701 nequitia,
3189 3632 3313 3698 quid
3340 3632 3544 3685 fecisti?
3563 3631 3617 3684 ln
3632 3631 3781 3703 cutio

2209 3723 2472 3794 reliquisti
2515 3731 3072 3796 castnmvamatorem,
3117 3729 3172 3774 et
3205 3719 3470 3773 infernum
3499 3727 3680 3772 secuta
3709 3731 3780 3772 es

2209 3815 2450 3869 odiosum
2474 3795 2874 3882 corntptorem.~
2891 3809 3222 3872 Consolatio,
3251 3809 3536 3872 securitas,
3561 3808 3777 3872 lanitia,

2213 3903 2333 3958 nolo
2380 3918 2494 3967 vos,
2545 3915 2712 3957 renuo
2760 3915 2904 3955 vos:
2947 3901 2991 3954 si
3049 3900 3252 3969 peccati
3298 3900 3450 3952 venia
3481 3899 3545 3951 ad
3574 3913 3657 3951 me
3691 3913 3782 3952 re-

2209 3993 2422 4048 duxerit
2449 4007 2565 4053 vos,
2588 3990 2770 4060 procul
2800 3987 2971 4044 estote
3001 4003 3016 4041 :
3065 3989 3251 4058 procul
3279 3997 3448 4040 estote
3479 3999 3602 4041 ante
3633 4001 3783 4040 mer-

2211 4091 2344 4150 tem,
2380 4081 2423 4151 si
2455 4082 2592 4136 l'orte
2625 4079 2953 4149 indulgentia
2988 4087 3204 4132 revocet
3232 4092 3344 4141 vos,
3370 4075 3450 4128 vel
3479 4085 3598 4144 post
3628 4090 3781 4128 mor-

2213 4171 2464 4232 totu.8e‘d
2491 4171 2562 4227 sit
2585 4165 2838 4225 continuo
2861 4160 3174 4236 ptettiteutia
3198 4180 3377 4217 amara
3406 4178 3587 4216 comes
3600 4163 3781 4216 aeutis

2211 4276 2370 4328 mem,
2401 4258 2471 4317 sit
2515 4259 2805 4332 continuus
2843 4256 3032 4315 dolor.
3059 4252 3376 4308 insatiabilis
3407 4251 3622 4304 triﬁtitia
3655 4251 3780 4303 vitae

2268 4365 2364 4412 ea.
2413 4350 2524 4409 sint
2579 4362 2782 4404 mteror
2823 4353 2878 4401 et
2931 4344 3156 4400 acerbus
3193 4338 3365 4397 luctus
3419 4339 3782 4409 infatigabiles

2218 4441 2556 4498 tribulatores
2583 4436 2878 4507 iuventutis
2923 4443 2978 4490 et
2999 4432 3295 4488 senectutis
3331 4446 3485 4486 mere.
3534 4428 3782 4491 Utinam,

2215 4533 2428 4588 utinam
2451 4531 2525 4585 ita
2575 4529 2676 4595 sit,
2719 4535 2866 4596 opto,
2908 4539 3026 4588 oro,
3057 4521 3318 4580 desidero,
3359 4529 3418 4573 nt
3457 4517 3526 4572 ita
3568 4517 3666 4572 sit!
3705 4518 3780 4588 .Si

2196 4614 2354 4682 ,cnim
2389 4637 2492 4676 non
2522 4636 2640 4676 sum
2665 4619 2858 4687 dignus
2895 4615 3079 4670 oculos
3110 4614 3178 4666 ad
3225 4612 3420 4666 caelum
3463 4612 3664 4663 orando
3705 4607 3782 4669 le-

2214 4731 2365 4779 vare,
2413 4712 2611 4768 etenim
2657 4725 2760 4762 non
2804 4721 2921 4760 sum
2964 4705 3211 4773 indignus
3257 4716 3350 4754 eos
3398 4697 3480 4751 vel
3519 4697 3782 4766 plorando

2217 4823 2354 4861 ClI‘Cil
2365 4820 2439 4858 l'C.

2283 4897 2373 4949 28.
2413 4892 2594 4962 Cogita
2627 4889 2806 4958 igitur,
2838 4885 3010 4956 cogita
3048 4892 3103 4937 et
3147 4879 3380 4948 recogita
3412 4877 3535 4946 quid
3577 4873 3778 4937 fecisti,

2215 5001 2267 5044 et
2302 4987 2426 5056 quid
2450 4982 2712 5045 meruisti,
2745 4992 2800 5034 et
2838 4975 3126 5033 descendat
3169 4986 3320 5026 mens
3347 4981 3434 5032 tua
3471 4968 3536 5022 ad
3571 4977 3781 5022 terram

2217 5079 2576 5136 tenebrosam,
2605 5082 2658 5126 ct
2677 5079 2918 5139 opertam
2940 5067 3127 5121 mortis
3161 5063 3427 5132 caligine;
3460 5071 3512 5113 et
3535 5057 3766 5112 conside

2219 5178 2299 5224 ret
2345 5181 2463 5238 qua:
2489 5164 2558 5217 ibi
2588 5167 2900 5230 exspectant
2937 5157 3255 5212 scelerosam
3291 5149 3522 5204 animam
3562 5161 3777 5210 meam,

2161 5275 2168 5284 '
2220 5235 2458 5313 intendat
2495 5263 2547 5307 et
2592 5250 3008 5318 contempletur,
3033 5245 3210 5297 videat
3235 5250 3288 5296 et
3315 5242 3561 5295 turbetur
3592 5235 3784 5288 anima

2220 5347 2700 5415 mea.Expavesce,
2727 5337 2902 5397 anima
2929 5355 3067 5403 mea,
3097 5337 3287 5399 defice,
3311 5332 3611 5388 cornicum
3633 5328 3776 5383 scin-

2223 5444 2368 5495 dere.
2409 5437 2452 5493 Ο
2501 5439 2636 5491 bone
2678 5435 2802 5489 Jesu
2846 5443 3024 5487 nostra
3057 5428 3372 5496 redemptio,
3409 5426 3452 5478 si
3489 5423 3591 5476 huc
3611 5431 3786 5487 usque

2225 5529 2512 5599 permisisti
2568 5537 2626 5580 ut
2673 5527 2977 5594 plangorem
3011 5519 3280 5588 paululum
3311 5515 3548 5568 dolorem
3583 5519 3786 5599 meum,

2227 5593 2291 5673 de
2321 5628 2532 5683 cauere,
2562 5616 2870 5678 bonel)eus,
2899 5611 3147 5682 permitte
3179 5620 3236 5661 ut
3260 5608 3496 5661 invocem
3527 5593 3786 5653 auxilium

3749 6045 3784 6105 ε-
