4200 6190
324 192 435 247 ειι

1293 177 1662 234 ιιευιιΑἰίυ
1704 180 1765 229 ιιι
1810 178 2005 233 PSAL.
2045 173 2394 230 MISERERE
2462 176 2470 184 “

3478 179 3587 238 862

330 312 488 358 suum
512 315 527 365 ;
555 298 600 351 si
626 296 769 351 enim
799 292 898 350 feci
926 304 987 348 ut
1009 308 1182 350 esscin
1213 307 1356 353 reus,
1385 303 1655 371 nunquam
1682 301 1904 356 possum
1935 291 1985 351 Α
2014 296 2177 349 male,
2209 287 2302 340 sed
2334 284 2474 339 facie
2505 285 2572 340 ad
2600 284 2815 347 faciem,
2851 284 3155 341 videbimus
3179 293 3231 343 te
3258 286 3417 343 ﬁnem
3445 290 3588 346 desi-

326 391 538 455 faccre,
574 395 633 442 ut
664 402 769 441 non
808 401 984 440 essem
1030 385 1225 437 citatus
1254 389 1395 433 tuus.
1424 378 1481 433 Si
1528 378 1655 431 mihi
1688 376 1912 445 virgini-

332 480 506 536 tatem
533 477 729 542 ademi,
762 490 1035 544 nunquam
1060 470 1484 528 misericordiam
1509 478 1653 523 tuam
1681 468 1907 538 peremi,

335 570 583 629 Domine,
617 566 860 619 Domine.
900 563 956 618 Si
988 576 1087 633 ego
1118 559 1310 615 admisi
1352 560 1493 612 unde
1538 572 1625 612 me
1650 548 1909 611 damnare

341 671 513 730 potes,
556 666 684 709 tune
733 654 957 709 amisisti
995 652 1135 706 unde
1182 650 1393 705 salvare
1419 649 1590 704 soles?
1641 646 1764 701 Noli
1803 649 1947 702 Do-'

339 751 507 812 mine,
534 747 640 802 noli
662 747 740 801 sic
770 746 1048 799 attendere
1076 743 1275 797 malum
1307 756 1505 805 meum,
1537 750 1592 794 ut
1619 740 1905 794 oblivisca-

338 838 414 893 ris
433 838 629 890 bonum
655 845 823 889 tuum.
844 833 943 888 Ubi
974 841 1075 896 est,
1106 846 1138 883 ο
1156 833 1317 885 verax
1344 831 1507 893 Deus,
1536 828 1627 883 ubi
1654 837 1758 893 est,
1774 828 1909 882 Nolo

342 935 573 981 mortem
601 922 937 994 peccatoris?
962 921 1022 976 Si
1057 931 1108 975 tu
1127 920 1319 990 scpelis
1339 921 1391 974 in
1422 918 1690 973 infernum
1716 933 1910 987 pecca-

341 1023 508 1071 toretn
538 1014 604 1067 ad
627 1012 1030 1075 teclamautem,
1053 1026 1119 1064 an
1143 1011 1243 1063 hoc
1270 1019 1353 1065 est
1373 1008 1506 1063 Nolo
1535 1016 1759 1064 mortem
1788 1022 1912 1076 pec-

337 1105 571 1161 catoris?
598 1120 673 1157 au
702 1118 807 1157 non
838 1102 1012 1171 potius
1042 1102 1143 1155 hoc
1163 1108 1266 1162 cst,
1295 1099 1430 1152 Nolo
1460 1108 1519 1152 ut
1540 1106 1910 1161 convertatur,

334 1206 392 1252 ει
427 1196 606 1250 vivat?
660 1195 925 1249 Peccator
979 1207 1121 1255 sum,
1178 1190 1426 1263 Domine,
1485 1199 1741 1258 peccator
1788 1203 1907 1243 sum

336 1300 456 1356 ego.
490 1286 548 1341 Si
592 1299 722 1354 ergo
755 1293 808 1337 tu
848 1298 953 1336 non
983 1283 1065 1336 vis
1094 1290 1321 1334 mortem
1353 1280 1675 1356 peccatoris,
1712 1280 1834 1348 quis
1857 1289 1911 1335 te

336 1378 497 1447 cogit,
557 1377 701 1444 quod
753 1390 857 1429 non
920 1374 1018 1437 vis,
1071 1388 1193 1427 cum
1242 1372 1317 1425 sis
1355 1350 1697 1439 omnip‘otcus
1729 1371 1910 1425 Deus?

333 1467 515 1529 Absit,
556 1466 811 1529 Domine;
843 1464 1006 1527 absit,
1057 1462 1219 1529 Deus,
1251 1470 1310 1515 ut
1343 1460 1632 1530 praevaleat
1670 1460 1907 1530 nequitia

332 1556 639 1627 peccatoris
680 1554 1012 1617 conﬁtentis,
1039 1560 1093 1606 et
1132 1551 1359 1606 delentis
1380 1548 1705 1605 sententiam
1730 1550 1909 1603 omni—

2012 375 2285 431 deriorum
2351 384 2683 440 nostrortmt,
2734 389 2898 445 quem
2941 375 3059 429 sine
3098 376 3204 432 ﬁne
3260 378 3587 444 videbimus,

2010 465 2126 541 sine
2156 464 2373 519 fastidio
2401 465 2720 529 amabimus,
2749 465 2868 519 sine
2894 462 3207 533 fatigatione
3226 466 3585 524 laudabimus.

2012 555 2123 611 Hoc
2147 572 2360 620 munus,
2386 555 2473 610 hic
2504 555 2749 624 effectus,
2779 556 2867 610 hic
2892 568 3046 612 actus
3073 555 3316 628 profecto
3344 560 3461 614 sine
3484 558 3587 615 ﬁde

2009 643 2114 698 erit
2142 646 2417 719 erunibus,
2442 645 2533 712 qui
2576 645 2647 698 ibi
2681 645 2920 700 revelata
2956 645 3097 699 facie
3135 655 3188 700 te
3216 647 3491 702 videbunt.
3522 642 3587 702 Et

2011 733 2270 803 Spiritum
2318 745 2564 791 sanctum
2596 744 2766 801 tuum,
2819 751 2927 807 quo
2972 742 3254 807 peccatum
3285 751 3463 792 meum
3492 751 3588 792 co-

2011 838 2233 895 gnosco,
2261 826 2538 892 conﬁteor,
2564 837 2613 881 el
2640 829 2888 897 pcenitet,
2906 843 2976 882 ne
2993 826 3209 881 auferas
3227 842 3254 879 a
3271 843 3381 891 me;
3407 842 3589 896 quem,

2012 929 2081 969 ex
2110 927 2217 982 quo
2256 914 2387 967 mihi
2421 914 2935 982 irascor,‘conﬁteor
2961 932 3080 972 mea
3110 916 3382 985 praeterita
3424 918 3588 981 mala,

2011 1011 2066 1057 et
2108 1002 2326 1071 plango,
2358 1001 2636 1056 etiterum
2669 1020 2774 1059 non
2804 1005 3145 1060 committere
3176 1019 3442 1075 propono,
3478 1005 3591 1074 jam

2011 1106 2100 1146 me
2124 1092 2277 1160 quasi
2307 1092 2502 1162 pignus
2529 1091 2710 1160 gloriae
2748 1095 2947 1148 habere
2969 1093 3211 1160 conﬁdo;
3241 1096 3421 1150 sciens
3448 1096 3592 1163 quod

2012 1180 2130 1235 haec
2160 1194 2265 1234 non
2298 1194 2515 1248 possunt
2563 1179 2764 1233 habere
2802 1181 3012 1250 pariter
3052 1196 3121 1235 ex
3160 1183 3386 1252 meipso‘.
3447 1183 3590 1252 Ergo

2012 1270 2180 1335 Deus,
2227 1269 2381 1339 cujus
2412 1269 2502 1322 ira:
2534 1268 2789 1323 resistere
2818 1284 2978 1323 nemo
3006 1279 3199 1336 potest,
3240 1286 3305 1325 ne
3337 1271 3589 1327 irascaris

2011 1358 2143 1412 mihi
2191 1359 2243 1411 in
2274 1367 2560 1422 aeternum,
2607 1367 2663 1412 et
2701 1372 2805 1410 non
2837 1355 3008 1412 solum
3047 1372 3079 1410 a
3116 1374 3200 1412 me
3239 1375 3340 1413 non
3371 1360 3597 1414 auferas

2011 1448 2278 1519 Spiritum
2337 1457 2518 1513 tuum;
2574 1448 2668 1502 sed
2714 1440 2879 1502 etiam
2934 1446 3029 1517 (V.
3092 1447 3178 1518 M)
3232 1450 3385 1503 redde
3461 1450 3588 1505 mihi

1992 1539 2267 1605 fluidam,
2301 1556 2464 1608 quam
2489 1539 2641 1607 prius
2667 1538 2850 1603 habui,
2878 1538 2970 1592 sed
2998 1554 3095 1608 per
3118 1548 3393 1608 peccatum
3406 1540 3585 1608 amisi,

331 1625 587 1721 potentis.
620 1644 825 1699 Memor
848 1653 987 1709 esto,
1014 1642 1158 1711 juste
1189 1643 1351 1707 Deus,
1379 1640 1805 1715 quimisericors
1825 1657 1904 1707 es,
1939 1642 1985 1701 Β
2013 1630 2254 1684 Itetitiam
2281 1631 2403 1685 dico
2432 1643 2539 1683 non
2580 1627 2787 1689 mundi,
2822 1625 2913 1697 qui
2944 1630 3159 1683 lmtatur
3188 1644 3307 1684 cum
3339 1630 3481 1685 male
3510 1630 3590 1685 fec

330 1746 387 1789 et
412 1744 627 1790 creator
655 1744 710 1789 et
733 1742 1004 1788 recreator
1026 1747 1206 1796 meus;
1236 1741 1381 1786 etne
1408 1732 1739 1796 mennneris,
1768 1731 1909 1787 bene

334 1826 588 1890 Domine,
636 1824 895 1879 adversus
953 1831 1289 1893 peccatorem
1341 1832 1489 1876 tuum
1538 1823 1762 1890 iustitia:
1805 1830 1911 1877 tuae

316 1916 534 1983 solius;
582 1931 651 1971 ne
698 1916 1008 1970 memineris
1055 1916 1148 1969 ira:
1176 1922 1279 1968 tuae
1316 1914 1576 1969 adversus
1612 1928 1783 1978 reum,
1815 1913 1911 1967 sed

329 2004 700 2062 miserationis
740 2020 866 2076 erga
920 2004 1196 2058 miserum.
1252 2002 1451 2073 Verum
1493 2009 1578 2055 est
1622 2011 1679 2056 et
1708 2002 1905 2067 fateor,

288 2128 290 2131 τ
328 2096 838 2170 miscricordissime
864 2134 879 2159 ,
925 2094 1073 2162 quod
1123 2091 1457 2164 conscientia
1513 2106 1631 2145 mea
1670 2104 1912 2147 meretur

327 2186 733 2240 damnationem
767 2191 821 2237 et
861 2181 1002 2251 quod
1048 2178 1366 2257 p‘mnitentia
1412 2194 1530 2235 mea
1576 2195 1680 2234 non
1712 2178 1909 2234 suﬁicit

326 2276 395 2331 ad
419 2274 839 2329 satisfactionem
870 2289 885 2326 :
935 2272 1032 2326 sed
1072 2280 1281 2325 certum
1311 2278 1394 2324 est
1424 2270 1566 2339 quod
1604 2270 1911 2325 misericoro

327 2366 419 2419 dia
451 2374 535 2418 tua
564 2372 785 2433 superat
803 2376 1016 2416 omnem
1046 2359 1423 2424 oli‘ensioncm,
1446 2368 1499 2413 et
1522 2360 1723 2414 idcirco
1746 2359 1921 2431 abys-_

326 2472 422 2512 sus
451 2470 580 2509 mea:
606 2454 833 2508 miseri.e
858 2454 1110 2522 abyssum
1146 2451 1359 2505 invocat
1386 2460 1487 2503 tua:
1509 2450 1909 2505 misericordiae.

325 2546 503 2601 Parce
532 2559 659 2613 ergo
700 2553 779 2606 tu,
809 2542 1053 2607 Demine,
1085 2540 1177 2608 qui
1211 2554 1271 2593 es
1309 2540 1481 2604 salus;
1512 2554 1672 2608 parce
1701 2554 1911 2608 pecea--

330 2641 457 2696 trici
490 2639 685 2693 animae
733 2650 890 2701 meae,
919 2647 1038 2702 qua:
1066 2633 1197 2702 fugit
1223 2632 1407 2685 attrita
1438 2646 1469 2685 a
1495 2640 1732 2686 terrente
1750 2631 1912 2700 justi-

328 2737 404 2789 tia
465 2744 555 2788 tua
604 2731 671 2785 ad
723 2728 1117 2784 confortantem
1173 2726 1598 2781 misericordiam
1645 2734 1811 2781 tuam.
1847 2705 1913 2781 Et

323 2823 587 2895 quoniam
615 2820 895 2888 prannium
919 2815 1243 2886 virginitatis
1269 2823 1354 2869 est
1373 2814 1665 2884 perditum,
1698 2828 1731 2867 ο
1758 2814 1911 2869 dolor

326 2913 730 2983 irrcpamhilis!
768 2908 958 2965 saltem
988 2904 1308 2976 supplicium
1339 2921 1444 2961 non
1472 2906 1542 2959 sit
1577 2906 1904 2970 inevitabile,

2013 1720 2172 1784 cerit,
2220 1718 2316 1773 sed
2360 1717 2606 1772 laetitiam
2637 1715 2888 1771 salutaris
2928 1717 3004 1771 tui
3047 1717 3246 1773 Christi
3292 1718 3591 1773 Salvatoris

1994 1815 2145 1881 nisi,
2174 1813 2274 1884 qui
2321 1820 2405 1868 est
2432 1812 2686 1885 gaudium
2736 1826 2940 1876 meum,
2968 1812 3058 1881 qui
3104 1820 3187 1867 est
3215 1812 3426 1867 futurus
3450 1828 3588 1885 prae-
3664 1846 3671 1851 ρ

2014 1902 2202 1967 mium,
2231 1901 2320 1970 qui
2343 1909 2428 1957 est
2449 1915 2574 1970 spes
2607 1916 2750 1964 mea,
2791 1901 2881 1955 lux
2908 1913 3051 1963 mea,
3076 1898 3198 1955 laus
3229 1915 3372 1966 mea,
3399 1900 3591 1958 domus

2013 2007 2155 2059 mea,
2203 1991 2377 2063 patria
2418 2007 2563 2058 mea,
2610 1992 2716 2046 vita
2777 2006 2919 2056 mea,
2961 1990 3110 2046 salus
3158 2005 3301 2056 mea,
3351 1991 3595 2049 salutare

2014 2098 2214 2137 meum.
2274 2080 2389 2137 Hoc
2440 2081 2679 2136 salutare
2729 2089 3047 2151 spectavere
3092 2080 3468 2147 futurum'illi,
3498 2077 3592 2150 qui

2013 2175 2231 2231 fuerunt
2252 2182 2383 2229 ante
2420 2187 2518 2229 nos
2543 2180 2729 2242 patres
2751 2172 2945 2237 nostri,
2976 2181 3032 2228 et
3062 2172 3115 2226 in
3144 2172 3263 2242 {hac
3289 2171 3412 2227 ﬁdei
3466 2185 3593 2242 spo-

2012 2264 2253 2320 ctatione
2279 2270 2405 2319 sunt
2429 2260 2649 2327 salvatl;
2672 2275 2727 2318 et
2756 2263 2809 2317 in
2842 2262 2931 2317 illo
2953 2262 3175 2318 salutari
3196 2270 3280 2316 est
3308 2270 3362 2316 et
3382 2262 3487 2317 erit
3509 2262 3592 2317 eis

2013 2353 2203 2410 laetitia
2245 2355 2611 2423 sempiterna;
2653 2360 2709 2406 ει
2736 2352 2860 2420 quia
2904 2366 3002 2422 per
3030 2351 3272 2405 eamdem
3302 2350 3463 2405 ﬁdem
3486 2350 3587 2420 (rei

2014 2454 2196 2500 tamen
2224 2443 2338 2513 jam
2363 2444 2541 2509 factae,
2565 2456 2670 2495 non
2704 2440 2980 2503 faciendae,
3012 2440 3107 2494 sed
3132 2440 3461 2508 temporibus
3496 2454 3590 2493 va-

2014 2538 2192 2607 riatis)
2230 2534 2428 2592 salvari
2490 2543 2755 2607 exspecto
2791 2532 2860 2587 ab
2903 2531 3095 2586 eodem
3138 2529 3439 2592 Salvatore,
3499 2528 3593 2596 ιιιὶ

2012 2642 2205 2681 omnes
2234 2626 2480 2681 homines
2521 2625 2635 2679 vult
2674 2623 2855 2678 salvos
2897 2620 3036 2687 ﬁeri,
3072 2628 3133 2673 et
3175 2619 3445 2673 neminem
3479 2617 3593 2671 vul'

2014 2718 2210 2786 perire.
2256 2716 2460 2770 Idcirco
2508 2714 2685 2768 Pater'
2718 2721 2776 2767 et
2826 2710 3045 2766 domine
3088 2707 3590 2783 vitameacmtiam

2014 2804 2396 2871 sempiternam
2430 2801 2692 2868 lzetitiam,
2722 2814 2885 2869 quam
2912 2811 3013 2866 per
3044 2801 3266 2869 peccata
3313 2810 3431 2847 mea
3461 2809 3590 2862 per-

2013 2893 2146 2952 didi,
2182 2892 2344 2946 redde
2373 2890 2525 2944 mihi.

323 2964 727 3078 quo—diestﬂiion
755 2964 1515 3070 impossibileomnipotentize
1545 2998 1668 3057 tuae,
1697 3010 1796 3050 nec
1827 2964 1910 3049 in;
1933 2964 1981 3024 δ
2082 2981 2173 3034 50-
2219 2980 2285 3078 ξεῖι
2315 2980 2502 3078 simil".
2530 2976 3080 3078 i’ﬁnCIpalifonﬁfmf
3115 2990 3216 3075 me:
3326 2971 3468 3078 Deus.
3495 2972 3586 3041 (Ιυί

324 3091 533 3153 decens
561 3104 663 3149 tua:
682 3091 926 3163 iustitiae,
950 3102 1050 3144 nec
1071 3086 1347 3142 insolitum
1378 3092 1481 3139 tute
1505 3085 1909 3149 misericordiae,

321 3190 589 3259 quoniam
635 3186 809 3238 bonus
848 3196 909 3236 es
940 3188 1017 3243 tu,
1049 3187 1104 3232 ct
1139 3176 1394 3245 quoniam
1427 3174 1480 3244 in
1511 3183 1772 3232 aeternum
1812 3173 1913 3228 tui-

324 3274 631 3333 sericordia
679 3281 768 3326 tua
814 3276 1018 3325 manet.
1059 3265 1301 3357 Dettique
1322 3263 1449 3334 quia
1479 3278 1579 3333 εεο
1607 3263 1825 3332 peccavi
1858 3263 1911 3317 in

323 3368 516 3421 anima
546 3362 749 3433 pariter
774 3369 828 3415 et
860 3360 914 3413 in
939 3372 1127 3424 carne,
1154 3350 1248 3411 nec
1284 3353 1487 3424 aliquid
1522 3350 1628 3406 tale
1663 3352 1912 3407 commit-

330 3470 450 3512 tere
488 3454 624 3507 nltra
663 3452 804 3516 volo,
844 3449 965 3504 ideo
1010 3462 1041 3501 a
1090 3456 1161 3512 te,
1214 3442 1637 3500 clementissime
1685 3443 1912 3497 Domine

336 3548 501 3610 Deus,
528 3544 618 3613 qui
672 3556 831 3613 quem
862 3553 1026 3595 sanas
1075 3538 1129 3592 in
1168 3537 1368 3601 anima,
1417 3545 1474 3591 et
1499 3548 1726 3603 corpore
1752 3532 1912 3587 simul

334 3652 519 3702 sanas,
551 3636 617 3689 de
660 3644 893 3701 utroque
921 3631 1172 3684 ardenter
1204 3628 1451 3684 desidero
1474 3625 1703 3695 espiari.
1730 3624 1903 3679 Porro

335 3728 380 3784 si
410 3724 650 3797 peccavi,
688 3723 796 3776 imo
830 3719 1015 3790 procul
1057 3717 1222 3772 dubio
1268 3714 1393 3782 quia
1430 3713 1669 3793 peccavi,
1699 3725 1755 3765 et
1785 3726 1910 3779 pro-

334 3827 459 3887 pter
513 3816 616 3868 hoe
649 3811 836 3867 oculus
880 3821 1032 3862 meus
1080 3804 1132 3859 in
1177 3801 1543 3858 amaritudine
1584 3800 1912 3869 poenitentia!

336 3888 727 3963 eonnnoratur,
783 3900 850 3953 de
888 3894 1044 3949 venia
1095 3902 1276 3947 tamen
1327 3904 1509 3964 spero,
1555 3888 1735 3942 sciens
1768 3889 1912 3956 quod

336 3994 514 4063 ntajwr
542 3998 625 4044 cst
655 3998 742 4041 tua
774 3986 1008 4048 bonitas,
1037 3996 1199 4051 quam
1232 3993 1350 4033 mea
1380 3978 1666 4047 iniquitas,
1692 3993 1813 4048 qua:
1830 3986 1915 4033 est

338 4096 533 4151 Iuagna
571 4078 748 4132 nimis.

405 4174 497 4228 29.
544 4172 924 4225 Verumtamen
973 4166 1016 4219 si
1061 4164 1259 4218 malum
1292 4175 1475 4216 coram
1507 4169 1559 4214 te
1590 4159 1714 4224 feci,
1742 4168 1797 4213 et
1826 4158 1909 4212 fa-

336 4264 476 4319 ciem
518 4274 663 4314 tuam
701 4275 806 4313 non
831 4258 1045 4320 erubui,
1073 4264 1130 4307 ut
1156 4254 1406 4307 deberem
1435 4249 1531 4321 (V.
1566 4251 1679 4319 i5),
1705 4250 1769 4304 ηε
1792 4264 1912 4319 pra-
1944 4283 1990 4337 ι)

332 4356 489 4428 fit-ias
512 4369 593 4404 me
621 4369 652 4403 a
684 4350 821 4417 facie
863 4358 975 4400 tua.
1012 4345 1161 4399 Sicut
1187 4343 1317 4397 Cain
1348 4356 1444 4410 pro
1470 4349 1781 4410 perpetrato
1807 4338 1913 4392 fra-

339 4446 556 4502 tricidio
605 4458 635 4494 a
679 4441 816 4495 facie
859 4448 945 4493 tua
996 4445 1050 4491 ct
1084 4444 1241 4490 terra:
1295 4433 1435 4487 facie
1477 4431 1749 4501 proiecisti
1792 4433 1915 4501 (nec

338 4539 559 4597 mirum,
591 4534 716 4603 quia
761 4514 950 4583 intima
996 4541 1097 4581 sua
1130 4523 1455 4595 projccerat,
1504 4532 1559 4576 et
1597 4523 1913 4591 desperatus

338 4628 407 4682 de
450 4624 625 4686 venia,
682 4621 852 4675 noluit
894 4617 1178 4687 ptenilere,
1231 4614 1325 4668 sed
1384 4612 1520 4667 dixit
1568 4611 1712 4679 quod
1744 4609 1917 4679 major

337 4726 459 4772 erat
496 4716 613 4785 ejus
640 4713 895 4781 iniquitas
922 4725 1083 4779 quam
1108 4716 1161 4761 ut
1194 4705 1407 4759 veniam
1436 4702 1779 4770 mereretur),
1810 4718 1916 4755 non

339 4810 442 4875 sic,
477 4806 719 4869 Domine,
745 4819 849 4857 non
878 4802 957 4857 sie
980 4798 1233 4868 projicias
1262 4812 1348 4851 me
1369 4812 1399 4848 a
1422 4795 1560 4849 facie
1596 4802 1706 4858 tua,
1735 4807 1913 4861 neque

341 4901 482 4954 sient
512 4898 787 4966 pulverem
816 4907 975 4962 quem
1019 4887 1229 4960 prolicit
1263 4892 1456 4940 ventus
1484 4899 1513 4937 a
1544 4882 1682 4939 facie
1725 4892 1912 4957 terrm;

342 4992 436 5043 sed
466 5004 559 5058 per
587 4999 731 5040 tuam
757 4981 1170 5054 superﬂuentem
1196 4987 1250 5030 et
1272 4974 1594 5028 iueﬂabilem
1620 4972 1917 5027 bonitatem

343 5084 514 5138 facias
568 5096 653 5133 me
699 5078 764 5130 de
824 5076 927 5128 illis
974 5069 1307 5139 simplicibus
1337 5081 1473 5134 quos
1522 5079 1627 5118 non
1665 5063 1915 5133 projicis;

346 5177 442 5229 sed
489 5172 686 5243 projice
716 5176 831 5236 post
868 5175 1072 5233 tergum
1117 5172 1263 5214 tuum
1298 5157 1476 5211 omnia
1522 5164 1743 5224 peccata
1774 5169 1916 5219 mea,

343 5277 402 5321 et
426 5280 614 5320 omnes
642 5258 955 5327 iniquitates
978 5269 1125 5307 meas
1146 5250 1347 5322 projice
1370 5249 1422 5302 in
1449 5246 1770 5317 profundum
1799 5260 1919 5300 ma-

350 5356 460 5417 ris;
504 5370 584 5408 me
613 5361 792 5406 autem
828 5346 1099 5399 hominem
1154 5355 1220 5394 ne
1251 5337 1506 5407 projicias
1537 5350 1567 5389 a
1623 5335 1759 5389 facie
1805 5344 1918 5401 tua,
1956 5367 1962 5374 ι

351 5448 444 5501 sed
482 5448 546 5501 ad
576 5445 720 5498 illam
775 5454 860 5492 me
895 5434 1062 5489 facias
1106 5430 1493 5485 beatitudinem
1524 5425 1829 5496 pervenire,
1866 5423 1919 5477 in

354 5534 461 5605 (tua
504 5550 607 5588 non
655 5532 794 5586 sicut
837 5528 890 5580 in
940 5525 1041 5579 hac
1080 5520 1186 5572 vita
1214 5532 1312 5585 per
1356 5514 1630 5588 speculum
1670 5513 1722 5567 in
1753 5512 1918 5580 aenig-

753 5622 1022 5681 I’n'noi..
1070 5609 1335 5672 CLVIII.

2012 3086 2072 3126 es
2102 3070 2371 3124 maximus
2410 3068 2668 3135 Spiritus,
2692 3066 2925 3120 maxima
2965 3064 3113 3133 regio
3140 3064 3425 3132 spirituum
3456 3063 3589 3116 bea-

2014 3169 2217 3225 torum,
2262 3160 2314 3212 in
2362 3172 2465 3227 qua
2500 3165 2813 3211 sanctormn
2863 3155 3059 3208 anima:
3110 3145 3482 3221 requiescunt,
3535 3161 3589 3206 te

2013 3249 2189 3320 primo
2232 3247 2484 3317 superius
2526 3248 2720 3300 invoco
2764 3242 3016 3313 spiritum
3068 3249 3297 3307 rectum,
3340 3239 3590 3308 spiritum

2014 3347 2288 3407 sanctum,
2316 3344 2373 3391 et
2415 3335 2505 3390 hic
2536 3331 2696 3388 tertio
2725 3331 2976 3401 spiritum
3004 3324 3379 3398 principalem,
3421 3324 3595 3379 inten-

2013 3431 2149 3487 dens
2189 3438 2378 3494 totam,
2415 3441 2535 3496 quae
2576 3426 2628 3479 in
2679 3433 2731 3478 te
2772 3430 2897 3486 est,
2948 3418 3266 3473 Trinitatem
3320 3416 3372 3470 in
3416 3428 3596 3469 meum

2014 3519 2272 3573 auxilium
2290 3510 2564 3580 invocare,
2604 3514 2672 3568 ad
2701 3513 2804 3567 hoc
2829 3518 2889 3565 ut
2915 3509 3013 3580 (ita
3035 3507 3178 3575 cod.)
3204 3514 3385 3561 rectus
3407 3503 3594 3558 Domi-

2013 3625 2118 3665 nus
2148 3608 2289 3661 Deus
2316 3614 2520 3667 noster,
2555 3614 2612 3659 et
2653 3617 2760 3657 non
2797 3612 2881 3655 est
2908 3599 3165 3667 iniquitas
3195 3612 3249 3650 in
3284 3610 3370 3650 eo.
3420 3594 3594 3662 Spiri—

2014 3711 2127 3754 tum
2169 3706 2416 3752 sanctum
2464 3706 2614 3749 tuum
2644 3693 2865 3748 nomine
2899 3704 2999 3745 suo
3028 3683 3284 3756 intelligo.
3314 3685 3382 3739 Et
3407 3696 3458 3739 te
3485 3684 3593 3737 Pa-

2014 3799 2150 3843 trem
2178 3787 2267 3841 hic
2288 3784 2497 3854 accipio
2532 3797 2630 3853 per
2659 3780 2910 3852 spiritum
2940 3775 3313 3848 principalem,
3340 3773 3467 3843 quia
3495 3772 3591 3827 tibi
3680 3764 3681 3767 “

2013 3886 2097 3931 εει
2142 3883 2384 3943 potestas
2434 3869 2805 3940 principaliter
2854 3865 3115 3921 attributa
3168 3862 3368 3916 bonmn
3405 3861 3594 3927 gratia

2014 3967 2158 4035 quod
2188 3964 2241 4019 in
2276 3978 2363 4017 me
2382 3970 2636 4031 operatus
2670 3972 2729 4013 es
2764 3953 3139 4023 conﬁrmandi.
3169 3950 3438 4005 Conﬁrma
3464 3963 3595 4019 erg)

2016 4055 2169 4121 illud,
2203 4054 2365 4110 Pater
2395 4071 2407 4105 :
2451 4061 2506 4106 et
2528 4052 2573 4107 si
2609 4064 2697 4105 me
2726 4042 3155 4106 conﬁrmaveris,
3187 4042 3329 4096 sicut
3364 4042 3512 4108 opto,
3540 4047 3597 4095 ει

2015 4148 2155 4206 sicut
2211 4160 2297 4199 me
2349 4142 2454 4198 scit
2493 4147 2603 4195 tua‘
2627 4136 3037 4207 supereminens
3066 4132 3294 4188 scientia
3327 4130 3591 4199 indigere,

2014 4237 2366 4294 conﬁrmatus
2394 4247 2498 4287 non
2526 4244 2621 4285 ero
2647 4228 2899 4291 inaniter,
2928 4224 3019 4279 sed
3049 4221 3270 4278 docebo.
3301 4221 3357 4274 In
3383 4235 3489 4289 quo
3513 4231 3591 4286 tu,

2018 4328 2159 4381 Deus
2187 4314 2358 4387 meus,
2385 4322 2585 4375 docens
2616 4332 2701 4372 me
2728 4315 2898 4377 utilia,
2936 4311 3199 4366 mirabilis
3222 4319 3383 4378 atque
3411 4308 3598 4361 lauda-

1983 4424 1987 4429 ’
2016 4417 2141 4472 bilis
2170 4412 2481 4484 apparebis,
2510 4410 2750 4490 ecquod
2782 4412 3002 4475 repente
3026 4416 3112 4458 me
3139 4401 3410 4456 doctorem
3456 4397 3594 4451 fece-

2018 4511 2096 4566 ris
2130 4509 2198 4562 de
2226 4506 2498 4576 plorante;
2545 4486 2610 4556 de
2652 4500 2800 4567 lupo,
2847 4510 3075 4566 agnum;
3112 4494 3177 4546 de
3209 4490 3378 4544 altero
3405 4486 3590 4550 Saulo,

2017 4599 2242 4657 Paulum
2275 4613 2289 4651 :
2325 4604 2382 4650 et
2421 4593 2515 4648 alii
2548 4599 2861 4661 peccatores
2903 4585 3146 4638 videntes
3172 4579 3315 4649 quod
3341 4577 3470 4631 mibi
3502 4591 3590 4646 pes

2018 4689 2277 4764 perceris,
2324 4683 2611 4755 proﬁcient
2647 4693 2745 4749 per
2773 4673 3099 4742 exemplum,
3128 4678 3183 4724 et
3229 4668 3309 4723 sic
3344 4664 3512 4722 verbo
3538 4673 3597 4721 ει

2018 4758 2265 4850 exemplo
2294 4774 2388 4847 (V.
2422 4771 2509 4841 l5)
2538 4769 2730 4823 docebo
2760 4766 2990 4835 iniquos,
3022 4759 3113 4830 qui
3151 4758 3205 4813 in
3236 4758 3341 4825 ﬁde
3371 4768 3599 4850 manen-

2021 4886 2126 4938 tes,
2163 4842 2397 4941 peccatis
2438 4861 2551 4917 suis
2582 4869 2838 4927 tanquam
2871 4860 3131 4923 apostata:
3167 4847 3497 4904 mortiﬁcant
3541 4842 3598 4899 Ii-

2020 4937 2142 5021 dem
2163 4937 2325 5017 suam
2355 4975 2371 5013 ε
2404 4954 2541 5015 illos,
2577 4952 2819 5018 inquam,
2852 4950 3240 5015 apostatantcs,
3276 4937 3369 5007 qui
3417 4949 3599 4991 reces-

2019 5061 2206 5111 serunt
2236 5066 2267 5105 a
2322 5058 2374 5103 te
2405 5086 2421 5113 ,
2471 5053 2526 5097 et
2551 5055 2686 5110 quos
2727 5049 2803 5099 tu,
2834 5037 2968 5103 ipse,
3010 5032 3257 5092 Domine,
3297 5040 3491 5081 vocare
3528 5024 3595 5077 ad

2021 5144 2395 5220 pmnitentiam
2412 5136 2629 5199 venisti,
2652 5132 2707 5186 el
2731 5146 2837 5183 non
2865 5132 3062 5197 justos.
3092 5122 3297 5177 Docebo
3320 5121 3428 5220 vias
3454 5125 3595 5216 tuas,

2022 5204 2131 5294 iton
2156 5250 2325 5299 meas,
2356 5230 2450 5286 sed
2476 5236 2595 5280 tuas
2623 5238 2638 5276 :
2674 5221 2791 5275 vias
2821 5230 2963 5282 tuas,
2994 5231 3112 5285 qua:
3149 5204 3599 5297 suntmiserieor-

2024 5330 2108 5384 dia
2140 5334 2194 5380 et
2220 5322 2441 5384 veritas,
2480 5328 2577 5386 per
2598 5325 2733 5381 quas
2770 5310 2835 5362 ad
2879 5321 2978 5359 nos
3020 5302 3190 5367 venis,
3226 5309 3279 5353 ει
3324 5291 3517 5350 nos'ad
3546 5304 3601 5345 te

2024 5404 2310 5488 possumus
2363 5404 2665 5481 pervenire.
2703 5401 2767 5453 Et
2802 5398 2904 5457 ipsi
2956 5393 3101 5461 impii
3129 5398 3421 5459 peccatores
3455 5390 3521 5434 at
3547 5390 3595 5433 te

2004 5476 2579 5565 ianvcrtrnturmtper
2599 5501 2669 5557 le,
2694 5490 2937 5549 Don’un'e,
2962 5498 3048 5551 qui
3074 5476 3341 5533 convertis
3365 5480 3594 5539 petram,

3275 5568 3345 5623 Ξῖ
