4200 6202
612 172 617 183 ’
634 163 754 229 €45

999 167 1057 223 S.
1085 152 1395 220 “ANSELMI
1430 159 1783 217 CANTUAR.
1822 156 2139 214 AllClllEP.
2176 156 2229 214 Οἳ

2372 150 2570 214 PARS.
2608 151 2670 208 ΙΙ.
2692 180 2753 192 —-
2784 148 3150 206 ΡΛΒᾸΞΝΕΤ.
3178 147 3266 204 ΕΤ
3302 147 3522 211 ASCET

3856 48 3891 73 ι·
3910 28 4055 63 *ηδ’*

3781 148 3885 229 8⁸⁸.

643 282 847 338 scilicet
885 274 1063 331 cordis
1093 271 1369 337 duritiam,
1400 269 1453 325 in
1480 277 1673 338 stagna
1696 281 1979 335 aquarum,
2011 267 2112 319 hoc
2135 274 2218 319 est
2247 277 2292 332 Α
2318 266 2467 320 dices
2503 277 2520 315 :
2547 262 2707 318 Salus
2749 275 2837 318 tua
2886 279 2985 335 ego
3028 278 3169 327 sum,
3198 262 3415 332 quando
3440 260 3739 331 plenam,et
3761 279 3878 321 cer-

641 370 699 427 in
724 367 942 422 ﬁumina
982 363 1364 434 lacrymarum.
1399 358 1511 413 Lex
1546 358 1689 412 enim
1724 366 1832 422 tua,
1859 355 2100 419 Domine,
2130 366 2215 410 est

640 454 1010 518 immaculata,
1064 461 1386 507 convertens
1430 448 1658 502 animas.
1711 445 1820 517 Ego
1864 458 2045 499 autem
2098 459 2214 509 cor,

640 546 894 618 linguam,
917 552 973 599 et
1000 542 1140 599 labia
1160 549 1377 612 paratus
1396 554 1513 594 sum
1535 537 1602 591 ad
1614 534 2037 605 exsequendum,
2066 544 2215 587 tuum

646 638 1011 695 ministerium
1038 634 1324 699 exhibere;
1373 629 1725 686 devotissime
1751 625 2127 695 supplicando,
2159 634 2219 677 ut
2255 607 2291 657 Γ

2320 716 2605 771 festabitur
2633 715 2779 771 salus
2808 723 2864 769 et
2912 716 3142 771 felicitas
3177 716 3264 771 illa
3299 716 3453 781 mihi,
3481 716 3549 770 ad
3576 729 3739 785 quam
3767 731 3888 785 per-

643 738 697 784 tu
732 730 825 801 (uti
860 730 1005 783 Deus
1027 736 1081 782 et
1110 725 1338 780 Domine
1380 720 1508 777 Jesu
1546 719 1781 782 Christe,
1832 717 1921 785 qui
1949 716 2001 769 in
2028 715 2216 769 diebus

641 820 823 875 carnis
852 828 953 873 tua:
1000 818 1162 872 verba
1193 818 1317 867 vita:
1359 820 1576 866 teternte
1616 810 1750 862 adeo
1790 805 2110 860 mirabiliter
2135 804 2215 857 lo-

642 898 921 982 quebaris,
949 923 1070 963 cum
1113 904 1451 960 mirabantur
1476 914 1667 981 omnes
1699 899 1765 953 de
1803 897 1981 954 verbis
2010 896 2213 966 gratiae,

640 1017 760 1070 qua:
786 999 890 1054 tuis
919 996 1075 1051 labiis
1114 990 1522 1064 procedebant,)
1556 990 1634 1044 sic
1661 1004 1756 1043 cor
1783 1002 1961 1057 meum
1984 984 2212 1055 aperias,

640 1093 878 1161 tinguant
907 1087 1151 1150 erudias,
1202 1084 1343 1140 labia
1373 1084 1705 1145 circumdes,
1742 1088 1801 1133 ut
1845 1078 1994 1147 impii
2036 1076 2106 1130 ab
2132 1090 2216 1129 er-

640 1196 765 1237 rore
803 1182 926 1234 vita:
948 1188 1050 1232 tuae
1090 1191 1186 1246 per
1211 1184 1284 1240 te,
1316 1174 1395 1229 sic
1422 1173 1489 1227 ad
1522 1180 1572 1226 te
1601 1184 1722 1225 meo
1758 1164 2004 1233 exemplo
2036 1173 2087 1217 et
2112 1162 2215 1216 rui-

639 1269 869 1325 nisterio
912 1274 1278 1330 revertantur,
1321 1262 1464 1332 quod
1504 1260 1684 1313 anima
1732 1269 1850 1309 mea
1881 1254 2121 1309 salvetur
2162 1253 2213 1306 in

642 1370 838 1427 morte,
872 1370 928 1416 et
968 1370 1021 1414 tu
1073 1370 1313 1413 meorum
1343 1353 1555 1423 cperias
1586 1346 1982 1403 multitudinem
2003 1359 2218 1427 pecca-

640 1425 841 1519 torum,
894 1453 967 1506 ita
1024 1450 1164 1520 quod
1214 1460 1314 1502 nec
1340 1459 1369 1498 a
1406 1453 1457 1499 te
1499 1457 1596 1497 nec
1620 1455 1650 1493 a
1678 1437 1893 1494 diabolo
1920 1425 2216 1492 de'cartero

641 1544 1056 1614 cognoscantur.

2323 367 2453 421 tam,
2476 369 2721 410 securam
2753 365 2809 410 et
2836 356 3218 425 sempiternam
3249 353 3565 408 felicitatem
3596 354 3729 408 mihi
3753 371 3880 411 con-

2317 444 2547 499 cesseris
2577 452 2631 498 et
2655 444 2901 499 salutem.

2388 535 2477 591 52.
2517 534 2561 590 Ο
2600 536 2816 604 quando
2844 538 2910 589 ad
2963 532 3108 591 illam
3156 535 3612 605 incorruptionem
3653 533 3884 600 veniam,

2318 637 2371 681 et
2400 626 2478 680 sic
2510 625 2691 680 salvus
2720 629 2842 680 ero!
2888 625 3027 682 Vere
3071 634 3197 681 tunc
3244 626 3503 691 satiabor,
3532 641 3656 680 cum
3706 625 3881 679 mani-

2318 810 2502 864 venire
2527 825 2634 864 non
2670 824 2906 879 possum,
2949 808 3052 864 nisi
3096 811 3245 879 prius
3288 823 3316 862 a
3368 817 3419 863 te
3446 805 3603 863 fuero
3627 808 3695 863 de
3734 807 3892 863 dictis

2318 899 2669 969 sanguiuibus
2693 898 2976 962 liberatus,
3004 913 3035 951 a
3060 897 3255 968 quibus
3282 899 3325 953 si
3355 898 3612 953 liberatus
3639 897 3813 962 fuero,
3836 904 3890 952 et

2319 991 2466 1044 nullo
2493 990 2596 1043 alio
2628 988 2912 1055 liberaute,
2952 997 3000 1042 et
3029 986 3304 1052 exultabit,
3337 989 3439 1042 hoc
3485 996 3570 1042 est
3598 1003 3721 1042 cum
3742 988 3891 1042 exul-

2320 1082 2522 1134 tatione
2569 1088 2625 1134 et
2671 1079 2884 1150 gaudio,
2930 1079 3424 1147 nuntiabit'lingna
3472 1094 3586 1131 mea
3625 1078 3893 1146 justitiam

2320 1186 2465 1227 (nam
2490 1184 2509 1221 :
2545 1186 2651 1225 non
2689 1170 2854 1234 illam,
2878 1170 3128 1234 Domine,
3152 1185 3181 1223 a
3209 1184 3311 1237 qua
3341 1168 3589 1239 superius
3606 1168 3893 1238 appellavi,

2318 1277 2384 1316 eo
2435 1260 2579 1332 quod
2634 1260 2905 1314 dominam
2959 1274 3132 1313 meam
3194 1259 3638 1324 n'tisericordiam,
3683 1260 3735 1312 in
3786 1273 3891 1327 qua

2318 1364 2497 1417 spero,
2526 1364 2630 1402 non
2650 1348 2939 1417 permittet
2964 1362 3146 1403 secum
3171 1348 3224 1402 in
3249 1356 3338 1401 tuo
3369 1347 3512 1400 tittali
3533 1346 3738 1414 judicio
3766 1364 3896 1403 con-

2320 1440 2554 1494 sedere:
2600 1452 2722 1492 nam
2762 1437 2906 1492 illam
2954 1436 3286 1504 justitiarum
3321 1437 3585 1506 justitiam
3631 1453 3737 1489 non
3770 1452 3896 1505 pos-

2320 1544 2433 1583 sem
2463 1544 2586 1583 cum
2639 1528 2971 1586 exultatione
3013 1514 3079 1581 ad
3111 1528 3425 1582 memoriam
3458 1542 3735 1593 revocare,
3769 1527 3899 1597 quia

711 1613 799 1707 ξι,
846 1654 998 1718 Quod
1030 1661 1088 1705 υι
1128 1650 1257 1705 mihi
1304 1646 1577 1703 emendus
1617 1643 1963 1706 concedatur,
2002 1637 2098 1709 (γ⁸
2130 1640 2214 1709 ω)
2252 1613 2295 1667 Β
2322 1619 2477 1673 valde
2524 1618 2897 1672 contrentiscit
2955 1633 3051 1672 cor
3096 1633 3276 1673 meum
3327 1616 3473 1671 illam
3525 1618 3767 1672 timens:
3803 1618 3901 1672 sed

639 1744 801 1798 libera
825 1760 904 1796 me
924 1744 989 1796 de
1007 1739 1369 1810 sanguinibus,
1398 1736 1559 1801 Deus,
1579 1735 1714 1789 Deus
1734 1732 1919 1787 salutis
1936 1746 2080 1796 mete.
2101 1730 2220 1798 Spi-

642 1835 778 1889 ritus
822 1840 1009 1887 sancte
1040 1831 1203 1897 Deus,
1229 1830 1320 1900 qui
1366 1832 1432 1883 ad
1476 1829 1579 1882 hoc
1608 1826 1659 1880 in
1688 1824 1884 1895 linguis
1916 1821 2086 1893 igneis
2113 1820 2221 1875 dis-
2252 1818 2255 1827 '

638 1926 851 1995 pertitis
897 1920 1117 1980 voluisti
1162 1923 1267 1986 tuis
1304 1919 1585 1989 discipulis
1640 1930 1926 1995 apparere,
1957 1922 2017 1967 ut
2068 1911 2223 1966 nobis

649 1992 813 2074 dares
859 2016 1163 2086 intelligere
1232 2013 1374 2083 quod
1430 2011 1608 2066 omnia
1668 1992 1973 2077 linguarum
2025 2020 2221 2074 genera

642 2108 1029 2178 cegnoscebas,
1082 2102 1205 2159 audi
1256 2100 1564 2163 ellicaciter;
1615 2106 1672 2152 et
1703 2096 1897 2151 exaudi
1942 2108 2136 2149 novam
2168 2103 2223 2147 et

642 2198 920 2268 antiquam
957 2194 1369 2267 grammaticam
1418 2192 1615 2261 lingua:
1647 2202 1803 2253 mete,
1844 2187 1896 2240 in
1935 2201 2039 2256 qua
2067 2183 2223 2253 quasi

642 2298 887 2341 meorum
921 2293 1266 2354 peccatorum
1316 2278 1593 2335 doloribus
1623 2286 1750 2347 peto
1771 2291 1801 2329 a
1832 2285 1885 2331 te
1913 2275 1979 2329 de
2004 2273 2223 2344 sangui-

639 2375 801 2431 nihus
848 2374 1091 2429 liberari.
1124 2371 1265 2427 Ecce
1308 2362 1453 2425 enim
1482 2381 1537 2422 tu
1568 2367 1701 2432 scis,
1730 2367 1823 2435 qui
1868 2365 2222 2420 scientiarum

646 2475 711 2521 es
733 2464 899 2528 Deus,
934 2462 1076 2531 quod
1108 2462 1162 2515 in
1187 2459 1379 2515 Latino
1414 2468 1605 2512 nostro
1636 2455 1791 2531 apud
1815 2452 2223 2523 grammaticos,

644 2555 937 2625 sanguines
978 2551 1399 2624 pluraliter.non
1441 2548 1718 2612 dicuntur,
1762 2545 1859 2599 sed
1888 2542 2142 2612 sanguis;
2172 2548 2227 2593 et

651 2655 833 2699 tamen
866 2644 930 2698 ad
958 2641 1322 2698 conﬁtendum
1373 2638 1595 2693 nomini—
1616 2646 1725 2701 tuo,
1754 2633 2051 2696 Altissime,
2081 2630 2225 2699 quod

647 2753 714 2794 ex
746 2752 910 2790 carne
960 2750 1060 2803 per
1095 2740 1377 2803 peccatum
1404 2726 1666 2798 originale
1693 2733 1966 2792 corrupta,
2006 2736 2111 2776 non
2139 2734 2227 2774 so—

645 2827 756 2881 lum
782 2840 971 2889 unum,
1012 2822 1107 2879 sed
1146 2820 1299 2890 plura
1340 2815 1587 2873 contraxi
1621 2822 1864 2884 peccata,
1894 2810 2066 2881 magis
2094 2823 2225 2878 pro-

646 2918 765 2989 prie
790 2925 844 2971 et
866 2928 1120 2985 expresse
1145 2910 1366 2967 intendo
1384 2925 1415 2963 a
1445 2919 1497 2963 te
1522 2917 1728 2978 petere,
1762 2904 1905 2958 Deus
1928 2916 2097 2957 meus.
2118 2915 2221 2955 non

650 3011 718 3065 de
766 3007 1027 3078 sanguine
1055 3006 1147 3061 sed
1192 3004 1257 3057 de
1302 2999 1656 3072 sanguiuihus
1686 2996 1941 3059 liberari;
1982 2994 2082 3051 hoc
2117 2999 2221 3055 est,

652 3099 901 3165 omnibus
949 3094 1187 3165 peccatis
1227 3091 1557 3153 carnalibus,
1610 3101 1730 3156 qua:
1768 3093 1896 3139 sunt
1939 3082 2126 3143 multa,
2172 3088 2227 3135 et

657 3162 968 3257 specialiter
1030 3184 1095 3239 de
1159 3180 1474 3253 parentibus
1532 3176 1866 3241 carnalibus,
1920 3174 1987 3228 de
2044 3187 2229 3257 amore

664 3253 850 3333 eorum
884 3277 963 3330 sic
1008 3274 1229 3343 junctus
1258 3283 1447 3329 tenear
1476 3278 1529 3324 et.
1580 3269 1796 3349 ligatus,
1829 3265 1971 3335 quod
2010 3280 2077 3317 ne
2102 3253 2232 3316 illud

658 3369 956 3432 incurram,
992 3366 1045 3419 in
1070 3362 1219 3434 ,ειυοά
1270 3360 1533 3425 incidunt,
1569 3359 1662 3428 qui
1702 3350 1977 3411 m’diticant
2015 3354 2145 3408 Sion
2177 3352 2231 3406 in

660 3454 1033 3526 sanguinihus,
1057 3453 1139 3508 vel
1164 3452 1254 3522 qui
1280 3453 1331 3505 in
1365 3448 1723 3521 sahgninibus
1740 3446 2010 3501 aediﬁcant
2042 3444 2233 3498 civita-

616 3600 617 3603 η
662 3556 802 3609 tem;
829 3544 1022 3612 quibus
1072 3542 1116 3597 si
1150 3556 1246 3610 per
1274 3542 1502 3611 gratiam
1554 3548 1700 3592 tuam
1753 3536 1903 3589 fuero
1948 3535 2231 3597 liberatus,

660 3647 766 3686 non
804 3632 1141 3702 congregabo
1165 3629 1539 3686 conventicula
1569 3640 1777 3690 eorum,
1816 3625 2024 3679 scilicet
2062 3623 2233 3678 malo—

661 3739 778 3778 rum
807 3723 1175 3794 collegiorum,
1209 3724 1277 3777 de
1304 3719 1690 3791 sanguinibus;
1726 3731 1792 3770 ne
1823 3726 1968 3769 motu
1998 3712 2233 3769 carnali-

661 3815 787 3870 tatis
815 3830 943 3881 erga
982 3830 1078 3869 nos
1118 3813 1425 3872 inordinate
1471 3808 1729 3871 mollitus,
1764 3802 2099 3873 disrumpere
2129 3818 2233 3857 non

661 3905 862 3972 possim
890 3903 1259 3982 colligationes
1304 3900 1617 3970 impietatis,
1648 3897 1731 3951 vel
1765 3896 1973 3951 solvere
2010 3894 2238 3947 fascicu-

664 3994 745 4053 los
766 3992 1137 4064 deprimentis.
1167 3990 1293 4046 Scio
1319 3990 1461 4045 enim
1486 3989 1626 4058 quod
1654 4002 1780 4040 caro
1809 3982 1857 4038 et
1892 3983 2109 4044 sanguis
2134 3998 2237 4037 non

612 4122 613 4125 η
660 4084 1012 4156 possidebunt
1042 4082 1268 4152 gloriam
1306 4079 1456 4149 regni
1488 4079 1591 4141 tui;
1616 4087 1669 4131 et
1699 4076 1840 4146 quod
1866 4072 1939 4127 nil
1980 4072 2236 4140 iniquius,

661 4188 824 4242 quant
860 4171 1000 4240 quod
1047 4168 1375 4241 excogitavit
1406 4183 1533 4224 caro
1563 4177 1615 4221 et
1662 4163 1905 4235 sanguis.
1945 4161 2060 4216 Non
2093 4161 2236 4215 enim

2324 1711 2465 1766 illam
2492 1710 2669 1780 potius
2716 1718 2861 1760 tuam
2892 1707 3158 1775 justitiam
3197 1709 3378 1779 lingua
3426 1723 3545 1762 mea
3590 1722 3710 1761 eum
3746 1710 3898 1760 exut-

2325 1802 2545 1865 tationc,
2588 1810 2641 1853 et
2692 1799 2871 1852 lmtitia
2900 1798 3201 1859 nunciabit,
3248 1813 3353 1866 qua
3394 1798 3446 1851 in
3488 1798 3739 1866 praesenti
3790 1797 3899 1851 vita

2324 1909 2390 1947 ex
2417 1894 2617 1947 virtute
2650 1891 2819 1960 ipsius
2854 1900 2960 1944 tuae
3006 1890 3287 1959 prmsentis
3313 1888 3534 1958 iustitia:
3566 1903 3651 1942 me
3697 1889 3902 1942 teneris

2325 1985 2566 2052 recipere
2586 1980 2961 2045 conﬁtentem;
2989 1996 3055 2036 eo
3079 1983 3220 2050 quod
3241 1995 3410 2035 sacra:
3439 1979 3585 2050 leges
3614 1990 3717 2032 tua:
3738 1978 3904 2048 justi—

2326 2073 2414 2125 tim
2437 2072 2604 2125 inhac
2636 2071 2746 2124 vita
2783 2085 2887 2124 non
2923 2069 3278 2138 dedignantur
3312 2084 3498 2124 sacros
3531 2068 3766 2123 eauoues
3798 2076 3907 2123 tua:

2324 2162 2709 2217 misericordia:
2744 2162 2968 2226 imitari,
2999 2171 3478 2229 quantumcunque
3511 2159 3563 2213 in
3586 2169 3907 2228 peccatores

2326 2255 2728 2324 impteuitentes
2773 2252 2961 2306 saevire
2987 2251 3222 2306 debeant
3250 2252 3302 2305 iu
3333 2251 3533 2305 futuro.
3564 2250 3658 2304 Sin
3694 2259 3907 2317 autem,

2327 2346 2471 2401 Deus
2493 2360 2647 2400 meus
2671 2354 2725 2400 et
2756 2343 3015 2399 liberator
3042 2358 3215 2408 meus,
3253 2357 3339 2397 me
3370 2343 3533 2412 (quod
3572 2341 3766 2411 absiti)
3797 2355 3906 2395 non

2326 2435 2641 2492 liberaveris
2667 2434 2733 2489 de
2778 2434 3150 2503 sanguinibus,
3192 2433 3330 2487 sicut
3359 2440 3509 2500 apto,
3538 2446 3643 2498 qua
3683 2428 3907 2485 temeri-

2300 2534 2437 2581 -tate
2469 2535 2760 2594 praesumet
2803 2525 2982 2592 lingua
3025 2538 3143 2576 mea
3186 2531 3330 2574 tuam
3371 2520 3662 2588 justitiam,
3692 2512 3909 2575 remor-

2326 2616 2487 2670 dente
2536 2629 2623 2669 me
2680 2613 3032 2676 conscientia,
3083 2611 3350 2676 exultare,
3397 2610 3481 2664 vel
3525 2626 3646 2665 cum
3694 2609 3911 2664 exulta-

2328 2703 2477 2757 tione
2521 2702 2689 2756 animi
2738 2700 3216 2755 nunciare?tjerte
3246 2700 3423 2768 potius
3451 2699 3790 2766 formidaret,
3840 2713 3912 2753 ne
3988 2705 3995 2719 '

2329 2806 2407 2861 tu,
2438 2796 2604 2860 Deus,
2627 2796 2761 2849 mihi
2791 2795 3000 2849 diceres
3029 2794 3298 2864 peccaturi
3341 2811 3355 2847 ε
3385 2793 3565 2859 Quare
3604 2801 3655 2846 tu
3679 2807 3913 2849 enat-ras

2323 2888 2561 2958 justitias
2606 2902 2773 2952 meas,
2811 2894 2865 2942 et
2912 2886 3143 2941 assumis
3181 2895 3561 2941 testamentum
3592 2900 3771 2940 meum
3812 2900 3913 2956 per

2327 2994 2389 3033 os
2420 2988 2569 3033 tuum
2591 2979 2619 3031 ?
2662 2978 2768 3033 Sed
2808 2979 2933 3047 quia
2970 2978 3085 3032 istae
3134 2977 3263 3046 duae
3292 2991 3401 3039 res,
3436 2976 3812 3031 misericordia
3855 2987 3913 3031 et

2324 3072 2557 3141 iustitia,
2593 3082 2809 3140 semper
2848 3070 2900 3124 in
2949 3080 3036 3124 tuo
3064 3070 3265 3139 judicio
3300 3078 3424 3123 sunt
3457 3068 3786 3138 conjuncttn,
3840 3082 3911 3123 ex

2331 3175 2438 3230 quo
2466 3162 2533 3215 de
2578 3161 2925 3230 sanguinibus
2954 3159 3235 3223 conﬁteor,
3261 3170 3318 3213 et
3356 3160 3735 3227 pmnitentiam
3770 3160 3916 3213 bene

2330 3250 2587 3320 placitam
2626 3250 2718 3303 tibi
2745 3264 2844 3316 ago
2874 3250 2938 3304 de
2977 3249 3295 3304 liberatione
3318 3265 3433 3303 mea
3469 3248 3707 3303 indubia.

2406 3341 2494 3395 55.
2537 3338 2632 3407 (ν.
2667 3338 2777 3408 17.)
2802 3338 3000 3405 Quare,
3030 3354 3062 3394 ο
3085 3338 3323 3400 Domine,
3352 3338 3490 3390 labia
3527 3353 3660 3403 mea,
3689 3344 3919 3406 propter

2333 3439 2556 3500 peccata
2588 3444 2706 3483 mea
2743 3430 3005 3484 hactenus
3044 3429 3244 3493 clausa,
3273 3430 3493 3497 aperias,
3522 3430 3611 3497 qui
3648 3428 3914 3498 aperuisti

2335 3535 2398 3575 os
2436 3519 2713 3574 Zachariae
2760 3521 3052 3588 prophetat,
3103 3519 3242 3588 quod
3273 3534 3429 3573 nemo
3456 3518 3707 3573 claudere
3736 3516 3918 3587 potuit

2337 3610 2465 3679 quin
2510 3618 2560 3662 te
2612 3609 2954 3663 benediceret
3004 3608 3289 3662 Dominum
3343 3623 3528 3673 suum;
3567 3609 3657 3679 qui
3706 3621 3736 3663 e
3785 3624 3933 3683 eou-a

2336 3713 2499 3754 verso
2544 3712 2639 3752 ora
2685 3697 2899 3752 leonum
2960 3699 3013 3751 in
3064 3697 3183 3752 lacu
3221 3698 3355 3752 adeo
3400 3697 3731 3764 conclusisti,
3770 3699 3919 3766 quod

2337 3804 2500 3845 nemo
2529 3788 2704 3857 potuit
2753 3788 2842 3842 illa
2892 3789 3121 3859 aperire,
3173 3798 3229 3841 ιιι
3273 3788 3528 3842 laederent
3573 3789 3916 3843 Danihelem.

2342 3880 2445 3944 Tu,
2473 3882 2710 3946 inquam,
2744 3880 2836 3946 qui
2868 3881 2948 3933 sic
2976 3881 3154 3948 aperis
3184 3888 3237 3934 et
3277 3894 3434 3934 nemo
3455 3878 3677 3943 claudit,
3707 3877 3919 3932 claudis

2343 3978 2400 4025 et.
2428 3983 2586 4021 nemo
2614 3967 2808 4037 aperit,
2842 3970 2989 4037 aperi
3032 3968 3168 4021 labia
3208 3984 3345 4032 utea,
3383 3970 3565 4043 Deus;
3588 3979 3646 4022 ut
3676 3983 3785 4022 non
3825 3982 3919 4024 so-

2344 4060 2454 4112 lum
2486 4058 2621 4112 labia
2654 4058 2895 4126 corporis
2922 4057 2986 4109 ad
3029 4057 3388 4112 conﬁtendum
3418 4058 3537 4122 tibi,
3567 4059 3660 4114 sed
3700 4065 3755 4113 et
3781 4059 3919 4113 den-

2345 4162 2427 4210 tes
2473 4162 2527 4209 et.
2559 4154 2695 4208 labia
2726 4154 2904 4208 cordis
2947 4156 3073 4217 mei,
3123 4170 3241 4224 qua:
3273 4163 3395 4208 sunt
3425 4153 3539 4221 ejus
3568 4153 3836 4209 desideria
3865 4160 3922 4208 et

661 4279 792 4317 caro
835 4271 887 4316 et
936 4263 1153 4332 sanguis
1205 4262 1363 4315 beato
1419 4257 1628 4314 Simoni
1683 4255 1927 4308 Baroniac
1980 4252 2316 4314 revelavitD
2344 4246 2610 4298 Voluntas.
2644 4243 2778 4297 Nam
2811 4242 2949 4297 sicut
2993 4242 3045 4296 in
3090 4259 3151 4298 os
3195 4245 3437 4314 corporis
3479 4243 3581 4298 mei
3610 4258 3714 4298 non
3736 4250 3920 4313 potest

663 4354 937 4408 Christum
974 4367 1093 4407 esse
1132 4351 1326 4405 Filium
1356 4350 1464 4412 Dei,
1480 4349 1606 4411 vivi,
1653 4348 1743 4401 sed
1778 4346 1953 4415 potius
2003 4359 2125 4399 eum
2171 4343 2238 4397 ad

662 4461 849 4501 vocem
879 4443 1088 4499 ancilla:
1114 4442 1272 4496 unius
1300 4440 1433 4496 adeo
1454 4437 1771 4501 excmcavit,
1810 4444 1867 4489 ut
1894 4436 2011 4504 ejus
2039 4434 2239 4489 habere

665 4536 911 4593 notitiam
946 4536 1261 4604 denegaret.
1307 4530 1412 4586 Sed
1448 4540 1500 4583 tu
1549 4529 1620 4594 ei,
1670 4528 1913 4590 Domine,
1967 4524 2237 4587 revelasti,

667 4630 759 4698 qui
788 4642 849 4683 es
891 4627 1290 4681 ﬁrmamentum
1339 4636 1539 4687 meum,
1570 4631 1624 4702 et
1655 4617 1918 4686 refugitmt
1958 4630 2155 4676 meum,
2188 4622 2241 4665 et

667 4720 923 4773 liberator
974 4732 1169 4772 meus:
1218 4715 1307 4785 qui
1367 4711 1675 4768 Danihelem
1726 4709 1790 4764 de
1845 4709 1962 4762 lacu
2004 4707 2240 4769 leonum,

669 4810 973 4863 Susannam
1017 4810 1080 4861 de
1126 4807 1259 4861 falso
1290 4807 1517 4861 crimine
1568 4803 1829 4857 liberasti.
1870 4800 1936 4854 Et
1984 4798 2240 4852 idcircoa

673 4910 724 4955 te
757 4901 1044 4954 liberatore
1083 4915 1201 4953 meo
1236 4907 1359 4967 peto
1388 4895 1700 4965 suppliciter
1728 4903 1782 4948 et
1827 4890 2066 4959 requiro,
2093 4897 2148 4941 ut
2184 4887 2239 4940 li-

670 4991 827 5046 beres
850 5008 935 5044 me
965 4992 1029 5043 dc
1058 4990 1411 5057 sanguinibus
1432 4998 1556 5041 ante
1581 4988 1757 5049 dieiis,
1786 4983 1928 5038 etab
1953 4986 2098 5037 omni
2127 4995 2239 5033 cor-

673 5085 923 5151 ruptione
950 5095 1126 5151 pmnae
1144 5092 1197 5134 et
1227 5079 1394 5148 culpa:
1434 5098 1445 5131 :
1487 5079 1577 5132 sed
1608 5079 1673 5131 da
1723 5076 1852 5130 mihi
1888 5072 2246 5141 incorruptio-

676 5190 816 5237 nem,
851 5190 1009 5242 quam
1039 5171 1194 5227 dabis
1224 5174 1329 5225 tuis
1356 5171 1600 5225 ﬁdelibus
1628 5169 1677 5222 in
1712 5158 1916 5229 futuro,
1952 5165 2113 5227 Deus,
2146 5164 2243 5233 da;

676 5275 759 5318 tm-
789 5267 975 5323 salutis
1040 5280 1190 5331 [11618,
1244 5275 1403 5333 quam
1440 5277 1491 5315 tu
1542 5262 1791 5317 Salvator
1828 5265 2082 5326 cperatus
2112 5270 2168 5309 es
2194 5256 2245 5309 in

677 5355 855 5411 medio
886 5366 1041 5410 terra:
1072 5373 1084 5385 ·
1124 5371 1241 5424 qua:
1282 5356 1427 5409 salus
1464 5354 1566 5406 erit
1607 5352 1656 5404 in
1694 5350 1781 5404 illa
1821 5346 2245 5415 incorruptione,

676 5461 799 5498 eum
872 5447 1219 5515 corruptibile
1281 5446 1378 5499 hoc
1440 5444 1621 5496 induet
1678 5437 2139 5507 incorruptionem
2196 5445 2251 5488 et

679 5536 904 5590 mortale
956 5537 1053 5589 hoc
1106 5533 1583 5589 immortalitatem.
1621 5530 1770 5584 Tunc
1819 5526 2086 5581 veraciter
2119 5524 2247 5578 mihi

2338 4335 2495 4411 cibus
2535 4332 2729 4401 aliquis
2777 4333 3019 4397 introire,
3048 4343 3101 4387 et
3150 4333 3343 4388 cedere
3388 4334 3439 4385 in
3475 4333 3641 4402 ipsius
3670 4332 3918 4403 corporis

2343 4423 2733 4478 nutrimentum
2761 4465 2775 4489 ,
2828 4423 2931 4477 nisi
2976 4424 3125 4492 prius
3168 4424 3370 4494 apertis
3415 4424 3572 4478 labiis
3612 4424 3920 4491 ruminetur

2344 4510 2594 4568 dentibus
2640 4521 2696 4567 et
2742 4522 2975 4576 teratur;
3015 4513 3095 4567 sic
3134 4501 3475 4575 intrare'non
3507 4523 3691 4579 potest
3721 4528 3917 4582 magna

2345 4602 2628 4658 multitudo
2663 4601 2963 4655 dulcedinis
3002 4610 3103 4653 tua:
3137 4601 3188 4654 in
3229 4598 3321 4655 cor
3371 4616 3571 4665 meum,
3618 4599 3722 4655 nisi
3767 4602 3919 4669 prius

2348 4693 2442 4747 tibi
2493 4693 2713 4747 omnino
2746 4692 2935 4761 ,ipsius
2964 4690 3231 4755 voluntas,
3262 4692 3416 4760 quasi
3467 4690 3607 4744 labia
3660 4699 3717 4745 et
3760 4690 3917 4761 quasi

2348 4785 2555 4850 dentes,
2614 4784 2843 4836 virtutes
2886 4791 2939 4837 et
2984 4781 3271 4846 desideria,
3328 4789 3639 4836 reserentur
3691 4789 3751 4835 ut
3820 4796 3921 4853 per

2348 4888 2534 4947 aperta
2568 4876 2661 4930 tibi
2696 4875 2835 4930 labia
2879 4875 3190 4941 voluntatis,
3249 4876 3298 4928 in
3350 4889 3446 4929 cor
3490 4883 3546 4928 et
3584 4873 3637 4928 in
3676 4888 3915 4928 animam

2349 4980 2523 5019 meam
2554 4965 2754 5027 intres;
2778 4973 2831 5018 et
2859 4974 2917 5018 ut
2945 4977 2997 5018 tu
3022 4967 3211 5018 animae
3234 4965 3403 5027 cibus,
3435 4965 3483 5017 ei
3513 4965 3791 5034 spirituale
3823 4964 3917 5018 tri-

2348 5060 2479 5129 buas
2510 5058 2896 5111 nutrimentum
2934 5058 3074 5111 inter
3107 5058 3295 5111 dentes
3327 5056 3583 5109 virtutum
3612 5063 3668 5110 et
3706 5054 3918 5109 deside-

2353 5152 2553 5205 riorum
2580 5150 2922 5204 ferventium.
2952 5148 3051 5215 Qui
3086 5156 3304 5217 propter
3324 5147 3523 5201 scelera
3549 5155 3730 5201 nostra
3762 5144 3916 5199 attri-

2353 5250 2437 5295 tus
2463 5257 2539 5303 es,
2576 5240 2802 5295 viriliter
2846 5240 3093 5303 attt'altis,
3126 5250 3183 5292 ut
3244 5238 3563 5292 revolvendo
3605 5236 3916 5307 frequenter

2353 5342 2441 5386 tua
2482 5333 2742 5385 beneﬁcia
2780 5332 3117 5385 meminerim
3149 5348 3161 5383 :
3199 5331 3265 5383 ita
3301 5330 3441 5397 quod
3469 5329 3645 5382 anima
3674 5342 3789 5381 mea
3819 5325 3917 5380 bu-

2347 5423 2579 5493 jusmodi
2616 5423 2769 5477 labiis
2809 5431 2862 5478 et
2888 5423 3158 5485 dentibus,
3192 5422 3467 5490 degustata
3505 5420 3768 5489 Stravitate
3813 5425 3917 5469 tua

2354 5516 2641 5572 indicihilis
2677 5515 2949 5575 bonitatis,
2986 5515 3048 5569 dc
3082 5524 3132 5571 te
3154 5514 3305 5585 quasi
3337 5513 3401 5567 de
3433 5513 3601 5567 altero
3631 5510 3758 5565 illud
3784 5522 3914 5564 can-

3838 5666 3847 5691 ι
