4200 6256
396 191 594 265 sta"

1354 203 1726 259 MEDITATIO
1764 203 1827 258 IN
1868 199 2061 260 PSAL.
2086 198 2433 261 MISERERE

2984 144 3005 181 Χ

3526 203 3633 262 εισ

398 326 568 380 ticum
606 332 941 379 canticorum
991 313 1171 376 valeat
1220 318 1511 373 decantare
1552 335 1566 371 :
1603 306 1800 373 Guttur
1847 333 1963 387 ejus
1990 327 2039 384 Α
2070 316 2143 368 tia
2182 324 2360 367 tamen
2388 312 2615 367 interius
2642 310 2871 378 mitigat,
2912 324 2960 367 et
2996 316 3201 370 ilcliniI.
3236 317 3369 370 Nam
3400 318 3542 373 sicut
3564 324 3644 376 vir

398 412 1035 483 suavissimum,dignnm
1055 409 1252 491 dilecto
1274 408 1339 460 ad
1364 408 1679 477 potandum,
1706 408 1969 491 lahiisque

397 508 457 554 et
504 500 753 555 dentibus
800 500 866 553 ad
918 496 1317 551 ruminaudum.
1367 495 1433 550 Et
1467 496 1511 549 si
1555 496 1636 550 sic
1683 495 1822 550 labia
1853 511 1969 549 mea

399 589 698 656 aperueris,
742 587 832 655 qui
882 584 1139 655 aperuisti
1188 584 1463 654 discipulis
1506 586 1627 655 luis
1657 600 1872 656 sensum
1913 592 1971 639 ut

404 654 774 747 intelligerent
793 654 1123 744 Scripturas,
1152 692 1208 729 os
1239 692 1410 728 meum
1443 676 1622 730 cordis
1652 654 1715 730 et.
1729 675 1970 744 corporis

402 766 731 821 annuntiabit
777 764 986 819 laudem
1027 775 1192 829 tuam,
1232 765 1356 834 quia
1394 763 1509 833 jam
1543 775 1594 819 te
1641 780 1745 819 non
1774 766 1970 835 poterit

402 873 509 911 non
550 856 768 912 laudare
789 858 855 912 de
884 857 1040 912 bouis
1070 867 1122 911 et
1143 854 1445 921 beneficiis,
1470 872 1592 926 qua:
1630 870 1661 909 a
1690 863 1800 910 tam
1833 856 1971 909 bono

398 947 621 1003 domino
646 947 757 1003 Deo
784 964 882 1003 suo
911 962 970 1003 se
997 950 1358 1003 contiteturet
1403 948 1633 1017 percipit
1662 948 1966 1016 recepisse;

399 1035 655 1090 videlicet
683 1037 824 1105 quod
853 1051 940 1091 me
965 1038 1186 1102 creasti,
1218 1039 1361 1108 quod
1400 1052 1487 1093 me
1513 1047 1831 1107 peccantem
1860 1052 1970 1095 non

404 1124 689 1195 reliquisti,
737 1126 878 1195 quod
915 1140 1037 1181 cum
1084 1136 1309 1197 peccato
1355 1143 1461 1182 non
1520 1128 1795 1197 ignovisti,
1828 1126 1969 1196 quod

330 1272 333 1273 ν
362 1220 367 1223 ’
401 1216 650 1270 conﬁteri
675 1216 948 1283 monuisti,
978 1216 1119 1287 quod
1143 1216 1802 1285 couversumjustilicasti,
1828 1218 1972 1286 quod

404 1320 437 1359 a
478 1307 613 1361 meis
659 1307 1032 1376 iniquitatibus
1082 1322 1168 1363 me
1215 1310 1507 1373 mundasti,
1556 1310 1699 1378 quod
1749 1321 1834 1363 me
1875 1324 1974 1377 per

405 1406 551 1452 tuam
576 1398 805 1467 gratiam
842 1398 1093 1463 visitasti,
1124 1399 1267 1469 quod
1294 1409 1732 1468 perseverantem
1768 1415 1970 1457 corona

400 1485 622 1554 iustitiae
642 1486 928 1542 coronabis
947 1502 1107 1557 quam
1130 1490 1603 1557 perseverantibus
1626 1490 1967 1561 prmparasti.

402 1573 498 1628 Rm
522 1584 651 1630 sunt
689 1575 873 1631 laudes
896 1592 1033 1646 quas
1064 1592 1127 1632 os
1155 1592 1331 1633 meum
1367 1579 1616 1643 interius,
1646 1589 1702 1636 et
1728 1580 1972 1635 exterius

403 1666 677 1723 nunciahit
712 1668 777 1723 de
808 1678 875 1734 te,
908 1670 1001 1738 qui
1037 1670 1090 1724 in
1127 1680 1316 1731 sancto
1344 1672 1575 1739 habitas,
1606 1656 1967 1736 lauslsrahel,
2004 1658 2046 1712 Β

337 1766 341 1771 ‘
400 1756 496 1823 qui
526 1755 697 1823 major
717 1772 779 1811 es
804 1758 950 1813 onmi
976 1756 1153 1813 laude.
1180 1759 1247 1812 Et
1275 1768 1334 1812 ut
1355 1759 1471 1815 laus
1500 1768 1611 1825 tua,
1638 1761 1797 1827 Deus,
1824 1776 1970 1815 sem-

401 1858 498 1912 per
512 1842 584 1898 sit
612 1845 663 1898 in
686 1860 782 1899 ore
803 1860 943 1911 meo,
965 1846 1256 1915 repleatur,
1272 1862 1474 1917 quaeso,
1496 1864 1557 1904 os
1579 1864 1754 1904 meum
1781 1851 1966 1904 laude:

398 1948 529 1989 nam
572 1934 617 1989 si
644 1949 707 1989 os
742 1950 921 1990 meum
965 1936 1122 1991 laude
1153 1946 1241 1990 tua
1269 1952 1375 1990 non
1426 1936 1736 2008 repleveris,
1767 1938 1973 1994 deside—

404 2024 545 2078 rium
573 2038 677 2079 non
705 2025 934 2090 ardebit,
962 2041 1062 2081 nec
1086 2026 1193 2095 erit
1216 2026 1459 2095 speciosa
1493 2028 1610 2081 laus
1648 2028 1700 2082 in
1732 2042 1825 2082 ore
1849 2043 1974 2095 pec-

399 2104 627 2171 catoris.
660 2114 765 2171 Sed
790 2116 1043 2187 quoniam
1066 2114 1305 2184 jucunda
1340 2125 1421 2171 est
1452 2117 1756 2187 decoraque
1784 2118 1970 2172 lauda-

401 2206 479 2261 tio
509 2217 614 2261 tuae
636 2205 918 2263 ineﬂ'abilis
948 2206 1227 2275 bonitatis,
1257 2221 1356 2276 ego
1377 2194 1637 2276 quantum
1666 2208 1719 2262 in
1751 2223 1837 2262 me
1863 2218 1968 2271 est,

404 2305 459 2350 te
479 2294 722 2363 juvante,
752 2296 988 2350 dilatabo
1015 2310 1077 2350 os
1105 2311 1303 2362 meum,
1334 2305 1392 2349 ut
1418 2305 1471 2350 tu
1503 2296 1795 2364 adimpleas
1823 2296 1968 2360 illud,

403 2386 473 2440 de
498 2384 651 2455 cujus
701 2384 1030 2456 plenitudine
1075 2386 1385 2455 accepimus
1428 2399 1635 2439 omnes.
1686 2385 1975 2439 Laudatio-

402 2488 529 2530 nem
560 2484 705 2529 tuam
734 2476 984 2544 loquetur
1008 2489 1071 2529 os
1110 2489 1308 2539 meum,
1340 2482 1401 2528 ut
1444 2473 1658 2529 laudem
1687 2484 1740 2530 te
1778 2475 1830 2530 in
1862 2476 1973 2529 vita

403 2578 527 2618 mea
574 2564 825 2635 prazsenti
871 2565 1076 2635 pariter
1116 2572 1173 2619 et
1206 2564 1408 2619 futura.
1444 2563 1512 2618 Et
1549 2566 1674 2637 quia
1705 2575 1757 2620 tu
1791 2567 1972 2621 dixisti

400 2656 545 2727 quod
584 2654 907 2712 sacriﬁcium
962 2653 1138 2710 laudis
1180 2654 1499 2712 honoriﬁcet
1553 2666 1627 2722 te,
1660 2655 1781 2712 ideo
1831 2672 1976 2713 nunc

402 2749 517 2805 scio
557 2747 699 2817 quod
742 2761 907 2813 nunc,
949 2745 1199 2801 videlicet
1252 2745 1307 2799 in
1351 2746 1686 2815 plenitudine
1719 2748 1974 2817 temporis

402 2830 607 2908 gratim,
645 2835 908 2891 sacriﬁcia
938 2837 1202 2905 pecudum
1233 2851 1337 2891 non
1368 2837 1625 2906 requiris.

474 2925 586 2996 (5i.
625 2923 683 2981 V.
714 2926 823 2995 18.)
851 2925 1128 2997 .Quoniam
1174 2924 1220 2977 si
1253 2923 1500 2978 voluisses
1530 2926 1846 2995 sacriﬁcium
1898 2925 1971 2979 le-

402 3019 542 3091 gale,
574 3018 717 3090 quod
732 3018 1023 3072 secundum
1051 3015 1224 3084 legem
1254 3015 1471 3087 Moysis,
1502 3018 1708 3086 antiqui
1740 3018 1835 3073 tibi
1872 3034 1971 3089 pro

384 3107 707 3178 expiatione
748 3120 965 3161 suorum
1018 3115 1361 3175 peccatorum
1406 3105 1733 3161 ﬁducialiter
1778 3108 1971 3164 olfere-

402 3198 570 3262 bant;
603 3205 656 3252 et
687 3211 829 3251 nunc
871 3204 955 3250 est
1008 3195 1065 3263 in
1111 3194 1299 3259 laudis
1316 3194 1641 3249 sacriﬁcium
1672 3206 2005 3250 commuta--

407 3295 552 3352 tum;
579 3285 832 3339 dedissent
861 3285 1057 3354 utique,
1088 3292 1139 3337 et
1162 3283 1229 3337 ad
1260 3282 1643 3339 immolandum
1670 3284 1765 3339 tibi
1790 3290 1974 3341 tauros

401 3384 461 3431 et
489 3377 685 3431 arietes
718 3384 883 3430 totam
906 3389 1081 3429 meam
1113 3374 1472 3429 substantiam
1502 3374 1749 3430 hilariter
1774 3392 1979 3447 expen-

407 3470 627 3525 dissem.
685 3469 791 3523 Sed
838 3468 965 3537 quia
1020 3466 1197 3522 audivi
1242 3477 1317 3535 te,
1365 3467 1612 3534 Domine,
1640 3469 1696 3523 in
1736 3470 1974 3526 Ecclesia

405 3558 837 3612 cxclamautem:
871 3555 1190 3613 Holocausta
1239 3558 1467 3612 arietum
1508 3568 1563 3613 et
1605 3559 1819 3627 adipqu
1858 3561 1978 3629 pin-

404 3649 615 3719 guium,
655 3656 711 3705 et
739 3648 1053 3718 sanguinem
1087 3647 1375 3702 vitulorum
1407 3656 1462 3702 et
1496 3654 1755 3719 agnorum
1786 3659 1840 3705 et
1864 3652 1975 3705 hir-

407 3754 597 3796 corum
628 3738 795 3806 nolui,
823 3750 875 3795 et
920 3739 1062 3810 quod
1108 3756 1212 3797 non
1259 3742 1534 3811 acciperes
1578 3742 1643 3797 de
1670 3743 1831 3798 domo
1856 3760 1971 3799 mea

406 3831 627 3899 vitulos,
678 3846 852 3901 neque
900 3832 965 3887 de
1009 3830 1260 3901 gregibus
1303 3831 1436 3887 meis
1476 3832 1674 3897 hircos,
1714 3845 1769 3887 ut
1801 3850 1884 3890 me
1921 3837 1973 3889 in

410 3923 712 3994 hujusmodi
739 3921 1021 3981 sacriﬁciis
1052 3938 1158 3977 non
1182 3922 1380 3979 oblatis
1408 3940 1514 3979 non
1544 3941 1818 3995 argueres,
1852 3941 1973 3981 cum

408 4029 600 4069 carnes
623 4031 725 4071 nou
756 4016 1108 4071 manducares
1138 4025 1439 4082 taurorum,
1464 4025 1517 4072 et
1544 4016 1816 4074 hircorum
1844 4033 1974 4075 sau-

404 4098 620 4175 guiuem
660 4120 765 4159 non
810 4116 1056 4175 potares;
1112 4106 1685 4161 ideircoesacrilicium
1739 4111 1842 4164 hoc
1870 4126 1973 4165 non

360 4256 379 4277 .
405 4196 549 4267 dedi,
582 4198 758 4251 sciens
783 4198 923 4266 quod
946 4196 1247 4264 huiusmodi
1278 4182 1594 4249 holocausiis
1626 4213 1729 4249 non
1750 4199 1974 4253 delecta-

2073 404 2365 457 iracundus
2410 404 2636 458 suscitat
2688 404 2848 467 rixas,
2886 404 2954 456 ita
3000 409 3147 475 pacis
3196 410 3406 477 patiens
3436 410 3646 481 mitigat

2073 493 2389 557 suscitatas;
2423 502 2481 546 ut
2516 495 2635 560 tibi,
2666 494 2904 555 Domine,
2935 497 3023 564 qui
3061 512 3119 553 es
3146 500 3427 570 spirituum
3455 504 3640 559 mode-

2073 592 2240 648 rator,
2272 581 2494 649 spiritus
2542 598 2664 635 eum
2698 583 2957 651 patientia
3007 587 3307 653 tribulatus,
3342 592 3393 644 in
3424 593 3633 647 sacrili‘

2047 690 2059 709 ι
2073 673 2214 727 cium
2243 672 2468 726 oll‘eratu
2479 689 2513 726 r.

2142 762 2231 816 55.
2277 760 2339 814 Et
2365 766 2466 815 hoc
2500 769 2600 816 est’
2629 762 2754 816 illud
2800 749 3148 831 saeriﬁcium,
3182 767 3324 836 quod
3362 779 3504 824 Inter
3535 770 3641 825 alia

2070 853 2379 908 holocausta
2437 854 2557 907 tibi~
2580 854 2757 908 oblata
2799 871 2827 907 a
2865 852 3263 924 peccatoribus,
3291 874 3399 926 prze
3436 864 3643 917 caneris

2072 953 2155 999 est
2181 944 2572 1013 beueplacitum
2624 944 2717 999 tibi
2763 960 2995 1015 semper.
3035 948 3165 1001 Nam
3193 964 3314 1002 cum
3353 950 3472 1004 alia:
3500 951 3647 1005 obla-

2073 1033 2247 1087 tiones
2285 1043 2338 1087 et
2389 1033 2655 1086 sacrificia
2703 1033 2769 1087 de
2815 1036 3121 1090 extrinseco
3161 1037 3483 1103 oderantur,
3518 1040 3645 1093 illud

2076 1132 2248 1178 tamen
2279 1124 2503 1178 oll'ertur
2528 1126 2594 1179 de
2615 1125 2812 1194 proprii
2847 1128 3023 1180 cordis
3054 1129 3259 1184 intimis
3291 1142 3345 1184 et
3375 1131 3641 1185 medull:s.
3718 1135 3722 1147 '

2074 1216 2207 1270 Cum
2234 1217 2375 1269 enim
2414 1217 2637 1286 spiritus
2684 1216 3119 1273 tribulationibus
3162 1222 3424 1288 quatitur,
3458 1232 3647 1276 contu-

2075 1307 2249 1382 meliis
2285 1308 2541 1378 agitatur,
2573 1316 2629 1361 et
2656 1308 3009 1363 nihilominus
3047 1319 3189 1364 totus
3219 1302 3498 1367 charitatis
3524 1312 3646 1384 igua

2074 1414 2390 1465 succensus,
2444 1410 2499 1453 et
2536 1403 2739 1456 virtute
2784 1403 3057 1471 patientia:
3087 1403 3233 1458 intus
3265 1404 3327 1457 in
3362 1412 3646 1474 peccatore

2074 1489 2283 1559 integer
2332 1499 2656 1554 reservatus,
2703 1499 2824 1544 non‘
2853 1488 3097 1559 cogitans
3133 1494 3198 1547 de
3241 1494 3500 1559 vindicta,
3550 1495 3646 1550 tibi

2075 1578 2319 1644 Domine,
2357 1580 2447 1649 qui
2478 1596 2537 1634 es
2561 1581 2696 1635 Deus
2722 1583 2991 1650 patientia:
3011 1593 3065 1637 et
3084 1583 3283 1649 solatii,
3312 1585 3453 1640 inter
3474 1585 3647 1641 illatas

2074 1672 2299 1742 injurias
2332 1681 2563 1736 tenetur,
2600 1675 2964 1742 restringitur,
3007 1686 3061 1730 et
3099 1688 3399 1745 mactatur;
3434 1687 3559 1733 tune
3591 1678 3641 1732 in

2072 1764 2254 1819 furore
2300 1776 2390 1819 tuo
2418 1766 2634 1835 ponitur
2668 1767 2982 1833 thymiama,
3029 1778 3159 1823 tunc
3190 1768 3503 1824 holocausta
3536 1785 3645 1825 mc-

2074 1855 2270 1908 dullata
2303 1855 2399 1909 tibi
2453 1872 2582 1909 eum
2620 1857 2840 1911 incenso
2870 1859 3212 1913 innocentum
3250 1858 3477 1925 arietum
3514 1858 3645 1914 oll'c-

2073 1954 2291 1999 runtur.
2321 1944 2473 2003 Tunc
2499 1947 2550 1999 iu
2590 1947 2825 2010 homine,
2857 1947 3007 2001 ferali
3038 1947 3322 2003 ferocitate
3344 1950 3642 2012 destructa,

2073 2037 2235 2090 boves
2262 2036 2426 2091 totius
2452 2038 2849 2092 cervicositatis
2886 2053 3005 2093 cum
3035 2038 3200 2093 hircis
3232 2038 3537 2109 petulantia:
3564 2040 3646 2103 of:

2073 2124 2323 2177 feruntur
2361 2134 2414 2178 et
2463 2124 2826 2178 immolantur.
2878 2125 3192 2192 Etidcirco,
3238 2135 3297 2180 ut
3356 2136 3505 2196 puto,
3551 2141 3652 2198 per

2072 2218 2358 2293 quemdam
2403 2217 2700 2284 sapientem
2749 2217 2944 2273 docere
2993 2218 3231 2280 voluiSIi.
3284 2219 3425 2288 quod
3458 2219 3652 2275 melior

2072 2315 2157 2360 cst
2181 2307 2263 2360 vir
2290 2308 2522 2376 patiens,
2549 2308 2665 2363 viro
2694 2307 2853 2375 forti;
2885 2318 2939 2363 et
2961 2310 3051 2378 qui
3081 2302 3391 2363 dominatur
3435 2311 3637 2377 animo,

2072 2406 2436 2466 expugnatore
2467 2400 2696 2453 urbium.
2729 2399 3152 2456 Innumerabiles
3175 2401 3316 2456 enim
3340 2402 3443 2456 viri
3472 2402 3523 2457 in
3555 2417 3649 2471 po-

2079 2495 2273 2541 testate
2302 2489 2463 2541 urbes
2486 2496 2537 2542 et
2571 2488 2793 2558 pepulos
2825 2489 3151 2556 habuerunt,
3185 2491 3491 2560 paucissimi
3520 2507 3648 2547 vero

2075 2585 2129 2629 et
2166 2577 2443 2631 verissime
2488 2579 2827 2647 semetipsos.
2892 2578 3129 2634 Ehenm
3169 2582 3287 2649 qnis
3317 2591 3505 2635 contra
3556 2594 3653 2653 po-

2076 2668 2227 2736 pulos
2288 2661 2374 2722 vel
2428 2670 2588 2723 urbes
2646 2670 2905 2733 decertat,
2956 2679 3099 2725 totus
3142 2672 3297 2728 simul
3349 2672 3574 2728 interior
3596 2682 3655 2728 et

2075 2758 2316 2819 exterior
2354 2759 2515 2813 homo
2574 2771 2776 2831 pugnat
2807 2776 2822 2839 ς
2862 2772 2916 2817 et
2953 2763 2995 2815 si
3040 2775 3330 2831 expugnat,
3358 2780 3492 2839 ⁸ιιυιι
3539 2779 3654 2819 tnti-

2074 2843 2480 2917 gnatnqvidctur
2505 2864 2759 2903 coronam
2789 2838 2855 2903 de
2887 2852 2977 2908 tali
3014 2852 3241 2907 victoria
3271 2838 3556 2919 meruisse,
3583 2868 3650 2910 eo

2075 2940 2217 3009 quod
2261 2954 2321 2992 ea
2351 2948 2473 2994 sunt
2513 2949 2667 2994 extra
2715 2956 2792 3004 se,
2824 2956 2943 3010 qua:
2994 2944 3302 2997 vincuntur.
3333 2943 3432 3009 Qui
3462 2954 3646 2998 autem

2075 3040 2264 3084 contra
2310 3029 2582 3096 proprium
2638 3029 2878 3083 animum
2942 3031 3135 3085 virtute
3184 3032 3462 3101 sapientia:
3496 3032 3547 3086 iu
3587 3048 3649 3088 se

2076 3129 2269 3182 certat,
2320 3136 2422 3172 uou
2471 3127 2635 3186 totus,
2680 3122 2773 3174 sed
2812 3123 2985 3175 minor
3011 3138 3170 3190 quam
3204 3118 3457 3178 dimidius
3486 3125 3648 3180 dimi-

2076 3220 2183 3263 cat.
2224 3209 2289 3262 Et
2316 3210 2360 3263 si
2378 3223 2474 3279 per
2499 3211 2813 3279 patientiam
2844 3226 2995 3266 suam
3022 3213 3207 3277 vincit,
3236 3223 3290 3267 et
3326 3214 3647 3284 repugnanti

2078 3303 2178 3357 sibi
2210 3303 2391 3358 animo
2429 3304 2759 3374 dominatur,
2792 3306 3005 3361 hostem
3052 3308 3369 3374 iracundiae,
3409 3310 3498 3380 qui
3536 3310 3651 3380 jam

2078 3395 2374 3449 intraverat
2419 3404 2653 3449 castrum
2694 3411 2871 3463 suum,
2896 3406 2963 3451 et
3005 3400 3333 3455 ascenderat
3374 3416 3557 3456 secum
3592 3403 3649 3457 in

2077 3498 2280 3550 arcem,
2312 3485 2429 3541 sine
2455 3487 2622 3542 armis
2645 3496 2698 3541 et
2729 3490 2975 3544 manibus
3006 3492 3421 3559 prosterneudo;
3464 3494 3544 3549 vir
3564 3494 3654 3551 ille

2079 3590 2207 3630 vere
2250 3578 2441 3631 melior
2482 3586 2566 3633 est
2622 3593 2783 3646 quam
2838 3580 3051 3634 urbium
3100 3582 3462 3653 perpugnator,
3489 3593 3653 3642 etest

2075 3662 2233 3737 longe
2278 3667 2563 3736 gloriosior
2588 3666 2677 3725 hic
2714 3667 3036 3738 triumphus.
3077 3669 3143 3723 Et
3181 3671 3257 3726 sic
3310 3680 3476 3739 patet,
3505 3674 3650 3743 quod

2078 3757 2311 3811 maxima
2341 3758 2596 3812 virtutum
2626 3759 2883 3829 patientia
2909 3761 3085 3815 vincat
3107 3762 3347 3828 inermis,
3381 3776 3648 3821 armatos-
3720 3812 3741 3835 ,

2075 3863 2181 3917 que
2217 3856 2355 3903 sonet
2399 3850 2613 3906 vincere
2656 3865 2866 3921 semper
2893 3853 3057 3907 viros.
3086 3851 3351 3919 Quocirca
3383 3866 3455 3917 tu,
3488 3854 3646 3924 Deus,

2076 3936 2280 3991 electus
2303 3952 2368 3992 ex
2397 3937 2652 4005 millibus,
2685 3940 2787 3994 hoc
2814 3940 3137 3998 sacriﬁcium
3167 3944 3512 3999 contribulati
3538 3942 3651 4015 spi-

2078 4028 2215 4083 ritus
2263 4042 2373 4103 prEB
2417 4030 2631 4092 caneris
2675 4031 2905 4108 elegisti.
2962 4032 3108 4104 Elegi
3162 4044 3217 4087 et
3252 4050 3350 4105 ego
3400 4045 3651 4105 peccator

2080 4129 2219 4187 tuus,
2254 4122 2353 4177 hoc
2402 4125 2543 4179 idem
2601 4126 2694 4188 tibi
2739 4129 2804 4180 de
2856 4130 2992 4183 meis
3041 4131 3246 4185 intimis
3293 4133 3414 4186 lieto
3464 4137 3648 4191 animo

2079 4210 2378 4276 immolare,
2414 4212 2459 4265 si
2505 4213 2660 4268 dares
2703 4215 2830 4268 mihi
2882 4217 3021 4277 unde
3055 4218 3147 4271 tibi
3186 4220 3509 4276 sacriﬁcium
3544 4223 3645 4280 hoc

406 4287 563 4339 beris.
611 4284 851 4355 Spernis,
897 4287 1141 4346 Domine,
1193 4296 1467 4339 taurorum
1514 4295 1568 4341 et
1600 4288 1874 4342 hircorum
1920 4300 1975 4345 et
2006 4298 2346 4366 noil'errem.

406 4378 633 4431 aliarum
660 4380 920 4447 pecudum
941 4377 1286 4442 holocausta,
1307 4391 1426 4445 qua:
1451 4387 1657 4449 tempus
1674 4382 1977 4437 habuerunt

405 4469 533 4524 dum
564 4467 799 4521 futurum
830 4468 1029 4536 aliquid
1061 4470 1453 4536 promiserunt;
1486 4481 1543 4525 at
1578 4484 1860 4542 postquam
1887 4491 1977 4529 ve-

348 4560 351 4563 ’
406 4562 489 4615 nit
530 4562 800 4631 plenitudo
843 4564 1115 4630 temporis,
1170 4572 1224 4617 et
1270 4563 1459 4618 misisti
1487 4563 1677 4619 Filium
1721 4577 1869 4621 tuum
1921 4570 1973 4622 in

392 4654 688 4716 mundum,
739 4650 829 4720 qui
882 4666 978 4717 per
1022 4652 1283 4720 Spiritum
1336 4664 1587 4709 sanctum
1629 4655 1725 4709 tibi
1756 4656 1864 4712 Deo
1895 4660 1974 4711 vi-

404 4740 553 4795 venti
583 4740 978 4795 immaculatum
1014 4741 1250 4795 hostiam
1278 4741 1472 4796 obtulit
1505 4744 1879 4813 semetipsum,
1921 4756 1971 4800 et

405 4840 645 4885 nostram
677 4831 1065 4887 conscientiam
1086 4834 1153 4887 ab
1180 4833 1433 4903 operibus
1462 4834 1688 4888 mortuis
1717 4838 1967 4891 emunda-

405 4922 524 4985 vit;
556 4937 619 4975 ex
646 4932 771 4976 tunc
801 4924 1111 4978 holocausta
1148 4933 1203 4979 et
1242 4924 1507 4979 sacrificia
1548 4926 1862 4981 animalium
1893 4945 1977 4984 re-

406 5011 621 5081 spuisti,
646 5028 765 5067 cum
791 5014 963 5081 pretio
995 5011 1375 5068 immolationis
1404 5013 1605 5070 Christi
1638 5017 1781 5069 nulla
1804 5019 1975 5086 possit

405 5104 606 5160 oblatio
635 5106 996 5173 eompeusari.
1034 5105 1139 5159 Sed
1175 5106 1437 5174 quiercnti
1471 5106 1601 5160 mihi
1630 5122 1659 5159 a
1690 5116 1759 5172 te,
1786 5110 1912 5177 quid
1942 5126 1972 5163 a

408 5207 495 5247 me
521 5194 612 5246 tibi
641 5195 711 5247 sit
748 5192 1100 5257 ollerendum,
1134 5203 1185 5247 te
1222 5194 1380 5246 audio
1411 5193 1475 5245 de
1517 5205 1566 5246 te
1592 5195 1744 5262 quasi
1774 5197 1839 5248 de
1869 5197 1974 5251 alio

407 5284 820 5351 respondentem
841 5300 854 5334 :
878 5284 895 5351 (
915 5280 972 5333 V.
988 5284 1073 5351 l9)
1096 5281 1427 5349 Sacriﬁcium
1450 5292 1815 5351 peccatorum,
1832 5287 1973 5353 quod

408 5374 581 5443 placet
616 5373 744 5439 Deo,
786 5374 996 5442 spiritus
1045 5374 1449 5438 contribulatus,
1501 5375 1603 5428 hoc
1638 5384 1719 5428 est
1752 5376 1971 5445 Spiritus

405 5480 528 5519 eum
563 5464 817 5532 patientia
852 5463 1163 5529 tribuimus;
1220 5464 1462 5533 spiritus,
1516 5481 1674 5535 quem
1711 5467 1809 5520 etsi
1862 5468 1971 5522 for—

408 5570 510 5610 nax
546 5553 900 5613 tribulationis
923 5554 1164 5611 exterius
1193 5552 1416 5607 trihulat
1444 5562 1496 5608 et
1534 5554 1735 5621 exurit,
1758 5557 1967 5623 patien-

2148 4387 2236 4440 56.
2278 4387 2381 4442 Sed
2425 4404 2549 4443 cccc
2581 4392 2668 4459 qui
2716 4393 2972 4447 tribulant
2996 4412 3080 4449 me
3113 4398 3313 4452 inimici
3350 4402 3451 4454 mei
3488 4404 3649 4471 spiri-

2082 4483 2253 4536 tuales
2278 4492 2332 4559 et
2375 4480 2683 4552 corporales
2728 4487 3064 4555 exultabuut,
3098 4492 3142 4543 si
3172 4503 3347 4546 motus
3368 4495 3521 4549 t'uero
3552 4513 3647 4565 per

2079 4573 2469 4641 impatientiam
2499 4586 2553 4628 et
2578 4592 2672 4645 per
2693 4577 2847 4630 iram.
2876 4579 2941 4632 Et
2968 4591 3114 4633 certe
3144 4584 3353 4637 conlido
3379 4585 3427 4636 iu
3455 4594 3524 4649 te,
3553 4589 3643 4655 qui

2077 4679 2137 4719 es
2164 4666 2419 4733 patientia
2449 4680 2589 4733 mea,
2614 4670 2753 4736 quod
2784 4673 2997 4737 quando
3022 4674 3305 4727 tribularer
3328 4678 3642 4743 patientiam

2078 4754 2205 4807 mihi
2246 4754 2423 4819 dares,
2455 4754 2498 4808 si
2534 4763 2658 4809 tunc
2682 4756 2748 4808 ad
2774 4772 2859 4811 me
2885 4759 3056 4826 ipsum
3091 4777 3353 4828 reversus,
3385 4780 3506 4817 cum
3536 4766 3642 4822 fra-

2081 4844 2253 4899 tribus
2304 4842 2521 4912 Josephi
2584 4844 2859 4900 humiliter
2911 4850 3202 4917 cogitarem
3240 4870 3253 4903 :
3288 4851 3477 4906 Merito
3530 4854 3645 4910 lnec

2077 4935 2269 5003 patior,
2301 4936 2422 5003 quia
2447 4936 2661 5004 peccavi
2689 4936 2975 5005 aliquando
3005 4941 3055 4993 in
3084 4939 3299 4995 fratrem
3343 4959 3544 4997 meum.
3575 4946 3644 5001 Et

2077 5021 2121 5074 si
2144 5021 2376 5075 dicerem
2404 5037 2523 5075 cum
2543 5021 2760 5077 Miehma
2785 5043 2797 5077 :
2826 5025 2962 5079 Iram
2988 5027 3080 5082 Dei
3106 5031 3351 5098 portabo,
3376 5032 3498 5099 quia
3521 5049 3645 5102 pec-

2077 5108 2193 5162 cavi
2225 5110 2305 5173 ei;
2349 5118 2557 5164 et'tunc
2589 5110 2791 5164 illatam
2820 5116 3196 5171 contumeliam
3231 5118 3422 5173 leviter
3445 5123 3642 5190 depero

2078 5210 2267 5259 tarem.
2295 5215 2413 5253 cum
2463 5201 2514 5253 in
2555 5212 2764 5256 secreto
2794 5208 2990 5259 mentis
3020 5208 3084 5261 ad
3126 5208 3264 5262 mala
3299 5226 3632 5267 recurret-em

2077 5300 2401 5360 perpetrata.
2452 5290 2582 5344 Nam
2615 5294 2753 5347 sicut
2794 5300 3004 5364 patiens
3037 5310 3185 5355 tanto
3218 5303 3505 5371 patientius
3529 5320 3639 5359 me-

2076 5380 2177 5433 dici
2212 5379 2413 5434 ferrum
2459 5390 2653 5449 portat,
2691 5396 2890 5453 quanto
2920 5390 3184 5457 putridius
3226 5407 3347 5448 esse
3377 5394 3639 5461 conspicit

2077 5470 2176 5523 hoc
2204 5473 2345 5540 quod
2388 5482 2552 5539 secat,
2605 5490 2704 5544 ego
2750 5489 2952 5544 quanto
2979 5482 3097 5549 plus
3122 5487 3323 5552 pondus
3353 5499 3637 5552 cognosce-

2078 5574 2187 5613 rem
2219 5560 2387 5629 culpae
2421 5577 2571 5626 meae,
2626 5574 2774 5621 tanto
2820 5570 3179 5628 tribulationis
3222 5588 3433 5631 umnam
3469 5574 3633 5627 levius
