4200 6214
679 219 784 277 847

1022 219 1079 273 s.
1120 218 1414 276 ANSELM!
1454 193 1802 277 caurum.
1840 223 2158 282 menter.
2194 226 2341 282 ore.
2384 229 2562 314 rans
2597 230 2759 291 n._—
2800 199 3169 287 l‘ARASNET.
3213 232 3299 288 er
3336 235 3575 293 ascer.

3812 244 3900 302 8i!

680 340 1024 396 sustinerem,
1049 340 1103 386 et
1129 331 1222 386 tibi
1255 332 1473 388 domino
1505 334 1611 394 Deo
1640 348 1759 389 meo
1785 336 2110 391 sacrificium
2144 337 2243 391 tri~
2274 339 2319 396 Α
2348 356 2534 405 curva,
2568 351 2622 398 et
2650 342 2867 396 infamis
2903 342 3173 400 desiderat
3201 344 3424 415 gloriam
3454 347 3588 402 dare
3620 350 3737 405 tibi.
3771 353 3900 413 Etut

679 422 844 478 bulati
896 419 1116 489 spiritus
1167 421 1465 479 ferventius
1505 423 1861 480 immolarem.
1906 426 2009 482 Sed
2040 442 2072 482 ο
2108 428 2247 481 Deus

628 530 631 533 ν
679 510 835 566 fertis
869 519 924 567 et
957 512 1189 580 patiens,
1234 514 1325 583 qui
1356 514 1465 569 vita
1510 528 1569 568 es
1610 513 1675 569 iis
1703 515 1795 584 qui
1839 512 2089 572 tribu‘lato
2121 527 2249 572 sunt

676 601 865 671 corde,
892 610 954 658 ut
982 603 1037 658 in
1070 610 1142 669 te,
1183 604 1227 660 si
1252 604 1444 670 velint,
1481 596 1751 673 accipianl
1784 607 2056 676 patientiae
2078 607 2242 661 docu-

676 701 901 759 menta,
954 694 1168 764 quoties
1233 708 1287 747 tn
1338 692 1556 749 fornace
1604 696 1991 762 tribulationis,
2044 697 2096 751 in
2140 690 2245 765 qua‘

675 783 958 841 examinas
976 773 1099 856 jura
1127 795 1238 852 tua,
1274 799 1370 862 per
1398 766 1727 862 iracundiam
1755 790 1937 858 crepui
1959 797 2012 844 et
2037 788 2203 842 defeci
2222 789 2247 841 ?

676 871 921 939 Quoties,
951 873 1148 929 oblitus
1184 874 1326 944 quod
1352 860 1410 927 in
1442 860 1882 932 tribulationibus
1918 880 2049 933 meis
2073 892 2240 943 esses,

678 960 775 1031 per
817 962 1208 1032 impatientiam
1259 965 1311 1019 in
1354 964 1551 1021 fratres
1582 959 1873 1027 incandui?
1902 968 2122 1036 Quoties
2149 982 2246 1022 cor

677 1066 854 1109 meum
883 1055 1087 1126 perdidi
1124 1056 1176 1111 in
1213 1054 1419 1124 furore,
1443 1068 1499 1114 et
1520 1059 1588 1114 de
1613 1060 2045 1116 tribulationibus
2070 1074 2244 1115 excre-

674 1151 833 1200 eatus
863 1159 967 1201 non
1018 1145 1165 1216 potui
1206 1147 1404 1203 ostium
1436 1147 1701 1215 invenire,
1742 1163 1839 1218 per
1873 1149 2014 1216 ιιιιυιι
2065 1164 2246 1206 rever—

676 1240 822 1297 tercr
857 1235 926 1289 ad
959 1250 1046 1290 me
1072 1235 1271 1305 ipsum,
1303 1246 1361 1295 ut
1390 1238 1700 1312 tribulatnm
1744 1240 1994 1307 spiritum
2017 1241 2240 1297 interius

674 1323 1119 1391 continerem,ne
1148 1328 1231 1381 vel
1262 1342 1357 1396 per
1379 1329 1564 1395 verba,
1604 1329 1687 1383 vel
1718 1330 1968 1395 verbera,
2000 1334 2241 1389 exterius

674 1414 908 1486 mugiret
922 1416 1177 1481 tonitrua,
1196 1415 1403 1487 fulgura
1425 1418 1774 1475 coruscaret?
1797 1420 1863 1475 Et
1887 1422 1931 1477 si
1956 1423 2241 1493 aliquando

678 1505 803 1561 licet
851 1521 974 1564 raro
1014 1508 1152 1563 inter
1196 1508 1422 1564 adversa
1468 1510 1553 1565 vel
1578 1511 1773 1580 probra
1824 1528 1944 1575 meo
1984 1514 2241 1573 tribulato

675 1596 888 1666 spiritui
928 1599 1239 1669 patientiam
1277 1601 1528 1669 tribuisti,
1564 1602 1738 1659 visum
1794 1603 1895 1660 fuit
1945 1607 2095 1669 mibi,
2144 1607 2238 1661 'do-

2353 434 2451 486 ista
2480 420 2585 487 du'o
2620 434 2882 488 sacrificia
2909 434 3130 502 spiritus
3155 446 3211 489 et
3245 436 3424 491 cordis
3459 440 3679 494 contriti
3710 443 3799 498 tibi
3821 448 3903 499 do-

2349 522 2494 576 mino
2550 523 2655 576 Deo
2704 508 3018 591 menidigue
3047 524 3249 579 valeam
3299 537 3353 579 et
3385 525 3587 597 jugiter
3616 528 3902 600 immolare,

2353 621 2404 665 tu
2432 612 2659 681 benigne
2707 615 2865 679 Deus,
2913 628 3064 680 (‘lljtiS
3108 616 3412 685 benignitas
3441 619 3507 672 ad
3548 621 3902 689 paenitentiam

2349 717 2445 757 nos
2476 703 2719 771 perducit
2741 703 2833 774 (V.
2861 704 2976 773 20),
3005 704 3216 773 benigne
3236 705 3340 775 fec,
3363 707 3604 773 Domine,
3628 709 3759 765 Sion
3778 729 3798 778 ,'
3816 711 3906 769 hoc

2348 780 2531 845 est-illi
2562 794 2820 862 superiori
2868 794 3062 847 animae
3090 808 3222 848 mea:
3258 798 3421 864 parti,
3449 814 3573 867 qum
3610 814 3707 872 per
3732 815 3902 857 artem

2349 879 2476 935 Sion
2508 880 2633 935 olim
2688 882 2844 936 sitam
2885 882 2937 936 in
2986 883 3246 938 eminenti
3291 885 3411 941 loco
3456 887 3596 943 illius
3621 890 3905 948 materiaiis

2350 971 2681 1027 Hierusalem
2728 974 3059 1042 designatur,
3092 974 3144 1027 in
3185 975 3341 1045 cujus
3373 977 3585 1045 fastigio
3617 980 3767 1049 quasi
3794 995 3905 1049 spe-

2320 1062 2557 1115 =eulator
2605 1062 2879 1118 excubans
2934 1062 3065 1117 visis
3123 1063 3365 1119 hostibus
3418 1068 3778 1123 exclamabat.
3823 1070 3907 1125 Sic

2349 1166 2477 1220 pars
2496 1152 2600 1206 illa
2632 1154 2874 1221 superior
2899 1154 3143 1218 rationis,
3176 1155 3330 1224 quasi
3360 1155 3410 1209 in
3439 1157 3695 1211 eminenti
3724 1159 3907 1214 animat

2348 1260 2481 1300 mete
2509 1245 2645 1300 solio
2668 1246 3046 1300 constituatur.
3075 1247 3394 1315 Spirituales
3419 1250 3707 1323 nequitias,
3738 1265 3907 1305 meam

2348 1334 2659 1390 interiorem
2697 1335 3033 1391 Hierusalem
3073 1338 3467 1405 impugnantes,
3512 1341 3798 1407 providens
3824 1355 3909 1399 ve-

2348 1424 2575 1486 nientes.
2623 1434 2809 1480 contra
2839 1440 2931 1481 eas
2975 1423 3136 1495 super
3162 1441 3344 1482 muros
3376 1428 3667 1493 exclamat,
3704 1447 3771 1486 ne
3807 1432 3908 1486 ista

2347 1511 2475 1567 Sion
2527 1514 2580 1568 in
2636 1529 2745 1577 me,
2785 1515 3030 1579 Domine,
3076 1516 3328 1581 dormiat,
3371 1517 3451 1571 vel
3487 1518 3911 1584 dormitet,cum
3980 1516 3985 1519 ’

2348 1612 2524 1658 tecum
2555 1618 2729 1658 meam
2757 1605 3025 1659 custodire
3049 1604 3240 1660 debeat
3263 1592 3558 1663 civitatem.

678 1687 824 1743 mine
868 1688 1009 1745 Deus
1051 1705 1223 1755 meus,
1252 1692 1393 1760 quod
1425 1692 1647 1763 angelus
1693 1694 1782 1749 ille
1824 1703 1966 1759 tuus,
1998 1697 2088 1763 qui
2148 1697 2240 1751 de-
2275 1671 2318 1726 Β
2414 1695 2504 1751 58.
2546 1693 2659 1749 Fac
2680 1696 2730 1749 ei
2769 1696 2981 1764 benigne
3015 1694 3272 1763 Domine,
3304 1696 3443 1752 bone
3486 1698 3646 1764 Deus,
3688 1700 3743 1752 in
3781 1699 3913 1754 bona

655 1778 889 1835 scendit
918 1792 1039 1858 cum
1082 1781 1273 1839 Azaria
1324 1792 1380 1837 et
1409 1784 1524 1851 ejus
1572 1786 1735 1841 sociis
1770 1786 1823 1841 in
1866 1786 2169 1863 fornacem,
2188 1796 2244 1844 et

600 1867 606 1872 ’
673 1870 912 1926 excussit
936 1868 1209 1928 ﬂammant
1242 1874 1381 1944 ignis
1410 1874 1478 1930 de
1509 1864 1749 1944 fornace,
1781 1886 1835 1932 et
1865 1877 1989 1933 fecit
2011 1878 2271 1950 medium_

674 1958 913 2016 fornacis
940 1961 1094 2032 quasi
1126 1972 1344 2019 ventum
1382 1965 1522 2020 roris
1543 1964 1783 2031 flantem,
1809 1958 2159 2021 descenderet
2187 1967 2240 2019 in

672 2066 771 2110 cor
807 2068 987 2109 meum
1017 2062 1071 2109 et
1114 2054 1166 2110 in
1216 2054 1565 2135 tribulatione
1602 2071 1777 2111 meum
1821 2057 2238 2112 contribulatum

674 2141 945 2212 spiritum,
1002 2142 1056 2198 in
1094 2142 1182 2199 illo
1222 2143 1463 2200 interiori
1511 2144 1798 2209 sacriﬁcio,
1842 2145 2039 2201 sictua
2069 2146 2239 2212 gratia

672 2228 901 2287 interius
940 2231 1319 2301 impinguaret.
1349 2233 1488 2290 sicut
1532 2234 1718 2290 asinus
1759 2233 2001 2290 exterius
2030 2234 2243 2291 tribulis
2276 2264 2277 2269 η

672 2322 1067 2393 impinguatur;
1116 2320 1176 2380 et
1202 2332 1329 2381 tunc
1374 2327 1593 2382 omnino
1636 2341 1725 2383 me
1770 2327 1911 2397 ignis
1950 2326 2242 2383 iracundiae

672 2428 779 2470 non
802 2415 1002 2485 tettgit,
1027 2416 1203 2485 neque
1230 2417 1593 2484 contristavit,
1639 2432 1740 2474 nec
1768 2410 2061 2488 quidquam
2110 2417 2240 2472 mihi

673 2502 889 2563 molesti
917 2505 1120 2574 intulit,
1149 2507 1243 2563 sed
1281 2507 1504 2578 probavi
1539 2523 1636 2579 per
1660 2494 2048 2581 experientiam
2075 2511 2128 2565 in
2157 2524 2243 2565 me

674 2599 817 2671 ipso,
840 2601 983 2671 quod
1004 2599 1113 2656 'etsi
1150 2612 1525 2671 persecutores
1551 2612 1812 2674 pugnant,
1842 2610 2027 2674 postea
2060 2612 2239 2657 tamen

674 2705 783 2749 non
806 2691 909 2747 sibi
937 2691 1265 2759 melliiicant,
1298 2692 1391 2748 sed
1436 2693 1682 2763 patienti.
1706 2692 1933 2763 Propter
1960 2693 2103 2762 quod
2141 2693 2243 2746 Da-

676 2782 764 2838 vid
790 2782 1094 2852 exemplum
1124 2783 1192 2838 de
1225 2797 1285 2838 se
1331 2797 1557 2850 ponens,
1594 2792 1654 2839 ut
1697 2800 1781 2840 me
1827 2786 1891 2840 ad
1926 2785 2238 2846 patientiam

673 2872 949 2940 invitaret,
987 2874 1054 2929 de
1086 2875 1521 2943 persecutoribus
1560 2874 1682 2953 suis~
1708 2874 1888 2950 dicit;
1924 2875 2237 2931 Cireumde-
2290 2862 2293 2863 7

671 2962 867 3019 derunt
898 2976 995 3017 me
1010 2961 1149 3017 sicut
1182 2976 1329 3032 apes.
1371 2961 1511 3031 Apes
1542 2963 1686 3019 enim
1708 2964 1809 3020 etsi
1835 2964 2071 3020 inferant
2095 2982 2236 3036 pun-
2268 2994 2313 3059 ο

671 3053 868 3111 ctionis
894 3052 1156 3121 dolorem,
1194 3061 1443 3109 amantur
1475 3062 1675 3120 tamen,
1703 3056 1827 3125 quia
1866 3055 2041 3111 mellis
2063 3055 2240 3111 dulce-
2276 3052 2301 3125 ‘_

622 3203 628 3210 ,
673 3141 856 3200 dinem
884 3142 1282 3199 administrant.
1314 3145 1407 3199 Sic
1446 3152 1500 3197 ct
1529 3153 1903 3213 persecutores
1938 3160 2108 3209 meos,
2129 3145 2259 3217 Do-,

675 3233 843 3298 mine,
872 3248 1057 3290 amare
1080 3232 1222 3299 volo,
1251 3242 1305 3288 et
1345 3235 1662 3304 punetiones
1693 3250 1831 3305 quas
1851 3237 2054 3292 amaris
2079 3251 2243 3292 cona-

676 3323 819 3379 tibus
860 3319 1117 3390 inferunt,
1158 3324 1412 3379 tribulato
1437 3325 1626 3393 spiritu
1659 3326 1912 3391 tolerare,
1953 3336 2010 3381 ut
2039 3327 2239 3383 mellita

672 3409 981 3482 iucunditas
1013 3412 1393 3483 subsequatur.
1430 3407 1565 3467 Nam
1599 3428 1694 3483 per
1716 3415 2001 3484 quemdam
2026 3415 2243 3485 sapien-

674 3509 784 3559 tem
813 3502 1012 3569 audivi,
1053 3500 1299 3570 Domine,
1352 3511 1405 3557 te
1450 3502 1737 3567 dicentem,
1788 3503 1930 3572 quod
1978 3518 2146 3573 usque
2172 3507 2240 3560 ad

672 3600 884 3661 tempus
910 3590 1197 3647 sustinebit
1221 3592 1456 3661 patiens,
1483 3600 1538 3664 et
1572 3601 1760 3662 postea
1792 3592 2023 3647 redditio
2043 3591 2240 3663 jucun-

670 3682 870 3740 ditatis.
1858 3738 1863 3744 .
1918 3744 1935 3753 ,
2221 3668 2224 3676 λ

738 3773 830 3831 37.
872 3774 1031 3846 Ergo,
1068 3775 1207 3831 bone
1256 3776 1501 3841 domine,
1547 3774 1685 3830 boue
1730 3775 2008 3845 Deus.qui
2035 3774 2248 3845 centri:

669 3862 870 3921 bulasti
921 3864 1098 3935 capita
1144 3865 1436 3921 draconum
1488 3866 1540 3919 in
1571 3865 1747 3936 aquis,
1799 3876 1853 3921 et
1904 3866 2236 3935 rogationem

672 3955 1015 4013 contribulati
1046 3972 1152 4012 non
1185 3956 1390 4029 adjicis,
1421 3951 1723 4013 c'ontribula
1745 3966 2023 4014 venenatae
2050 3970 2240 4027 super-

666 4045 773 4106 bis:
807 4061 939 4105 mete
962 4054 1120 4122 caput
1143 4046 1194 4103 in
1224 4048 1424 4127 diluvio
1454 4048 1837 4123 lacrymarum,
1861 4057 1917 4107 ut
1944 4048 2037 4106 tibi
2068 4048 2237 4107 sacri-

665 4140 824 4201 ﬁcent
851 4156 1029 4198 meum
1048 4141 1297 4212 spiritum
1322 4155 1443 4196 cum
1467 4141 1723 4210 patientia
1750 4140 2084 4205 tribulatum,
2112 4154 2235 4209 nam

668 4242 724 4290 et
768 4248 857 4289 cor
890 4232 1190 4309 contritum,
1241 4230 1346 4287 hoc
1394 4239 1481 4285 est
1515 4244 1639 4284 eum
1689 4228 1861 4299 gratia
1920 4237 2015 4284 tua
2048 4227 2234 4283 tritum

2345 1786 2606 1843 voluntate
2643 1797 2760 1851 tua,
2792 1802 2896 1840 nou
2932 1786 2985 1840 in
3040 1796 3251 1841 mortua
3296 1787 3573 1843 voluntate
3609 1805 3751 1855 mea,
3797 1806 3913 1860 quae

2348 1878 2477 1932 mihi
2513 1878 2745 1946 adiacet,
2794 1879 2896 1932 hoc
2948 1886 3031 1933 est
3066 1879 3361 1950 paralytica
3392 1879 3540 1947 jacet
3574 1866 3730 1949 juxta
3777 1882 3914 1935 latus

2347 1970 2539 2023 animae
2573 1982 2723 2033 mete,
2754 1967 2859 2033 fac,
2894 1968 3141 2036 inquam,
3170 1969 3415 2039 benigne,
3467 1969 3708 2032 Domine,
3760 1970 3915 2024 dicta:

2347 2055 2500 2120 Sion,
2532 2071 2651 2124 qua:
2665 2070 2730 2120 ex
2754 2056 2838 2119 iis.
2864 2071 2982 2125 qua:
3004 2065 3204 2126 sperat,
3225 2056 3335 2126 jam
3358 2056 3565 2127 aliquid
3583 2056 3911 2128 speculatur,

2343 2155 2398 2200 et
2428 2146 2479 2200 in
2520 2147 2657 2201 bona
2689 2147 2964 2201 voluntate
2993 2155 3076 2199 tua
3106 2146 3191 2201 fac
3213 2148 3282 2211 ei,
3318 2156 3372 2200 ut
3401 2162 3499 2218 ego
3525 2163 3740 2218 semper
3766 2158 3911 2203 tuam

2343 2234 2570 2290 habeam
2603 2237 2797 2291 bonam
2846 2244 2902 2291 et
2950 2235 3142 2291 faciam
3176 2238 3530 2304 voluntatem,
3584 2249 3639 2294 et
3687 2240 3913 2309 probem

2344 2341 2463 2397 qum
2492 2327 2824 2383 sitvoluntas
2840 2337 2936 2392 tua
2968 2330 3132 2391 bona,
3161 2327 3520 2398 beneplacens
3547 2314 3601 2383 et
3635 2329 3909 2399 perfecta:

2348 2416 2487 2472 bona
2511 2418 2562 2472 in
2596 2427 2668 2482 te,
2697 2418 2915 2485 placens
2943 2417 2996 2472 in
3016 2416 3315 2484 affectibus,
3341 2419 3697 2489 bcneplacens
3730 2419 3921 2476 fruen-

2348 2492 2510 2573 tibns,
2538 2516 2591 2561 et
2620 2508 2857 2577 perfecta
2887 2506 3138 2577 perfectis
3166 2518 3220 2563 et
3250 2508 3382 2564 nihil
3409 2509 3638 2581 amplius
3667 2525 3915 2581 quaren-

2346 2598 2509 2652 tibus.
2546 2598 2609 2653 Et
2638 2614 2767 2654 vere
2817 2598 3067 2669 benigne,
3108 2597 3354 2661 Domine,
3408 2599 3451 2653 si
3494 2614 3704 2655 mecum
3735 2599 3914 2670 egeris

2344 2687 2423 2743 sic
2448 2688 2696 2758 benigne,
2726 2686 2929 2752 maiora
2962 2697 3014 2743 te
3039 2685 3253 2743 dedisse
3294 2687 3725 2757 mihi'beneiicia
3757 2706 3919 2761 repuv

2323 2776 2471 2830 .tabo
2489 2791 2648 2845 qnam
2689 2776 2733 2831 si
2757 2791 2945 2831 omnes
2993 2774 3309 2845 prtebendas
3346 2791 3401 2831 et
3426 2778 3718 2847 dignitates
3750 2781 3916 2836 totius

2344 2866 2626 2923 militautis
2654 2866 3061 2922 ecclesite‘mihi
3095 2867 3274 2923 dares.
3324 2866 3458 2922 Nam
3499 2868 3613 2938 ipsa
3640 2870 3787 2925 bona
3827 2885 3916 2925 ro-

2344 2960 2522 3016 luntas
2565 2972 2678 3026 tua,
2716 2960 2759 3015 si
2792 2969 2847 3015 tu
2892 2961 3032 3014 Deus
3060 2974 3235 3026 meus,
3266 2967 3327 3015 ut
3367 2970 3518 3031 apto,
3554 2960 3772 3017 dederis
3793 2978 3916 3017 eam

2344 3052 2496 3117 mibi,
2520 3052 2717 3107 dictam
2762 3067 2935 3107 meam
2976 3050 3105 3106 Sion
3151 3053 3628 3122 nonpermitteret
3654 3068 3721 3108 ex
3757 3054 3918 3108 ttedio

2344 3142 2671 3205 dormitare;
2704 3143 2796 3195 sed
2824 3156 2944 3196 eam
2995 3141 3073 3195 sic
3114 3140 3276 3207 faciet
3296 3139 3500 3211 jugiter
3544 3156 3706 3212 super
3726 3154 3917 3198 custo-

2344 3231 2485 3286 diam
2519 3245 2674 3287 suam
2716 3240 2864 3285 stare
2895 3247 2910 3283 :
2938 3230 3080 3298 quod
3116 3212 3251 3299 ipse”
3274 3230 3559 3299 speculans
3601 3231 3919 3302 spirituales

2345 3321 2531 3377 hostes
2557 3330 2746 3377 contra
2775 3334 2951 3375 meam
2988 3320 3300 3376 interiorem
3333 3320 3666 3378 Hierusalem
3696 3323 3919 3381 irruen-

2344 3420 2447 3479 tes,
2469 3421 2525 3468 et
2553 3412 2742 3467 videns
2766 3412 2953 3466 urbem
2977 3410 3145 3480 illam,
3167 3426 3328 3482 quam
3354 3424 3538 3487 servat
3556 3414 3765 3485 absque
3794 3428 3917 3469 mu.

2336 3519 2526 3561 rerum
2555 3503 2816 3558 virtutum
2851 3502 3055 3559 ambitu
3084 3511 3352 3574 patentem
3384 3505 3619 3576 undique
3656 3513 3731 3559 et-
3758 3520 3918 3575 aper-

2343 3606 2471 3661 tam,
2501 3606 2681 3651 tacere
2698 3611 2802 3651 non
2828 3595 3025 3665 poterit
3052 3604 3271 3668 propter
3295 3596 3529 3667 pericula
3548 3597 3913 3663 imminentia,

2340 3699 2461 3755 quze
2491 3684 2711 3750 videbit,
2752 3683 2882 3754 quin
2928 3699 3138 3739 mecum
3170 3685 3369 3740 clamet
3396 3685 3448 3739 in
3473 3684 3725 3750 excelsis,
3754 3679 3813 3741 et
3835 3685 3916 3741 di-

2340 3783 2428 3829 cat
2453 3792 2466 3828 :
2494 3774 2729 3846 Benigne
2756 3772 2998 3839 Domine,
3027 3772 3114 3842 fac
3140 3772 3355 3842 benigne
3379 3773 3434 3827 in
3478 3773 3613 3827 bona
3645 3772 3919 3830 voluntate

2340 3875 2432 3917 tua
2462 3862 2623 3928 'Sion,
2666 3872 2720 3917 ut
2749 3863 3075 3931 adiﬁcentur
3098 3864 3236 3919 muri
3262 3862 3616 3928 Hierusalem,
3646 3862 3792 3935 illius
3812 3866 3917 3922 sci-

2341 3954 2466 4020 licet
2489 3954 2761 4009 interioris
2774 3951 3132 4021 Hierusalem,
3158 3969 3279 4025 quae
3301 3966 3385 4012 est
3412 3954 3592 4011 anima
3621 3972 3767 4011 mea.
3790 3957 3918 4011 llaec
3986 3990 3989 4003 ι

2339 4056 2424 4105 est
2444 4048 2587 4104 enim
2627 4044 2716 4101 illa
2744 4045 3097 4106 Hierusalem,
3127 4061 3267 4122 quas,
3283 4047 3582 4101 aedificatur
3608 4057 3664 4101 ut
3692 4048 3913 4117 civitas,

2341 4153 2439 4209 pro
2461 4124 2571 4208 qua.
2600 4134 2838 4206 supplico
2871 4135 2965 4191 tibi
2994 4138 3300 4192 animarum
3330 4136 3717 4208 benignissimo
3763 4154 3917 4193 ama-

2341 4232 2467 4288 tori.
2500 4231 2624 4285 Scio
2648 4230 2790 4285 enim
2821 4229 2964 4300 quod
3010 4229 3275 4301 benignus
3308 4245 3389 4294 es,
3429 4221 3675 4295 Domine,
3698 4238 3758 4297 et
3797 4229 3917 4300 pla.

668 4324 752 4380 vel
797 4323 1065 4378 strictum.
1108 4321 1257 4375 Multi
1285 4321 1429 4377 enim
1458 4321 1578 4376 sine
1604 4320 1776 4391 gratia
1812 4329 1927 4382 tua,
1958 4310 2121 4383 Deus,
2154 4318 2234 4375 di-
2262 4331 2316 4391 ι)
2341 4320 2529 4375 eabilis
2559 4334 2721 4388 super
2744 4318 2968 4383 malitia,
2995 4326 3051 4372 et
3075 4320 3215 4387 quod
3240 4318 3468 4387 benigna
3497 4326 3580 4372 est
3607 4318 3917 4373 misericor-
3976 4340 3979 4343 ν

671 4412 842 4469 versis
869 4410 1142 4467 doloribus
1174 4419 1228 4466 et
1269 4410 1719 4467 sollicitudinibus
1750 4417 1997 4464 teruntur
2026 4410 2080 4463 in
2115 4425 2237 4464 cor—

668 4504 828 4560 dibus
846 4511 902 4559 et
928 4502 1285 4573 stringuntur,
1309 4511 1362 4557 et
1391 4512 1570 4556 tamen
1601 4501 1762 4556 corda
1789 4514 1978 4556 eorum
2004 4499 2237 4569 despicis

610 4661 614 4666 ,
670 4602 726 4650 et
755 4592 1080 4658 centemnis,
1124 4591 1249 4662 quia
1299 4590 1553 4645 contritio
1598 4602 1652 4644 ct
1697 4582 1985 4644 infelicitas
2024 4587 2078 4643 in
2132 4589 2238 4643 viis

671 4700 879 4751 eorum,
920 4693 979 4739 et
1019 4685 1140 4737 ideo
1169 4698 1279 4752 prae
1324 4680 1777 4736 contribulatione
1807 4680 2027 4750 spiritus
2068 4678 2237 4733 ulula-

630 4832 637 4836 ζ
671 4777 822 4830 bunt.
852 4759 958 4828 Cor
987 4782 1164 4828 autem
1213 4770 1489 4825 contritum
1528 4772 1844 4839 poenitentia
1876 4772 1942 4825 de
1980 4771 2233 4840 peccatis,

671 4863 812 4934 quod
840 4860 1005 4917 Judas
1052 4860 1357 4916 conﬁtendo
1397 4868 1535 4925 arat,
1578 4871 1630 4915 et
1680 4860 1850 4916 Jacob
1893 4863 2239 4932 subsequitur

670 4950 941 5009 sulcorum
993 4951 1245 5006 duritiam
1300 4952 1649 5015 conterendo,
1708 4951 1860 5021 cujus
1906 4966 2101 5023 magna
2152 4960 2237 5007 est

670 5041 926 5100 contritio
967 5042 1112 5095 velut
1160 5056 1344 5107 mare;
1383 5051 1431 5095 et
1477 5040 1836 5111 humiliatum,
1887 5058 1993 5099 non
2034 5042 2237 5098 elatura
2284 5099 2292 5101 Α

670 5142 891 5205 peccata
934 5133 1261 5198 excusando,
1320 5132 1483 5199 Deus,
1540 5128 1961 5203 non’despicies,
1998 5136 2088 5204 qui
2129 5148 2236 5189 non

670 5222 902 5293 despicis
932 5207 1202 5291 loquelam
1245 5222 1497 5292 gemitus,
1544 5222 1638 5278 sed
1670 5222 1889 5284 humilia
1916 5224 2140 5293 respicis
2181 5222 2237 5276 in

671 5312 811 5371 cutio
838 5323 893 5370 et
939 5312 992 5367 in
1024 5320 1183 5367 terra.
1220 5314 1301 5370 Ad
1335 5329 1493 5383 quem
1519 5329 1650 5384 ergo
1689 5314 1965 5383 respicies,
1990 5314 2232 5380 d'omine,

674 5404 813 5460 Deus
843 5418 1014 5468 meus,
1062 5404 1164 5457 nisi
1216 5404 1283 5460 ad
1316 5404 1570 5459 humilem
1604 5416 1667 5459 et
1691 5405 2003 5469 contritum,
2038 5417 2092 5460 et
2125 5415 2237 5459 tre-

679 5502 907 5546 mentem
944 5504 1219 5547 sermones
1259 5492 1414 5549 tuos?
1457 5490 1562 5547 Sed
1616 5502 1671 5549 et
1720 5494 1897 5547 anima
1938 5507 2079 5563 mea,
2119 5509 2238 5564 quae

684 5579 851 5633 tristis
893 5590 972 5634 est
1024 5596 1217 5650 super.
1251 5581 1663 5649 magnitudinem
1716 5582 1839 5635 mali
1888 5582 1992 5647 sui,
2040 5583 2237 5638 incedit

2341 4412 2425 4467 dia
2464 4420 2571 4473 tua,
2608 4409 2834 4464 Domine
2866 4415 2963 4463 :et
3001 4408 3120 4463 ideo
3166 4407 3252 4463 fac
3310 4408 3557 4478 benigne,
3585 4420 3639 4463 et
3678 4408 3735 4461 in
3778 4408 3916 4462 bona

2340 4502 2601 4556 voluntate
2627 4512 2742 4567 tua,
2767 4515 2930 4570 quam
2960 4508 3051 4554 tua
3077 4499 3379 4568 benignitas
3409 4500 3595 4567 gratis,
3625 4507 3675 4552 et
3706 4500 3915 4567 absqne
3946 4530 3949 4531 ν

2296 4608 2308 4615 ‘
2340 4593 2476 4647 meis
2490 4591 2715 4657 meritis,
2748 4593 2875 4646 tnihi
2909 4590 3089 4654 dabit;
3118 4599 3175 4667 ut
3202 4589 3535 4665 :nditicentgtr
3555 4588 3755 4641 animm
3779 4602 3916 4643 ructu

2340 4681 2502 4745 muri,
2540 4680 2631 4749 qui
2675 4680 3018 4735 stabiliuntur
3062 4676 3447 4745 principaliter,
3489 4684 3545 4729 et
3577 4684 3916 4745 consurgunt

2339 4772 2408 4826 de
2468 4770 2571 4825 ﬁde
2626 4770 2770 4833 viva,
2815 4784 2910 4837 spe
2955 4774 3127 4832 certa,
3165 4765 3429 4819 charitate
3468 4780 3571 4818 non
3622 4763 3773 4819 ﬁcta.
3804 4764 3917 4820 Fac

2338 4860 2500 4913 etiam
2546 4867 2686 4912 utet
2728 4858 2863 4911 muri
2909 4855 3067 4924 hujus
3113 4855 3397 4921 mundana:
3442 4853 3696 4909 lliericho
3741 4854 3797 4908 in
3828 4867 3938 4909 me~

2340 4949 2582 5004 funditus
2609 4947 2912 5012 diruantur,
2941 4954 2997 5001 et
3032 4960 3304 5015 nunquam
3330 4945 3395 4999 de
3421 4942 3623 4999 caetero
3653 4959 3913 5015 reparet»

2342 5049 2448 5095 tur.
2480 5039 2744 5107 Quoniam
2780 5046 2858 5102 tu,
2910 5037 3152 5101 Domine,
3174 5048 3292 5106 per
3319 5035 3482 5091 Josuc
3511 5036 3915 5092 maledictionis

2340 5134 2663 5190 sententiam
2706 5133 2974 5201 protulisti
3019 5133 3072 5186 in
3103 5144 3216 5195 eos,
3245 5131 3338 5199 qui
3377 5146 3559 5185 muros
3596 5130 3757 5199 hujus
3787 5129 3915 5185 Ilio-

2340 5226 2488 5280 riclto
2534 5224 2861 5277 suscitarent
2905 5240 2919 5276 :
2959 5221 3190 5276 tedilieat
3230 5220 3373 5273 enim
3419 5219 3664 5274 diabolus
3720 5231 3914 5273 muros

2341 5296 2470 5368 istos
2506 5314 2571 5367 de
2619 5314 2729 5368 luto
2764 5312 3072 5381 voluptatis,
3110 5310 3259 5381 palea
3307 5309 3555 5365 vanitatis
3622 5317 3679 5363 et
3736 5307 3913 5375 latere

2340 5402 2665 5472 cupiditatis.
3150 5474 3153 5475 ν

2408 5495 2495 5549 ‘59.
2538 5495 2638 5549 Per
2683 5504 2735 5550 te
2789 5509 2938 5565 ergo,
2990 5493 3231 5556 Domine,
3263 5492 3399 5547 muri
3446 5492 3602 5547 istius
3654 5487 3911 5547 Hiericho

2340 5583 2683 5639 destruantur
2715 5586 2765 5638 in
2810 5600 2916 5647 nte,
2947 5593 3000 5640 et
3045 5583 3374 5639 tediiiccntur
3398 5584 3535 5637 muri
3568 5578 3907 5638 Hierusalem
