4200 6206
345 280 452 336 839

1399 271 1768 328 HEDlTATiO
1802 269 1870 331 ΙΝ
1905 267 2108 327 ΡδΑιο.
2142 265 2513 325 MISEREBE.

3472 249 3581 313 85?)

344 391 660 462 supradicti,
697 403 833 460 quos
861 384 962 447 aisi
997 394 1049 440 tu
1081 387 1192 456 ipse
1222 383 1594 447 acdiﬁeavcris,
1626 399 1678 439 in
1707 396 1905 437 vanum
1934 394 1982 442 Α
2011 386 2230 449 lensque
2256 379 2325 453 de
2348 383 2562 431 cunctis
2584 369 2693 427 suis
2730 364 3245 462 pecoribusscilicet
3275 363 3572 462 corporali-

346 481 592 541 laborant
612 483 704 552 qui
728 497 821 536 eos
846 480 1113 536 aedificare
1133 487 1342 549 putant.
1367 476 1445 530 Tu
1469 477 1630 544 enim,
1661 475 1904 537 Domine,

276 608 283 611 -
344 580 492 634 solus
539 591 598 630 es
634 574 723 643 qui
766 574 923 629 fidem
950 570 1123 640 ,quasi
1176 568 1583 623 fundamentum
1634 582 1907 621 murorutn

348 668 568 721 istorum
614 664 849 718 infundis
891 680 904 715 :
950 675 1098 729 spem
1162 657 1325 712 veluti
1380 658 1637 726 parietem
1695 657 1905 726 erigis:

343 759 664 813 rharitatem
714 766 968 824 tanquam
1011 749 1439 829 inexpugnabilia
1476 748 1906 819 propugnacula,

316 866 466 931 [qua
503 863 774 916 nunquam
818 844 1092 907 excidunt,
1137 841 1404 899 construis
1444 850 1500 896 et
1553 839 1785 907 largiris.
1844 838 1910 892 Et

346 940 435 997 hic
465 950 547 994 est
575 936 999 1007 inexpugnabilis
1026 935 1114 990 ille
1144 950 1348 1001 murus,
1386 948 1546 1004 quem
1577 946 1673 1001 per
1712 939 1785 997 te,
1818 934 1907 1000 qui

344 1046 405 1086 cs
430 1030 733 1084 :edificator
751 1036 804 1105 et
828 1035 1011 1081 custos
1034 1015 1366 1081 Hierusalem
1380 1022 1614 1080 civitatis
1641 1036 1907 1091 supernas,

344 1119 597 1174 aedificari
646 1116 953 1172 desiderant
1008 1116 1273 1172 desideria
1323 1115 1500 1170 cordis
1544 1114 1675 1180 mei,
1704 1122 1760 1166 et
1800 1113 1910 1167 cla-

345 1219 495 1263 mant
538 1228 551 1263 :
604 1198 755 1262 Mure
786 1216 877 1261 tuo
937 1204 1336 1275 inexpugnabili
1385 1204 1745 1274 circumcinge
1790 1219 1905 1269 nos,

344 1299 589 1360 Domine,
628 1308 682 1353 et
734 1299 901 1351 armis
954 1307 1063 1352 tua-
1090 1296 1343 1365 potentia:
1372 1304 1591 1365 protege
1637 1310 1735 1349 nos
1764 1308 1905 1349 scm-

341 1406 460 1460 per.
498 1390 563 1444 Et
588 1390 690 1443 hoc
710 1398 812 1453 est,
837 1389 1052 1443 domine
1073 1387 1213 1441 Deus
1244 1401 1414 1450 meus,
1447 1385 1908 1455 pcrnecessarium

343 1479 496 1544 mihi,
530 1487 587 1532 ut
643 1480 697 1531 in
742 1493 827 1532 me
859 1478 1089 1533 aediﬁces
1127 1477 1301 1532 dictos
1345 1491 1547 1531 nmros.
1594 1475 1723 1529 Nam
1753 1483 1908 1529 antc-

253 1610 260 1617 .
342 1582 503 1634 quam
551 1565 800 1621 mdificati
846 1565 1061 1628 fuerint,
1100 1574 1312 1636 gratum
1365 1580 1469 1619 non
1524 1564 1780 1633 accipies,
1825 1564 1908 1617 vel

343 1665 622 1725 acceptum
653 1657 718 1712 de
751 1655 1000 1709 manibus
1033 1657 1166 1710 meis
1196 1656 1519 1723 quidquam;
1553 1654 1644 1708 sed
1673 1653 1904 1708 a‘difica-

342 1748 412 1801 tis
451 1746 678 1801 firmiter
714 1748 765 1800 in
814 1763 929 1813 mea
958 1736 1201 1801 interiori
1234 1745 1569 1803 Hierusalem
1605 1745 1761 1799 dictis
1789 1760 1904 1799 mu-

342 1836 531 1907 ris(V.
568 1837 680 1905 2|),
726 1848 849 1890 tunc
882 1836 1206 1905 acceptabis;
1258 1837 1380 1908 quia
1429 1843 1553 1890 ante
1582 1834 1911 1905 acceptabile

342 1942 447 1980 non
483 1926 707 1980 habebis
739 1925 1051 1993 sacri/icium
1088 1925 1331 1993 justiliw,
1367 1925 1417 1977 in
1465 1940 1571 1990 quo
1610 1938 1696 1978 me
1735 1923 1910 1990 ipsum

340 2016 546 2082 puuies.
571 2014 687 2068 Tibi
719 2030 814 2085 per
841 2014 1213 2083 pmuitentiam
1245 2014 1578 2067 vietimabo:
1614 2012 1740 2080 quid
1766 2010 1910 2063 enim

332 2106 555 2174 justius,
588 2121 749 2174 quam
797 2114 855 2159 ut
899 2104 1034 2157 meis
1072 2103 1275 2157 irascar
1308 2104 1682 2171 iniquitatibus
1707 2111 1759 2156 ct
1784 2115 1911 2168 pec—

337 2197 495 2263 catis,
521 2207 596 2260 et,
619 2212 779 2264 opera
820 2196 967 2265 justa
996 2195 1192 2250 faciam
1225 2195 1718 2265 perpcenitentiam
1756 2205 1810 2249 et
1837 2193 1910 2247 Ia-

260 2310 263 2311 ν
342 2288 623 2342 mentum?
651 2289 714 2341 Et
744 2302 870 2340 vere
901 2286 1107 2355 justum
1147 2295 1250 2348 est,
1274 2296 1334 2341 ut
1365 2288 1428 2340 de
1460 2286 1624 2341 veteri
1652 2287 1757 2341 vita
1789 2300 1905 2340 mea

340 2377 392 2430 in
420 2384 632 2431 novam.
669 2388 937 2432 transeam
969 2379 1154 2441 vitam,
1204 2386 1261 2431 ut
1299 2378 1565 2432 exstincto
1613 2376 1779 2431 veteri
1815 2378 1909 2430 ho-

344 2465 487 2521 mine
511 2481 605 2535 per
629 2467 1022 2537 pmnitentiam,
1049 2467 1103 2521 in
1119 2470 1330 2537 meipso
1355 2466 1909 2534 sacriﬁciumjustitize

292 2588 293 2593 η
340 2556 636 2613 secundum
676 2557 1137 2622 regenerationem
1170 2558 1290 2612 novi
1322 2558 1552 2612 hominis
1583 2556 1674 2610 tibi
1704 2558 1909 2611 sacriﬁ-

322 2660 458 2701 ccm
491 2646 708 2700 domino
754 2647 861 2701 Deo
891 2661 1029 2700 meo.
1064 2647 1385 2717 Acceptabis
1415 2647 1576 2700 etiam
1608 2646 1909 2720 oblationes

338 2734 801 2805 elcemosynarum
832 2737 946 2802 tibi,
979 2738 1223 2798 Domine.
1249 2752 1275 2790 a
1312 2754 1395 2791 me
1434 2752 1530 2807 per
1561 2752 1752 2793 manus
1778 2752 1917 2806 pau-~

340 2836 528 2892 perum
557 2822 882 2887 oblatarum,
927 2825 1016 2891 qui
1072 2832 1288 2893 reputas
1320 2826 1414 2878 tibi
1459 2824 1763 2893 specialiter
1789 2839 1910 2880 esse

342 2914 562 2991 factum,
596 2915 736 2982 quod
766 2915 856 2968 uni
893 2931 956 2970 ex
998 2916 1253 2974 minimis.
1283 2931 1514 2985 quorum
1548 2916 1720 2985 angeli
1766 2931 1907 2971 sem-

2009 469 2129 533 hus,
2174 478 2231 524 et
2282 469 2349 525 de
2395 463 2702 537 volucribus
2745 458 3117 530 spiritualibus
3174 455 3477 526 purificatis
3522 465 3582 513 et

2013 561 2245 625 mundis,
2282 574 2444 629 super
2477 556 2651 611 altare
2680 553 2806 608 illud
2840 550 2931 606 tibi
2960 550 3153 605 obtulit
3181 548 3575 604 holocaustum.

2012 653 2134 708 [late
2160 662 2244 708 est
2278 667 2369 705 ara
2412 647 2591 718 templi
2622 643 2791 702 sancti
2818 642 2914 708 tui,
2947 641 3087 709 quod
3119 655 3236 695 sum
3269 653 3397 709 ego;
3423 638 3577 709 juxta
3622 704 3625 705 ν

2011 757 2169 814 quam
2207 750 2314 795 stat
2347 737 2569 809 angelus
2597 737 2661 790 ad
2698 732 2999 790 custodiam
3026 730 3332 799 deputatus,
3374 728 3579 784 habens

2012 830 2336 887 thuribulum
2370 843 2590 884 aureum
2639 826 2692 880 in
2723 838 2885 879 manu
2927 836 3043 886 sua,
3092 826 3150 873 ut
3180 832 3337 897 cum.
3360 819 3578 873 incenso

2010 922 2180 979 multo
2200 920 2473 978 orationes
2499 930 2682 973 coram
2715 923 2785 981 te,
2814 912 3063 975 Domine,
3095 908 3241 963 fusas
3263 922 3383 962 eum
3410 906 3576 978 Iacry-

2012 1013 2502 1079 mis‘reprazsentet.
2537 1004 2650 1059 Hoc
2676 1012 2757 1058 cst
2785 1002 2957 1056 altare
2988 1010 3285 1055 concavum
3314 1005 3365 1051 et
3398 994 3574 1059 inane,

2010 1122 2037 1161 a
2064 1102 2273 1159 cunctis
2300 1096 2506 1157 scilicet
2533 1095 2761 1150 terrenis
2784 1092 3063 1147 affectibus
3088 1095 3406 1153 vacuatum,
3434 1084 3580 1156 quod

2011 1198 2102 1253 tibi
2142 1194 2257 1251 ﬁeri
2285 1188 2606 1247 mundavisti
2644 1184 2707 1239 ad
2732 1183 3109 1253 imponendum
3136 1182 3347 1237 eiuer’es
3377 1191 3577 1233 memo~

2010 1289 2103 1342 riae
2147 1279 2614 1341 uostrzeuuentis.
2653 1276 2725 1330 De
2764 1274 2866 1328 hoc
2903 1272 3080 1337 altari,
3105 1270 3350 1326 amabilis
3380 1267 3576 1331 amice,
3627 1287 3630 1290 ’
3670 1332 3675 1337 1

2008 1379 2160 1448 cujus
2184 1375 2364 1431 dicere
2406 1380 2491 1427 est
2523 1370 2720 1432 facere,
2769 1374 2823 1420 tu
2863 1362 3068 1455 dixisti,
3099 1370 3159 1415 ut
3208 1360 3348 1431 ignis
3377 1359 3578 1416 amoris

2012 1470 2084 1522 tui
2113 1479 2323 1535 semper
2348 1464 2401 1519 in
2449 1462 2549 1517 hoc
2595 1458 2749 1513 altari
2792 1457 3000 1521 ardeat,
3033 1450 3193 1524 quem
3221 1450 3458 1505 nutrieet
3486 1464 3574 1506 sa-

2011 1557 2198 1614 cerdos
2220 1553 2508 1623 subjiciens
2539 1565 2635 1620 per
2681 1546 2920 1617 singulos
2948 1547 3064 1601 dies
3108 1543 3249 1612 ligna
3277 1540 3577 1595 desiderata

2010 1648 2185 1704 cordis
2217 1644 2341 1698 mei.
2372 1642 2472 1709 Qui
2520 1640 2696 1708 ignem
2747 1637 2909 1691 istum
2940 1634 2990 1688 in
3031 1643 3228 1688 terram
3258 1632 3493 1697 mittere,
3521 1635 3582 1684 ut

2012 1737 2215 1798 ardeat,
2242 1731 2433 1788 venisti
2455 1769 2471 1792 ,
2504 1728 2647 1791 veni,
2682 1735 2735 1781 ct
2764 1726 2815 1781 in
2848 1726 2949 1781 hoc
2979 1723 3135 1779 altari
3165 1722 3345 1779 cordis
3367 1721 3473 1775 mei
3503 1717 3581 1777 tui

2014 1826 2215 1880 amoris
2240 1824 2417 1891 ignem
2448 1817 2701 1874 accende.
3131 1848 3136 1864 .

2081 1915 2171 1967 41.
2212 1911 2256 1966 Ο
2301 1922 2510 1964 summe
2558 1905 2809 1961 sacerdos
2854 1904 2907 1959 in
2942 1914 3224 1979 aeternum,
3254 1910 3309 1958 et
3336 1898 3577 1972 pontifex

2014 2006 2315 2060 futurorum
2359 2000 2651 2063 bonorum,
2678 1996 2800 2050 vcui
2833 2003 2888 2050 et
2916 1995 2982 2049 ad
3013 1993 3356 2048 nutriendum
3397 1992 3580 2061 ignem

2015 2098 2195 2159 istum,
2233 2108 2301 2148 ne
2336 2088 2553 2146 deﬁciat
2607 2086 2659 2141 in
2698 2085 2863 2142 Sion..
2895 2083 3077 2138 Donec
3119 2082 3217 2136 ﬁat
3255 2080 3578 2137 caminusin

2013 2186 2120 2251 illa,
2151 2189 2279 2254 quze‘
2295 2194 2507 2237 sursum
2538 2187 2620 2233 est
2648 2172 2981 2230 Hierusalem
3013 2179 3189 2227 matre
3220 2175 3427 2233 nostra,
3450 2169 3577 2225 sub-

2008 2278 2115 2348 jicc
2147 2276 2289 2343 ligna
2330 2269 2601 2326 incentiva
2637 2274 2695 2321 et
2719 2262 3011 2320 nutrientia
3042 2262 3221 2332 ignem
3254 2260 3437 2315 istum.
3464 2257 3583 2315 Pri-

2012 2383 2155 2421 mum
2188 2364 2438 2419 videlicet
2488 2358 2850 2426 temetipsum,
2881 2353 2972 2424 qui
2999 2367 3060 2408 es
3096 2351 3161 2406 iis
3186 2350 3278 2421 qui
3305 2358 3358 2405 te
3387 2362 3586 2419 appre-

2012 2456 2274 2517 heuduut,
2302 2451 2502 2521 ligmuu
2543 2447 2699 2514 vitze;
2728 2445 2928 2515 lignum
2948 2482 2964 2507 ,
3002 2441 3243 2511 inquam,
3286 2439 3410 2493 vita:
3437 2437 3583 2508 posi-

2012 2555 2124 2599 tum
2158 2542 2209 2596 in
2239 2540 2415 2595 medio
2443 2535 2699 2607 paradisi,
2725 2540 2805 2598 ut,
2840 2547 2908 2588 ex
2934 2531 3081 2587 omni
3116 2538 3271 2599 parte
3300 2535 3582 2584 currentes

2013 2634 2078 2690 ad
2111 2642 2184 2697 te,
2212 2630 2419 2703 possint
2448 2636 2501 2682 te
2544 2613 2947 2696 apprehendere
2972 2621 3138 2676 vitam
3167 2632 3319 2674 suam
3354 2626 3412 2672 et
3438 2618 3580 2672 vita-

2013 2739 2129 2779 rum
2158 2724 2343 2777 vitam.
2366 2718 2591 2788 Lignum
2613 2715 2774 2770 etiam
2794 2712 2917 2768 vita:
2929 2708 3208 2782 proferens
3229 2721 3323 2778 per
3346 2704 3583 2777 singulos

2011 2828 2241 2877 menses,
2266 2818 2570 2866 nostrorum
2602 2806 2890 2861 affectuum
2922 2803 3131 2858 fructus
3166 2815 3292 2857 suos
3320 2798 3583 2855 excitatos

2008 2919 2106 2974 per
2125 2901 2474 2964 desiderium,
2494 2898 2851 2962 dulcissimos,
2890 2894 3269 2964 paeatissimos
3292 2899 3346 2947 et
3364 2905 3577 2957 suaves,

342 3017 442 3072 per
470 2981 657 3058 faciem
694 3004 869 3057 Patris
901 3005 1103 3066 vident,
1138 3019 1165 3057 a
1206 2981 1577 3059 me'collatum
1623 2981 1792 3058 fuerit
1824 3004 1905 3059 vel

2014 2994 2201 3063 quibus
2226 2999 2536 3047 sanctorum
2559 2988 2752 3042 anima:
2774 2985 3084 3039 reﬁciuntur
3108 2983 3227 3037 sine
3262 2981 3498 3047 fastidio,
3526 2990 3582 3039 et

338 3092 602 3170 oblatum.
645 3093 757 3147 Non
801 3093 894 3146 fiat
927 3094 1040 3147 haec
1068 3093 1267 3148 oblatio
1293 3094 1357 3147 de
1385 3092 1588 3162 iniquo,
1606 3093 1707 3148 hoc
1733 3102 1817 3148 est
1842 3095 1909 3149 de

341 3182 483 3236 male
513 3182 777 3252 acquisito
806 3182 888 3235 vel
919 3182 1059 3235 male
1101 3182 1501 3247 retento..Quia
1538 3190 1619 3246 tu,
1651 3182 1812 3247 Deus,
1843 3185 1910 3237 ad
1980 3236 1981 3239 η

339 3270 496 3333 Cain,
533 3280 589 3323 et
629 3270 747 3338 ejus
794 3285 1019 3324 munera
1069 3271 1335 3338 respicere
1389 3269 1633 3334 noluisti,
1669 3270 1913 3338 eo’quod

344 3361 443 3415 tibi
476 3374 639 3431 prava
675 3375 896 3414 munera
929 3358 1211 3416 offerebat.
1241 3358 1357 3414 Non
1406 3358 1632 3429 respicis
1664 3359 1717 3414 in
1766 3360 1915 3415 obla-
1946 3380 1959 3397 κ

345 3451 587 3505 tionibus
625 3451 961 3519 iniquorum;
995 3450 1088 3506 sed
1119 3449 1240 3505 illas
1270 3450 1572 3507 oblationes
1599 3450 1788 3520 dignas
1818 3448 1910 3506 tibi

344 3549 560 3607 reputas
573 3551 624 3595 et
648 3550 916 3610 acceptas,
931 3556 1050 3608 quae
1072 3542 1205 3595 ﬁunt
1228 3543 1294 3597 de
1314 3543 1611 3597 substantia
1636 3543 1722 3595 illa
1748 3543 1910 3635 bopa,

343 3631 499 3699 ('ttjtls
526 3646 630 3684 non
660 3640 742 3683 est
765 3640 1045 3700 peccatum
1065 3632 1127 3693 in
1164 3632 1491 3686 conscientia
1520 3649 1533 3685 :
1561 3622 1738 3685 ethas
1768 3622 1910 3686 ante

344 3718 646 3773 oblationes
679 3733 772 3787 per
804 3719 1113 3788 Sapientem
1161 3719 1411 3787 requiris,
1444 3718 1630 3774 dicens
1662 3737 1675 3773 :
1707 3719 1828 3785 Fili,
1864 3706 1912 3776 Si

344 3808 535 3871 habes,
585 3810 718 3863 bene
754 3808 838 3862 fac
866 3818 1061 3875 tecum,
1100 3819 1155 3862 et
1194 3809 1302 3864 Deo
1343 3808 1533 3879 dignas
1558 3808 1692 3866 offer
1713 3811 1915 3881 gratias

342 3908 399 3953 ct
431 3899 747 3953 oblationes.
1002 3971 1009 3977 .

417 3989 504 4042 40.
553 3988 647 4057 (V.
695 3988 813 4057 24.)
868 3987 1011 4043 Tum:
1052 3990 1216 4044 etiam
1267 3990 1557 4059 acceptabis
1586 3990 1913 4057 holo‘cansta,

346 4093 464 4132 mea
494 4078 719 4140 scilicet,
763 4080 865 4134 hoc
904 4088 986 4133 est
1016 4095 1121 4133 non
1154 4080 1323 4134 solum
1354 4082 1420 4135 de
1443 4097 1582 4146 meo,
1612 4084 1705 4137 sed
1738 4083 1804 4136 de
1830 4099 1915 4138 me

350 4178 461 4221 ιοιο
493 4168 661 4231 facta;
696 4170 818 4224 ideo
864 4171 1003 4239 quod
1040 4171 1262 4239 spiritus
1287 4170 1494 4235 dolore,
1523 4180 1575 4225 ct
1614 4186 1810 4239 corpus
1840 4171 1915 4224 la-

346 4258 478 4312 bore
508 4258 786 4320 afﬁciatur,
821 4268 877 4313 et
904 4261 1082 4313 omnia
1117 4275 1233 4314 mea
1277 4260 1531 4315 interiora
1561 4270 1616 4314 et
1641 4247 1944 4316 exteriora.

2012 3087 2281 3143 fruuntur.
2335 3081 2640 3138 Secundum
2684 3078 2886 3149 lignum
2940 3073 3145 3144 subiice
3194 3072 3422 3135 vivifica:
3476 3082 3581 3128 tua:

2015 3178 2215 3242 crucis,
2245 3174 2386 3244 quod
2416 3180 2499 3227 est
2525 3169 2667 3235 istud
2708 3168 2862 3223 dulce
2890 3167 3114 3236 lignum,
3136 3180 3233 3233 per
3258 3162 3399 3244 quod
3425 3177 3579 3233 aqum
3652 3230 3657 3233 _

2016 3281 2215 3323 amarae
2250 3265 2303 3318 in
2334 3260 2666 3321 dulcedinem
2706 3264 2833 3312 sunt
2859 3267 3162 3317 conversae;
3188 3243 3385 3320 lignuiu
3416 3247 3581 3305 benc-
3620 3311 3625 3317 ν

2016 3356 2239 3419 dictum,
2269 3367 2366 3423 per
2407 3349 2550 3419 quod
2595 3348 2736 3402 facta
2780 3353 2865 3400 est
2892 3342 3098 3413 iustitia
3126 3342 3192 3395 de
3222 3340 3486 3410 maligno;
3513 3338 3579 3394 li-

2015 3462 2179 3520 gnum
2226 3446 2503 3517 exiguum,
2556 3438 2643 3494 cui
2690 3437 2885 3499 ﬁdeles.
2924 3435 3170 3490 homines
3219 3447 3346 3488 suas
3374 3432 3584 3486 animas

2014 3538 2421 3599 commiserunt,
2472 3529 2718 3588 commisi
2763 3536 2819 3583 et
2863 3541 2964 3599 ego
3001 3540 3209 3589 meam;
3249 3523 3392 3593 quod
3428 3520 3586 3596 fidele
3626 3573 3629 3575 ι

2014 3632 2288 3687 inventum
2325 3635 2430 3690 est,
2467 3638 2533 3678 eo
2556 3621 2698 3692 quod
2727 3620 2887 3675 salva:
2916 3619 3070 3673 factae
3105 3623 3228 3671 sunt
3256 3628 3447 3669 omnes
3476 3609 3583 3667 sal-

2013 3730 2151 3774 vatze
2199 3717 2392 3771 animae
2436 3726 2532 3783 per
2581 3712 2684 3765 hoc
2722 3709 2948 3778 lignum.
2981 3706 3127 3783 ﬂzecL
3156 3720 3284 3759 vero
3316 3713 3441 3758 sunt
3477 3704 3583 3760 duo

2017 3812 2177 3881 ligna,
2232 3807 2284 3859 in
2333 3776 2487 3858 altari
2539 3776 2872 3857 cordis‘mei
2920 3776 3219 3851 nutriﬂia
3264 3792 3339 3846 tui
3379 3792 3582 3847 amoris

2016 3879 2190 3969 ignem
2219 3895 2539 3951 salvificum.
2565 3888 2644 3944 Tu
2667 3902 2795 3957 ergo
2826 3886 2972 3942 solus
2991 3886 3110 3941 sine
3137 3879 3576 3953 peeeati'maeula

2017 3988 2342 4051 sacerdosin
2367 3984 2519 4040 altari
2534 3981 2715 4037 cordis
2744 3979 2847 4034 mei
2870 3990 2965 4047 per
2986 3973 3227 4045 singulos
3249 3972 3363 4028 dies
3377 3970 3581 4041 subiice

2018 4083 2157 4151 ligna
2190 4080 2311 4143 ista,
2363 4085 2420 4131 ut
2464 4084 2520 4131 et
2566 4088 2665 4142 ego
2694 4087 2817 4127 cum
2863 4069 3090 4125 muliere
3140 4074 3425 4136 sareptana
3464 4063 3580 4119 btec
3629 4099 3632 4103 ι

2016 4174 2260 4242 colligam
2314 4162 2418 4224 duo
2468 4168 2634 4235 ligna,
2681 4172 2737 4219 et
2766 4162 3036 4233 ingrediar
3076 4160 3141 4214 ad
3175 4158 3345 4213 altare
3381 4156 3499 4221 Dei,
3527 4162 3583 4212 et

2017 4261 2212 4317 exinde
2245 4258 2437 4315 faciam
2486 4255 2617 4308 mihi
2665 4262 2718 4308 et
2765 4252 2895 4316 ﬁlio,
2941 4251 3044 4313 hoc
3082 4258 3165 4305 est
3195 4248 3409 4303 affectui
3437 4263 3581 4315 meo,
3658 4292 3663 4295 .

347 4350 471 4419 igne
495 4349 773 4403 charitatis
821 4348 1219 4403 inﬁantmeutur
1254 4348 1458 4420 pariter
1496 4360 1549 4404 et
1583 4359 1912 4406 crementur.
1948 4347 1991 4403 D
2016 4364 2207 4420 panem
2239 4347 2361 4401 vitm
2396 4354 2450 4399 et
2478 4341 2800 4407 intellectus,
2833 4346 2887 4395 ut
2917 4332 3269 4395 cemedamus’
3292 4346 3346 4392 ct
3384 4337 3583 4392 moria.-

344 4441 481 4495 Nam
510 4440 624 4495 haec
652 4430 738 4495 illa
766 4455 886 4494 esse
906 4442 1141 4511 intelligo
1164 4442 1500 4507 holocausta,
1523 4444 1588 4498 de
1612 4445 1807 4513 quibus
1835 4456 1913 4513 tu,

344 4530 591 4595 Domine,
642 4529 774 4583 mihi
802 4530 937 4585 dicis
967 4547 980 4583 :
1009 4530 1327 4586 Holocausta
1361 4542 1540 4587 autem
1582 4543 1667 4587 tua
1705 4535 1757 4588 in
1789 4551 1948 4590 conv

346 4629 531 4686 epeetu
594 4636 714 4674 meo
766 4630 891 4673 sunt
937 4634 1151 4690 semper
1189 4622 1523 4691 beneplacita
1574 4634 1627 4678 et
1668 4636 1912 4693 accepta.

345 4712 634 4778 Postquam
666 4709 807 4764 enim
858 4709 911 4762 in
939 4725 1023 4763 me
1068 4711 1314 4765 aediﬁcati
1366 4711 1563 4767 fuerint
1594 4713 1729 4767 dicti
1754 4716 1912 4781 muri,

348 4811 474 4855 tunc
502 4816 621 4854 cum
650 4802 850 4859 auxilio
872 4801 1201 4868 angelorum,
1219 4812 1272 4858 et
1299 4804 1523 4857 consilio
1545 4804 1913 4873 pradatorum,

345 4906 483 4946 unos
539 4908 644 4946 una
697 4909 819 4946 cum
876 4891 1111 4962 perfecta
1150 4893 1277 4949 Sion
1316 4909 1479 4963 super
1520 4896 1691 4949 dictos
1734 4911 1914 4951 muros

344 4982 598 5036 constitui
648 4984 834 5053 vigiles
875 4994 929 5038 et
955 4985 1226 5050 custodes,
1267 4986 1459 5039 anima":
1493 5001 1623 5040 mea:
1652 4987 1925 5047 viresim-,

343 5080 532 5142 panem
570 5089 725 5141 super
759 5073 926 5128 altare
954 5084 1099 5127 tuum
1124 5085 1179 5131 et
1215 5066 1418 5142 meum,
1448 5077 1588 5145 quod
1621 5087 1701 5139 tu,
1735 5079 1824 5145 qui
1856 5095 1914 5134 es

340 5176 586 5219 summus
624 5164 861 5233 pontifex
894 5166 1195 5220 futurorum
1242 5168 1530 5226 bonorum,
1568 5168 1659 5220 tibi
1698 5169 1779 5222 vis
1803 5170 1915 5223 sin—

341 5254 601 5324 gulariter
650 5256 907 5318 dedicari.
937 5249 990 5311 e't
1032 5257 1084 5311 in
1110 5272 1216 5324 quo
1251 5252 1512 5327 quidquid
1553 5260 1704 5323 boni,
1742 5261 1909 5314 devo-

340 5346 525 5410 tionis,
555 5354 609 5399 et
640 5346 841 5399 intima)
870 5349 1165 5403 dulcedinis
1208 5349 1401 5410 habeo,
1453 5364 1480 5401 a
1526 5358 1575 5401 te
1610 5350 1833 5417 accipio,
1859 5360 1915 5404 ct

260 5506 265 5509 η
315 5436 439 5496 ,ιίὺί
470 5435 659 5501 offero,
709 5446 764 5490 ct
796 5446 846 5490 tu
886 5440 1035 5494 mihi.
1070 5441 1143 5495 De
1172 5457 1277 5510 quo
1325 5442 1478 5494 altari
1521 5442 1783 5509 sapientia
1823 5454 1909 5496 tua

340 5524 476 5578 dicit
508 5544 520 5576 :
555 5525 766 5579 Oblatio
795 5526 915 5592 iusti
948 5530 1245 5596 impingunt.
1272 5532 1458 5584 altare.
1498 5531 1606 5585 Hoc
1638 5543 1716 5585 est
1746 5532 1911 5586 altare

340 5614 485 5680 quod
524 5612 631 5667 Nec
671 5615 763 5670 tibi
802 5618 1079 5674 azllifitavit
1109 5620 1459 5685 spiritualitsr
1485 5622 1537 5674 in
1563 5608 1781 5690 scitum.-
1816 5623 1912 5674 tul.

2016 4456 2173 4496 mur:
2202 4446 2258 4493 et
2305 4451 2374 4491 ne
2418 4433 2731 4495 moriamur,
2782 4441 2841 4486 ut
2892 4431 3171 4503 videamus
3211 4436 3266 4483 et
3302 4440 3583 4497 cognosca-
3622 4500 3629 4507 η

2019 4547 2137 4588 mus
2176 4539 2229 4585 te
2262 4528 2436 4584 solum
2471 4525 2639 4579 Deum
2678 4524 2858 4577 vivum
2890 4531 2945 4581 et
2980 4528 3269 4584 verum,‘et
3297 4534 3454 4589 quem
3491 4519 3584 4573 mi-

2017 4623 2133 4679 sisti
2157 4621 2338 4677 Jesum
2367 4617 2661 4673 Christum.
2692 4615 2865 4684 Super
2888 4616 2988 4669 hoc
3016 4612 3185 4667 altare
3215 4612 3585 4680 imposuerunt

2015 4726 2203 4768 omnes
2238 4709 2433 4764 animm
2476 4720 2609 4762 mea:
2641 4706 2784 4759 vires
2813 4703 3010 4758 vitulos
3037 4702 3337 4757 orationum
3379 4708 3433 4755 et
3465 4699 3584 4754 lau-

2016 4804 2162 4867 dum,
2194 4802 2487 4871 gratiarum
2525 4798 2796 4853 actionum
2837 4806 2891 4851 et
2918 4796 3374 4857 benedictionum,
3398 4794 3580 4847 chari-

2019 4898 2143 4950 tatis
2169 4904 2220 4949 et
2248 4893 2489 4954 honoris,
2524 4889 2855 4945 fortitudinis
2878 4897 2933 4943 ct
2967 4887 3182 4940 virtutis
3213 4902 3226 4938 :
3263 4893 3316 4940 et
3361 4884 3438 4939 sic
3463 4886 3584 4940 red-

2017 4988 2137 5042 dam
2162 4986 2260 5040 tibi
2293 4984 2545 5054 quamdiu
2583 4982 2732 5035 fuero
2778 4996 3018 5035 meorum
3052 4979 3245 5033 vitulos
3298 4979 3579 5059 labiorutn,

2017 5092 2045 5129 a
2074 5076 2201 5145 jugo
2250 5073 2453 5143 peccati
2497 5072 2750 5125 liberatos
2807 5079 2895 5123 tua
2938 5070 3135 5138 gratia,
3180 5077 3235 5121 et
3271 5070 3494 5123 solutos.
3519 5070 3586 5125 Et

2015 5169 2138 5238 quia
2188 5176 2238 5221 tu
2288 5150 2347 5219 es
2396 5164 2649 5219 Dominus
2706 5162 2984 5223 virtutum,
3024 5175 3118 5213 rex
3167 5175 3319 5215 meus
3359 5170 3413 5214 ct
3444 5149 3580 5213 Deus

2016 5274 2185 5321 meus,
2250 5257 2371 5325 quia
2427 5255 2531 5307 alia
2584 5252 2770 5305 altaria
2822 5251 2993 5304 adhuc
3040 5252 3227 5314 habes,
3268 5250 3580 5317 suppliciter

2014 5346 2455 5415 omnipotentiam
2488 5353 2632 5395 tuam
2666 5356 2815 5409 rogo,
2843 5350 2900 5393 ut
2924 5339 3115 5407 jubeas
3136 5328 3258 5393 haec
3280 5338 3456 5391 omnia
3484 5352 3580 5389 au-

2019 5436 2210 5501 tcdicta
2244 5435 2512 5499 (videlicet
2540 5431 2866 5485 sacrificium
2902 5430 3142 5497 justilim,
3169 5428 3484 5487 oblationes,
3528 5436 3581 5479 et

2014 5518 2341 5588 holocausta,
2390 5536 2445 5578 ct
2495 5524 2708 5591 vitulos)
2740 5538 2899 5591 super
2936 5522 3099 5573 altare
3132 5519 3311 5573 cordis
3340 5518 3440 5569 inci
3483 5518 3579 5569 im-

2018 5621 2183 5682 posita
2243 5617 2467 5685 perferri
2514 5633 2603 5683 pct‘
2666 5629 2877 5667 manum
2941 5612 3111 5665 sancti
3163 5610 3335 5676 angeli
3396 5610 3471 5661 tui
3529 5610 3582 5661 in
