4200 6232
671 359 770 417 851

1019 360 1075 416 S.
1113 360 1407 417 ANSELMI
1444 360 1791 418 CANTHAR.
1829 362 2145 419 ARCﬂlEP.
2185 364 2334 422 OPP.
2393 363 2570 420 PARS
2604 363 2666 419 ll.
2700 395 2771 407 —
2801 365 3164 459 ΡΔῐὶιλΕΝβτ.
3202 367 3291 422 ET
3326 366 3569 425 ASCET.

3792 372 3886 431 852

673 473 901 530 sublime
927 481 1097 528 altare
1128 485 1275 525 tuum
1315 473 1368 526 in
1396 483 1687 543 conspectu
1715 472 1907 528 divinae
1932 475 2230 543 majestatis
2258 474 2306 531 Α
2333 489 2438 529 non
2489 486 2695 530 sancta.
2743 475 2824 531 Tu
2872 492 2932 533 es
2977 476 3118 531 enim
3176 491 3335 546 quem
3386 478 3532 534 Deus
3578 477 3745 535 Pater
3767 495 3886 540 ante

674 573 807 630 tuae;
849 562 935 616 ubi
978 572 1060 616 est
1088 562 1253 631 jugis'
1281 562 1420 628 laus,
1449 563 1539 618 ubi
1582 564 1721 620 beati
1772 563 1863 633 qui
1905 564 2151 619 habitant
2177 566 2232 619 in

674 657 831 711 domo
862 664 972 718 tua,
1020 653 1262 719 Domine,
1288 653 1340 708 in
1371 655 1565 709 srecula
1595 638 1908 709 surculorum
1941 654 2235 711 laudabunt

2338 565 2615 621 luciferum
2656 567 2708 621 in
2731 567 3097 640 cmlis'geuuit
3126 568 3495 641 Unigenitum,
3519 568 3761 627 etbeata
3791 573 3886 627 Ma-

2338 658 2420 715 ria
2451 656 2615 727 Virgo
2644 655 2771 712 felix
2793 657 2965 731 Mater
2992 668 3080 719 tua
3127 659 3181 714 in
3214 660 3377 714 terris
3394 660 3602 730 peperit
3630 661 3886 732 primoge-

671 752 746 809 te,
773 745 840 798 ad
867 758 1095 812 quorum
1120 746 1450 801 consortium
1476 760 1575 801 nos
1595 744 1757 800 faciat
1776 745 2057 815 pervenire
2080 745 2236 806 Cbri-
2336 749 2529 813 nitum,
2577 758 2700 818 post
2726 763 2887 818 quem
2926 748 3149 805 nullum.
3186 749 3241 804 ln
3267 748 3420 817 cujus
3450 751 3728 807 nativitate
3755 750 3886 807 facta

667 842 783 890 stus
806 832 963 891 Iesus
990 834 1156 891 Filius
1188 845 1310 905 tuus
1336 837 1594 891 Dominus
1617 844 1816 899 noster,
1842 836 1933 906 qui
1959 846 2043 891 est
2072 851 2236 907 super
2335 845 2417 893 est
2466 836 2750 893 multitudo
2790 839 3028 895 caelestis
3062 839 3335 895 exercitus
3371 839 3708 896 laudantium
3737 851 3790 897 et
3813 842 3887 896 di-

666 925 850 980 omnia
878 926 1020 991 Deus
1050 926 1362 983 benedictus
1384 927 1437 980 in
1466 927 1681 983 saecula.

736 1017 826 1071 42.
851 1018 1088 1087 Denique
1114 1018 1237 1087 quia
1268 1026 1344 1084 te,
1381 1017 1629 1085 Domine;
1656 1017 1904 1083 faciente,
1932 1017 2023 1088 qui
2053 1019 2231 1073 omnia

664 1109 808 1165 bene
833 1109 988 1174 facis,
1018 1109 1425 1165 invenitservus
1451 1119 1575 1164 tuus
1607 1118 1667 1164 ut
1698 1118 1883 1167 oraret
1912 1120 1963 1165 te
1987 1110 2231 1164 oratione

631 1195 635 1198 ’
667 1198 792 1263 bac,
822 1199 942 1253 inde
973 1199 1044 1254 sit
1092 1198 1259 1266 gloria
1287 1200 1433 1255 Patri
1470 1201 1727 1271 ingenito,
1752 1199 1899 1256 Patri
1938 1201 2103 1258 futuri
2131 1216 2231 1256 sa:-

664 1288 791 1355 cnli,
822 1287 967 1343 Patri
994 1280 1314 1361 pauperum,
1343 1289 1496 1358 Patri,
1523 1292 1911 1361 orpltanorum,
1956 1290 2100 1346 Patri
2132 1291 2231 1343 mi-

664 1378 1103 1434 sericordiarum.
1125 1380 1271 1435 Patri
1296 1382 1599 1451 spirituum,
1614 1380 1758 1435 Patri
1774 1379 2054 1450 luminum,
2078 1380 2228 1435 Patri

661 1471 829 1537 justo,
856 1467 1004 1524 Patri
1037 1479 1244 1536 sancto,
1275 1471 1364 1540 qui
1396 1470 1614 1540 proprio
1645 1454 1781 1526 Filio
1817 1485 1922 1525 non
1965 1469 2227 1539 pepercit,

644 1558 760 1613 sed
798 1574 897 1628 pro
937 1561 1091 1618 nobis
1117 1561 1365 1617 omnibus
1405 1560 1626 1617 tradidit
1662 1559 1831 1617 illum.
1858 1557 1987 1618 'Hic
2014 1576 2142 1641 vere
2173 1571 2231 1618 et

665 1646 811 1704 solus
865 1658 972 1721 est?
1007 1649 1167 1705 Pater
1216 1658 1401 1705 noster
1436 1666 1451 1705 :
1488 1664 1519 1704 a
1569 1650 1764 1706 saeculo
1811 1664 2007 1707 nomen
2046 1665 2225 1705 suum.

619 1756 625 1761 ‘
663 1739 893 1795 Attende
916 1756 1043 1812 ergo
1061 1781 1077 1807 ,
1117 1739 1281 1797 Pater
1306 1751 1363 1796 et
1395 1742 1632 1807 domine,
1664 1742 1882 1798 attende
1910 1743 1979 1798 de
2007 1742 2145 1799 cmlo
2171 1750 2228 1798 et

664 1829 976 1886 habitacula
1011 1841 1200 1887 saneto
1254 1840 1367 1898 tuo,
1418 1841 1476 1887 et
1527 1832 1595 1889 de
1641 1833 1775 1890 solio
1813 1832 1995 1905 gloriae
2022 1842 2144 1899 tuae,
2171 1842 2226 1890 et

660 1916 802 1982 vide,
832 1924 888 1974 et
920 1920 1077 1977 visita
1108 1921 1320 1978 vineam
1342 1923 1536 1978 animm
1567 1938 1718 1990 meae,
1758 1924 1849 1993 qui
1878 1918 1938 1978 in
1960 1924 2225 1994 baptismo

654 2008 959 2082 plasmasti.
994 2010 1095 2069 Ubi
1128 2020 1237 2080 est,
1263 2012 1510 2079 Domine,
1535 2008 1682 2068 zelus
1712 2021 1857 2075 tuus.
1882 2021 1940 2068 ct
1966 2012 2227 2068 fortitudo

655 2116 799 2169 mea,
838 2103 931 2174 qui
977 2118 1064 2160 me
1111 2119 1216 2161 non
1259 2105 1541 2161 retrahunt
1575 2103 1837 2161 violenter
1874 2114 1931 2159 et
1958 2106 2169 2175 penitus
2194 2119 2224 2158 a

654 2192 920 2263 peccato?
978 2192 1091 2247 lien
1122 2184 1293 2258 'mibi,
1349 2194 1593 2258 Domine,
1636 2192 1923 2247 multitudo
1955 2193 2225 2249 viscerum

599 2332 607 2341 .
654 2293 872 2338 tuorum
900 2285 1283 2339 continuerunt
1335 2298 1498 2353 super
1546 2299 1649 2339 me.
1699 2282 1880 2350 Quare
1908 2298 1995 2339 me
2036 2298 2226 2339 errare

654 2368 833 2426 fecisti
860 2372 924 2425 de
969 2371 1069 2427 viis
1113 2371 1243 2437 tuis,
1274 2371 1535 2435 indurasti
1577 2387 1674 2429 cor
1702 2388 1877 2428 meum
1913 2388 1981 2429 ne
2008 2374 2224 2429 timeret

656 2463 747 2518 te?
791 2462 857 2521 Et
898 2477 1060 2529 nunc,
1096 2462 1347 2531 Domine,
1391 2464 1552 2520 Pater
1578 2473 1765 2519 noster
1790 2477 1879 2529 es;
1903 2478 2091 2519 omnes
2122 2479 2223 2519 nos

650 2553 826 2610 lutum
855 2572 871 2609 :
900 2555 1072 2611 factor
1091 2564 1277 2613 noster
1300 2571 1379 2622 es,
1404 2565 1461 2613 et
1484 2572 1647 2629 opera
1678 2573 1935 2614 manuum
1980 2567 2220 2625 tuarum,

527 2647 532 2652 '
572 2706 575 2709 ν
656 2643 820 2710 Deus,
853 2658 1040 2700 omnes
1064 2660 1181 2700 nos.
1214 2644 1297 2701 Ne
1318 2647 1592 2715 irascaris,
1618 2646 1867 2718 Domine;
1896 2649 2048 2713 satis,
2078 2657 2223 2709 etne

654 2732 798 2788 ultra
853 2733 1163 2790 memineris
1206 2734 1549 2805 iniquitatum
1590 2750 1854 2791 mearum.
1893 2736 2030 2797 Ecce
2077 2738 2221 2793 enim

653 2823 841 2879 omnia
901 2823 1271 2879 desiderabilia
1338 2839 1454 2880 mea
1502 2838 1660 2881 versa
1717 2835 1844 2900 sunt
1901 2826 1953 2881 in
2013 2825 2216 2882 ruinas.

652 2915 924 2984 Humquid
956 2928 1115 2985 super
1135 2916 1199 2971 iis
1227 2915 1529 2971 continebis
1549 2924 1621 2982 te,
1646 2915 1886 2979 Domine,
1920 2916 2143 2983 tacebis,
2167 2926 2223 2972 et

654 3003 857 3075 allliges
879 3018 964 3058 me
988 3004 1334 3061 vehementer
1352 3003 1574 3071 i-Pater,
1606 3004 1821 3074 peccavi
1858 3005 1911 3059 in
1942 3004 2138 3060 cmlum
2165 3015 2221 3061 et

2332 928 2568 984 centium
2599 946 2613 983 :
2645 929 2756 986 Deo
2780 930 2950 1001 gloria
2974 932 3028 985 in
3058 931 3307 987 excelsis.
3340 931 3405 985 Et
3432 930 3655 998 Spiritui
3686 942 3891 1000 sancto,

2333 1034 2440 1077 non
2491 1017 2671 1084 facto,
2704 1035 2808 1076 non
2852 1030 3056 1085 creato,
3097 1036 3204 1076 non
3230 1022 3431 1092 genito,
3468 1020 3562 1075 sed
3596 1035 3626 1074 a
3664 1016 3890 1076 Pati-eet

2335 1109 2473 1166 Filio
2502 1110 2831 1182 procedenti,
2889 1113 2980 1186 qui
3025 1111 3301 1167 ferebatur
3340 1111 3393 1167 in
3430 1111 3697 1182 principio
3738 1125 3894 1182 super

2332 1216 2540 1271 aquas:
2571 1201 2663 1272 qui
2704 1210 2788 1257 est
2838 1201 2980 1258 Deus
3025 1202 3313 1272 spirituum
3363 1200 3541 1256 omnis
3588 1210 3892 1256 creatur-re:

2332 1292 2424 1362 qui
2478 1293 2687 1349 locutus
2737 1302 2821 1349 est
2876 1309 2973 1364 per
3035 1293 3368 1364 prophetas:
3403 1293 3496 1362 qui
3540 1302 3625 1348 est
3676 1292 3895 1363 spiritus

2332 1384 2630 1452 sapientiae,
2662 1384 3027 1454 intelligentiae
3048 1392 3101 1437 et
3112 1382 3324 1447 salutis,
3346 1381 3438 1452 qui
3465 1381 3688 1453 replevit
3711 1382 3893 1455 orbem

2333 1480 2597 1528 terrarum
2635 1492 2651 1529 :
2688 1475 2778 1544 qui
2808 1490 2907 1530 nos
2948 1473 3078 1530 facit
3118 1468 3410 1542 gemitibus
3448 1472 3898 1528 inenarrabilibus

2331 1564 2641 1633 postulare:
2674 1564 2765 1634 qui
2807 1564 3098 1634 discipulos
3133 1564 3227 1619 Dei
3253 1572 3309 1618 et
3334 1562 3545 1618 Domini
3573 1562 3743 1617 nostri
3772 1559 3895 1617 Jesu

2329 1652 2528 1709 Christi
2553 1668 2613 1709 se
2641 1653 2757 1723 ipso
2786 1653 3031 1723 replevit,
3064 1661 3120 1708 et
3146 1652 3201 1707 in
3231 1652 3428 1722 linguis
3454 1652 3623 1721 igneis
3650 1651 3896 1721 apparuit

2329 1758 2492 1814 super
2515 1758 2631 1801 eos.
2660 1742 2706 1801 Ο
2731 1741 2967 1812 Spiritus
2999 1750 3189 1799 sancte
3217 1743 3378 1807 Deus,
3412 1740 3502 1813 qui
3532 1756 3593 1797 es
3624 1740 3764 1813 ignis
3790 1734 3896 1794 non

2328 1850 2649 1893 consumens
2697 1834 2792 1892 sed
2841 1833 3046 1901 lucens,
3094 1848 3201 1890 non
3231 1833 3554 1913 comburens
3584 1832 3679 1887 sed
3706 1846 3893 1899 urens,

2326 1943 2425 1984 ure
2448 1940 2607 1983 renes
2631 1940 2781 1983 meos
2822 1933 2879 1981 et
2921 1939 3017 1983 cor
3048 1939 3250 1989 meum,
3280 1933 3341 1978 ut
3374 1922 3469 1979 tibi
3496 1931 3647 1979 casto
3671 1936 3899 1991 corpore

2327 2018 2582 2085 serviam,
2624 2027 2695 2097 et
2720 2016 2964 2092 placeam
3000 2014 3201 2071 mundo
3229 2013 3413 2069 corde.
3445 2010 3489 2070 ο
3526 2013 3665 2084 ignis
3694 2012 3897 2078 divine,
3994 2032 4003 2039 -

2326 2110 2419 2179 qui
2452 2123 2605 2165 amor
2630 2122 2692 2164 es
2717 2106 2973 2172 alliciens,
3015 2112 3072 2161 et
3103 2104 3268 2160 ardor
3294 2103 3627 2168 indeficiens,
3658 2101 3901 2157 cbaritas

2328 2200 2471 2257 Deus
2503 2214 2677 2264 meus,
2706 2198 2951 2257 accende,
2985 2209 3092 2251 me.
3134 2194 3270 2260 Quis
3311 2194 3442 2249 mihi
3491 2192 3584 2248 det
3612 2201 3673 2247 ut
3709 2190 3902 2247 venias

2324 2292 2379 2351 in
2412 2306 2510 2346 cor
2535 2302 2734 2356 meum,
2761 2295 2817 2345 et
2841 2286 3079 2343 inebries
3105 2284 3258 2351 illud,
3276 2292 3331 2338 et
3349 2280 3688 2339 obliviscaris
3714 2279 3900 2336 omnia

2325 2379 2468 2435 mala
2513 2394 2655 2445 mea,
2699 2385 2755 2433 et
2786 2377 3092 2447 amplectar
3119 2389 3286 2431 unum
3312 2382 3369 2429 et
3396 2387 3665 2428 summum
3694 2371 3901 2441 bonum

2323 2482 2519 2531 meum.
2546 2468 2689 2537 quod
2717 2476 2770 2521 tu
2792 2464 3303 2531 es?Mihi,Domine,
3323 2450 3689 2527 miserere,ut
3710 2459 3906 2531 loquar

2322 2574 2446 2616 cum
2474 2558 2574 2614 sim
2603 2558 2779 2628 pulvis
2802 2566 2859 2613 et
2885 2556 3041 2615 cinis.
3066 2555 3199 2622 Quis
3228 2552 3325 2611 tibi
3353 2567 3476 2608 sum
3496 2560 3623 2623 ego,
3652 2549 3902 2607 utamari

2324 2665 2355 2711 a
2400 2665 2487 2705 me
2518 2658 2569 2705 te
2600 2647 2825 2717 jubeas;
2863 2657 2918 2703 et
2963 2646 3068 2702 nisi
3114 2644 3332 2710 faciam,
3373 2643 3630 2699 irascaris
3660 2641 3798 2697 mihi
3848 2648 3906 2697 et

2324 2741 2548 2796 mineris
2590 2740 2829 2810 ingentes
2878 2736 3164 2794 miserias?
3209 2735 3454 2789 Parvane
3516 2740 3600 2788 est
3673 2730 3902 2786 miseria

2323 2848 2469 2899 mea,
2493 2833 2539 2887 si
2564 2848 2671 2888 non
2696 2845 2868 2887 amem
2896 2831 2986 2887 te?
3015 2829 3059 2886 Ο
3087 2844 3243 2885 amor
3261 2827 3495 2897 Spiritus
3515 2834 3702 2881 sancte
3730 2826 3902 2891 Deus,

2321 2926 2591 2997 promittis
2615 2927 2745 2980 mihi
2770 2924 2932 2980 multa
2960 2925 3127 2991 bona,
3149 2923 3193 2978 si
3221 2936 3395 2977 amem
3421 2930 3505 2976 te:
3533 2920 3600 2974 da
3629 2927 3678 2975 te
3696 2920 3903 2985 solum,

2322 3013 2411 3083 qui
2438 3012 2593 3068 amor
2619 3028 2701 3078 es,
2730 3021 2784 3069 et
2813 3012 3010 3068 sufﬁcit
3035 3011 3165 3066 mibi
3191 3024 3210 3064 ς
3243 3010 3311 3067 da
3335 3009 3476 3080 quod
3491 3008 3670 3079 iubes,
3694 3007 3905 3076 etjube

651 3109 837 3153 coram
863 3105 933 3164 te,
953 3094 1065 3164 iam
1097 3113 1203 3152 non
1245 3112 1362 3152 sum
1410 3097 1603 3168 dignus
1643 3097 1825 3152 vocari
1864 3096 2008 3152 ﬁlius
2044 3105 2168 3152 tuus
2199 3113 2214 3150 :
2247 3124 2292 3186 ϐ
2322 3108 2465 3172 quod
2499 3104 2836 3175 vishamare
2879 3104 3077 3159 moris
3107 3100 3207 3159 tui.
3241 3100 3367 3181 Rrec
3412 3109 3538 3172 peto
3562 3116 3593 3155 ει
3623 3109 3696 3167 te,
3718 3099 3815 3169 qui
3843 3113 3904 3154 es

648 3187 749 3243 sed
772 3197 991 3258 propter
1029 3199 1171 3242 tuam
1210 3186 1532 3243 ineffabilem
1555 3189 1833 3257 pietatem.
1858 3187 1943 3242 fac
1970 3202 2055 3241 me
2080 3186 2221 3241 sicut
2323 3192 2560 3264 Spiritus
2587 3209 2749 3265 super
2796 3194 2900 3249 mel
2942 3191 3135 3249 dulcis.
3178 3192 3297 3249 Tibi
3336 3207 3465 3261 ergo
3501 3191 3648 3246 Patri
3677 3201 3733 3246 et
3758 3190 3905 3247 Filio

647 3289 820 3331 unum
847 3276 915 3330 de
953 3276 1303 3331 mercenariis
1352 3277 1481 3331 tuis.
1528 3274 1692 3345 Cujus
1729 3275 1804 3329 rei
1846 3274 2020 3345 gratia
2063 3274 2221 3330 flecto

652 3378 833 3437 genua,
856 3378 976 3419 mea
1004 3365 1071 3419 ad
1098 3375 1149 3420 te
1174 3364 1387 3427 Patrem
1414 3365 1625 3420 Domini
1650 3364 1818 3421 nostri
1838 3364 1964 3420 Jesu
1993 3363 2219 3429 Christi,

650 3469 683 3510 a
713 3470 822 3527 quo
847 3456 902 3510 in
924 3456 1059 3512 caelo
1081 3466 1134 3511 et
1172 3456 1226 3511 in
1267 3466 1412 3512 terra
1440 3455 1617 3510 omnis
1645 3455 1943 3524 paternitas
1972 3454 2219 3508 nomina-

646 3557 770 3613 tur,
790 3557 849 3602 ut
879 3549 973 3602 des
1011 3548 1141 3613 mihi
1178 3548 1469 3603 secundum
1514 3547 1730 3602 divitias
1758 3544 1941 3616 gloriae
1962 3554 2065 3599 ture
2088 3559 2216 3599 con-

649 3637 929 3703 Stantiam,
991 3648 1047 3692 et
1094 3639 1345 3693 virtutem
1378 3637 1738 3707 corroborari
1790 3652 1890 3706 per
1951 3636 2212 3705 Spiritum

647 3736 893 3788 sanctum
935 3727 1187 3792 tuum-in
1226 3727 1485 3781 interiore
1537 3725 1778 3791 homine,
1829 3735 1885 3781 et
1936 3724 2210 3792 Christum

637 3802 892 3877 habitare
918 3818 973 3873 in
1012 3780 1174 3873 come
1199 3830 1319 3870 meo
1357 3832 1454 3886 per
1493 3816 1673 3881 Iidem,
1704 3830 1824 3885 quas
1848 3831 1946 3887 per
1967 3781 2211 3871 diilectio-

642 3923 767 3967 nem
800 3907 894 3962 tibi
921 3905 1256 3977 beneplacita
1273 3914 1542 3975 operetur.
1575 3904 1695 3961 Tibi
1718 3914 1898 3961 autem
1920 3903 2091 3972 Patri,
2118 3906 2210 3975 qui

638 4004 835 4072 potens
859 4012 922 4052 es
940 3998 1121 4052 omnia
1149 3996 1307 4059 nobis
1328 3994 1513 4049 facere
1544 3994 1884 4053 abundanter
1905 3993 2026 4063 plus
2046 4006 2212 4063 quam

641 4089 897 4160 petimus,
930 4096 999 4143 et.
1013 4086 1151 4155 quod
1185 4085 1304 4155 plus
1339 4084 1721 4155 intelligamus,
1751 4099 1912 4153 quam
1943 4093 2210 4153 petamus,

643 4176 1017 4248 intelligimus,
1048 4166 1395 4242 siLgloria’iu
1425 4172 1661 4239 Christo,
1687 4182 1742 4229 et
1770 4173 1822 4229 iu
1862 4173 2128 4239 Ecclesia,
2154 4184 2212 4229 et

2320 3292 2376 3337 et
2417 3283 2638 3351 Spiritui
2674 3291 2885 3347 sancto,
2936 3283 3078 3337 trino
3120 3291 3175 3336 et
3211 3298 3317 3337 uno
3354 3281 3484 3346 Deo,
3528 3294 3743 3352 magno,
3780 3281 3907 3335 uni-

2270 3394 2279 3407 ε
2322 3386 2496 3435 verso,
2527 3381 2752 3437 :eterno,
2801 3370 3327 3441 omnipotentissimo
3355 3380 3409 3425 et
3434 3369 3663 3435 excelso,
3705 3370 3786 3426 sit
3830 3370 3901 3425 de

2321 3472 2430 3519 tota
2458 3464 2704 3520 oratione
2731 3466 2835 3520 hac
2862 3464 3033 3535 gloria
3069 3474 3126 3520 et
3155 3464 3429 3534 jubilatio,
3456 3463 3576 3523 laus
3605 3471 3662 3518 et
3685 3465 3904 3533 gratia-

2318 3568 2437 3607 rum
2466 3554 2628 3618 actio,
2662 3553 2837 3608 honor
2869 3560 2925 3608 et
2952 3553 3240 3623 imperium
3271 3552 3660 3622 sempiternum
3690 3567 3704 3608 :
3753 3550 3905 3607 sicut

2316 3649 2433 3695 erat
2470 3640 2523 3694 in
2549 3640 2835 3711 principio,
2867 3640 2976 3696 imo
3019 3647 3145 3695 ante
3193 3638 3542 3708 principium,
3569 3638 3695 3707 quia
3742 3639 3904 3708 prius

2314 3746 2474 3800 quam
2501 3740 2711 3801 mpntes
2734 3730 2945 3797 tierent,
2963 3739 3058 3785 aut
3080 3729 3447 3789 formarentur
3468 3738 3612 3784 terra
3639 3738 3694 3783 et
3714 3729 3903 3794 orbis,

2312 3836 2345 3875 a
2374 3820 2571 3878 saeculo
2606 3829 2661 3875 et
2690 3820 2747 3875 in
2775 3818 3032 3875 saeculum
3061 3827 3119 3873 tu
3151 3831 3212 3873 es
3242 3817 3382 3872 Deus
3409 3817 3901 3887 superlaudahilis,

2313 3920 2369 3965 et
2394 3910 2821 3980 supergloriosus
2836 3909 2892 3963 in
2907 3908 3159 3964 omnibus
3186 3906 3398 3963 saeculis
3425 3924 3439 3961 :
3467 3915 3526 3963 et
3550 3922 3695 3963 nunc
3718 3908 3901 3967 etiam

2313 3999 2367 4053 in
2395 3997 2649 4068 prmSenti
2671 3997 2998 4054 elarillcatns
3021 4011 3082 4053 es
3105 3996 3159 4051 in
3187 3996 3363 4060 nobis,
3393 3994 3728 4066 qui's'emper
3760 3994 3821 4050 in
3846 4002 3907 4050 te.

2311 4091 2492 4149 clarus
2534 4103 2595 4145 es
2619 4088 2887 4156 claritate,
2912 4103 3075 4159 quam
3112 4085 3348 4144 habuisti
3376 4094 3505 4142 ante
3534 4100 3693 4156 quam
3721 4101 3899 4141 mun-

2310 4182 2413 4236 dus
2443 4179 2598 4236 ﬁeret
2635 4180 2775 4250 apud
2804 4188 2875 4236 te.
2906 4180 2977 4236 Et
3022 4194 3090 4236 ex
3119 4177 3210 4233 illa
3237 4177 3509 4243 claritate,
3537 4193 3660 4248 quas
3702 4178 3765 4234 in
3804 4192 3903 4236 me

638 4269 700 4328 in
730 4283 918 4325 omnes
970 4266 1343 4337 generationes
1371 4266 1550 4325 saeculi
1597 4266 1931 4324 saeculorum.
1959 4267 2027 4323 Et
2071 4267 2207 4325 Filio
2308 4289 2406 4345 per
2427 4272 2611 4339 fidem,
2644 4274 2738 4328 tibi
2788 4272 2860 4327 sit
2902 4272 3029 4327 inde
3053 4269 3224 4341 gloria
3256 4285 3271 4323 :
3316 4277 3374 4324 et
3415 4268 3470 4324 in
3497 4268 3600 4325 hoc
3629 4268 3898 4337 praesenti

640 4372 737 4419 tuo
759 4363 1049 4429 unigenito,
1083 4362 1236 4432 cujus
1262 4362 1486 4432 gloriam
1524 4363 1780 4431 vidimus,
1803 4365 2031 4435 gloriam
2049 4366 2206 4437 quasi
2308 4380 2453 4421 nunc
2480 4364 2640 4435 cupio
2669 4364 2823 4434 sequi
2848 4372 2899 4418 te
2927 4363 2980 4418 in
3010 4369 3125 4418 toto
3139 4361 3303 4417 corde
3329 4367 3386 4415 et
3412 4355 3629 4427 timore,
3651 4368 3709 4416 et
3736 4375 3899 4431 quaa-

583 4528 586 4530 V
642 4452 917 4523 lluigeniti
957 4468 986 4507 a
1021 4453 1201 4507 Patre.
1231 4454 1448 4509 Etcum
1487 4455 1657 4515 Deum
1691 4456 1887 4511 viderit
1917 4472 2077 4511 nemo
2102 4474 2204 4520 un-
2238 4467 2285 4524 ι)
2312 4471 2433 4510 rere
2480 4454 2674 4510 faciem
2715 4464 2885 4509 luant.
2934 4452 3014 4510 Ne
3048 4450 3348 4510 confundas
3386 4467 3474 4508 me
3499 4452 3569 4508 ab
3592 4461 3896 4523 exspecta-

642 4547 825 4620 Quam,
859 4546 974 4614 ipse
1011 4546 1191 4599 tamen
1229 4547 1363 4600 vidit
1389 4563 1511 4602 eum
1542 4546 1852 4617 unigenitus
1879 4546 2071 4614 Filius,
2114 4550 2207 4618 qui

556 4681 559 4684 ,
639 4645 724 4693 est
755 4637 811 4693 in
856 4635 975 4689 sinu
1015 4634 1210 4688 Patris.
1255 4634 1311 4688 ln
1341 4650 1498 4704 quem
1526 4651 1625 4706 ego
1656 4651 1723 4691 ex
1761 4643 1873 4690 toto
1901 4637 2063 4699 corde
2085 4652 2207 4697 meo

639 4727 873 4786 firmiter
901 4725 1061 4779 credo
1096 4741 1109 4777 :
1146 4735 1201 4778 et
1250 4727 1564 4796 simpliciter
1608 4727 1889 4792 confiteor,
1939 4729 2081 4798 quod
2113 4729 2205 4799 qui

637 4834 747 4873 non
782 4818 953 4871 credit
983 4815 1033 4869 in
1067 4832 1210 4882 eum,
1241 4816 1351 4885 jam
1374 4816 1645 4886 judicatus
1673 4827 1776 4881 est,
1807 4819 1930 4887 quia
1959 4835 2065 4873 non
2088 4835 2207 4874 cre-

640 4908 791 4962 ditin
820 4905 1034 4959 nomine
1067 4906 1325 4975 umgeuiti
1355 4906 1474 4960 Filii
1512 4907 1627 4961 Dei.
1654 4906 1709 4959 ln
1744 4908 1845 4985 hoc
1876 4908 2015 4961 enim
2044 4923 2205 4979 appa:

641 4997 749 5052 ruit
773 4996 1011 5050 cltaritas
1041 4996 1215 5051 Patris
1242 4998 1294 5051 in
1334 4998 1511 5063 nobis,
1538 4999 1789 5066 quoniam
1830 4999 2020 5052 Filium
2047 5016 2203 5054 suum

640 5086 974 5154 unigenitum
1022 5087 1163 5141 misit
1218 5088 1359 5142 Deus
1418 5088 1469 5140 in
1520 5088 1800 5149 mundum,
1846 5099 1903 5141 ιιι
1954 5092 2203 5144 vivamus

641 5193 738 5247 per
766 5192 887 5230 cum
927 5177 1016 5243 qui
1057 5175 1156 5231 fuit
1188 5178 1442 5233 obedieus
1470 5178 1517 5231 ei
1554 5191 1723 5246 usque
1754 5180 1817 5232 ad
1847 5190 2093 5234 mortem.

712 5269 800 5321 45.
841 5266 917 5320 Tu
960 5282 1105 5336 ergo,
1132 5268 1233 5322 Fili
1273 5270 1365 5324 Dei
1406 5270 1509 5327 vivi
1550 5270 1845 5338 unigenite,
1880 5271 2205 5340 Redemptor

644 5356 827 5413 mundi
873 5358 1033 5425 Deus,
1066 5361 1323 5415 miserere
1374 5363 1495 5416 mei.
1526 5362 1642 5416 Tibi
1676 5362 1820 5415 enim
1865 5362 2013 5415 dedit
2050 5372 2203 5431 pote-

644 5458 834 5505 atatem
876 5449 1359 5519 judiciumfacere.
1400 5453 1504 5508 Sed
1548 5453 1788 5525 supplico
1821 5453 1914 5509 tibi
1952 5464 2010 5507 ut
2056 5471 2207 5524 prius

644 5542 775 5596 mibi
810 5542 1075 5611 peccatori
1108 5553 1327 5613 peccata
1353 5544 1612 5609 dimittas,
1636 5558 1795 5612 quam
1850 5545 1915 5597 ad
1958 5545 2208 5614 judican-

648 5631 771 5685 dutn
802 5647 885 5686 me
930 5634 1150 5689 venias:
1182 5645 1235 5689 et
1297 5644 1421 5688 tunc
1465 5635 1541 5689 sic
1582 5635 1760 5702 iudica
1807 5650 1913 5697 me,
1960 5634 2117 5699 Dens,
2146 5645 2202 5688 ut

646 5720 920 5782 discemus
952 5736 1005 5791 et
1042 5732 1256 5799 separes
1285 5726 1476 5783 anime:
1514 5741 1644 5782 mea:
1682 5740 1900 5803 causam
1928 5728 2015 5783 “de
2043 5736 2196 5799 gente

2313 4545 2459 4601 tione
2494 4558 2634 4610 mea,
2677 4544 2772 4599 sed
2807 4544 2894 4600 fac
2938 4559 3150 4600 mecum
3181 4543 3475 4600 secundum
3506 4542 3894 4599 mansuetudi-

2309 4650 2431 4691 nem
2460 4646 2629 4700 tuam,
2660 4644 2714 4689 et
2739 4635 3035 4691 secundum
3064 4632 3461 4690 multitudinem
3492 4631 3897 4687 misericordias

2311 4732 2435 4788 tuae,
2475 4732 2531 4777 et
2564 4737 2695 4778 erue
2739 4738 2825 4778 me
2862 4723 2928 4777 de
2968 4721 3187 4776 fornace
3216 4720 3426 4789 peccati
3457 4720 3511 4773 in
3542 4717 3898 4775 mirabilibus

2307 4816 2435 4882 tuis,
2470 4823 2525 4870 et
2575 4816 2642 4870 da
2689 4828 2831 4869 nunc
2860 4813 3089 4883 gloriam
3136 4811 3339 4866 nomini
3391 4821 3506 4875 tuo,
3552 4810 3680 4880 quia
3730 4818 3898 4865 uses

2309 4908 2569 4962 Dominus
2596 4908 2737 4962 Deus
2748 4906 2894 4961 solus
2918 4905 3187 4974 gloriosus
3208 4917 3370 4971 super
3387 4902 3574 4957 orbem
3603 4911 3894 4956 terrarum

2307 5005 2362 5051 et
2410 5011 2641 5065 semper.
2676 4996 2817 5066 Quia
2850 4995 3028 5050 omnis
3060 4993 3323 5062 sapientia
3374 5006 3405 5047 a
3440 5003 3492 5046 te
3516 4991 3743 5047 domino
3774 4992 3895 5067 Deo

2307 5098 2412 5154 est,
2443 5096 2497 5142 et
2534 5087 2634 5141 fuit
2664 5100 2898 5153 semper,
2943 5094 2996 5141 et
3032 5092 3115 5139 est
3152 5090 3279 5138 ante
3306 5099 3499 5138 aevum.
3533 5083 3895 5151 Sempiterna

2307 5189 2390 5235 est
2424 5192 2639 5248 quoque
2677 5178 2851 5232 virtus
2886 5186 2997 5241 tua,
3041 5184 3204 5244 atque
3252 5174 3506 5229 divinitas
3542 5190 3556 5226 :
3589 5188 3713 5242 qua:
3755 5187 3890 5226 cum

2311 5285 2396 5323 me
2435 5270 2609 5338 possit
2633 5268 2827 5323 darein
2850 5266 3201 5340 opprobrium
3224 5255 3891 5336 sempiternum,imploro

2312 5372 2455 5415 tuam
2492 5359 2933 5429 omnipotentiam
2972 5356 3389 5425 sempiternam,
3421 5363 3479 5409 ut
3508 5352 3641 5409 mihi
3678 5368 3892 5410 conce-

2307 5452 2403 5506 das
2451 5450 2629 5520 potius
2680 5450 2872 5521 gaudia
2922 5448 3271 5519 sempiterna.
3312 5446 3389 5500 Tu
3430 5444 3576 5501 enim
3627 5459 3688 5501 es
3726 5446 3890 5502 Dens

2307 5541 2689 5611 sempiternus,
2745 5541 2835 5609 qui
2882 5539 3078 5595 creasti
3130 5538 3389 5594 terminos
3431 5544 3607 5603 terrae,
3635 5534 3730 5605 qui
3778 5549 3887 5591 nec

2308 5632 2519 5701 incipis,
2550 5648 2649 5687 nec
2693 5632 2915 5699 desinis,
2965 5630 3058 5686 sed
3108 5638 3191 5686 est
3218 5629 3311 5685 tibi
3356 5630 3523 5703 gloria
3559 5636 3613 5685 et
3641 5640 3797 5684 nunc
3824 5632 3885 5683 et

2306 5738 2537 5794 semper,
2570 5732 2623 5779 et
2653 5722 2706 5778 in
2738 5722 2927 5779 saecula
2964 5720 3297 5777 saeculorum.

3672 6002 4009 6131 ,4³³
