4200 6238
370 283 472 339 833

1334 306 1337 309 -
1388 274 1763 331 MEDITATIO
1812 274 1878 330 IN
1922 275 2119 330 PSAL.
2163 273 2535 328 MlSEliEllE.

3505 258 3609 312 854

438 394 526 446 44.
566 391 610 447 Ο
634 408 725 447 rex
757 392 1073 447 sznculorum
1107 388 1448 452 immortalis,
1481 387 1783 453 invisibilis,
1808 400 1937 456 quot
1964 394 2016 453 Α
2042 387 2194 445 Unde
2228 396 2337 440 tres
2366 382 2785 453 signiﬁcationes
2816 380 2915 433 hoc.
2944 374 3261 430 vocabulum
3294 370 3494 423 habere
3516 384 3608 422 vo—

369 492 557 537 aitatcs
588 482 748 551 lapsa:
773 491 916 547 sunt,
945 488 1075 548 quot
1112 476 1308 532 sarcula
1349 477 1698 542 transierunt,
1725 486 1779 530 et
1804 486 1936 545 quot

373 572 553 627 futura
600 583 746 636 sunt,
784 571 1019 625 mutabis
1049 583 1113 623 ea
1142 578 1196 621 et
1230 570 1598 623 mutabuntur.
1647 568 1725 622 Tu
1756 578 1937 623 autem

372 664 464 733 qui
495 666 697 729 dixisti,
724 663 833 730 Ego
865 674 982 715 sum
1005 658 1111 730 qui.
1128 674 1268 723 sum,
1299 660 1438 714 idem
1471 660 1583 729 ipse
1612 675 1671 716 es
1698 660 1751 713 in
1778 669 1937 713 teter-

375 768 503 805 num
536 749 885 806 immutabilis
940 757 995 804 et
1032 750 1395 818 omnipotens,
1450 751 1590 820 apud
1630 765 1791 818 quem
1833 764 1939 803 non

372 852 455 896 esi
477 830 976 895 transmutationee
1004 839 1387 894 vicissitudinis
1410 840 1770 895 obumbratio.
1787 838 1941 893 Licet

370 932 516 984 enim
551 931 731 986 omnia
762 932 871 985 sint
910 945 974 985 ex
1013 939 1086 994 te,
1117 939 1171 985 et
1214 945 1309 1001 per
1354 940 1429 995 te,
1454 940 1509 984 et
1542 931 1596 984 in
1626 938 1695 993 te,
1732 945 1837 984 non
1862 938 1941 983 ta-

373 1035 496 1074 men
526 1029 651 1074 sunt
693 1021 834 1089 quod
866 1028 921 1074 ιιι
955 1036 1031 1083 es,
1059 1020 1148 1089 qui
1180 1016 1249 1074 "es
1275 1028 1511 1085 mutans,
1548 1034 1652 1073 non
1681 1026 1940 1083 mutatus,

376 1110 600 1174 faciens,
632 1124 874 1177 movens,
922 1110 1017 1164 sed
1045 1112 1296 1164 'nianens.
1336 1109 1547 1164 Etcum
1577 1109 1769 1163 beatus
1811 1121 1940 1175 apo.

370 1205 543 1256 stolus
590 1210 712 1255 tuus
750 1200 912 1266 dicat,
953 1202 1095 1270 quod
1144 1215 1243 1256 nos
1277 1215 1489 1264 sumus,
1536 1200 1590 1254 in
1629 1213 1765 1268 quos
1811 1198 1944 1253 ﬁnes

371 1282 696 1344 saeculorum
760 1289 1121 1353 devenerunt;
1177 1288 1465 1342 mternitati
1529 1297 1634 1342 tua:
1680 1286 1942 1356 supplico,

372 1378 518 1434 Deus
544 1391 719 1441 meus,
748 1384 806 1430 ut
852 1376 904 1429 in
945 1392 1029 1431 me
1057 1378 1136 1431 sic
1166 1377 1407 1447 digneris
1435 1376 1661 1446 implere
1685 1378 1943 1446 apostoli-

373 1484 500 1523 cum
529 1468 670 1521 istud
698 1468 942 1534 verbum,
988 1478 1046 1521 ut
1076 1468 1330 1524 sacculum
1362 1470 1445 1524 vel
1478 1470 1830 1538 saecularitas,
1855 1470 1944 1539 qui

376 1573 464 1613 me
496 1560 811 1614 canonicum
837 1559 919 1615 vel
942 1560 1263 1615 monachum
1287 1561 1422 1617 adeo
1450 1561 1944 1625 facitsaecularcm,
2000 1616 2003 1621 λ

377 1654 520 1722 quod
546 1652 648 1707 hoc
676 1651 1000 1720 adjectivum
1026 1661 1196 1707 totum
1229 1668 1384 1707 suum
1418 1656 1471 1707 in
1502 1669 1588 1709 me
1612 1653 1869 1709 absorbet
1894 1664 1948 1709 et

2041 479 2219 542 luisti;
2263 477 2437 546 primo
2483 472 2649 535 enim,
2699 485 2853 523 amen
2886 467 3149 536 accipitur
3176 458 3616 527 nominaliter,et

2038 580 2360 630 estnomen,
2390 574 2444 617 et
2472 560 2744 631 signiﬁcat
2784 567 3026 611 sanctum
3057 566 3111 609 ct
3150 552 3386 607 terribile
3417 562 3611 606 nomen

2044 671 2215 723 tuum,
2261 668 2320 712 ut
2355 671 2476 712 cum
2509 654 2561 707 in
2592 648 2917 720 Apocalypsi
2961 647 3153 716 legitur
3182 647 3287 712 (in,
3324 643 3408 710 lt)
3444 659 3456 694 :
3490 638 3615 693 [hcc

2042 748 2172 801 dicit
2203 765 2215 799 :
2248 748 2439 807 Amen,
2501 742 2651 796 testis
2688 738 2859 795 ﬁdelis
2883 743 2937 789 et
2973 747 3151 794 verus,
3189 732 3276 797 qui
3303 739 3383 782 est
3414 728 3616 798 princi-

2042 838 2188 907 pium
2219 844 2486 891 creatura:
2525 833 2635 887 Dci.
2663 832 2702 883 Α
2737 841 2786 883 te
2812 842 2940 895 ergo
2972 822 3189 879 domino
3220 820 3329 873 Deo
3351 833 3496 883 meo,
3523 819 3613 885 qui

2041 927 2188 984 solus
2216 927 2319 980 hoc
2346 925 2561 978 nomine
2594 918 2913 989 dcsignaris,
2946 915 3107 969 totius
3136 911 3314 966 cordis
3357 910 3462 962 mei
3491 908 3617 960 alle-

2041 1016 2218 1072 ctibus
2241 1012 2472 1084 postulo,
2508 1010 2745 1079 requiro,
2788 1015 2848 1060 ut
2877 1012 3096 1073 propter
3122 996 3480 1053 reverentiam
3514 995 3613 1045 Ιιιι-

2035 1108 2126 1177 jus
2160 1083 2395 1161 nominis
2424 1101 2595 1157 sancti
2645 1099 2741 1162 tui,
2774 1110 2970 1151 nomen
3003 1107 3179 1147 meum
3233 1089 3284 1142 in
3333 1085 3469 1139 libro
3499 1083 3619 1134 vita:

2046 1175 2317 1255 rescribas
2359 1216 2371 1250 :
2409 1203 2463 1249 et
2502 1208 2624 1248 cum
2671 1189 2798 1250 illis,
2838 1187 2927 1256 qui
2984 1182 3356 1239 custodierunt
3396 1175 3618 1232 sabbata

2046 1301 2155 1356 tua,
2182 1299 2236 1344 et
2258 1288 2535 1355 elegerunt
2556 1282 2697 1352 quod
2726 1277 2961 1339 voluisti,
2989 1285 3045 1330 et
3071 1274 3409 1327 retinuerunt
3438 1266 3613 1321 foedus

2048 1392 2221 1443 tuum,
2246 1381 2341 1432 des
2366 1376 2495 1432 mihi
2527 1374 2578 1429 in
2608 1372 2768 1427 domo
2790 1378 2903 1433 tua,
2927 1374 2979 1421 et
3012 1365 3062 1417 in
3091 1361 3257 1416 muris
3286 1359 3390 1411 tuis
3419 1357 3616 1417 locum,

2046 1480 2100 1525 ct
2124 1483 2315 1522 nomen
2347 1466 2537 1519 melius
2573 1477 2732 1531 quam
2769 1474 2795 1511 a
2828 1456 2953 1511 ﬁliis
2992 1462 3048 1507 et
3082 1450 3311 1512 ﬁliabus,
3348 1454 3400 1500 et
3428 1457 3619 1497 nomen

2048 1558 2432 1628 sempiternum
2482 1553 2621 1621 quod
2657 1551 2721 1604 de
2750 1558 2948 1617 caetero
2981 1557 3085 1596 non
3119 1536 3331 1608 peribit.
3376 1531 3624 1588 Secundo

2048 1626 2321 1719 accipitur
2343 1661 2499 1701 amen
2529 1638 2926 1697 adverbialiter.
2964 1635 3030 1691 Et
3070 1646 3190 1686 cum
3224 1637 3276 1681 tu
3306 1626 3443 1680 Dens
3471 1635 3626 1678 meus

378 1744 631 1807 destruit,
662 1745 1055 1798 subsiantivum
1103 1746 1157 1799 in
1184 1761 1272 1805 me
1311 1747 1490 1802 taliter
1535 1746 1774 1812 ﬁniatur,
1800 1748 1945 1816 quod
1978 1725 2023 1783 Β
2051 1717 2265 1810 quando
2318 1738 2369 1791 in
2418 1734 2579 1789 terris
2615 1732 2761 1785 visus
2794 1742 2877 1791 es,
2904 1736 3108 1780 etcum
3144 1717 3456 1816 hominibus
3490 1728 3624 1816 con-

383 1834 450 1886 de
501 1842 698 1888 caetero
737 1835 947 1902 negotia
993 1836 1275 1889 saacularia
1324 1853 1410 1891 me
1461 1852 1565 1892 non
1618 1838 1858 1901 trahant,
1896 1848 1954 1893 et

380 1922 622 1977 turbent.
665 1923 959 1991 Exceptum
1000 1940 1027 1977 a
1055 1923 1433 1991 iurisdictione
1463 1926 1642 1981 saeculi
1672 1926 1831 1993 hujus
1860 1942 1955 1980 ne-

375 2028 562 2081 quam,
594 2014 659 2068 ad
707 2014 794 2069 illa
825 2014 1031 2079 inﬁnita
1066 2014 1260 2070 saecula
1296 2031 1380 2070 me
1404 2015 1585 2081 ,facias
1615 1997 1874 2086 cogitare,
1901 2025 1956 2069 et

377 2112 564 2172 postea
600 2120 720 2159 cum
767 2105 902 2159 vivis
950 2114 1005 2159 et
1050 2105 1444 2161 confessionem
1484 2105 1740 2162 dantibus
1764 2121 1954 2176 perve-

374 2195 517 2258 nire,
544 2210 634 2265 qui
673 2206 800 2249 sunt
827 2206 1011 2266 partes
1038 2197 1219 2251 saeculi
1250 2199 1446 2263 sancti,
1478 2208 1533 2253 et
1558 2198 1754 2253 anicula
1786 2213 1955 2253 sarcu-

378 2285 574 2338 lorum.
614 2287 782 2341 Didici
831 2287 999 2352 enim,
1027 2287 1271 2355 Domine,
1301 2290 1443 2358 quod
1475 2289 1603 2344 illud
1632 2289 1825 2344 saecula
1856 2303 1952 2343 sae-

379 2377 622 2431 culorum
662 2395 692 2432 a
735 2379 899 2434 latino
931 2370 1223 2449 interprete
1260 2383 1478 2450 ponitur
1507 2397 1603 2452 pro
1631 2391 1835 2437 aeterno
1860 2398 1874 2447 ;
1900 2388 1955 2436 et

378 2467 521 2536 quod
547 2469 795 2539 repetitio
808 2468 1036 2525 dicentis
1057 2471 1249 2525 saecula
1277 2472 1621 2537 saeculorum,
1652 2473 1721 2528 ad
1748 2457 1952 2527 acterna

381 2556 545 2610 mittit
576 2558 814 2612 animum
844 2560 1130 2629 cogitantis
1159 2575 1175 2614 :
1208 2570 1261 2616 et
1296 2563 1411 2618 haec
1454 2550 1579 2618 sunt
1609 2561 1700 2616 illa
1728 2572 1953 2629 aeterna,

380 2646 726 2714 immortalia,
770 2648 977 2703 inﬁnita
1017 2658 1354 2716 testamenta,
1389 2651 1952 2716 sacula'saeculorum,

380 2753 503 2806 qua:
535 2739 664 2807 justi
714 2748 836 2809 post
881 2740 983 2815 ista
1025 2742 1219 2795 saecula
1260 2743 1544 2810 praesentia
1591 2751 1645 2798 et
1674 2741 1953 2796 mutabilia

384 2829 787 2883 immutabiliter
835 2841 1249 2899 consequentur.
1293 2833 1349 2885 In
1398 2834 1593 2901 quibus
1632 2831 1953 2886 saeculorum

384 2918 478 2974 tibi
510 2921 716 2975 auctori
742 2920 916 2976 solum
946 2923 1016 2977 sit
1050 2924 1219 2991 gloria
1247 2924 1597 2992 sempiterna.

453 3012 544 3067 45.
584 3014 765 3068 Amen.
794 3015 837 3069 0
867 3016 1007 3070 Deus
1040 3013 1407 3081 Hebraaorum,
1428 3015 1569 3070 scire
1596 3028 1682 3068 me
1708 3011 1947 3079 voluisti,

384 3105 526 3169 quod
566 3118 721 3157 amen
770 3118 870 3158 nec
898 3118 1153 3173 graecum,
1203 3103 1562 3158 nec-latinum
1593 3111 1692 3164 est,
1726 3102 1822 3156 sed
1863 3108 1947 3155 est

384 3192 679 3257 ltebraium,
730 3200 785 3246 et
832 3201 1051 3261 propter
1095 3193 1175 3245 sui
1223 3192 1595 3248 excellentiam
1624 3190 1943 3245 translatum

386 3296 493 3334 non
518 3281 642 3335 iluit
678 3282 745 3336 ab
791 3281 1174 3349 interpretibus
1220 3280 1302 3334 vel
1340 3289 1628 3345 mutatum,
1657 3289 1716 3332 ut
1754 3291 1951 3332 nomen

364 3375 538 3447 tuum
570 3369 710 3437 quod
749 3376 832 3424 cst
872 3366 1120 3422 mirabile
1159 3377 1214 3422 et
1262 3367 1597 3422 immutabile
1623 3365 1952 3437 designaret.

459 3567 561 3689 (ὃν
598 3566 867 3622 Hactenus
898 3567 1179 3621 Ansclmus
1236 3564 1658 3623 Cantuariensis.
1700 3563 1945 3632 Namque

459 3652 529 3689 ise
554 3637 624 3689 mi
673 3635 933 3689 Lucensis
971 3637 1262 3689 summaria
1314 3651 1405 3689 seu
1441 3633 1675 3689 canitula
1704 3632 1944 3687 universi

385 3632 624 3717 Anselmi
673 3635 933 3717 Lucensis
971 3637 1262 3717 summaria
1314 3651 1405 3717 seu
1438 3632 1944 3717 capitula‘universi

387 3707 571 3775 aperis
609 3705 853 3761 canonici
896 3721 961 3760 ex
1017 3707 1236 3773 integris
1280 3702 1553 3775 codicibus
1597 3702 1842 3775 dedimus
1890 3703 1943 3753 in

388 3771 677 3846 spicilegio
707 3775 861 3846 Rom.
907 3785 947 3829 t.
985 3774 1064 3829 Vl.
1104 3771 1426 3846 Etgquidem
1458 3771 1571 3846 Nic.
1607 3771 1944 3824 Alemannus

387 3841 489 3917 (De
527 3841 719 3915 pariet.
752 3844 931 3917 Later.
966 3859 1105 3917 ‘cap_._
1146 3841 1241 3917 12)’
1267 3843 1490 3897 idoneus
1523 3841 1711 3917 [ωηιξη
1745 3854 1942 3917 ferunt

386 3906 703 3976 aestimator,
742 3912 979 3967 Anselmi
1008 3906 1374 3968 collectionem
1422 3926 1488 3965 ex
1523 3908 1714 3963 Leonis
1745 3908 1848 3961 PP.
1880 3906 1945 3960 lll

388 3985 506 4055 pari
534 3983 761 4055 forsitan
799 3994 961 4055 opere
992 3981 1595 4055 haustamsuspieaiun:
1624 3978 1945 4055 Nunc_pra_2-

388 4046 538 4107 ierea
580 4052 633 4106 in
664 4050 768 4104 alio
806 4046 989 4105 codice
1012 4062 1122 4105 vat.
1156 4051 1279 4113 525,
1311 4046 1400 4118 qui
1429 4047 1529 4101 fuit
1563 4047 1750 4101 Svecae
1781 4046 1944 4118 Regi-

384 4136 493 4184 nae,
517 4121 724 4174 titulum
756 4120 1165 4191 liunclegebain.
1191 4117 1499 4191 Autli’entica
1520 4126 1566 4169 et
1584 4117 1945 4191 compendiosa

389 4182 624 4245 Collectio
664 4182 1043 4259 regularum'et
1088 4190 1457 4245 sententiarum
1494 4182 1791 4240 sanctorum
1831 4182 1916 4241 Pa

2052 1802 2323 1887 versatus,
2358 1822 2641 1877 veritatem
2674 1816 2912 1884 aliquam
2960 1823 3201 1866 asserere
3246 1804 3479 1867 voluisti,
3504 1802 3626 1871 plu-

2057 1919 2164 1973 ries
2192 1911 2482 1985 adiunxisti
2518 1929 2531 1964 :
2565 1910 2733 1963 Amen
2770 1907 2890 1960 dico
2916 1903 3089 1967 vobis,
3117 1901 3217 1955 hoc
3251 1905 3352 1959 est,
3390 1908 3513 1948 vere
3540 1890 3626 1945 vel

2055 2008 2342 2069 veraciter,
2386 2018 2482 2058 seu
2518 1998 2876 2056 infallibiliter
2915 1995 3034 2049 dico
3064 1991 3238 2053 vobis,
3269 1989 3409 2055 quod
3438 1986 3510 2040 ita
3539 1993 3626 2037 est

1978 2102 1981 2105 ⁴
2055 2106 2195 2159 sicut
2215 2101 2357 2156 dico.
2385 2098 2455 2152 Et
2478 2107 2870 2163 nonnunquam
2898 2103 3055 2144 amen
3080 2099 3236 2139 amen
3260 2076 3625 2150 ingeminasti,

2054 2204 2111 2249 ut
2146 2195 2257 2263 ipsa
2284 2187 2657 2260 ingeminatio,
2688 2183 2858 2251 major
2883 2190 3026 2235 esset
3055 2172 3330 2244 expressio
3358 2166 3625 2239 veritatis,

2054 2260 2209 2342 Unde
2236 2292 2308 2347 te,
2336 2281 2425 2350 qui
2455 2293 2514 2333 es
2528 2292 2655 2333 vera
2686 2275 2906 2336 veritas,
2941 2280 2997 2325 et
3026 2270 3191 2323 chara
3224 2260 3486 2321 Charitas,
3511 2271 3630 2325 quin

2055 2388 2161 2428 non
2209 2370 2368 2434 fallit,
2416 2379 2583 2421 exoro
2610 2360 2927 2433 suppliciter
2959 2366 3017 2412 ut
3046 2356 3251 2410 veritas
3283 2359 3372 2404 tua
3417 2360 3630 2413 semper

2056 2465 2112 2519 in
2142 2448 2308 2519 corde
2329 2474 2452 2514 ineo
2479 2456 2765 2525 refulgeat,
2796 2461 2852 2507 et
2872 2451 3049 2505 omnis
3071 2444 3340 2501 mundana
3363 2448 3419 2494 et
3445 2435 3629 2492 diabo-

2055 2555 2159 2609 lica
2187 2552 2396 2606 falsitas
2424 2550 2755 2603 destruatur.
2788 2540 2974 2596 Tertio
3014 2545 3195 2592 autem
3224 2547 3383 2586 amen
3430 2526 3630 2594 accipi-

2056 2655 2146 2699 tur
2167 2640 2477 2703 verbaliter,
2520 2645 2574 2691 et
2628 2643 2711 2689 est
2752 2644 2996 2697 vernum,
3032 2637 3091 2683 ut
3133 2639 3255 2681 cum
3299 2622 3353 2675 in
3382 2617 3632 2676 omnibus

2055 2736 2331 2807 optativis,
2364 2744 2543 2795 amen,
2574 2729 2675 2783 boc
2711 2733 2795 2781 est
2834 2724 2945 2787 ﬁat,
2976 2723 3044 2776 ab
3065 2715 3379 2788 optantibus
3409 2721 3465 2767 et
3486 2710 3628 2807 desi-

2055 2797 2372 2882 derantibus
2402 2821 2544 2889 quod
2582 2817 2804 2886 petitur,
2838 2808 3222 2893 respondetur;
3246 2802 3387 2873 quod
3416 2810 3471 2893 et
3493 2797 3632 2869 psal-

1990 2960 1997 2963 μ
2053 2917 2214 2971 mista
2267 2914 2322 2966 in
2374 2912 2479 2967 line
2505 2906 2861 2978 quorumdam
2900 2891 3230 2971 psalmorum
3268 2891 3628 2964 ingeminasse

2057 3005 2272 3075 legitur,
2322 3001 2414 3057 ubi
2461 2998 2657 3053 dicitur
2689 3013 2704 3049 :
2742 2994 2882 3058 Fiat,
2914 2992 3027 3046 ﬁat.
3054 2989 3120 3041 Et
3148 2986 3201 3039 in
3250 2984 3351 3037 hoc
3381 2992 3543 3075 sensu
3572 2978 3625 3029 in

2054 3068 2161 3150 ﬁne
2186 3068 2467 3164 praesentis
2491 3084 2773 3151 orationis,
2798 3094 2917 3137 mea
2958 3086 3081 3133 vota
3121 3084 3174 3129 et
3196 3068 3460 3128 desideria
3493 3080 3623 3121 con-

2059 3156 2300 3246 tinentis,
2329 3180 2450 3234 dico
2482 3178 2722 3239 :Amen;
2750 3174 2854 3227 hoc
2885 3178 2990 3233 est,
3028 3169 3103 3221 ita
3137 3165 3250 3219 ﬁat.
3283 3161 3353 3217 Ut
3378 3156 3628 3246 videlicet

2062 3274 2158 3328 tibi
2180 3245 2350 3335 Patri,
2379 3277 2434 3323 et
2474 3264 2634 3328 Filio,
2674 3272 2731 3316 et
2769 3259 2991 3329 Spiritui
3036 3264 3247 3320 sancto,
3279 3251 3424 3305 trino
3450 3258 3507 3303 et
3538 3245 3628 3300 uni

2064 3361 2193 3424 Deo,
2221 3358 2291 3412 sit
2318 3354 2486 3427 gloria
2515 3353 2567 3407 in
2596 3350 2791 3406 saecula
2812 3346 3149 3407 saeculorum.
3175 3341 3365 3395 Amen.
3389 3336 3490 3406 (θ’)

2049 3572 2213 3621 trum,
2253 3568 2302 3613 et
2332 3552 2735 3611 auctorabilium
2760 3546 3122 3621 conciliorum,
3147 3541 3301 3621 facta-
3312 3534 3633 3621 temporibus

2050 3606 2484 3700 lor'zg'oéiifm)
2522 3606 2869 3700 εαηειίεεείηιί,
2907 3606 3636 3700 Ραρεξέηἒιξηίῖξαξὲξῗῗῖῗηβῗῖ

2048 3679 2231 3752 Eénhz'
2256 3679 2495 3761 episcopo
2536 3689 2781 3761 Lucensi,
2818 3679 2934 3754 ejus
2977 3679 3237 3761 'diligenti
3275 3679 3536 3761 imitatore
3562 3681 3636 3761 et

2049 3744 2308 3833 discipulo
2323 3744 2553 3833 ,ﬁc'ujus
2597 3744 2857 3833 jussio'ng'
2879 3761 2926 3833 et
2969 3744 3226 3833 ῃτιξτέεριο
3255 3744 3637 3833 Δςίαξείξίῇνξιηέεξν

2050 3811 2567 3889 ξὸῖέιίῦέῆιῖιυίἶλοο
2597 3811 2759 3894 ὀριιε.
2808 3811 3002 3894 Incipit
3045 3811 3401 3894 ζξὸἐις-ρνὶηιαε
3431 3811 3495 3894 de
3538 3826 3637 3894 Ro:

2051 3878 2594 3966 Iés'iZJéméiﬂii-miéiu
2639 3878 2943 3966 apostolica?
2977 3886 3136 3966 redis.
3168 3878 3633 3966 Tumivero-ni‘liil

2052 3956 2194 4026 aliud
2243 3970 2294 4024 in
2336 3956 2593 4037 pracdicto
2644 3956 2831 4037 codice
2888 3956 3136 4037 sequitur
3175 3956 3629 4037 quagi'n‘ex‘eerpt‘a

2051 4020 2443 4109 brevia—17‘“:
2474 4032 2711 4109 decretis
2746 4020 3094 4109 synodalium,
3145 4020 3631 4109 peritille‘u‘mjnetc‘.

2053 4084 2664 4178 Benigneﬂeti—Ariselini
2696 4084 2987 4167 cuiusdam
3032 4084 3305 4178 mon-aelii,
3349 4084 3629 4142 lloseulum

2053 4162 2285 4251 aliquEm
2320 4177 2462 4232 inter
2497 4174 2739 4233 carmina
2769 4162 2953 4240 postea
2988 4162 3343 4236 proferemus.
