4200 6196
530 188 637 272 βω
888 216 948 272 s.
985 216 1277 293 Ausum
1314 216 1657 273 caurum.
1696 215 2011 275 ARCﬂlEP.
2040 218 2190 276 ore.
2230 217 2408 276 psus
2436 220 2495 275 ιι.
2524 251 2593 262 -
2626 219 2985 283 nmmum.
3023 221 3109 278 ET
3140 223 3380 279 ascen.
3663 229 3769 286 sat
3922 188 3985 217 Ἴ

496 352 499 359 ν
531 329 647 397 peri
669 345 828 385 aures
868 345 1012 384 meas
1028 329 1436 394 mandatistuis,
1459 339 1514 385 et
1532 348 1595 385 ne
1622 331 1863 395 declines,
1896 331 2091 401 flagito,
2124 337 2169 393 Α
2201 332 2319 386 nisu
2348 331 2629 386 charitatls
2656 333 2908 387 annixam
2938 333 3004 388 de
3032 331 3293 402 profunda
3343 335 3676 392 confusionis
3698 340 3767 375 ⁹⁹⁸

533 434 630 487 per
672 435 863 475 nomen
917 427 1163 473 sanctum
1210 426 1380 483 tuum,
1438 420 1492 473 in
1549 422 1703 474 verba
1749 420 1962 474 malitia:
2007 436 2098 473 cor

536 523 722 570 meum,
746 507 816 559 ad
844 510 1169 560 excusandas
1195 508 1556 563 excusationes
1598 509 1650 560 in
1676 508 1895 576 peccatis
1923 507 2096 577 (Psal.

530 611 649 656 cn.
682 596 759 665 4).
827 588 1148 652 Ρθιοδιὶςιιιι
1187 614 1281 667 per
1332 598 1703 652 admirabilem
1738 599 2096 655 humilitatem

533 696 700 750 tuam,
726 704 787 741 ne
811 690 976 743 ueniat
1000 692 1125 744 mihi
1155 708 1243 760 pes
1269 693 1546 762 superbire,
1574 700 1621 743 et
1645 704 1831 744 manus
1861 701 2099 759 peccata-

532 776 603 830 ris
626 793 725 830 non
754 792 951 832 moveat
980 797 1059 835 me
1089 780 1260 852 (Psal.
1291 781 1594 854 ηας-τη).

602 867 757 930 Ecce,
793 872 1131 940 omnipotens
1171 872 1330 937 Dens,
1366 870 1526 927 Pater
1558 872 1772 927 Domini
1822 871 1947 939 mei,
1987 871 2099 925 dis-

526 972 670 1027 pone
711 960 972 1029 benignus
1010 945 1275 1030 quo'mihi
1306 963 1909 1040 miserearisbquoniam
1937 960 2095 1031 quid-

528 1048 659 1116 quid
680 1048 750 1093 ⁹⁷⁹
799 1048 1085 1118 pretiosius
1123 1051 1328 1117 inveni,
1368 1053 1564 1108 devote
1610 1053 1702 1108 libi
1729 1053 1914 1115 obtuli,
1939 1052 2095 1121 quid-

527 1136 657 1204 quid
688 1140 873 1194 carius
903 1140 1078 1208 reperi
1095 1142 1189 1206 "5°,
1240 1143 1555 1211 suppliciter
1580 1144 1897 1212 prazscntavi
1922 1158 1937 1208 ;
1966 1141 2095 1196 mihi

465 1282 473 1291 ,
531 1226 665 1283 nihil
707 1227 895 1298 reliqui
941 1246 1069 1300 qum
1101 1240 1206 1309 tuae
1232 1234 1571 1303 exposuerim
1617 1234 1923 1301 maiestati;
1966 1231 2095 1286 nihil

530 1316 635 1383 iam
666 1329 911 1388 superest
936 1323 1075 1391 quod
1102 1323 1368 1393 adjiciam,
1398 1324 1523 1392 quia
1550 1332 1712 1379 totam
1737 1323 1827 1378 tibi
1855 1322 2093 1390 delegavi

531 1420 681 1475 spem
703 1424 899 1462 meam.
924 1404 1103 1467 Direxi
1132 1412 1225 1466 tibi
1254 1412 1575 1466 advocatum
1610 1425 1807 1477 meum,
1841 1420 1988 1465 tuum
2014 1411 2097 1466 di-

532 1494 727 1550 lectum
774 1499 990 1568 Filium,
1026 1502 1155 1554 ‘misi
1185 1500 1470 1571 gloriosam
1502 1502 1809 1572 progeniem
1836 1501 1977 1554 inter
2010 1515 2095 1555 me

532 1596 587 1642 et
616 1597 664 1642 te
691 1592 1060 1646 mediatorcm.
1085 1591 1225 1657 illisi,
1249 1593 1492 1661 inquam,
1528 1594 1963 1658 intercessorem,
1994 1608 2092 1663 per
2116 1612 2122 1620 ε

532 1694 690 1744 quem
715 1682 925 1735 confido
946 1683 1191 1747 veniam;
1226 1683 1348 1737 misi
1365 1683 1543 1738 verbis
1565 1682 1798 1738 Verbum
1824 1684 1966 1753 quod
1998 1697 2096 1753 pro

530 1772 665 1824 uicis
681 1772 787 1825 dixi
811 1774 1030 1827 missum
1062 1773 1241 1842 factis,
1256 1784 1312 1830 et
1335 1776 1611 1830 numeravi
1636 1776 1727 1832 tibi
1748 1775 2097 1832 sanctissima:

495 1901 498 1904 .
529 1861 728 1917 sobolis
776 1873 1002 1945 mortem
1018 1865 1085 1897 ’δι
1118 1881 1280 1936 quam
1316 1880 1416 1936 pro
1451 1881 1538 1921 me
1576 1868 1738 1922 credo
1784 1866 1949 1925 fuisse
1978 1881 2098 1936 pcr-

528 1962 760 2016 pessam.
791 1950 965 2006 Credo
1003 1968 1033 2007 a
1087 1963 1140 2007 te
1175 1954 1395 2009 missam
1425 1954 1687 2009 Deitatem
1716 1964 1955 2010 nostram
1980 1970 2097 2010 sus-

528 2037 735 2106 cepisse
766 2040 1176 2110 humanitatem,
1209 2044 1261 2097 in
1300 2058 1404 2112 qua
1446 2044 1661 2113 dignum
1684 2046 1840 2099 duxit
1861 2043 2096 2109 vincula,
2118 2068 2137 2085 ο

528 2126 735 2197 alapas,
769 2141 945 2200 sputa,
982 2133 1366 2208 irrisionesque
1396 2134 1657 2202 perferre,
1695 2149 1936 2189 necnon
1968 2149 2094 2189 crn-

530 2230 620 2269 ces
642 2216 928 2287 clavesque
970 2222 1264 2291 suscipere.
1295 2221 1442 2277 llanc
1484 2222 1611 2276 olim
1642 2221 1881 2278 infantia:
1905 2224 2095 2295 vagiti-
2130 2235 2141 2250 ‘

528 2307 630 2359 bus
665 2307 1000 2373 deinolitam,
1030 2311 1273 2375 pueritiae
1302 2310 1491 2380 pannis
1518 2312 1889 2379 constrictam,
1932 2312 2087 2366 sudo-

531 2391 677 2448 ribus
697 2396 765 2426 ὐ
796 2406 1065 2461 vexatam,
1091 2398 1309 2469 jejuniis
1334 2399 1495 2475 247
1519 2412 1866 2467 maceratum,
1896 2400 2095 2471 vigiliis

530 2482 801 2545 alllictam,
885 2487 1167 2544 itineribus
1228 2489 1425 2545 fessam
1496 2502 1681 2561 postea
1716 2556 1720 2559 _
1757 2490 2094 2547 all’ectamm

531 2572 733 2643 ﬂagris,
786 2576 1077 2632 laceratam
1122 2580 1417 2649 suppliciis,
1457 2582 1762 2651 deputatam
1800 2598 1919 2637 cum
1952 2599 2095 2639 mor-

533 2665 658 2730 tuis,
700 2665 935 2735 dotatam
998 2684 1127 2724 vero
1146 2671 1216 2701 ³⁸⁸
1263 2671 1429 2740 gloria
1472 2674 1882 2727 resurrectionis
1925 2674 2093 2729 en-lo-

532 2772 648 2810 nun
679 2758 886 2827 gaudiis
922 2758 1149 2827 induxit,
1179 2771 1233 2815 et
1260 2763 1312 2815 in
1344 2763 1564 2817 dextera
1588 2764 1658 2793 ’⁸⁸
1694 2772 1797 2817 tua:
1820 2763 2091 2820 celsitudi-

527 2846 614 2902 nis
639 2849 941 2904 collocavit.

597 2936 674 2991 Tu
702 2939 1013 3007 placatiom
1034 2957 1150 2995 mea
1181 2951 1236 2997 et
1256 2943 1564 3012 propitiatio
1587 2960 1725 3011 mea,
1760 2945 1847 3001 hic
1876 2938 2091 3002 intende

524 3028 644 3094 pius
668 3042 823 3097 quem
847 3030 1096 3098 genueris
1121 3033 1189 3063 ³⁸⁷
1237 3032 1452 3100 Filium,
1503 3043 1561 3089 et
1597 3050 1755 3105 quem
1800 3037 2090 3094 redemeris

526 3131 761 3181 servum,
792 3117 877 3173 hic
898 3120 1077 3189 aspice
1102 3121 1404 3187 Factorum,
1425 3134 1481 3179 et
1511 3140 1577 3179 ne
1607 3126 1875 3195 despicias
1920 3124 2092 3181 factu-

528 3223 665 3269 ram,
689 3210 1009 3276 amplectere
1030 3226 1249 3267 serenus
1278 3212 1553 3268 Pastorem
1575 3256 1592 3282 ,
1621 3222 1673 3271 et
1696 3217 1873 3285 recipe
1897 3217 1967 3249 ⁹⁸⁸
1989 3218 2090 3270 mi-

446 3286 455 3292 ’
526 3304 761 3355 scricors
794 3303 1011 3357 allatam
1054 3308 1287 3375 pmpriis
1333 3308 1574 3363 humeris
1612 3326 1790 3366 ovem.
1835 3311 1933 3367 llic
1980 3312 2093 3381 ipse

525 3401 611 3443 cst
636 3390 977 3447 fidelissimus
1005 3392 1194 3449 Ilastor
1222 3396 1330 3469 ille,
1378 3400 1469 3466 qui
1500 3400 1695 3453 dudmn
1727 3403 2089 3457 errabundum

526 3491 679 3533 ovem
718 3494 809 3548 per
841 3481 1063 3550 abrupta
1104 3486 1387 3549 montium,
1426 3500 1522 3555 per
1551 3488 1843 3556 prmcipitia
1877 3490 2091 3544 vallium

528 3570 711 3624 multis
759 3574 1026 3640 variisque
1070 3576 1352 3641 qumsierat
1394 3575 1690 3640 laboribus,
1736 3580 1940 3648 quique
1980 3579 2091 3648 jam

523 3654 773 3717 inoricnti
810 3663 1025 3731 “',jam
1058 3679 1151 3733 per
1176 3665 1329 3735 longa
1353 3666 1539 3718 exsilia
1574 3667 1840 3722 delicicnti
1880 3673 2092 3726 tandem

526 3748 755 3805 iuventa:
783 3754 1019 3818 gaudens
1047 3769 1105 3808 sc
1146 3756 1425 3823 supposuit
1453 3754 1546 3819 99°,
1576 3763 1630 3808 et
1676 3756 1812 3810 miro
1849 3758 1950 3812 sibi
2000 3760 2095 3813 ad-

2199 421 2393 491 abysso
2441 420 2654 487 levavit,
2712 418 2919 492 piisqne
2964 424 3236 477 astrictam
3286 424 3656 493 complexibus
3701 430 3769 483 ad

2200 510 2490 578 nonaginta
2526 525 2741 576 novem,
2797 526 2957 565 unam
3011 527 3131 581 qua:
3184 515 3438 581 perierat,
3478 519 3771 585 reportavit

2198 614 2354 653 ovem
2382 599 2530 669 (Luc.
2558 616 2647 664 xv,
2676 602 2754 669 4).
2786 601 2947 665 Ecce,
2978 603 3222 665 Domine,
3262 606 3335 658 mi
3363 606 3495 673 Rex,
3526 607 3771 676 omnipo-

2200 694 2318 741 tens
2348 687 2508 751 Deus,
2538 702 2666 742 ecce
2698 689 2888 744 Pastor
2910 690 3081 745 bonus
3112 692 3277 747 refert
3328 693 3424 747 tibi
3452 695 3593 762 quod
3618 711 3767 750 com-

2196 778 2391 832 misisti
2420 778 2489 809 ”’
2514 778 2585 841 ὠ.
2617 779 2884 851 Suscepit,
2912 791 2962 835 te
2987 760 3331 850 dispdnente,
3360 785 3427 838 ad
3453 760 3769 840 salvandum

2198 866 2488 932 hominem,
2510 883 2670 938 quem
2697 870 2789 925 tibi
2816 871 3050 925 restituit
3090 873 3237 927 oumi
3283 873 3402 927 labe
3443 874 3767 939 immunem;

2196 970 2325 1012 ecce
2349 958 2443 1012 tibi
2474 966 2621 1013 tuum
2648 950 3000 1016 charissimus
3026 960 3195 1016 Filius
3222 962 3420 1031 plasma
3461 963 3773 1019 reconciliet

2196 1048 2338 1114 quod
2368 1062 2397 1102 a
2430 1056 2481 1102 te
2510 1047 2695 1117 procul
2717 1050 3031 1119 deviaverat
3055 1051 3147 1105 9”.
3184 1052 3263 1106 En
3314 1051 3462 1121 gregi
3488 1060 3580 1105 tuo
3624 1050 3771 1108 mltis

2197 1134 2389 1190 Pastor
2432 1135 2691 1192 reformat
2730 1139 2873 1207 quod
2922 1140 3102 1215 prardo
3150 1140 3413 1197 violentus
3469 1141 3721 1211 abegcrat
3750 1180 3768 1211 ,

2198 1224 2371 1279 reddit
2403 1225 2509 1280 tuis
2535 1226 2913 1296 conspectibus
2940 1243 3155 1284 servum
3217 1246 3376 1301 quem
3423 1246 3518 1285 sua
3544 1230 3772 1287 fecerat

2197 1315 2268 1347 ’³⁸
2296 1316 2625 1372 conscientia
2661 1316 2964 1389 fugitivum,
2995 1328 3055 1373 ut
3079 1321 3170 1388 qui
3195 1336 3290 1390 per
3316 1336 3375 1376 se
3410 1335 3627 1390 pinnam
3649 1335 3764 1377 me—

2197 1406 2332 1469 ruit,
2362 1421 2457 1474 per
2482 1407 2759 1462 Faetorem
2785 1410 2964 1463 mundi
2993 1419 3263 1463 mereatur
3289 1410 3359 1442 ”'
3388 1411 3621 1479 veniam,
3655 1412 3770 1467 cui-

2198 1510 2303 1564 que
2331 1511 2432 1565 pro
2485 1497 2657 1566 culpis
2709 1500 2822 1553 suis
2863 1507 3141 1569 supererat
3187 1500 3429 1569 gehenua
3480 1501 3571 1559 π’.
3622 1509 3772 1588 ωηεο

2195 1587 2332 1643 duce
2351 1587 2462 1656 jam
2489 1584 2724 1646 confidat
2752 1592 2993 1647 revocari
3047 1593 3115 1646 ad
3162 1593 3416 1655 patriam.
3475 1593 3628 1647 Potui
3672 1584 3772 1664 per

2127 1666 2282 1730 Bme
2304 1686 2373 1741 te‘,
2400 1689 2585 1733 sancte
2607 1680 2789 1744 Pater,
2817 1681 3109 1749 oﬂ’cndcrc,
3166 1684 3261 1739 sed
3316 1699 3422 1737 non
3472 1683 3618 1753 potui
3672 1697 3771 1751 per

2197 1781 2281 1819 me
2306 1768 2510 1845 tepmihi
2540 1760 2785 1837 placare;
2816 1768 2992 1825 factus
3018 1780 3098 1825 est
3147 1773 3364 1841 adjutor
3413 1770 3583 1837 meus,
3629 1773 3775 1828 Deus

2197 1872 2369 1921 meus,
2410 1867 2531 1913 tuus
2555 1858 2622 1894 '"
2646 1859 2873 1915 dilectus
2899 1859 3089 1926 Filius,
3116 1876 3289 1916 meam
3319 1850 3649 1931 participans
3671 1861 3772 1915 hn-

2198 1948 2535 2015 manitatem,
2566 1957 2626 2005 ut
2654 1958 2871 2005 curaret
2900 1950 3293 2023 infirmitatem,
3330 1961 3597 2022 quatenus
3627 1953 3769 2009 unde

2195 2037 2347 2107 culpa
2370 2049 2667 2095 emerserat
2692 2042 2763 2074 ”°
2790 2041 3122 2112 otfensionis,
3159 2042 3284 2097 inde
3312 2043 3406 2097 tibi
3456 2043 3767 2098 immolaret

2196 2125 2517 2180 sacriﬁcium
2555 2126 2749 2193 laudis,
2782 2143 2974 2198 meque
2999 2145 3095 2199 per
3128 2132 3228 2185 hoc
3254 2138 3357 2185 tua:
3380 2131 3629 2187 redderet
3650 2131 3766 2201 pie-

2202 2214 2297 2268 tati
2342 2214 2684 2284 placabilem,
2711 2233 2819 2288 quo
2846 2220 3039 2275 sedens
3064 2202 3434 2275 ad‘dexteram
3468 2229 3611 2275 tuam
3627 2236 3769 2276 sem-

2194 2316 2290 2371 per
2317 2320 2449 2360 mea:
2475 2307 2789 2369 substantia:
2804 2324 2862 2362 se
2880 2310 3189 2364 ostenderet
3211 2312 3280 2343 '”
3304 2325 3423 2365 esse
3436 2319 3766 2366 consortem.

2194 2393 2332 2449 Ecce
2357 2410 2481 2465 spes
2503 2414 2644 2464 mea,
2666 2414 2793 2454 ecce
2826 2409 2935 2453 tota
2964 2398 3183 2453 ﬁducia.
3221 2398 3277 2453 Si
3307 2414 3391 2453 me
3410 2414 3509 2469 pro
3536 2414 3678 2467 mea,
3710 2408 3770 2454 ut

2194 2484 2411 2555 dignum
2438 2494 2541 2549 est,
2574 2486 2806 2556 despicis
2836 2486 3140 2555 iniquitate,
3184 2485 3395 2555 respice
3446 2501 3533 2540 me
3579 2486 3769 2542 saltem

2195 2575 2449 2629 misertus
2485 2590 2582 2644 pro
2604 2576 2697 2609 ¹⁹⁰⁰
2732 2576 2941 2630 dilectae
2970 2575 3169 2629 sobolis
3196 2574 3497 2640 charitate;
3552 2578 3772 2633 attende

2197 2660 2248 2714 in
2281 2660 2416 2715 Filio
2440 2677 2545 2732 quo
2575 2663 2882 2733 propitieris
2923 2677 3080 2718 servo
3104 2663 3218 2716 ίοοί.
3271 2663 3406 2719 Vide
3436 2657 3619 2719 carnis
3680 2680 3773 2720 sa—

2194 2762 2549 2819 cramentum,
2577 2762 2633 2808 et
2661 2754 2841 2809 carnis
2870 2755 3080 2808 remitte
3112 2761 3353 2818 reatum;
3397 2754 3573 2809 recole
3626 2755 3774 2825 quod

2196 2842 2365 2895 bonus
2393 2858 2677 2911 perpessus
2694 2844 2837 2897 estF
2846 2845 2983 2907 ilius,
3021 2852 3076 2897 et
3094 2844 3415 2899 obliviscere
3457 2845 3601 2913 quod
3652 2860 3774 2899 ma—

2196 2930 2278 2984 lus
2296 2945 2548 2999 operatus
2573 2944 2656 2987 cst
2704 2949 2895 2988 servus
2945 2934 3059 2988 ¹⁰⁰¹.
3108 2934 3333 3000 Quoties
3381 2934 3557 2989 beata:
3602 2934 3775 3003 prolis

2196 3022 2287 3074 tibi
2316 3032 2498 3091 patent
2521 3022 2613 3054 ¹⁰⁰³
2638 3022 2877 3085 vulnera,
2906 3022 3241 3087 delitescant,
3267 3022 3771 3088 obsecro,-.scelcra

2196 3126 2313 3164 mea
2360 3111 2484 3176 ‘°°‘;
2520 3112 2732 3180 quoties
2771 3115 2921 3167 rubet
2978 3112 3251 3180 pretiosus
3298 3113 3517 3181 sanguis
3567 3112 3656 3181 pio
3701 3113 3774 3167 de

2193 3200 2379 3264 latere,
2408 3199 2669 3265 deleatur,
2699 3202 2960 3269 supplico,
2987 3202 3135 3254 labes
3159 3202 3250 3232 ¹⁰⁰⁸
3276 3216 3406 3255 mea:
3433 3201 3770 3271 pollutionis.
3808 3224 3809 3227 η

2194 3290 2261 3343 Ει
2287 3291 2410 3359 quia
2444 3300 2495 3345 te
2514 3305 2639 3347 caro
2668 3290 3019 3344 lacessivitad
3043 3291 3199 3354 iram,
3233 3305 3361 3345 caro
3402 3300 3455 3345 te
3509 3289 3771 3354 inﬂectat,

2196 3393 2411 3447 precor,
2439 3380 2504 3433 ad
2537 3378 2987 3441 misericordiam,-
3016 3386 3073 3432 ut
3105 3378 3245 3432 sicut
3272 3393 3357 3432 me
3380 3392 3510 3433 caro
3547 3377 3774 3433 seduxit

2196 3468 2262 3522 ad
2292 3470 2524 3538 culpam,
2556 3484 2685 3523 caro
2712 3470 2803 3500 ¹⁰⁰⁶
2830 3470 3057 3523 deducat
3082 3471 3147 3522 ad
3180 3469 3413 3523 veniam.

2266 3560 2488 3615 Multum
2512 3562 2708 3631 quippe
2732 3561 2822 3592 υ³⁰⁷
2852 3569 2936 3615 est
2984 3562 3125 3628 quod
3160 3574 3279 3613 mea
3325 3566 3626 3613 mereretur
3662 3559 3770 3613 im-

2194 3651 2399 3719 pietas;
2436 3651 2591 3719 longe
2617 3660 2794 3703 autem
2844 3650 3015 3716 majus
3070 3660 3153 3703 est
3204 3651 3346 3717 quod
3392 3649 3773 3718 Redemptoris

2198 3740 2303 3795 mei
2336 3741 2568 3809 reposcit
2592 3739 2714 3808 jure
2739 3739 2913 3808 pietas
2940 3739 3060 3803 “N8;
3089 3754 3279 3808 magna
3312 3739 3468 3815 {enim
3507 3749 3589 3793 cst
3648 3752 3773 3794 mea

1823 3955 2051 4012 VARUS
2094 3957 2489 4013 LECTIONES.
2516 4036 2519 4039 _

593 4094 951 4158 ""‘Quomoilo
972 4094 1225 4161 quicquid
1244 4091 1810 4163 Som.Aug.qnoniam
1840 4094 2093 4163 quicquid
2166 4094 2234 4126 ⁹⁸⁰
2264 4094 2450 4163 Repeti
2473 4094 2617 4148 Som.
2650 4093 2821 4163 reperi
2895 4094 2962 4125 ⁹⁸¹
2992 4094 3109 4148 Misi
3137 4094 3311 4148 verbis
3336 4111 3349 4147 :
3370 4093 3491 4163 quia
3518 4110 3612 4160 pro
3634 4108 3773 4152 mets

523 4164 629 4219 dixi
657 4166 873 4216 missum
901 4165 1075 4225 lactis,
1096 4162 1404 4215 enutncravi
1424 4165 1775 4217 sanctissima:
1805 4166 1895 4218 tibi
1920 4162 2116 4217 sobolis
2147 4162 2371 4217 mortem
2392 4163 2534 4216 Sunt.
2560 4165 2693 4231 Aug.
2716 4162 2839 4216 misi
2863 4164 3036 4217 verbis
3058 4165 3299 4225 verbum,
3332 4162 3474 4231 qdod
3505 4180 3600 4229 pro
3633 4164 3774 4221 meis

519 4234 627 4285 dixi
654 4235 871 4286 missum
903 4234 1076 4292 lactis,
1103 4242 1158 4283 ct
1183 4233 1453 4283 numeravi
1490 4233 1580 4301 tibi
1615 4234 1967 4287 sanctissima:
1998 4235 2195 4288 sobolis
2220 4235 2517 4301 passionem
2560 4233 2960 4301 umAstrictam
2988 4232 3270 4286 sudoribus
3294 4232 3439 4301 Som.
3472 4232 3604 4301 Aug.
3638 4248 3738 4287 con
3758 4265 3773 4273 -

520 4302 1092 4368 strictam,juventutis
1116 4300 1398 4370 sudoribus
1472 4300 1676 4370 9"V’I’ost
1702 4302 1945 4354 allectam
1972 4302 2116 4355 Sunt.
2141 4299 2275 4370 Aug.
2302 4311 2481 4369 pustra
2514 4299 2761 4370 allectum
2815 4302 2911 4370 7’”;
2929 4301 3159 4354 Ditatam
3178 4316 3307 4354 vero
3329 4299 3471 4353 Som.
3499 4299 3633 4370 Aug.
3665 4304 3767 4353 do-

524 4382 687 4423 tatam
718 4387 843 4422 vero
917 4372 985 4399 9""
1019 4369 1070 4420 ln
1104 4371 1286 4421 dextra
1320 4368 1464 4439 Sam.
1510 4369 1559 4420 in
1594 4372 1811 4422 dextera
1839 4372 1971 4439 Aug.
2005 4372 2055 4423 in
2082 4368 2359 4424 dexteram
2434 4370 2501 4400 ⁸⁸⁸
2528 4368 2605 4421 Tu
2631 4369 2860 4435 placatio
2883 4368 3027 4439 Sam.
3060 4369 3195 4437 Aug.
3240 4370 3354 4423 hinc
3384 4368 3611 4434 placatio
3692 4372 3766 4403 98'

523 4440 847 4506 l’ropitiatin
881 4454 1021 4497 mea,
1050 4437 1381 4507 bicintcude
1414 4440 1528 4504 pius
1557 4439 1822 4503 quomodo
1838 4437 2086 4507 genueris
2111 4440 2255 4493 Sam.
2302 4439 2439 4506 Aug.
2470 4439 2777 4507 propitiatio
2817 4447 2927 4491 tua.
2959 4438 3055 4491 llic
3095 4440 3310 4492 attende
3337 4440 3455 4506 pius
3478 4453 3636 4505 quem
3668 4456 3770 4507 ge-

521 4505 706 4559 nueris
780 4509 848 4573 9%“
886 4508 1081 4571 Recipe
1122 4505 1255 4571 Aug.
1286 4507 1489 4571 respice
1561 4508 1630 4539 ’89
1660 4505 1955 4576 l’rarcipitia
1989 4509 2203 4561 vallium
2236 4505 2417 4561 multis
2437 4505 2737 4575 quats'icrat,
2772 4508 3039 4575 variisque
3070 4505 3347 4561 laboribus
3372 4509 3460 4576 qui
3507 4508 3619 4575 jam
3649 4505 3772 4560 mo-

521 4578 679 4631 rienti
715 4576 857 4629 Sam.
890 4592 983 4642 per
1012 4577 1311 4648 pt'u‘cipilia
1330 4576 1542 4648 vallium
1594 4578 1774 4630 multis
1796 4575 2064 4645 variisque
2097 4578 2384 4648 quaesierat
2417 4578 2688 4630 laboribus
2756 4576 2965 4645 Quique
2989 4575 3099 4644 jam
3124 4577 3371 4629 morienti
3447 4578 3517 4610 99°
3539 4577 3609 4630 Se
3640 4592 3769 4648 snp-

522 4649 669 4712 ponit
704 4648 839 4713 Aug.
870 4661 933 4715 se
950 4645 1227 4713 supposuit
1300 4645 1364 4675 θοι
1399 4644 1637 4699 lunixam
1670 4648 1733 4700 dc
1789 4644 2125 4699 confusionis,
2176 4647 2369 4715 abysso
2406 4685 2425 4702 .
2465 4685 2478 4698 .
2522 4644 2917 4699 constructam.
2962 4683 2976 4697 .
3017 4660 3205 4699 novem
3258 4661 3431 4698 unam-
3460 4684 3473 4698 .
3514 4684 3530 4699 .
3566 4644 3763 4715 depor-

524 4716 650 4767 tavit
689 4728 862 4767 ovem.
898 4713 1043 4768 Sum.
1096 4716 1353 4785 annixapi
1383 4716 1464 4785 de
1508 4718 1766 4781 profunda
1820 4716 2171 4785 confusionis
2208 4713 2403 4785 abysso
2446 4755 2459 4768 .
2503 4753 2518 4767 .
2548 4716 2830 4769 astrictam
2875 4754 2888 4768 .
2933 4755 2945 4767 .
2972 4728 3185 4785 novem,
3232 4730 3390 4785 uuam
3445 4713 3763 4785 reportavit.

520 4785 657 4851 Aug.
680 4786 1100 4855 ominabantur]
1175 4784 1246 4855 9“:
1278 4782 1393 4855 Tibi
1424 4798 1577 4855 mrem
1609 4802 1767 4852 quam
1800 4787 2111 4838 cotiitnisisli
2147 4782 2295 4837 Sam.
2339 4788 2470 4852 Aug.
2507 4785 2598 4837 tibi
2642 4786 2781 4853 quod
2797 4783 3113 4855 commisisti
3152 4783 3255 4855 _°”
3282 4783 3595 4855 Deviaverat
3619 4784 3763 4855 Aug.

522 4855 758 4906 deviavit
832 4853 901 4889 99‘
940 4854 1046 4905 Sua
1069 4852 1281 4921 propria
1318 4851 1516 4905 fecerat
1544 4851 1689 4905 sum.
1727 4870 1818 4905 sua
1850 4854 2052 4907 fecerat
2124 4856 2193 4887 9³³
2226 4854 2327 4907 l‘er
2356 4851 2612 4907 factorem
2642 4851 2822 4906 mundi
2850 4863 3120 4906 mercatur
3142 4851 3288 4905 Sam.
3322 4869 3415 4920 per
3438 4851 3772 4907 satisfactio-

521 4937 641 4975 nem
672 4923 826 4990 hujus
858 4920 1127 4976 mercatur
1150 4924 1283 4990 Aug.
1318 4937 1411 4989 per
1444 4922 1729 4974 factionem
1765 4923 1921 4987 hujus
1996 4925 2067 4953 πθ
2103 4924 2308 4992 Quippe
2339 4940 2435 4991 pro
2591 4923 3158 4991 sperabatgehennam
3216 4921 3361 4972 Sam.
3397 4921 3531 4987 Aug.
3562 4920 3772 4992 cuique

522 5007 615 5058 pro
658 5029 670 5042 .
717 4988 1039 5057 {supererat
1066 4988 1327 5059 gehenna
1380 4991 1448 5030 “9"
1475 4993 1699 5059 Adjulor
1734 5008 1883 5043 meus
1918 5003 2038 5044 tuus
2088 4988 2410 5057 Sont'fAug.
2436 4988 2650 5057 adjutor
2673 5007 2844 5044 mens.
2878 4990 3015 5045 Deus
3039 5005 3208 5059 lngus,
3242 5000 3361 5042 tuus
3436 4992 3504 5021 9""
3541 4988 3767 5058 Culpam

521 5052 774 5111 emiserat
801 5052 943 5112 Sam.
993 5052 1127 5129 Any.
1157 5062 1309 5127 culpa
1338 5052 1636 5113 enucrscint
1709 5062 1778 5091 πί)
1816 5061 1895 5112 Mc
1922 5062 2237 5114 substantia:
2291 5052 2599 5114 ostenderet
2653 5062 2800 5114 Sam.
2847 5063 2979 5127 Aug.
3011 5069 3055 5113 et
3085 5052 3228 5129 Edil.
3268 5059 3423 5111 Galli.
3482 5074 3611 5112 mea:
3638 5052 3771 5113 sub-
3798 5069 3815 5083 '

520 5130 733 5181 stantia:
755 5144 812 5181 sc
834 5128 1139 5183 ostenderet
1215 5132 1304 5160 ¹⁰⁰⁰
1338 5131 1561 5195 Respice
1592 5131 1818 5183 Salutem
1849 5132 2101 5182 misertus
2126 5132 2173 5182 in
2206 5148 2287 5183 me
2312 5148 2406 5195 pro
2432 5130 2575 5182 Sam.
2607 5130 2740 5194 Aug.
2772 5132 2975 5196 respice
3006 5145 3090 5181 nte
3114 5128 3298 5179 saltem
3331 5130 3638 5189 misericors
3666 5144 3769 5196 pro

525 5200 613 5229 ¹⁰⁰¹
649 5198 701 5249 In
733 5199 841 5251 lilio
865 5202 1081 5251 attende
1128 5200 1254 5267 quid
1287 5201 1594 5266 propitieris
1637 5202 1689 5253 in
1738 5215 1892 5252 servo
1930 5200 2075 5251 Sent.
2105 5202 2235 5267 Aug.
2280 5201 2496 5251 attende
2533 5200 2585 5251 in
2622 5201 2747 5260 lilio,
2776 5215 2882 5265 quo
2906 5198 3211 5267 propitieris
3239 5214 3394 5251 servo
3470 5198 3562 5228 ‘°°’
3586 5196 3763 5267 Reco-

523 5267 569 5317 le
599 5269 738 5333 quod
776 5268 947 5321 bonus
978 5266 1258 5335 pet‘poSSus
1282 5278 1363 5321 est
1391 5270 1547 5332 lilius,
1574 5270 1965 5322 etobliviscere
1988 5271 2130 5334 quod
2165 5266 2331 5321 malus
2356 5278 2711 5337 operatusest
2741 5283 2927 5322 servus
2950 5267 3090 5337 Som.
3129 5276 3173 5317 ct
3202 5267 3332 5335 Aug.
3354 5269 3462 5320 Iure
3493 5266 3760 5337 o‘utitlunt.

523 5337 616 5365 ²⁰⁰³
645 5336 760 5387 ἨΜ
795 5333 1185 5403 sanciapatent
1215 5338 1356 5389 Sum.
1402 5340 1535 5407 Aug.
1599 5340 1691 5391 tibi
1746 5349 1935 5406 patrnt
2012 5340 2103 5367 "’0"
2136 5340 2366 5391 Vulnera
2393 5333 2535 5389 'tuca
2578 5336 2720 5390 Sum.
2773 5340 2904 5405 Any.
2954 5336 3153 5407 scelera
3192 5333 3304 5389 mea
3382 5337 3473 5407 ¹ν⁰⁰⁵
3512 5333 3769 5407 lli-lcatttr

524 5406 761 5471 Supplice
794 5408 940 5458 tabes
972 5408 1114 5458 Sum.
1142 5409 1415 5459 diluuntur
1436 5404 1663 5462 obsecro
1691 5404 1838 5459 labes
1864 5408 2255 5475 Aug.diluatur
2284 5408 2509 5459 obsecro
2542 5406 2684 5457 labes
2763 5408 2853 5437 ¹⁰⁰⁶
2875 5408 2952 5458 Ad
2979 5405 3211 5472 culpatur,
3232 5406 3521 5475 caroSoin.
3555 5404 3619 5475 ad
3651 5405 3767 5455 rul-

524 5487 671 5544 νειηιΣ
700 5476 774 5525 sic
806 5492 932 5527 (‘aro
1011 5480 1096 5505 “"”
1132 5478 1349 5527 Multum
1376 5479 1587 5541 quidem
1617 5480 1760 5533 Seni.
1791 5479 1925 5544 Aug.
1952 5474 2181 5531 multum
2209 5494 2439 5543 nutuque
2471 5476 2607 5527 fidit.
2634 5476 2784 5529 Catii.
2819 5478 3036 5530 tnultmu
3064 5475 3255 5543 quinte
3333 5477 3419 5505 ‘0‘”
3446 5474 3618 5527 l‘osrit
3647 5475 3756 5540 pir-

528 5551 607 5597 tas
641 5540 779 5592 Sum.
810 5550 915 5612 Aug
972 5548 1199 5613 reposcit
1227 5546 1340 5611 iure
1371 5540 1538 5612 pictas
