4200 6244
546 297 651 353 867
904 294 962 350 S.
1000 293 1298 351 ANSELMI
1334 292 1685 353 εΑΝτυΑιι.
1714 296 2031 354 ARClllEP.
2062 297 2212 354 ΟΙῬ.
2252 297 2429 352 PARS
2469 292 2993 353 ll.-—PAR}ENET.
3031 294 3120 351 ET
3156 295 3397 351 ASCET.
3684 297 3789 355 868

544 421 646 462 nec
667 410 715 458 ei
745 405 907 461 ullam
933 419 1081 476 spem
1125 408 1381 463 evadendi
1431 411 1717 483 relinquat,
1767 412 1834 467 ad
1878 420 2107 467 matrem
2140 416 2187 474 Α
2215 427 2311 465 nos
2341 409 2589 481 despicis,
2617 409 2736 465 ideo
2784 409 2909 479 quia
2948 408 3131 464 multis
3161 406 3536 479 iniquitatibus
3566 409 3789 466 involvi-

543 497 847 567 superbiam
874 496 1125 561 recurrit,
1151 506 1206 552 et
1253 498 1367 566 ejus
1406 501 1640 558 animata
1676 500 1952 559 mortifero
1991 518 2120 558 con-
2220 515 2344 555 mur
2371 501 2481 565 ¹⁰³⁸,
2513 499 2704 554 saltem
2739 500 2905 555 reduc
2926 500 2993 554 ad
3021 513 3119 554 nos
3172 496 3554 553 misericordes
3602 497 3790 556 oculos

542 586 665 643 silio
691 588 939 643 virtutem
978 585 1229 656 diligendi
1276 589 1410 646 Dum
1454 602 1512 648 et
1552 594 1855 665 preximum
1906 593 1958 651 ei
2000 595 2119 663 pri-
2222 596 2361 655 tuos,
2384 590 2506 657 quia
2530 598 2779 643 creatura
2807 598 2893 643 tua
2920 603 3130 645 sumus.
3176 586 3244 643 Et
3270 587 3411 641 sicut
3446 585 3789 643 verissimum

540 692 685 732 mum
713 675 962 732 abscidit.
1007 678 1144 733 Dum
1180 680 1323 736 enim
1354 683 1558 751 infelix,
1584 699 1740 753 quem
1780 683 1955 741 inanis
1980 683 2108 757 .glo-

2216 687 2301 735 est
2328 688 2380 736 te
2402 688 2643 735 nostrum
2669 694 2884 749 semper
2917 695 3037 737 esse
3064 680 3407 745 Creatorem,
3452 679 3532 733 sic
3576 692 3791 748 semper

539 765 619 821 ria
650 765 841 831 inficit,
890 768 1138 838 superior
1179 774 1389 828 caeteris
1416 773 1585 830 videri
1643 775 1808 846 cupit,
1862 775 1909 832 si
1955 791 2108 847 quem

2214 776 2272 825 et
2307 769 2502 838 ubique
2527 768 2826 825 sentiamus
2848 778 2899 824 te
2928 779 3173 827 nostrum
3201 784 3320 825 esse
3351 768 3789 835 defensorem,et

536 854 843 911 considerat
868 856 921 911 in
945 858 1104 915 bonis
1131 859 1222 897 ⁸⁸³³
1243 862 1495 935 cperibus
1550 862 1827 919 meliorem
1873 879 1933 921 se
1972 881 2111 932 esse,

537 948 842 1017 rectiusque
871 948 1121 1006 incedere
1140 965 1337 1021 negare
1357 967 1460 1007 non
1482 955 1674 1024 possit,
1699 954 1865 1022 illum,
1891 958 1939 1012 sl
1954 958 2110 1025 valet,

535 1040 590 1087 et
612 1036 793 1089 omnia
822 1049 939 1106 quae
958 1039 1088 1107 agit,
1119 1039 1404 1108 opprimit;
1435 1055 1543 1097 non
1568 1043 1732 1111 valet,
1774 1044 1903 1114 quia
1928 1054 2113 1115 aperte

535 1132 681 1180 recta
712 1133 852 1189 sunt,
892 1126 1079 1182 saltem
1102 1134 1163 1183 ut
1189 1143 1296 1185 non
1324 1146 1393 1186 ex
1414 1139 1528 1187 toto
1567 1141 1718 1189 recte
1740 1142 1861 1190 aeta
1889 1133 2111 1189 creden-

536 1211 603 1265 da
631 1213 759 1278 sint,
791 1229 1112 1286 quocunque
1134 1219 1295 1274 modo
1319 1221 1639 1278 obnubilare
1661 1222 1876 1294 satagit.
1910 1222 2110 1293 Sicque

535 1303 698 1357 miser
721 1305 935 1363 animus
964 1307 1067 1364 hac
1084 1311 1402 1381 captivitate
1423 1326 1723 1381 possessus,
1777 1318 1880 1371 nec
1902 1324 2106 1371 rectum

532 1392 661 1461 agit,
692 1394 737 1448 si
768 1395 897 1464 quid
920 1405 1127 1453 rectum
1163 1413 1321 1470 agere
1341 1400 1605 1467 videatur,
1635 1403 1759 1471 quia
1788 1394 1887 1458 nec
1916 1405 2104 1473 proxi-

532 1496 679 1537 mum
708 1483 901 1554 diligit,
930 1501 1091 1555 quem
1114 1489 1255 1543 sicut
1280 1502 1341 1544 se
1365 1503 1549 1548 amare
1571 1492 2105 1563 praecipiturwtmh.

532 1572 786 1640 mulo),
817 1587 917 1627 nec
952 1574 1117 1629 Deum
1166 1585 1333 1641 amat,
1384 1592 1543 1647 quem
1592 1579 1693 1635 hoc
1740 1582 1946 1651 agemlo
1996 1597 2105 1639 non

533 1675 716 1717 arttare
737 1661 1070 1718 convincitur
1097 1665 1208 1719 ¹⁰³¹.
1258 1665 1359 1733 Qui
1406 1668 1551 1722 enim
1600 1669 1902 1739 proximum
1945 1686 2100 1726 suum

2218 857 2476 912 adversus
2524 857 2771 913 inimicos
2815 866 3032 913 nostros
3079 858 3477 913 iudetlcientem
3519 865 3789 929 protectae

2214 960 2347 1010 rem,
2380 954 2438 999 ut
2464 946 2515 999 in
2538 946 2786 1015 przesenti
2818 946 2927 1001 vita
2952 960 3208 1016 sempera
3232 955 3285 1002 te
3298 945 3505 1002 defensi
3521 956 3576 1001 et
3592 945 3783 1017 adjuti,

2210 1035 2365 1090 linito
2392 1033 2668 1106 temporali
2692 1051 2878 1103 cursu,
2923 1035 2991 1091 ad
3023 1044 3078 1091 te
3100 1034 3418 1092 Creatorem
3465 1044 3707 1092 nostrum
3730 1044 3787 1092 et

2213 1122 2499 1179 Dominum
2529 1126 2908 1194 perveniamus
2952 1123 3296 1183 abomuibus
3340 1126 3579 1198 peccatis
3627 1141 3786 1181 mun-

2211 1214 2321 1272 dati
2356 1224 2412 1272 et
2435 1216 2684 1273 absoluti.
2706 1217 2921 1278 Ameua

2749 1326 3002 1385 ORATIO
3034 1326 3104 1385 Π
3140 1328 3250 1382 ⁸⁸⁸⁸.

2207 1435 2338 1493 Cum
2356 1449 2599 1507 ραι-αισι·
2625 1440 3076 1511 “iniquitatibus
3096 1442 3209 1497 suis
3235 1440 3456 1495 multum
3479 1442 3781 1511 utensilia.

2276 1524 2466 1630 carnari:
2490 1526 2668 1564 coram
2686 1506 2815 1571 Deo,
2843 1506 2985 1564 omni
3008 1510 3293 1581 postposita
3325 1510 3651 1579 uerecundia,
3690 1528 3780 1568 ιιι

2273 1594 2341 1646 pa
2416 1594 2432 1630 ι
2462 1617 2475 1631 .
3252 1612 3255 1615 ι
3355 1637 3365 1644 ,

2276 1666 2568 1733 Altissime,
2597 1676 2652 1725 et
2702 1669 2987 1727 mitissime
3038 1676 3251 1725 amator
3302 1668 3579 1724 hominum
3613 1669 3811 1736 Deus,,

532 1764 636 1804 non
666 1760 832 1819 amat,
868 1767 967 1808 nec
987 1769 1134 1820 eum,
1164 1755 1220 1810 iu
1275 1766 1534 1826 quantum
1570 1729 1709 1815 valet
1751 1769 1811 1815 ut
1862 1761 1915 1815 in
1966 1763 2107 1821 bono
2136 1729 2181 1791 Β
2208 1755 2432 1813 Greater
2482 1772 2544 1814 et
2592 1760 2920 1829 gubernator
2960 1759 3198 1815 omnium
3240 1769 3632 1826 creaturarum,
3678 1761 3781 1816 im-

530 1840 794 1908 proticere
824 1844 1009 1911 possit,
1061 1845 1299 1913 adjuvat,
1331 1862 1431 1903 nec
1461 1848 1601 1905 Deus
1634 1848 1783 1906 illum
1815 1862 1981 1919 amat,
2009 1868 2109 1913 nec

530 1926 597 1981 ad
632 1927 748 1996 ejus
777 1944 938 1999 opera
970 1924 1444 2004 respicit,'etiamsi
1468 1954 1652 1993 coram
1698 1940 2007 2001 hominibus
2033 1945 2109 1998 vi-

531 2016 760 2072 deantur
781 2035 902 2077 esse
930 2022 1087 2078 bona.
1121 2024 1259 2091 Quid
1293 2029 1593 2098 vero,quid
1641 2029 1890 2085 miserius
1936 2014 2109 2101 potest

529 2122 651 2161 esse
681 2110 899 2165 homine
932 2114 1021 2182 qui
1050 2128 1109 2169 se
1137 2115 1204 2170 de
1231 2115 1372 2171 bono
1396 2133 1559 2188 opere
1586 2112 1825 2175 extollit?
1845 2120 1964 2187 Qui,
1982 2128 2107 2179 dum

530 2211 654 2254 sese
682 2209 832 2268 putat
855 2202 1133 2273 extollere,
1164 2204 1231 2260 de
1255 2208 1502 2277 supernis
1538 2207 1604 2261 ad
1629 2194 1735 2263 ima
1758 2211 1892 2273 ruit;
1921 2226 1963 2265 su
2004 2226 2110 2266 ier-

532 2288 619 2344 bia
649 2292 791 2346 enim
823 2308 1034 2364 semper
1062 2299 1384 2353 naturaliter
1430 2299 1485 2355 in
1535 2299 1858 2369 profundum
1908 2301 2107 2358 inferni

526 2378 690 2449 jacet,
730 2381 1003 2439 humilitas
1029 2400 1156 2441 vero
1182 2401 1396 2457 semper
1422 2388 1478 2443 in
1500 2388 1649 2444 caelis
1689 2390 1918 2455 habitat,
1970 2402 2023 2447 et
2052 2394 2104 2447 in

530 2468 669 2524 caelo
690 2480 891 2532 manet.
926 2472 990 2526 Et
1012 2487 1169 2544 quem
1206 2475 1382 2532 inanis
1413 2464 1579 2548 gloria
1605 2478 1669 2533 de
1709 2480 1935 2535 summis
1974 2481 2107 2550 deji-

532 2558 625 2625 cit,
655 2560 905 2628 superbia
935 2572 1108 2617 mater
1136 2563 1253 2632 ejus
1277 2566 1330 2621 in
1381 2566 1622 2622 bracbiis
1660 2577 1875 2623 aeterna:
1931 2570 2107 2647 perdi-

536 2649 698 2705 tionis
722 2652 952 2720 excipit;
985 2655 1124 2708 sicut
1175 2656 1483 2711 eeontrario
1535 2656 1645 2723 ²⁰³⁸,
1689 2660 1840 2730 cujus
1892 2660 2107 2718 humilis

534 2742 870 2796 conversatio
891 2751 977 2797 est
1012 2744 1062 2797 in
1086 2746 1267 2810 terris,
1315 2745 1456 2802 Deus
1481 2749 1573 2817 qui
1617 2748 1835 2804 humilia
1878 2752 2102 2820 respicit,

531 2837 580 2883 et
602 2828 935 2901 altaalonge
979 2837 1236 2901 cognoscit
1279 2833 1454 2905 (Prol.
1494 2851 1709 2902 cxxxvr,
1743 2838 1817 2908 6),
1871 2856 1993 2895 eum
2037 2842 2105 2896 de

531 2918 639 2974 ima
665 2923 1074 2977 conversatione
1102 2923 1273 2979 elevat
1298 2926 1351 2979 in
1375 2928 1540 2982 caelos

602 3008 818 3075 Fateor,
852 3012 1131 3069 mitissime
1162 3014 1320 3083 Deus,
1349 3016 1519 3075 lateor
1544 3034 1629 3075 me
1678 3020 1761 3077 bis
1789 3020 1957 3078 tribus
1986 3038 2102 3079 ma-

531 3096 619 3161 iis,
652 3098 759 3153 imo
790 3100 872 3155 bis
906 3102 1073 3158 tribus
1118 3102 1271 3160 furiis
1309 3105 1659 3163 infernalibus
1710 3109 1946 3181 graviter
1983 3126 2103 3167 esse

533 3196 963 3257 prostratum,et
1018 3191 1129 3247 fere
1178 3208 1348 3262 usque
1392 3197 1460 3249 ad
1498 3196 1771 3251 interitum
1825 3197 1878 3250 in
1927 3199 2101 3253 anima

534 3278 897 3342 vulneratum,
941 3292 1015 3344 et,
1064 3281 1167 3334 nisi
1224 3282 1686 3352 indulgentissima
1738 3287 2105 3343 misericordia

539 3374 629 3419 tua
658 3366 766 3419 cito
797 3368 1100 3433 subveniat,
1139 3371 1354 3437 gravius
1402 3363 1523 3427 esse
1571 3375 1949 3430 damnandum.
1992 3376 2105 3432 lleu

539 3456 724 3523 miser,
756 3458 860 3513 heu
897 3460 1097 3525 miser,
1148 3476 1362 3531 semper
1414 3474 1468 3518 et
1505 3464 1721 3533 ubique,
1775 3466 1874 3521 ben
1919 3467 2103 3532 miser,

538 3559 740 3616 quanta
767 3552 1047 3619 captivitas
1072 3559 1156 3606 est
1194 3554 1376 3607 miseri
1407 3555 1658 3610 hominis.
1693 3554 1751 3611 Si
1782 3555 1922 3611 male
1948 3557 2099 3621 vivit,

538 3649 622 3693 est
648 3650 833 3709 aperta
869 3643 1168 3706 damnatio;
1199 3643 1243 3697 si
1276 3652 1421 3698 recte
1476 3645 1690 3713 quidem
1733 3646 1913 3700 vivere
1956 3644 2103 3699 vide—

538 3741 646 3796 tur,
670 3733 762 3786 sed
793 3732 1002 3787 incaute
1029 3748 1088 3787 se
1122 3734 1454 3799 custodiens,
1512 3735 1636 3789 inde
1665 3735 1948 3806 gloriatur,
2004 3736 2101 3791 ite-

448 3836 453 3847 ‘
538 3839 655 3878 rum
675 3834 759 3878 est
783 3826 980 3881 misero
1006 3836 1152 3881 certa
1186 3840 1351 3892 mors,
1414 3836 1690 3881 etzeterua
1740 3827 2033 3881 damnatio.
2058 3826 2102 3882 Ο

536 3914 697 3979 Deus,
726 3925 965 3971 nostrum
987 3918 1273 3987 refugium,
1301 3934 1334 3973 ο
1358 3918 1582 3973 Creator
1609 3926 1813 3981 noster,
1858 3926 1910 3972 et
1930 3918 2102 3972 virtus

537 4014 720 4059 nostra
743 4007 997 4062 adversus
1022 4021 1112 4063 eos
1135 4012 1224 4077 qui
1250 4023 1348 4064 nos
1376 4017 1789 4078 persequuntur,
1845 4016 1899 4060 et
1946 4008 1991 4060 si
2051 4016 2103 4061 te

536 4109 637 4149 nos
666 4095 1126 4166 videriutpropler
1153 4108 1370 4166 peccata
1397 4107 1577 4152 nostra
1604 4096 1900 4157 dimittere,
1953 4110 2097 4149 sem-

536 4198 633 4253 per
664 4183 1001 4248 insidiantur,
1035 4186 1224 4254 adjuva
1255 4202 1369 4249 nos,
1407 4186 1731 4248 misericors,
1784 4193 1869 4236 tua
1897 4184 2105 4237 miscri-

536 4276 715 4329 cordia
740 4289 949 4344 semper
976 4276 1293 4346 indigentes,
1311 4286 1414 4331 tuae
1432 4275 1793 4331 miserationis
1816 4278 2097 4342 auxilium,

2210 1857 2407 1901 mensae
2439 1846 2665 1901 bonitati
2714 1855 2823 1927 tute
2868 1846 3131 1902 conﬁteor
3176 1845 3355 1902 omnia
3398 1856 3621 1917 peccata
3660 1862 3779 1903 mea

2209 1949 2539 2008 quaceuuQue
2562 1953 2881 2009 quocunque
2908 1940 3064 1996 modo
3088 1938 3211 2005 feci,
3238 1955 3303 1996 ex
3328 1956 3390 1995 ea
3420 1941 3552 1997 hora
3579 1957 3645 1998 ex
3670 1956 3777 2012 qua

2209 2036 2445 2096 peccare
2454 2028 2601 2097 potui
2628 2043 2799 2102 usque
2823 2028 2891 2083 ad
2913 2030 3053 2084 hanc
3079 2030 3264 2084 horam
3292 2031 3343 2085 in
3367 2046 3469 2100 qua
3489 2031 3663 2087 adhuc
3684 2045 3782 2100 per

2208 2117 2633 2175 misericordiam
2687 2130 2831 2174 tuam
2878 2134 2964 2174 me
3022 2120 3202 2175 vivere
3258 2121 3481 2190 pateris.
3526 2120 3775 2176 Omnium

2206 2218 2336 2260 vero
2363 2224 2467 2265 non
2495 2224 2711 2278 possum
2746 2222 2866 2263 esse
2887 2221 3112 2273 memor,
3139 2209 3262 2279 quia
3309 2208 3474 2264 multa
3527 2219 3672 2278 sunt,
3722 2219 3778 2267 et

2206 2300 2363 2357 facile
2385 2299 2692 2355 enumerari
2722 2314 2825 2353 non
2854 2305 3098 2367 possunt.
3148 2296 3253 2352 Sed
3303 2306 3381 2364 tu,
3429 2296 3668 2369 piissime
3720 2306 3777 2354 et

2206 2389 2708 2449 misericordissime
2734 2388 2895 2454 Deus,
2927 2388 3012 2443 cui
3042 2397 3167 2441 nota
3227 2395 3355 2441 sunt
3399 2388 3578 2442 omnia
3621 2394 3778 2443 ante-

2207 2496 2369 2550 quam
2418 2479 2573 2543 tiant,
2608 2479 2700 2549 qui
2746 2490 2907 2533 verus
2957 2478 3231 2547 inspector
3285 2491 3345 2533 es
3392 2477 3773 2548 cogitationum

2210 2568 2324 2635 “3’,
2360 2578 2413 2623 et
2432 2562 2762 2638 jttstissinius
2788 2574 3057 2622 scrutator
3078 2567 3256 2622 cordis
3280 2570 3340 2623 'ct
3386 2582 3571 2623 renum
3599 2565 3773 2640 (Pul.

2207 2674 2301 2723 vn,
2328 2658 2438 2727 10),
2466 2652 2528 2713 ἰιι
2578 2659 2716 2714 nosti
2754 2657 2933 2714 omnia
2979 2666 3197 2726 peccata
3251 2672 3389 2723 mea,
3443 2668 3775 2727 quacunque

2206 2750 2311 2818 egi,
2339 2747 2417 2803 vel
2450 2748 2623 2802 adhuc
2653 2762 2769 2817 ago,
2793 2745 2874 2800 vel
2900 2746 3046 2799 intus
3081 2742 3133 2798 in
3165 2745 3343 2797 anima
3386 2757 3502 2799 mea
3553 2758 3653 2814 per
3679 2757 3775 2800 oc.

2202 2838 2373 2894 cultas
2403 2836 2772 2906 cogitationes,
2796 2836 2877 2891 vel
2908 2834 3036 2889 foris
3055 2849 3155 2904 per
3177 2844 3391 2905 apertas
3407 2835 3771 2905 operatioues.

2204 2929 2269 2983 Et
2293 2934 2601 2997 propterea,
2632 2924 2753 2993 quia
2782 2925 3045 2979 veraciter
3100 2923 3189 2956 ’⁸⁸⁸
3222 2923 3335 2978 haec
3361 2924 3540 2977 omnia
3563 2938 3647 2978 me
3695 2920 3775 2976 l‘e-

2128 3049 2174 3109 c
2207 3020 2346 3077 cisse
2383 3026 2569 3072 contra
2592 3008 2917 3071 voluntatem
2943 3023 3087 3069 tuam
3116 3012 3369 3084 intelligis
3416 3011 3528 3077 ‘°”,
3584 3025 3770 3067 coram

2207 3112 2485 3182 majestate
2512 3118 2623 3171 tua,
2645 3116 2700 3162 et
2725 3121 2906 3161 coram
2931 3105 3179 3161 omnibus
3203 3102 3401 3159 sanctis
3426 3103 3531 3158 tuis
3553 3102 3665 3167 ¹⁶⁴⁸,
3685 3118 3773 3158 me

2204 3218 2352 3257 reum
2382 3210 2435 3256 et
2464 3184 2781 3269 culpabilem
2802 3210 2921 3251 esse
2949 3194 3209 3250 conﬁteor
3237 3235 3253 3259 ,
3281 3203 3334 3249 et
3363 3192 3465 3248 nisi
3493 3192 3774 3265 indulgeo-

2206 3292 2410 3346 tissima
2433 3288 2799 3345 misericordia
2815 3297 2903 3340 tua
2916 3286 3062 3355 prius
3075 3284 3373 3349 subveniat,
3390 3293 3509 3352 post
3521 3284 3611 3317 ‘°“
3628 3299 3774 3341 mor-

2205 3388 2310 3435 tem
2342 3378 2521 3433 carnis
2549 3384 2747 3430 materna
2781 3382 2952 3435 morte
2977 3387 3095 3428 esse
3127 3371 3508 3437 damnandum,
3535 3371 3776 3429 aeternis-

2206 3484 2307 3540 que
2337 3467 2615 3522 tormentis
2638 3466 2726 3497 ¹⁰⁸¹
2743 3463 3064 3519 asternaliter
3085 3476 3205 3516 esse
3229 3458 3601 3533 torquendum.

2278 3558 2424 3621 Scio,
2454 3555 2762 3611 dulcissime
2788 3554 2945 3618 Deus,
2997 3554 3109 3607 scio
3134 3554 3257 3621 quia
3305 3566 3392 3607 me
3439 3551 3659 3617 creasti,
3715 3561 3773 3608 et

2204 3657 2441 3703 creatum
2468 3646 2886 3701 misericorditer
2914 3642 3169 3707 dilexisti,
3192 3652 3246 3697 et
3269 3642 3392 3711 quia
3421 3642 3488 3696 ad
3538 3642 3638 3698 hoc
3681 3655 3773 3696 me

2201 3739 2414 3799 ereasti,
2449 3748 2507 3791 ut
2535 3746 2588 3793 et
2610 3751 2709 3805 ego
2738 3748 2954 3804 quoque
2985 3743 3036 3788 te
3060 3734 3371 3789 Creatorem
3406 3745 3605 3796 meum,
3631 3730 3776 3789 sicut

2202 3828 2419 3895 dignum
2445 3836 2607 3889 esset.
2640 3824 2934 3894 diligerem,
2962 3821 3172 3892 tuisque
3198 3820 3477 3891 praeceptis
3506 3834 3602 3889 per
3648 3832 3771 3874 om-

2202 3919 2288 3972 nia
2323 3918 2579 3973 obediens
2607 3929 2801 3970 essem.
2828 3914 2889 3967 Et
2919 3913 3019 3968 hoc
3044 3920 3208 3965 totum
3238 3909 3303 3962 ad
3350 3910 3547 3963 bonum
3589 3923 3771 3964 meum

2203 4007 2399 4071 fecisti,
2423 4023 2525 4062 non
2556 4016 2615 4059 ut
2639 4015 2692 4059 tu
2724 4019 2819 4074 per
2851 4019 2935 4058 me
2960 4003 3050 4034 ’°“
3099 4001 3181 4056 vel
3221 3999 3409 4055 melior
3460 4013 3628 4065 esses,
3686 3998 3774 4059 Vel

2205 4096 2257 4150 in
2294 4096 2470 4164 aliquo
2487 4095 2648 4149 ditior
2676 4095 2957 4147 existeres.
3013 4092 3090 4144 Tu
3124 4091 3263 4144 enim
3291 4090 3437 4143 nullo
3462 4091 3601 4144 bono
3620 4102 3771 4159 eges,

2204 4187 2328 4255 quia
2353 4194 2407 4238 tu
2433 4182 2788 4238 essentialiter
2819 4197 2877 4235 es
2908 4183 3078 4247 ipsum
3138 4182 3355 4243 bonum,
3403 4187 3456 4234 et
3508 4195 3537 4234 a
3584 4192 3633 4234 te
3685 4189 3773 4235 est

2203 4277 2378 4331 omnis
2404 4277 2592 4340 bonus,
2624 4274 2927 4344 quicunque
2960 4272 3129 4324 bonus
3156 4279 3257 4322 est.
3292 4269 3355 4322 Et
3392 4271 3509 4323 ideo
3551 4285 3652 4324 non
3679 4285 3772 4338 po-

534 4365 817 4436 plusquam
844 4366 998 4421 nobis
1022 4369 1318 4435 expediret,
1358 4368 1531 4437 tepide
1578 4368 1929 4438 postulantes.
1966 4370 2031 4423 Et
2054 4370 2098 4424 si
2129 4388 2177 4447 υ
2206 4376 2285 4423 tes
2316 4381 2434 4421 esse
2464 4365 2544 4419 vel
2572 4364 2781 4426 melior,
2820 4362 2903 4415 vel
2930 4361 3021 4395 ‘W
3052 4359 3237 4420 ditior;
3286 4367 3339 4412 et
3389 4358 3489 4412 huc
3536 4374 3640 4433 non
3672 4373 3774 4429 per

1791 4499 2020 4555 VARl/E
2062 4502 2459 4559 LECTIONES.

610 4621 698 4651 ‘°"
736 4618 1053 4691 Considerat
1098 4620 1152 4670 in
1196 4618 1348 4691 bouis
1396 4635 1517 4672 mss.
1547 4620 1862 4691 considerat
1916 4638 2074 4691 quem
2126 4623 2179 4674 in
2226 4621 2380 4675 bouis

2456 4618 2546 4648 ¹⁰²³
2604 4614 2709 4669 Nec
2758 4624 2958 4668 rectum
3014 4614 3144 4683 agit,
3168 4611 3209 4666 si
3242 4611 3367 4681 quid
3402 4618 3606 4665 rectum
3634 4618 3770 4677 age-

535 4707 593 4746 re
619 4692 885 4748 videatur,
911 4688 1034 4755 quia
1069 4702 1166 4741 nec
1202 4689 1500 4762 prosimum
1526 4690 1695 4762 diligit
1724 4706 1880 4762 quem
1934 4683 2073 4747 sicut
2111 4706 2170 4746 se
2192 4704 2374 4762 amare
2416 4686 2739 4762 praecipitur,
2778 4701 2873 4736 nec
2904 4683 3067 4737 Deum
3099 4693 3263 4762 autat,
3289 4697 3452 4762 quem.
3480 4683 3579 4733 hoc
3607 4683 3768 4762 modo

534 4760 739 4840 agendo
756 4753 1060 4840 non'ajnare
1091 4753 1423 4837 convincitur
1449 4773 1544 4810 ms.
1572 4753 1722 4811 cara.
1920 4778 2018 4816 nec
2042 4770 2249 4840 rectum
2272 4759 2403 4828 agit,
2418 4753 2475 4810 ἐἰ
2512 4757 2631 4824 quis
2663 4764 3071 4840 rectqm‘agereg
3099 4753 3348 4840 videtur:
3362 4753 3506 4840 qui:
3521 4760 3771 4840 afflixi-

536 4815 736 4881 ximam
779 4815 968 4900 diligit,
1000 4841 1158 4894 quem
1203 4827 1338 4879 sicut
1368 4840 1425 4900 se
1457 4842 1637 4900 amare
1651 4815 1981 4900 prmeipitur,
2015 4844 2112 4883 nec
2142 4815 2493 4900 Deumvamat,
2521 4815 2677 4900 quem
2716 4823 2768 4877 in
2799 4822 2900 4875 hoc
2926 4815 3150 4875 amando
3178 4834 3301 4900 _nou
3326 4815 3507 4871 amare
3549 4815 3771 4900 convin-

536 4898 675 4950 citur
702 4914 798 4949 ms.
832 4885 1092 4969 Vit-lineo
1116 4899 1476 4969 rectumagit,
1499 4898 1540 4949 sl
1573 4885 1923 4969 quidreet'um
1948 4885 2107 4969 agere
2136 4885 2605 4969 praecipituﬂn'ec
2636 4890 2799 4947 Deum
2829 4901 2971 4943 amat
2990 4905 3159 4969 quem
3178 4890 3226 4941 in
3280 4889 3379 4967 hoc
3430 4885 3634 4955 agendo
3658 4897 3767 4965 non

536 4981 721 5020 amare
742 4966 1093 5019 convincitur.
1129 4980 1251 5016 mss.
1305 4961 1533 5017 Val-(uc.
1574 4961 1619 5017 et
1648 4964 1798 5018 Flor.
1832 4967 1940 5023 Nec
1968 4961 2172 5022 rectum
2206 4961 2315 5033 agit
2357 4966 2398 5017 si
2433 4962 2557 5032 quid
2588 4972 2814 5033 rectum
2848 4974 3005 5033 agere
3029 4961 3255 5018 videtur,
3294 4961 3414 5024 quia
3454 4969 3554 5032 nec
3580 4961 3768 5033 proxi-

537 5034 886 5122 ΞἮΞηέηέῘίηεῖί
914 5034 1236 5122 Ψ¹Ἐ⁵¹¹1ἓί⁰¹¹¹
1265 5036 1887 5122 δεπυ.ιπθ.ρτξεοίνὲιητο
1915 5054 2015 5122 ηίῖθ
2038 5036 2201 5115 Dim“
2226 5028 2558 5122 5"”.53‘50'2
2580 5032 2635 5122 ἓν
2653 5031 2759 5122 .119”
2788 5028 3767 5122 “Ec”£39.-"°9=.3‘.‘i‘“f§.f31‘liii°"i’.§i

540 5104 631 5175 ff"
667 5104 757 5175 Sic
789 5096 869 5175 est
893 5096 1141 5175 contritio
1176 5119 1273 5175 ms.
1303 5102 1457 5175 Corb.
1509 5096 1646 5175 sicut
1690 5096 1773 5157 est
1830 5096 2133 5160 econtrario
2170 5120 2307 5175 mss._
2336 5096 2493 5175 ι’ξὲι.Δ
2524 5099 2770 5175 ναζιιζιισ.Δ
2796 5096 2846 5175 ei
2905 5096 3069 5175 Fiam
3109 5096 3247 5175 sicut
3295 5096 3600 5175 eeoutr‘ario

536 5172 778 5247 Despicj-s
808 5172 925 5247 ideo
950 5172 1260 5247 quiaﬂmultis
1284 5172 1653 5247 iniquitatibus
1678 5189 1775 5247 nos
1797 5176 2114 5247 involvimus
2136 5188 2231 5247 ms.
2268 5172 2445 5247 liorb._
2465 5170 2715 5247 despicis,
2759 5160 3763 5247 ideo‘ipl‘qu‘i'tatibusninvolvipibrfg-

552 5238 680 5294 Vici.
699 5238 1027 5311 yol-luget
1055 5238 1597 5311 Flonﬂdespieisiideo
1624 5244 1748 5311 quia
1774 5245 1957 5299 multis
2008 5242 2383 5311 iniquitatibus
2433 5238 2773 5311 involvimur.

2853 5217 2943 5267 ίοέε
2968 5217 3169 5286 doliola
3212 5238 3285 5283 esi
3322 5246 3436 5283 cum
3469 5227 3593 5281 Mss.
3625 5217 3764 5284 This.

534 5311 658 5365 267.
697 5309 827 5383 Vict.
860 5308 979 5361 ΚΚ.
1010 5298 1423 5383 16.ᾲςςμῑξριτῖιιε.
1456 5298 1697 5383 Denudat
1719 5324 1774 5366 et
1798 5298 2051 5383 expandit
2072 5298 2192 5363 nias.
2222 5312 2460 5383 omittunt
2485 5309 2799 5383 denudatet
2875 5305 2963 5335 ’⁸⁸⁷
3000 5298 3765 5383 ιηερεοῑφςθξχερείιειεῖριιρφ

537 5396 658 5433 mss.
688 5381 930 5433 omittunt
962 5393 1021 5433 es
1097 5377 1188 5452 ¹⁴Ῐ³⁸
1210 5376 1340 5452 Quia
1371 5381 1631 5452 veracith
1659 5398 1782 5435 mss.
1812 5368 1930 5452 qua:
1948 5384 2211 5435 veraciter
2288 5380 2378 5452 '°:“_’
2406 5376 2573 5452 Tuam
2624 5376 2855 5452 intelligo
2883 5390 3005 5424 mss.
3044 5368 3186 5452 tuam
3217 5368 3379 5452 intelli

544 5465 651 5502 ram
694 5451 943 5503 Omnibus
966 5448 1168 5504 sani-tis
1194 5440 1295 5523 tuis
1333 5460 1416 5499 me
1450 5464 1544 5523 rm.
1578 5448 1709 5503 Tim.
1766 5440 1947 5505 co'ram
1982 5452 2151 5523 beatis
2194 5448 2398 5515 angelis
2448 5448 2560 5523 tuis
2582 5456 2636 5498 et
2662 5440 2908 5523 omnibus
2943 5440 3143 5523 sanctis
3169 5455 3273 5518 me.
3319 5440 3413 5523 1"“
3450 5440 3685 5523 subselli!

1591 5528 1640 5569 st
1666 5534 1750 5574 me
1780 5503 2596 5585 —VMiEternisque’tormentis
2614 5531 2710 5585 ius.
2746 5512 2875 5585 Tha,
2900 5510 3113 5563 mteruis
3132 5504 3609 5585 cruciatibusmss.’

539 5528 657 5583 post
689 5535 786 5571 ms.
821 5518 1025 5572 Timon.
1057 5516 1357 5575 subveniat,
1390 5516 1501 5567 scio

3421 5364 3471 5422 is
3539 5365 3631 5400 “”
3657 5364 3768 5419 Co-

3385 5385 3415 5468 g
3450 5434 3738 5468 αιιιι-ιιηίνζι

3326 5434 3413 5469 ¹⁶⁸Ῑ
3450 5434 3761 5497 Βυὺνεηὶτὶι,

552 5571 777 5657 Val-(uc.
803 5571 1018 5643 mternis
1046 5571 1355 5642 tortnetttis'
1406 5584 1493 5614 ¹⁰⁸³
1521 5571 1597 5639 Tu
1632 5571 1832 5655 per‘me
1864 5571 2135 5644 nisi—"Titini.
2161 5571 2256 5657 pio
2281 5603 2365 5639 me
2442 5585 2529 5615 '°"‘
2581 5583 2766 5637 Melior
2792 5580 2869 5634 vel
2897 5597 3015 5631 mss.
3075 5579 3151 5631 vel
3184 5577 3349 5646 major
3395 5576 3473 5631 vel
3494 5590 3592 5629 ms.
3637 5571 3764 5625 ιάι·

541 5654 639 5707 lztc.
668 5659 835 5724 major
872 5660 948 5711 vel

3502 6228 3576 6234 ίμ-
3656 6228 3725 6236 ή-
3766 6227 4148 6244 ή-ὴ--υ-
