4200 6266
447 212 549 277 s69
580 196 583 199 ’

1852 214 2266 275 ORATIONES.

3576 214 3688 278 870

389 326 399 335 ’
448 339 632 393 falsam
658 332 1045 404 impmentiam,
1067 330 1161 388 sed
1193 346 1289 401 per
1310 344 1493 387 veram
1546 332 1842 402 potentiam
1900 345 2007 384 non
2039 333 2088 391 Α
2114 326 2397 390 infectum,
2427 332 2743 396 corruptum
2766 331 2820 379 et
2842 325 3195 390 destructum,
3226 333 3281 381 et
3298 323 3410 394 jam
3439 325 3552 381 fere
3584 332 3689 384 nlst

446 436 615 498 potes.
648 426 747 492 Qui
774 425 914 478 enim
946 423 1143 477 malum
1168 429 1345 490 potest
1373 431 1427 476 et
1468 421 1611 488 facit,
1642 422 1782 477 malo
1800 435 1898 483 suo
1914 421 2017 475 hoc

446 529 621 589 potest
641 516 732 550 ¹⁰⁸⁸
762 526 815 571 et
864 515 1016 579 facit,
1072 515 1197 583 quia
1246 528 1344 589 per
1380 516 1516 571 hanc
1568 515 1862 585 potentiam
1907 528 2016 567 non

447 588 657 664 sursum
684 608 750 661 ad
775 605 991 659 excelsa
1020 605 1249 675 erigitur
1280 588 1373 636 ίοίθ
1413 604 1663 672 feliciter,
1710 605 1803 660 sed
1857 604 2019 658 deor—

449 710 563 754 sum
592 698 657 752 ad
685 697 791 749 ima
824 693 1114 749 attrahitur
1132 693 1441 749 infeliciter.
1482 689 1595 748 Hae
1626 694 1891 763 putentia,
1934 689 2019 746 vel

448 784 625 857 potius
673 784 989 853 impotentia
1035 783 1420 838 miserabiliter
1459 784 1732 845 seductus,
1775 791 1830 836 et
1866 780 2016 851 quasi

449 875 625 932 vesica
649 882 868 944 turgens
894 873 1130 929 inaniter
1153 872 1388 940 inflatus,
1411 881 1562 929 extra
1607 874 1866 928 rationem
1918 888 2017 943 po-

449 968 601 1031 situs,
633 974 686 1021 ct
713 965 863 1033 quasi
882 964 1127 1031 jumento
1146 963 1418 1035 insipienti
1448 963 1640 1019 similis
1656 960 2017 1034 factus(Psal.

448 1054 779 1123 XLVHI,13),
815 1054 919 1109 telo
965 1055 1228 1123 superbia:
1280 1054 1582 1110 miserrime
1634 1067 1917 1122 percussus
1965 1060 2021 1108 et

448 1152 747 1215 prostratus
796 1152 851 1198 te
900 1142 1210 1197 Creatorem
1266 1160 1441 1199 meum
1488 1153 1544 1198 et
1584 1142 2020 1198 misericordissi-

450 1250 596 1291 mum
626 1234 912 1289 Dominum
946 1233 999 1287 in
1055 1234 1160 1287 tuis
1208 1235 1488 1303 praeceptis
1534 1234 1853 1303 contempsi,
1901 1250 2020 1305 quae

450 1324 580 1377 mihi
608 1323 676 1377 ad
703 1324 902 1377 bonum
934 1336 1134 1386 meum,
1159 1321 1202 1375 si
1228 1322 1621 1385 observassem,
1651 1322 1865 1387 dedisti,
1891 1337 2020 1377 con-

451 1422 698 1468 temnens
725 1412 839 1478 ‘W,
865 1412 1102 1467 et‘veluti
1133 1421 1310 1467 mente
1346 1412 1603 1481 perditus,
1651 1414 1776 1467 dum
1823 1413 1928 1467 huc
1958 1413 2022 1467 il-

451 1502 644 1571 lucque
674 1504 824 1571 quasi
865 1485 1094 1571 superbe
1122 1502 1286 1566 feror,
1330 1516 1455 1556 vera
1507 1501 1774 1557 soliditate
1812 1500 2017 1571 perdita

450 1594 565 1647 vias
591 1593 907 1662 perditionis
941 1604 997 1646 et
1035 1591 1225 1646 mortis
1277 1591 1513 1658 incurro,
1575 1607 1638 1646 ac
1686 1592 1974 1646 vanitatem
2002 1632 2016 1654 ,

2117 417 2487 473 misericordia
2538 426 2627 471 tua
2680 417 2961 472 subveniat
3005 418 3071 473 ad
3121 418 3348 472 nihilum
3380 418 3686 473 redactum.

2118 508 2223 563 Sed
2251 522 2433 563 coram
2460 506 2742 574 majestate
2768 516 2857 559 tua
2885 506 3095 575 culpam
3130 522 3303 562 meam
3328 522 3691 577 recognosco,

2118 613 2245 653 reus
2278 606 2334 652 et
2364 596 2651 667 culpabilis
2693 595 2907 650 veniam
2956 606 3011 650 et
3058 596 3441 667 indulgentiam
3474 599 3545 654 de
3587 600 3691 653 hoc

2116 696 2173 742 et
2196 689 2260 743 de
2282 689 2533 743 omnibus
2557 687 2797 755 peccatis
2835 688 2973 743 meis
3012 701 3042 740 a
3084 696 3153 753 te,
3184 689 3496 744 misericors
3522 689 3689 744 Crea-

2120 787 2222 843 tor,
2250 788 2393 847 peto,
2420 780 2513 849 qui
2540 795 2645 835 non
2683 781 2765 835 vis
2801 789 3031 835 mortem
3058 780 3379 849 peccatoris,
3410 795 3509 836 nec
3542 781 3688 836 laeta-

2119 867 2195 921 ris
2240 867 2293 920 in
2346 867 2645 937 perditione
2691 868 3038 925 morientium
3084 850 3302 935 (Ezecii.
3360 881 3532 933 xvm,
3574 870 3689 939 23).

2120 955 2259 1010 Sunt
2294 965 2349 1009 et
2370 956 2472 1009 alia
2503 956 2665 1010 multa
2708 972 2828 1025 quae
2864 958 2929 1013 de
2980 957 3162 1012 radice
3189 958 3349 1027 hujus
3394 960 3561 1027 pestis
3601 974 3694 1014 ex-

2118 1044 2401 1110 oriuntur,
2447 1057 2567 1112 quze
2599 1058 2685 1097 me
2725 1044 2923 1099 habere
2963 1053 3232 1099 eteorum
3284 1046 3547 1100 molestiis
3589 1062 3695 1101 non

2120 1146 2309 1202 parum
2338 1130 2633 1202 inquietari
2664 1141 2720 1185 et
2748 1132 3044 1201 saepissime
3075 1134 3232 1188 atteri
3264 1132 3519 1189 similiter
3557 1150 3694 1189 con-

2120 1222 2297 1277 ilteor.
2336 1223 2399 1276 Et
2432 1221 2687 1276 similiter
2730 1222 2913 1277 dehis
2958 1224 3209 1278 omnibus
3254 1226 3465 1279 veniam
3498 1236 3553 1281 et
3601 1227 3691 1281 in-

2118 1313 2447 1381 dulgentiam
2476 1315 2714 1383 requiro.
2762 1313 2901 1369 Sunt
2938 1323 3119 1368 autem
3148 1314 3283 1379 lucc,
3322 1316 3570 1372 videlicet
3603 1318 3683 1372 ira

2122 1404 2236 1469 “4",
2284 1405 2640 1474 impatientia,
2690 1405 2905 1459 inimica
2948 1404 3059 1459 Deo
3107 1414 3163 1459 et
3192 1404 3444 1462 omnibus
3484 1410 3695 1463 sanctis

2118 1496 2303 1550 odiosa
2335 1496 2427 1527 ¹⁰³⁹
2450 1495 2739 1559 discordia,
2784 1496 3105 1564 indignatio,
3140 1512 3337 1551 raucor
3380 1496 3569 1560 animi,
3602 1508 3695 1552 tas-

2121 1586 2264 1639 dinnt
2298 1586 2515 1651 mentis,
2565 1580 2829 1639 voracitas
2877 1586 3036 1654 gulae,
3091 1587 3473 1651 murmuratio,
3519 1587 3696 1653 avari-

452 1699 709 1752 vanaeque
734 1682 980 1737 elationis
1007 1691 1222 1737 ventum
1265 1682 1428 1749 stulte
1456 1684 1549 1716 ¹⁰δ⁸
1598 1694 1654 1738 et
1707 1683 2023 1754 insipienter

2126 1678 2219 1739 tia,
2253 1677 2513 1745 rapacitas
2536 1684 2589 1730 et
2631 1675 2797 1730 multa
2842 1676 2925 1729 his
2951 1675 3168 1740 sin‘tilia,
3196 1676 3394 1753 quibus
3422 1677 3606 1731 vexari
3639 1685 3697 1731 et

451 1790 663 1843 sequor.

523 1864 738 1928 Fateor,
768 1860 1185 1917 clementissime
1216 1863 1385 1928 Deus,
1419 1862 1592 1917 fateor
1615 1877 1796 1918 coram
1846 1860 2027 1916 omni-

453 1953 687 2021 potentia
732 1960 817 2005 tua
881 1967 966 2007 me
1003 1953 1162 2007 nimis
1206 1968 1326 2008 esse
1376 1955 1687 2023 superbum,
1732 1967 1926 2006 vanum
1972 1961 2027 2005 et

452 2045 595 2097 omni
623 2060 815 2113 genere
840 2047 1086 2102 elationis
1109 2029 1344 2117 plenum.
1372 2047 1437 2101 Et
1469 2057 1596 2116 puto
1637 2048 1785 2115 quia,
1841 2046 1883 2099 si
1934 2046 2024 2077 ³⁸⁸³

454 2138 505 2188 in
534 2137 633 2190 hoc
661 2138 861 2191 smculo
886 2139 1120 2207 aliquam
1176 2140 1430 2193 haberem
1486 2139 1805 2206 potentiam,
1850 2138 2025 2193 nullus

453 2236 629 2301 posset
659 2224 881 2280 sufferre
918 2242 1091 2281 meam
1118 2227 1448 2296 superbiam.
1486 2227 1590 2286 Sed
1612 2237 1669 2283 et
1698 2229 1798 2284 ista
1831 2242 2022 2298 super.

451 2316 537 2369 bia
565 2332 667 2386 qua
704 2333 884 2373 coram
905 2319 1208 2374 hominibus
1234 2330 1340 2375 tam
1371 2320 1607 2395 graviter
1629 2333 1813 2387 vexor,
1835 2333 2024 2389 quam-

420 2394 424 2399 ’
452 2404 532 2458 vis
563 2406 633 2458 sit
663 2407 1008 2462 exsecrabilis
1031 2418 1085 2462 et
1105 2408 1266 2464 nimis
1289 2408 1589 2479 periculosa
1628 2409 1718 2440 ¹⁰⁸⁰
1738 2450 1753 2476 ,
1805 2417 1887 2464 est
1941 2416 2023 2463 ta-

452 2510 573 2549 men
598 2497 700 2550 alia
729 2498 1014 2567 superbia,
1062 2514 1193 2568 qua,
1242 2514 1363 2554 cum
1416 2500 1701 2570 diligenter
1753 2509 2022 2555 secretum

452 2586 647 2639 mentis
680 2588 1055 2642 mezenonmu
1111 2589 1243 2643 mihi
1294 2588 1575 2644 blandiens
1630 2588 1722 2620 ¹⁰⁸²
1765 2588 2020 2657 inquiro,

451 2689 557 2729 non
590 2691 777 2744 parum
808 2687 1031 2732 vexatur
1055 2688 1109 2732 et
1140 2679 1432 2747 dissipatur
1479 2677 1665 2732 infelix
1714 2678 1895 2733 anima
1932 2678 2024 2709 ‘°”

451 2782 589 2822 mea.
628 2769 928 2836 Aliquando
952 2785 1078 2825 vero
1098 2770 1142 2826 si
1171 2770 1449 2841 contingat
1475 2770 1640 2839 (quod
1695 2780 1871 2824 tamen
1899 2785 2024 2824 raro

452 2858 666 2929 accidit)
697 2861 877 2914 infelix
912 2862 1113 2931 aliquid
1150 2862 1243 2893 ³⁸⁸⁵
1268 2877 1353 2916 me
1382 2861 1583 2924 facere,
1644 2863 1786 2930 quod
1831 2876 2018 2917 secun-

449 2949 573 3002 dum
606 2949 1012 3004 aestimationem
1038 2951 1315 3004 hominum
1344 2952 1590 3005 videatur
1610 2950 1786 3020 aliqua
1829 2950 2017 3006 simili-
2045 2990 2086 3048 Ο

450 3036 579 3091 tudo
609 3037 755 3101 boni,
783 3053 886 3092 non
917 3054 1103 3107 parum
1126 3040 1191 3095 de
1218 3041 1321 3095 hoc
1370 3040 1487 3107 ipso
1539 3040 1811 3109 superbio.
1863 3039 1929 3094 Et
1972 3041 2017 3095 si

450 3144 610 3184 nemo
640 3130 762 3184 inde
790 3130 1047 3199 loquitur,
1074 3132 1157 3186 vel
1182 3133 1361 3199 aliquo
1390 3130 1548 3185 modo
1579 3146 1662 3186 me
1685 3132 1904 3187 laudare
1927 3147 2020 3187 cu-

451 3229 531 3273 rat
557 3220 668 3283 m“,
689 3235 833 3283 eum,
864 3222 1014 3288 quasi
1045 3220 1263 3275 stultum
1286 3232 1339 3274 et
1368 3221 1499 3275 nihil
1522 3222 1779 3276 scientem
1798 3262 1812 3286 ,
1845 3222 2022 3290 despi-

450 3310 555 3375 cio,
574 3309 656 3364 vel
679 3310 911 3373 etiamsi.
940 3311 1088 3380 quasi
1114 3326 1216 3365 non
1237 3325 1454 3389 curans,
1481 3311 1840 3367 laudationem
1855 3311 2023 3367 homi-

451 3416 578 3454 num
597 3416 789 3454 vanam
814 3411 868 3454 et
894 3401 1136 3454 inutilem
1180 3399 1347 3471 fugio.
1390 3416 1494 3455 non
1542 3416 1730 3471 parum
1780 3403 1833 3457 in
1893 3402 2022 3471 ipsis

452 3488 799 3543 interioribus
871 3489 1045 3553 meis,
1103 3489 1193 3543 ubi
1254 3488 1399 3544 solus
1450 3490 1591 3545 Deus
1660 3490 1841 3554 videt,
1898 3492 2022 3546 inde

450 3576 651 3645 glorior
680 3615 694 3639 ,
735 3584 789 3629 et
833 3576 1025 3630 mirum
1072 3578 1122 3630 in
1165 3576 1381 3631 modum
1413 3618 1428 3641 ,
1476 3578 1602 3632 dum
1660 3577 2020 3633 laudationem

387 3736 394 3743 .
450 3666 581 3729 vito,
618 3681 681 3719 eo
717 3666 944 3736 amplius
976 3666 1067 3699 ¹⁰³⁸
1097 3667 1458 3722 laudationem
1490 3676 1543 3723 et
1573 3682 1764 3722 vanam
1791 3668 2019 3739 gloriam

450 3766 660 3826 appeto.
705 3758 866 3823 Ecce,
892 3759 1031 3813 Deus
1061 3773 1247 3824 meus,
1309 3766 1365 3813 et
1400 3758 1627 3814 Creator
1664 3773 1816 3813 meus
1839 3799 1855 3825 ,
1897 3774 2022 3815 ecce

452 3846 602 3901 vides
641 3846 732 3878 ¹⁰⁸⁷
774 3862 858 3901 me
898 3848 969 3900 ita
1011 3846 1191 3901 facere
1223 3889 1238 3913 ,
1304 3846 1378 3901 ita
1443 3849 1628 3903 vivere
1658 3888 1675 3915 ,
1737 3857 1793 3901 et
1853 3856 2020 3902 totum

451 3934 591 4002 quod
649 3935 769 3995 vivo
805 3935 1069 4003 perdere;
1111 3948 1236 3989 ecce
1289 3934 1437 3989 vides
1484 3944 1539 3990 et
1584 3936 1886 3991 exsecraris
1913 3974 1929 4002 ,
1971 3943 2025 3990 et

452 4020 616 4092 249
636 4026 739 4091 pro
772 4023 860 4076 tali
888 4023 995 4075 vita
1030 4022 1239 4076 nonnisi
1266 4038 1451 4092 pmnas
1484 4034 1539 4078 et
1578 4034 1844 4079 tormenta
1874 4042 2002 4095 pro-

454 4113 643 4166 mittis.
674 4111 907 4166 Snbveni
958 4127 1105 4181 ergo,
1135 4110 1365 4165 Creator
1395 4127 1568 4177 meus,
1614 4114 1837 4167 subveni
1871 4114 2023 4183 adju-

454 4211 539 4255 tor
573 4201 625 4255 in
672 4199 1189 4269 opportunitatibus,
1219 4203 1446 4255 subveni
1478 4210 1530 4257 et
1563 4200 1754 4271 adiuva
1779 4204 2018 4260 animam

2128 1764 2284 1829 allici,
2314 1765 2545 1820 lacerari
2569 1775 2625 1822 et
2657 1766 2887 1835 discerpi
2918 1764 3208 1820 infeliciter
3238 1766 3476 1821 animam
3518 1782 3693 1821 meam

2112 1852 2420 1920 .conspicio.
3244 1924 3247 1927 ἱ

2196 1942 2291 1996 Est
2323 1949 2378 1997 et
2423 1952 2619 2012 prmtcr
2662 1943 2795 2007 haec,
2845 1958 3009 1996 unum
3059 1944 3258 1998 malum
3306 1958 3468 2014 super
3514 1948 3695 2002 omnia

2126 2035 2263 2087 mala
2315 2034 2552 2100 malum,
2602 2049 2709 2105 quo
2763 2044 2912 2089 tanto
2958 2037 3174 2105 gravius
3229 2046 3284 2091 et
3332 2039 3697 2107 miserabilius

2124 2123 2415 2181 laceratum
2438 2134 2494 2181 et
2518 2124 2773 2179 amictum
2803 2127 3043 2181 animum
3070 2142 3248 2183 meum
3273 2130 3472 2195 sentio,
3494 2140 3698 2199 quanto

2121 2217 2270 2273 etab
2316 2217 2445 2287 ipsis
2476 2218 2753 2273 cunabulis
2787 2233 3002 2288 semper
3049 2234 3261 2274 mecum
3301 2219 3423 2283 fuit,
3476 2235 3692 2277 mecum

2122 2309 2314 2373 crevit,
2359 2310 2412 2364 in
2462 2307 2709 2373 infantia,
2756 2309 2809 2363 in
2857 2309 3255 2375 adolescentia,
3309 2310 3362 2365 in
3408 2310 3696 2379 juventute

2123 2396 2252 2451 mihi
2300 2410 2516 2466 semper
2543 2392 2768 2451 adhaesit
2795 2397 2926 2462 ”'°,
2967 2413 3067 2453 nec
3097 2400 3273 2453 adhuc
3316 2397 3425 2467 jam
3476 2415 3584 2469 prre
3612 2412 3699 2455 se-

2125 2496 2337 2542 nectute
2376 2487 2634 2543 membris
2660 2487 3039 2544 deficientibus
3070 2503 3155 2543 me
3203 2489 3420 2543 deserit.
3464 2490 3559 2543 Est
3592 2505 3693 2544 au-

2126 2585 2231 2631 tem
2263 2575 2367 2631 hoc
2412 2572 2645 2642 malum,
2668 2575 2999 2632 desiderium
3049 2577 3360 2647 voluptatis,
3405 2576 3697 2633 delectatio
3766 2599 3771 2603 θ

2125 2667 2308 2740 carnis
2339 2665 2453 2731 ¹⁰⁸¹,
2487 2674 2781 2749 tempestas
2816 2662 3076 2732 libidinis,
3103 2654 3223 2737 quae
3250 2667 3434 2722 multis
3462 2679 3515 2723 et
3535 2667 3698 2725 variis

2124 2762 2296 2815 modis
2328 2760 2597 2816 infelicem
2625 2763 2864 2817 animam
2894 2776 3067 2817 meam
3102 2764 3417 2829 maceravit,
3453 2764 3700 2820 dissolvit

2122 2858 2177 2903 et
2198 2851 2342 2903 omni
2372 2850 2575 2917 {virtute
2607 2851 2916 2905 destitutam
2965 2852 3177 2905 inanem
3209 2862 3263 2906 et
3295 2853 3523 2907 debilem
3574 2854 3697 2909 red-

2123 2942 2275 2997 didit.
2303 2942 2521 3007 Fateor,
2556 2942 2871 2999 dulcissime
2908 2951 2963 2998 et
2991 2934 3277 2997 mitissime
3314 2942 3480 3010 Deus,
3515 2943 3693 3001 fateor

2119 3035 2301 3090 coram
2361 3020 2750 3106 omnipotentia
2798 3046 2887 3091 tua
2938 3045 3024 3090 me
3070 3034 3229 3104 hujus
3276 3037 3486 3093 nefario
3526 3052 3695 3108 opere

2122 3125 2280 3195 hujus
2315 3126 2493 3195 Operis
2534 3119 2728 3180 nefarii
2763 3125 3056 3181 immundis
3096 3124 3189 3157 ‘°~"
3219 3127 3692 3183 recordationibus

2121 3228 2263 3284 saepe
2285 3230 2405 3271 esse
2444 3214 2730 3285 pollutum,
2774 3215 3073 3283 incensum,
3105 3217 3329 3271 ardores
3372 3232 3478 3270 non
3521 3216 3697 3271 modi-

2123 3320 2216 3361 cos
2258 3305 2349 3337 ¹⁸⁸⁸
2377 3315 2432 3361 et
2460 3306 2773 3364 inhonestos
2796 3320 3055 3377 passum,
3107 3321 3160 3362 ct
3193 3323 3299 3361 non
3330 3308 3505 3362 solum
3554 3322 3702 3363 mea-

2124 3412 2241 3453 rum
2288 3395 2705 3454 delectationum
2734 3398 2905 3454 malas
2953 3399 3244 3455 memorias
3286 3408 3342 3454 et
3378 3397 3573 3455 stultas
3616 3412 3701 3453 re-

2122 3489 2464 3543 cordationes
2504 3489 2634 3544 mibl
2666 3502 2909 3557 nocere;
2952 3489 3045 3545 sed
3096 3491 3261 3545 etiam
3311 3490 3541 3546 aliorum
3586 3504 3701 3545 ma-

2121 3576 2313 3633 lefacta
2343 3577 2471 3631 mibi
2505 3586 2743 3643 narrata,
2778 3587 2833 3633 et
2858 3593 2954 3647 per
2999 3580 3412 3635 recordationes
3443 3580 3699 3634 sordidas

2120 3668 2187 3720 ad
2219 3667 2531 3721 memoriam
2583 3667 2829 3729 reducta,
2858 3682 2955 3722 cor
3003 3681 3181 3721 meum
3212 3680 3319 3722 non
3349 3681 3514 3737 parvo
3543 3682 3697 3722 naevo

2126 3755 2216 3787 ¹⁰⁶⁵
2254 3746 2567 3824 iniquitatis,
2587 3752 2792 3809 macula
2802 3770 2878 3809 re.
3024 3822 3026 3826 ν

2193 3846 2349 3909 Ecce,
2390 3847 2530 3903 Deus
2577 3862 2747 3912 meus,
2797 3847 3039 3917 piissime
3085 3835 3138 3902 et
3182 3847 3695 3903 misericordissime

2124 3938 2382 3992 Dominus
2409 3949 2577 4001 meus,
2627 3935 2874 4006 quamvis
2909 3952 3017 3991 non
3049 3951 3271 4006 parvam
3305 3936 3688 3991 verecundiam

2124 4041 2335 4096 passus,
2366 4026 2595 4095 expandi
2620 4040 2801 4080 coram
2835 4035 2885 4081 te
2913 4026 3226 4095 iniquitates
3276 4042 3446 4093 meas,
3476 4026 3692 4082 ostendi

2125 4114 2343 4187 vulnera
2391 4124 2444 4168 et
2488 4122 2710 4183 peccata
2766 4128 2908 4177 mea,
2963 4115 3173 4168 ostendi
3234 4116 3467 4170 animam
3520 4130 3697 4171 meam

2124 4202 2279 4257 malis
2323 4204 2576 4272 operibus
2624 4202 2997 4269 maculatam;
3026 4203 3290 4278 malorum
3330 4218 3560 4273 operum
3595 4204 3695 4259 de-e

452 4304 651 4354 meam,
692 4302 745 4345 et
784 4306 878 4359 per
903 4290 1229 4346 inetiabilem
1270 4292 1701 4349 misericordiam
1744 4304 1889 4348 tuam
1921 4295 2017 4349 dc-
2048 4308 2097 4367 ι)
2123 4289 2526 4359 lectationibus‘f
2542 4291 2819 4358 infectam,
2859 4290 3122 4346 malarum
3153 4291 3573 4347 delectationum
3603 4306 3691 4349 re-

452 4390 605 4435 su'ue
645 4389 698 4433 et
741 4380 1009 4435 confunde
1057 4382 1363 4452 superbiam
1420 4399 1616 4439 meam.
1666 4384 1827 4449 Ecce,
1879 4384 2019 4440 Deus

453 4485 606 4550 meus
643 4480 699 4526 et
729 4471 986 4527 Dominus
1034 4488 1208 4537 meus,
1258 4486 1387 4528 ecce
1432 4473 1693 4530 confiteor
1740 4477 2020 4529 immensa:

453 4564 681 4618 bonitati
714 4575 814 4618 tute
838 4578 1046 4619 veneno
1089 4562 1246 4619 huius
1294 4564 1511 4619 malitia:
1557 4582 1643 4620 me
1693 4574 2017 4634 totutn_csse

2126 4382 2529 4439 cordationibus
2577 4381 2861 4440 foedatam.
2913 4384 3057 4438 Deus
3114 4397 3267 4438 meus
3326 4382 3695 4440 misericordia

2128 4490 2268 4542 mea,
2317 4473 2524 4543 respice
2570 4474 2635 4527 ad
2680 4473 3054 4543 pmnitentiam
3098 4490 3311 4540 meam,
3368 4475 3574 4545 respice
3623 4473 3696 4528 ad

2124 4565 2379 4635 pietatem
2411 4575 2555 4619 tuam
2587 4564 2707 4630 ¹⁰⁶⁸ς
2750 4566 2961 4635 suscipe
2987 4564 3385 4621 confessionem
3415 4580 3610 4633 meam,
3644 4574 3700 4620 et

1732 4721 1957 4776 VARl/E
2018 4718 2427 4776 LECTIUNES.

1674 4840 1849 4899 potest
1924 4829 2014 4862 ¹⁰⁸⁶
2074 4829 2298 4884 Excelsa
2367 4828 2614 4899 dirigitur
2660 4844 2784 4881 mss.
2837 4827 3046 4884 excelsa
3116 4829 3340 4898 erigitur
3416 4830 3505 4865 ⁸⁸⁸⁷
3556 4830 3697 4887 ϐοη-

457 4909 708 4967 temnens
726 4905 779 4947 et
806 4893 1011 4967 _ms.__T
1011 4896 1175 4967 Quen.
1234 4907 1571 4965 contemptus
1629 4893 1688 4954 et
1756 4901 1845 4931 ¹⁰⁸⁸
1897 4899 2148 4962 Ventum.
2192 4900 2353 4955 stulte
2375 4893 2648 4967 msCThu.
2679 4900 3157 4962 venenum,stulte
3201 4893 3473 4953 "°“Puto
3493 4902 3538 4967 si
3568 4918 3694 4958 mss.

456 4964 815 5047 “nonquiasi
895 4963 985 5047 ’.ἡδο
1010 4964 1075 5017 Et
1102 4963 1588 5047 nitnis'periculnsa
1611 4968 1883 5047 _nts.__Tiiu.
1910 4967 2291 5047 et_!)_erieulosa
2368 4966 2669 5047 “fallentis
2716 4982 2848 5047 mem
2894 4983 2999 5023 non
3015 4985 3127 5047 ius.
3156 4963 3536 5047 Tiin._nientis
3588 4988 3695 5047 non

458 5033 550 5107 {ff}
582 5033 1041 5107 lililt_i__lilandie_us
1093 5050 1189 5087 ms.
1253 5033 1539 5107 Vict.mihi
1571 5038 1894 5093 blandientis
1972 5033 2062 5071 ¹δ⁵⁸
2087 5038 2387 5106 Dissipatur
2414 5035 2618 5091 infmlix
2668 5037 2848 5107 anima
2877 5053 2978 5091 ms.
3015 5036 3147 5090 Tim.
3194 5039 3490 5107 dissipatur
3516 5041 3695 5097 anima

456 5101 1015 5179 *_'“_Aceidit_aliquid
1056 5119 1180 5179 mss.
1227 5106 1442 5179 accidit“
1480 5106 1682 5179 infmlix
1714 5107 1912 5179 aliquid
1989 5108 2079 5140 ’⁸⁸⁸
2116 5101 2359 5179 Laudare
2384 5115 2806 5179 non_e_uratmss.
2837 5104 3053 5179 laudare
3081 5118 3237 5179 curat
3315 5101 3404 5139 ’1’“
3426 5110 3555 5163 Dum
3582 5110 3694 5179 latr-

458 5172 723 5245 dation‘em
753 5172 958 5245 vitn_eo
979 5172 1352 5245 ainpliusgmss.
1381 5175 1514 5228 'I'Im.
1553 5172 1916 5245 laudationem
1958 5179 2139 5233 viroet
2164 5176 2393 5242 amplius
2468 5173 2557 5207 ’°"
2598 5174 2673 5245 Et
2700 5175 3016 5245 eccegvides
3051 5190 3172 5229 mss.
3224 5176 3351 5232 ecce
3374 5180 3521 5231 vides
3598 5177 3687 5208 ¹⁰⁸⁸

460 5241 601 5315 I_l:_ec,
632 5242 706 5315 ira
734 5257 855 5292 mss.
881 5241 992 5294 haec
1018 5257 1031 5293 :
1068 5242 1318 5315 videlicet
1342 5243 1427 5315 ira,
1500 5246 1587 5279 ¹⁰³⁹
1620 5244 1835 5300 Sanctis
1863 5247 2069 5315 odiosa,
2102 5263 2198 5299 ms.
2222 5241 2352 5298 Tim.
2378 5245 2522 5315 omit.
2555 5241 2743 5315 odiosa
2759 5312 2774 5315 _
2818 5243 2927 5315 ’ΨΑ
2948 5244 3075 5299 Mihi
3100 5247 3566 5315 semperadhmsit
3592 5262 3687 5300 ms.

462 5308 572 5382 Tim
605 5312 751 5362 omit.
780 5322 992 5382 semper
1065 5310 1155 5382 ‘°_“
1177 5312 1467 5382 Delectatio
1492 5315 1725 5368 carnalis
1757 5332 1852 5368 ms.
1887 5314 2020 5369 Vict.
2051 5308 2332 5371 delectatio
2359 5314 2539 5382 carnis
2614 5312 2705 5343 ‘°"
2727 5312 2811 5368 Me
2842 5312 2999 5382 hujus
3042 5308 3429 5382 operis-nefarii
3455 5316 3689 5368 immun-

460 5378 541 5430 dis
572 5394 694 5430 mss.
730 5393 813 5431 me
843 5376 1238 5454 hujuﬂsnnefario
1257 5396 1419 5450 opere
1440 5382 1597 5451 hujus
1630 5386 1808 5454 operis
1835 5384 2023 5439 nefarii
2048 5385 2301 5439 immundi
2380 5384 2470 5414 ¹⁰⁶³
2496 5381 2610 5436 Νοη
2641 5384 2879 5438 modicos
2908 5376 3050 5454 imas.
3078 5376 3389 5437 immodicos
3466 5382 3689 5454 ‘°“_l_‘i_ou

460 5460 621 5524 parvo
645 5462 793 5500 nrevo
822 5464 921 5524 ms.
957 5444 1087 5524 Tim.
1121 5463 1227 5501 non
1257 5444 1445 5518 parum
1472 5444 1678 5509 veneno
1748 5455 1840 5486 ¹⁰⁶⁵
1882 5454 2106 5524 Respice
2148 5455 2211 5507 ad
2248 5454 2498 5521 pietatem
2532 5465 2705 5506 meam
2765 5469 2860 5507 ms.
2903 5452 3103 5505 Tiiuan.
3148 5454 3356 5505 omitti'.
3397 5470 3522 5509 mss.
3558 5450 3689 5505 Vici.

476 5512 695 5569 Val-hic.
721 5518 925 5585 respice
948 5516 1013 5571 ad
1034 5512 1288 5583 pietatem
1322 5528 1463 5574 tuam

526 4824 617 4858 ‘W‘
657 4824 766 4879 Suo
800 4825 897 4878 hoc
949 4834 1125 4893 potest
1178 4843 1276 4880 ms.
1316 4826 1448 4882 Tim.
1502 4844 1599 4883 suo
