4200 6252
582 260 682 319 δτι

934 265 994 320 S.
1028 264 1324 321 ANSELMI
1365 265 1712 321 CANTUAIL
1752 265 2047 321 ARCHIEP
2108 265 2260 323 Ol‘l‘.
2304 261 2560 321 PARS".
2586 264 3034 323 ——P.\R1‘ENET.
3079 269 3169 326 ET
3194 272 3439 329 ASCET.

3723 280 3828 336 872
3917 226 3925 249 .

582 372 671 429 fac
712 390 923 429 meeum
952 377 1242 429 secundum
1273 363 1707 430 misericordiam
1743 386 1911 432 tuam.
1953 377 2015 433 Si
2046 379 2150 433 ini-
2180 388 2225 441 Α
2257 376 2514 431 bonorum
2563 378 2725 443 Deus,
2766 380 2831 434 da
2872 380 3001 435 mihi
3050 382 3190 436 inter
3237 383 3422 438 laudes
3468 393 3587 440 tuas
3627 396 3826 447 lentem

582 463 806 532 qttitates
843 465 1215 529 observaveris,
1258 466 1510 531 Domine;
1563 467 1801 533 Domine,
1843 471 1958 540 quis
1996 472 2155 524 susti-

583 551 720 603 nebit
746 552 773 603 .9
812 549 982 615 (Psnl.
1033 566 1218 616 CXXIX,
1254 552 1309 621 5)
1344 553 1429 607 vel
1457 555 1621 609 ctiam
1668 558 1788 624 quis
1811 555 2023 623 jttstitia
2054 572 2152 610 sua

585 638 680 673 ⁸⁵⁸⁸
718 640 834 693 sine
882 632 1253 697 misericordia
1304 654 1393 702 tua
1448 647 1646 715 poterit
1672 647 1934 702 liberari?
1968 648 2154 714 Propi-

581 731 690 784 tius
741 739 857 783 esto
910 731 1072 797 mihi,
1119 734 1342 789 Domine
1374 736 1501 798 “‘7,
1558 737 1811 805 propitius
1865 748 1973 790 esto
2026 738 2151 791 milii

578 822 838 889 peccatori
864 822 1016 893 (an.
1057 840 1212 889 xvttt,
1245 825 1368 903 l5);
1404 840 1566 894 parce
1595 825 1832 894 peccatis
1875 835 1929 880 et
1957 827 2151 897 iniqui-

584 914 782 969 tatibus
813 916 970 970 meis.
1001 926 1060 970 ut
1102 933 1199 987 per
1240 926 1383 971 tuam
1418 916 1848 971 miscricordiam
1878 919 1947 973 ab
1977 920 2151 973 omni-

576 1005 682 1061 bus
734 1008 880 1063 vitiis
928 998 1216 1062 mundatus
1263 1023 1327 1062 ac
1371 1018 1650 1078 purgatus,
1697 1020 1753 1063 et
1786 1011 1855 1064 ab
1899 1013 2151 1066 omnibus

580 1099 816 1166 peccatis
862 1097 1153 1151 clementer
1194 1098 1493 1166 absolutus,
1543 1100 1692 1155 ﬁnita
1733 1102 2012 1171 temporali
2057 1102 2199 1141 ¹⁰⁸⁸ι

579 1191 1008 1254 conversatione,
1053 1192 1273 1260 perduci
1324 1207 1540 1248 merear
1566 1195 1633 1248 ad
1664 1208 1829 1262 regna
1857 1193 2143 1259 caalorum,

577 1281 668 1334 ubi
696 1295 819 1334 cum
848 1281 1049 1334 sanctis
1089 1279 1341 1336 omnibus
1370 1291 1424 1334 te
1458 1280 1698 1348 laudare,
1727 1289 1785 1337 et
1824 1281 2148 1338 benedicere

576 1380 625 1426 et
649 1369 954 1441 gloriﬁcare
978 1370 1185 1425 valeam
1231 1371 1285 1425 in
1332 1371 1530 1427 saecula
1570 1372 1913 1430 saeculorum.
1951 1375 2143 1430 Amen.

788 1468 789 1471 η
1159 1481 1417 1539 ORATIO
1473 1482 1541 1538 ν.

1220 1568 1289 1606 ΔΙ)
1328 1568 1496 1610 ΒΕῸΙΙ.
1636 1571 1638 1573 ’

613 1642 687 1696 4d
711 1642 1062 1699 obtinendam,
1086 1643 1260 1699 cordis
1306 1645 1751 1713 compunctionem
1776 1645 1831 1699 in
1853 1646 2109 1701 oratione.

643 1734 885 1803 Ignosce,
903 1731 1147 1798 Domine,
1164 1734 1383 1804 ignosce
1404 1735 1513 1805 pie,
1541 1716 1761 1805 ignosce
1783 1745 1837 1791 et
1858 1738 2141 1804 miserere,

570 1839 732 1891 parce
761 1818 1073 1893 ignorantia:
1098 1839 1228 1877 mea:
1268 1832 1323 1880 et
1349 1825 1529 1879 multas
1558 1824 1957 1893 imperfectioni
1989 1842 2142 1882 mem.

566 1912 687 1967 Noli
727 1928 813 1967 me
843 1925 1096 1981 tanquam
1124 1914 1473 1969 temerarium
1516 1917 1830 1983 reprobarc,
1878 1915 2022 1985 quod
2047 1931 2143 1971 au-

568 2007 724 2056 deam
752 2018 968 2068 servus,
996 2003 1207 2058 utinam
1233 2002 1318 2057 vel
1344 2002 1519 2058 bonus
1559 2012 1614 2058 et
1650 2019 1757 2059 non
1784 2004 1947 2059 etiam
1978 2007 2143 2062 inuti-

570 2082 635 2145 lis‘
661 2103 716 2146 et
761 2091 952 2156 malus,
986 2094 1190 2150 etideo
1234 2093 1390 2149 valde
1422 2094 1597 2149 malus
1638 2096 1766 2164 quia
1813 2104 1865 2151 te
1892 2097 2140 2167 omnipo-

572 2189 770 2235 tentem
810 2182 975 2238 Deum
1015 2194 1261 2238 nostrum
1294 2183 1588 2257 terribilem
1624 2194 1679 2239 et
1702 2175 1862 2238 nimis
1893 2194 2135 2239 metuen-

566 2268 693 2322 dum
729 2269 847 2337 sine
894 2272 1069 2325 cordis
1101 2272 1423 2325 contritione
1469 2280 1525 2325 et
1554 2271 1918 2341 lacrymarum
1965 2272 2135 2339 fonte,

565 2359 686 2413 sine
730 2363 1027 2415 reverentia
1055 2361 1235 2416 debita
1275 2371 1329 2417 et
1356 2370 1590 2417 tremore
1618 2362 1803 2429 laudo,
1847 2362 2134 2432 benedice,

566 2457 728 2517 atque
773 2450 961 2504 adoro.
1012 2450 1068 2505 Si
1101 2452 1245 2506 enim
1291 2452 1468 2522 angeli
1517 2462 1570 2508 te
1615 2454 1905 2509 adorantes
1930 2463 1985 2509 et
2026 2455 2139 2509 lau-

565 2538 758 2594 dantes
794 2551 1032 2595 tremunt
1077 2542 1212 2595 mira
1244 2542 1604 2598 exsultatione
1646 2542 1856 2612 repleti,
1888 2560 1987 2615 ego
2012 2559 2138 2612 pee-

567 2638 741 2693 cator,
792 2630 920 2683 dum
975 2630 1071 2683 tibi
1124 2632 1340 2697 assiste,
1386 2631 1575 2687 laudes
1623 2632 1763 2698 dico,
1815 2633 2138 2689 Sacriﬁcium

566 2716 771 2784 offero;
803 2733 901 2785 cur
943 2728 1048 2773 non
1096 2720 1257 2775 corde
1302 2736 1491 2789 paveo,
1546 2722 1692 2777 vultu
1741 2723 1940 2792 palleo,
1983 2723 2140 2780 labiis

565 2816 769 2875 tremo,
831 2817 944 2863 toto
998 2826 1223 2879 corpore
1275 2812 1623 2877 inltorresco,
1688 2814 1879 2883 sicque
1932 2816 2138 2871 obortis

564 2901 816 2979 lacrymis
863 2916 1043 2955 coram
1096 2911 1147 2955 te
1193 2902 1559 2957 indesinenter
1602 2902 1799 2971 lugeo?
1847 2904 1997 2967 Volo,
2041 2906 2136 2960 sed

563 3004 669 3044 non
716 2990 888 3075 valeo,
938 2989 1065 3057 quia
1104 3005 1312 3059 nequeo
1339 2992 1482 3059 quod
1509 2991 1781 3086 desidero.
1823 2991 1964 3071 llinc
1990 2996 2133 3049 euitn
2161 3024 2208 3086 ρ

562 3095 771 3134 mecum
800 3072 1147 3133 vehementer
1186 3081 1447 3147 admiror,
1492 3080 1620 3135 dum
1649 3089 1702 3137 te
1726 3082 1886 3138 nimis
1919 3082 2136 3138 terribi-

561 3172 667 3227 lem
704 3172 877 3226 ocu‘lis
907 3171 1041 3226 fidei.
1071 3186 1256 3225 cerno.

599 3260 745 3315 Sed
782 3261 904 3330 quis
950 3260 1053 3314 hoc
1097 3261 1213 3314 sine
1268 3274 1370 3328 ope
1422 3260 1611 3329 gratia:
1665 3260 1815 3315 tuac?
1860 3258 2135 3316 Universa

563 3350 708 3406 enim
751 3350 899 3405 salus
937 3360 1121 3404 nostra
1165 3366 1373 3420 magna
1420 3350 1789 3405 misericordia
1828 3359 1940 3405 tua.
1980 3350 2142 3405 Misc-

563 3430 686 3494 rum
733 3454 841 3504 tne,
880 3440 1151 3509 quomodo
1199 3441 1279 3497 sic
1332 3441 1605 3495 insensata
1653 3439 1793 3495 facta
1824 3449 1910 3495 est
1953 3440 2138 3494 anima

565 3544 685 3595 mea
714 3537 772 3583 ut
814 3545 919 3584 non
954 3541 1219 3584 terreatur
1251 3540 1455 3583 terrore
1482 3529 1670 3592 nimio,
1713 3531 1839 3583 dunt
1878 3538 1985 3582 stat
2014 3538 2137 3584 ante

565 3622 756 3685 Deum,
790 3630 843 3676 et
872 3637 997 3676 suas
1044 3622 1117 3674 illi
1163 3622 1351 3676 laudes
1386 3620 1683 3674 decantat?
1728 3618 1984 3673 Miserum
2021 3633 2130 3685 me,

562 3712 832 3779 quomodo
866 3711 944 3765 sic
973 3711 1214 3764 induruit
1237 3727 1332 3765 cor
1370 3724 1546 3763 meum
1581 3718 1638 3761 ut
1670 3708 1813 3763 oculi
1843 3708 1948 3762 utei
1981 3708 2135 3761 inde-

563 3802 804 3856 sinenter
848 3816 952 3855 non
989 3802 1285 3871 producant
1314 3801 1536 3857 ﬂumina
1586 3801 1972 3872 lac’rymarum,
2004 3803 2134 3854 dunt

565 3906 857 3946 conservus
886 3890 1281 3943 sermocinatur
1320 3874 1505 3945 coram
1528 3888 1762 3943 Domino
1796 3902 1915 3953 suo,
1973 3888 2151 3942 homo

566 3998 688 4037 cum
718 3982 847 4045 Deo,
881 3990 1129 4035 creatura
1172 3995 1296 4034 cum
1323 3980 1602 4043 Creatore,
1632 3980 1723 4049 qui
1750 3978 1929 4033 factus
1956 3986 2040 4031 est
2068 3992 2136 4031 ex

566 4072 696 4126 limo
720 4087 840 4126 cum
867 4087 933 4125 co
968 4071 1059 4139 qui
1090 4070 1271 4136 omnia
1312 4069 1442 4126 fecit
1465 4084 1545 4131 ,εχ
1585 4068 1798 4125 nihilo?
1824 4068 1987 4123 Ecce.
2032 4067 2138 4121 Do-

564 4166 730 4227 mine,
761 4178 901 4233 pono
944 4177 1029 4216 me
1072 4170 1198 4215 ante
1229 4171 1300 4226 te,
1343 4169 1396 4215 et
1424 4159 1554 4232 quid
1592 4160 1647 4215 in
1678 4160 1906 4215 secretis
1932 4158 2000 4214 de
2050 4174 2137 4215 me

566 4255 762 4317 sentio,
818 4252 1057 4321 paternis
1098 4251 1322 4321 auribus
1368 4264 1475 4304 non
1527 4258 1698 4305 taceo.
1748 4245 1829 4301 Tu
1874 4247 2027 4303 dives
2080 4248 2135 4303 in

2256 466 2612 536 lacrymarum
2662 470 2819 523 simul
2869 486 2990 524 cum
3020 469 3203 527 cordis
3252 470 3484 535 puritate
3527 488 3584 530 et
3631 484 3828 537 utentis

2251 554 2597 625 jubilatiouc;
2630 558 2689 611 ut
2718 558 2955 627 perfecte
2986 570 3037 615 te
3066 562 3309 633 diligens,
3344 573 3397 618 et
3423 565 3584 635 digne
3626 577 3677 622 te
3707 569 3826 624 lau-

2253 644 2408 711 dans,
2439 646 2554 716 ipso
2587 648 2766 703 cordis
2794 650 2972 716 palato
2998 654 3252 719 sentiam,
3278 666 3508 725 gustem,
3540 666 3595 711 et
3618 660 3824 728 sapiam

2252 751 2416 805 quam
2446 736 2616 791 dulcis
2646 745 2701 791 et
2748 742 2927 794 suavis
2963 757 3044 805 es,
3081 744 3330 810 Domine,
3376 747 3517 801 sicut
3562 750 3821 820 scriptum

2251 834 2371 879 est:
2413 822 2626 880 Gustata
2665 835 2715 881 et
2761 828 2924 882 videte
2953 827 3198 898 quoniam
3223 834 3399 888 suavis
3440 848 3515 890 est
3543 837 3817 895 Dominus.

2248 910 2445 968 Beatus
2484 914 2561 967 vir
2600 914 2692 983 qui
2718 927 2891 981 sperat
2925 920 2979 971 in
3009 935 3068 973 eo
3109 920 3281 988 (Psal.
3316 938 3483 988 xxxv,
3510 926 3588 994 9).
3627 928 3821 984 Beatus

2248 1002 2473 1071 populus
2506 1006 2596 1075 qui
2635 1006 2731 1059 scit
2761 1008 3132 1082 Jubilationem
3180 1010 3353 1083 (Psnl.
3401 1030 3672 1079 Lxxxvm,
3707 1019 3817 1088 16).

2246 1088 2441 1144 Beatus
2469 1093 2550 1146 vir
2568 1094 2720 1163 cujus
2761 1106 2834 1149 est
2858 1098 3115 1150 auxilium
3156 1100 3247 1153 abs
3282 1111 3353 1165 te,
3401 1105 3728 1159 escensiones
3766 1109 3821 1161 in

2248 1182 2403 1236 corde
2439 1200 2536 1237 suo
2574 1185 2851 1254 disposuit,
2895 1189 2951 1242 in
3004 1190 3136 1244 valle
3176 1189 3553 1260 Iacrymurum,
3593 1196 3647 1249 in
3694 1197 3809 1253 loco

2245 1285 2396 1339 quem
2438 1270 2608 1341 posuit
2653 1274 2826 1344 (Psal.
2870 1291 3094 1343 Lxxxut,
3131 1278 3207 1351 6).
3237 1278 3389 1334 Beati
3418 1284 3613 1337 mundo
3645 1285 3816 1349 corde,

2244 1366 2493 1430 quoniam
2522 1364 2620 1433 ipsi
2654 1365 2821 1420 Deum
2865 1369 3103 1425 videbunt
3132 1370 3347 1442 (Matth.
3372 1388 3425 1439 v,
3457 1374 3533 1445 8).
3558 1375 3709 1432 Beati
3730 1380 3819 1448 qui

2245 1448 2485 1523 habitant
2527 1455 2774 1509 in.domo
2802 1468 2911 1519 tua,
2948 1460 3184 1528 Domine,
3208 1463 3261 1516 in
3284 1465 3477 1519 siccata
3509 1469 3819 1525 swculorum

2246 1536 2535 1611 laudabunt
2560 1554 2609 1597 te
2634 1543 2808 1615 (Psnl.
2837 1561 3066 1614 Lxxxttt,
3102 1550 3181 1622 5).
3266 1540 3271 1553 ἦ
3417 1540 3423 1546 ’

2773 1655 3030 1716 ORATIO
3066 1660 3132 1717 Vl
3171 1663 3284 1721 ⁸⁸³⁸⁸.

2890 1765 2960 1806 ΔΙ)
2995 1768 3159 1810 ΒΕΠΙ.

2244 1851 2736 1952 Νεῴξᾳεριρνιητρ
2777 1865 2887 1947 ulla
2924 1873 3426 1952 pec-catoaesperare
3454 1876 3659 1952 delicat,
3688 1884 3816 1952 quin

2313 1929 2430 1995 pius
2471 1940 2545 1983 est
2559 1942 2623 2009 _et
2642 1929 2950 2009 misericors
2994 1929 3269 2009 Dominus,
3313 1960 3406 1998 nec
3457 1929 3571 2000 vult
3587 1929 3812 2006 5.2.3133;

2311 2002 2618 2067 peccatoris,
2651 2004 2743 2056 sed
2780 2006 2960 2059 vitam.

2313 2086 2565 2146 Miserere
2587 2094 2708 2159 mei,
2739 2092 2902 2160 Deus,
2926 2099 3210 2154 secundum
3237 2120 3479 2173 magnam
3509 2109 3811 2164 misericor-

2240 2177 2382 2234 diam
2413 2192 2592 2247 tuam;
2621 2194 2669 2240 ct
2690 2187 2973 2241 secundum
3000 2189 3385 2248 multitudinem
3412 2184 3809 2254 miseratiomtm
3878 2184 3879 2187 η

2241 2275 2450 2323 tuarum
2489 2271 2603 2327 dele
2644 2274 2968 2345 iniquitatem
3012 2280 3181 2333 meant
3220 2280 3391 2353 (Psal.
3437 2301 3490 2347 ι,
3521 2286 3594 2356 5).
3626 2288 3815 2346 Credi-

2238 2371 2359 2413 mus
2395 2361 2537 2427 quod
2565 2362 2705 2418 banc
2729 2366 3026 2421 orationem
3064 2370 3299 2438 Spiritus
3324 2384 3543 2429 sanctus
3569 2377 3813 2434 dictave-

2240 2445 2330 2512 rit,
2359 2447 2511 2516 cujus
2538 2450 2888 2540 inspirati0tic
2927 2456 3089 2527 25o
3110 2472 3467 2529 compunctus
3498 2465 3660 2521 homo
3684 2482 3815 2539 pec-

2236 2544 2411 2602 cator,
2438 2537 2534 2592 sed
2567 2537 2624 2594 et
2659 2541 2830 2597 ﬁdelis
2857 2554 2913 2597 et
2940 2545 3041 2599 sibi
3070 2548 3308 2615 postulat
3350 2566 3379 2604 a
3416 2551 3527 2607 Deo
3562 2537 3815 2614 misereri

2240 2625 2366 2693 ⁸⁸⁷⁵,
2429 2642 2659 2698 suasque
2710 2630 3019 2701 iniquitates
3067 2637 3362 2693 secundum
3409 2641 3813 2702 multitudinem

2239 2717 2643 2773 miserationum
2678 2720 2793 2791 ejus
2823 2722 3009 2788 deleri,
3053 2740 3214 2795 quem
3254 2741 3308 2784 et
3349 2734 3817 2801 onmipotentissi—

2238 2822 2384 2862 mum
2423 2810 2592 2864 Deam
2637 2819 2691 2864 et
2738 2813 3297 2874 misericordissimum
3347 2820 3628 2879 Dominum
3686 2840 3818 2882 esse

2238 2899 2427 2953 credit.
2459 2897 2554 2954 ESI
2598 2909 2777 2956 autem
2823 2902 2926 2957 hoc
2966 2919 3102 2973 opus
3151 2906 3384 2977 Spiritus
3439 2914 3632 2980 sancti,
3664 2916 3816 2985 quod

2237 2987 2507 3054 peccaturi
2530 3003 2629 3043 sua
2650 2989 2888 3044 facinora
2918 2992 3223 3061 displicent,
3252 3009 3308 3051 et
3331 3014 3393 3052 ea
3419 3016 3577 3068 agerc
3606 3006 3817 3074 satagit

2236 3090 2356 3143 qum
2384 3074 2637 3131 Creatori
2670 3092 2769 3132 suo
2815 3079 3043 3148 placent.
3079 3082 3183 3138 Sed
3214 3095 3265 3139 et
3314 3102 3417 3141 noc
3462 3090 3575 3146 suis
3602 3092 3816 3150 viribus

2238 3180 2344 3220 non
2374 3165 2536 3230 valet,
2568 3166 2680 3221 nisi
2710 3166 2950 3236 ejusdem
2996 3170 3230 3240 Spiritus
3273 3177 3446 3231 sancti
3476 3180 3647 3246 gratis
3680 3182 3818 3237 illu-

2237 3255 2474 3310 minatus
2519 3256 2646 3321 "m;
2698 3255 2850 3324 cujus
2898 3274 3013 3323 cor,
3052 3247 3322 3331 cum'per
3372 3281 3527 3321 suam
3577 3272 3816 3340 gratiam

2236 3342 2444 3405 visitet.
2484 3344 2728 3413 protinus
2773 3345 2841 3398 ab
2884 3348 3030 3401 omni
3071 3346 3191 3404 labe
3234 3351 3499 3409 vitiorum’
3528 3358 3818 3415 emutilat.

2238 3431 2420 3487 Dulcis
2455 3444 2535 3488 est
2572 3424 2710 3490 vero
2759 3435 3016 3491 Dominus
3065 3450 3121 3493 et
3165 3441 3284 3509 pius
3332 3458 3462 3516 erga
3499 3458 3817 3507 creaturam

2237 3536 2601 3592 suam,quam
2644 3527 2851 3579 creavit
2884 3528 2955 3579 ad
2983 3527 3261 3598 imaginem
3289 3550 3443 3587 suam
3471 3545 3519 3589 et
3561 3538 3819 3597 similitu—

2234 3610 2410 3664 dinem
2436 3611 2587 3681 (Gen.
2626 3628 2663 3676 ι,
2698 3613 2829 3682 27);
2860 3624 2917 3668 et
2951 3632 3111 3685 quam
3162 3628 3312 3675 tanto
3339 3623 3533 3679 ditavit
3576 3626 3817 3695 honore,

2237 3698 2382 3784 nullo
2417 3700 2574 3754 modo
2619 3701 2720 3755 nisi
2766 3700 2884 3768 ejus
2918 3718 3111 3773 magna
3160 3706 3445 3776 iniquitate
3476 3716 3677 3780 patitur
3706 3731 3821 3784 pe-

2236 3779 2365 3842 rire.
2410 3788 2507 3842 Est
2552 3799 2753 3855 autem,
2783 3800 2868 3845 est
2910 3794 3131 3849 omnino
3175 3779 3538 3855 universitatis
3583 3779 3822 3862 Creator-

2237 3878 2408 3931 suavis
2433 3888 2478 3930 et
2506 3878 2664 3944 mitis,
2691 3888 2739 3932 et
2776 3880 2955 3934 multa:
2984 3884 3355 3939 misericordia:
3390 3890 3628 3944 omnibus
3656 3892 3822 3948 inoo-

2238 3967 2472 4018 cantibus
2497 3982 2552 4020 se
2580 3964 2767 4034 '(Psal.
2805 3983 3000 4032 Lxxxv,
3035 3970 3379 4038 5),.omnibus
3407 3978 3500 4046 qui
3547 3978 3822 4038 invocans

2237 4073 2355 4110 eum
2401 4059 2453 4111 in
2498 4061 2745 4125 veritate;
2788 4070 2845 4115 et
2886 4052 3200 4117 voluntatem
3250 4065 3541 4121 timentium
3575 4088 3631 4124 se
3679 4070 3827 4129 facit.

2218 4144 2351 4213 "m,
2383 4157 2433 4200 et
2474 4149 2885 4216 deprecationem
2933 4166 3113 4203 eorum
3142 4154 3385 4218 exaudit,
3434 4165 3488 4210 et
3527 4173 3624 4227 per
3652 4174 3827 4216 suam

2239 4253 2485 4307 magnam
2519 4239 2946 4293 misericordiam
2987 4241 3163 4296 salvos
3196 4244 3261 4297 ad
3288 4247 3669 4317 sempiternam
3696 4252 3826 4323 glo-

567 4341 960 4406 misericordia’
1008 4349 1064 4395 et
1116 4339 1295 4408 largus
1340 4338 1397 4393 in
1445 4337 1705 4406 pmmﬁs,
1760 4338 1825 4391 da
1882 4338 2011 4391 mihi
2064 4338 2132 4391 ac
2169 4345 2216 4399 ι)
2243 4328 2376 4381 riam
2403 4328 2552 4382 ducit
2584 4328 2757 4397 (Psal.
2788 4344 3013 4395 CXLVI",
3047 4332 3156 4401 18).
3188 4331 3474 4399 Miseretur
3516 4340 3659 4393 enim
3686 4357 3825 4398 out-

570 4432 725 4485 bonis
752 4418 876 4494 tuis,
908 4440 963 4482 ut
988 4444 1052 4489 ex
1079 4430 1160 4483 eis
1187 4430 1419 4483 serviam
1450 4427 1565 4483 tibi.
1601 4427 1713 4483 Non
1739 4429 1884 4483 enim
1911 4428 2131 4481 aliunde

571 4537 856 4591 possumus
909 4521 1003 4575 tibi
1050 4520 1257 4574 servire
1302 4534 1478 4589 neque
1521 4518 1738 4588 placere
1791 4519 1893 4573 nisi
1944 4519 2009 4573 dc
2047 4528 2136 4573 tuo

570 4627 813 4667 munere.
852 4634 857 4635 ⁷

640 4703 872 4771 Con/ige,
917 4717 1137 4772 quzeso,
1180 4703 1361 4755 timore
1399 4711 1487 4754 tuo
1545 4716 1725 4753 carnes
1777 4716 1918 4753 meas
1963 4698 2135 4769 (Psal.

572 4812 765 4857 cxvm,
809 4795 963 4866 120);
1012 4796 1219 4850 laetetur
1267 4809 1361 4849 cor
1395 4808 1583 4856 meum,
1633 4801 1688 4845 ut
1733 4792 1907 4845 timent
1957 4808 2140 4845 nomen

576 4898 721 4940 ruunt
748 4886 919 4955 (Psal.
941 4902 1139 4951 Lxxxv,
1174 4888 1281 4956 ll).
1316 4884 1536 4957 Utina_m
1581 4884 1660 4938 sic
1693 4892 1745 4937 te
1776 4883 1987 4937 timeret
2018 4897 2143 4950 pec-

577 4981 749 5032 catrix
797 4979 971 5034 anima
1016 4994 1155 5044 mea,
1207 4978 1476 5045 quomodo
1526 4976 1614 5029 ille
1659 4975 1744 5027 vir
1794 4983 2023 5028 sanctus
2048 4976 2142 5042 qui

577 5067 711 5120 dixit
736 5085 749 5120 :
793 5065 1004 5131 Semper
1031 5068 1164 5119 enim
1204 5066 1356 5135 quasi
1386 5074 1635 5117 tumentes
1663 5079 1818 5131 super
1845 5079 1923 5116 me
1952 5064 2143 5132 ﬂuctus

579 5157 727 5211 timui
768 5157 934 5210 Deum
974 5154 1095 5220 (Job
1146 5171 1301 5222 xxxi,
1348 5154 1461 5225 25).
1507 5154 1670 5207 Datur
1712 5154 1853 5207 enim
1904 5154 2143 5207 omnium

2247 4418 2418 4481 nium,
2449 4425 2504 4471 et
2533 4417 2664 4469 nihil
2712 4418 2827 4470 odit
2862 4432 3049 4472 eorum
3091 4436 3209 4489 qua:
3257 4423 3407 4491 fecit,
3465 4427 3830 4486 dissimulans

2243 4517 2465 4576 peccata
2494 4508 2769 4560 hominum
2800 4518 3020 4578 propter
3048 4512 3446 4582 ptenitentiatu,
3483 4527 3538 4572 et
3583 4535 3831 4587 parcens

2246 4594 2374 4661 illis,
2402 4596 2526 4667 quia
2554 4596 2671 4665 pius
2708 4608 2782 4649 est
2817 4596 3072 4651 Dominus
3100 4598 3289 4671 (Eccli.
3337 4620 3399 4670 ιι,
3434 4607 3542 4669 15).
3582 4608 3676 4662 Est
3721 4625 3835 4666 nne

2249 4696 2355 4740 tem
2392 4687 2700 4740 misericors
2739 4688 2999 4743 Dominus
3027 4694 3401 4758 peccatoribus
3427 4712 3457 4749 a
3486 4714 3597 4753 Sllls
3622 4712 3834 4770 nequi-

2250 4784 2339 4839 tiis
2363 4785 2719 4849 cessantibus,
2749 4794 2801 4838 ct
2824 4798 2931 4853 per
2950 4801 3131 4840 veram
3164 4791 3534 4857 pazuitcntiam
3565 4788 3834 4867 veraeque

2246 4878 2575 4947 ptenitentize
2608 4877 2748 4930 bona
2784 4892 2946 4945 opera
2982 4892 3113 4933 suas
3138 4882 3372 4936 malitias
3398 4886 3833 4956 mundantibus;

2246 4976 2302 5021 et
2338 4982 2433 5036 per
2474 4980 2654 5020 veram
2699 4966 3129 5035 confessionem,
3173 4986 3419 5041 vermque
3465 4975 3837 5037 confessionis

2246 5058 2594 5123 sacriﬁcium,
2640 5072 2760 5112 sese
2806 5062 2897 5093 ¹⁰⁷³
2926 5065 3307 5117 ιιωειιηιίὺιιε.
3338 5067 3432 5119 Est
3476 5079 3653 5121 autem
3687 5084 3830 5126 \‘t'ra

2246 5152 2566 5221 pmnitentia
2613 5169 2845 5218 veraque
2894 5146 3184 5220 cont'csSio,
3228 5164 3282 5207 et
3326 5166 3629 5225 perpetrata
3673 5162 3835 5219 mnia

1849 5243 2079 5299 VABl/E
2122 5242 2522 5298 LECTIONES.

646 5318 739 5349 ¹⁰⁶⁶
764 5316 1116 5383 Quisjustitia
1170 5331 1263 5370 sua
1302 5332 1403 5371 ms.

580 5389 708 5441 mihi
746 5388 967 5440 Domine
1044 5387 1134 5418 ¹⁰⁶⁸
1177 5385 1297 5439 Vita
1322 5396 1375 5438 et
1400 5386 1797 5439 mss.omittunt.

1477 5314 1608 5369 Vict.
1661 5312 1781 5384 quis
1818 5315 2026 5381 Justitia
2088 5321 2178 5367 tua
2255 5312 2344 5344 ¹⁰⁸⁷
2394 5313 2484 5384 Mi‘
2526 5316 2747 5384 Domine
2789 5333 2887 5369 ms.
2950 5315 3084 5367 Vict.
3140 5318 3352 5372 omittit.
3422 5334 3519 5371 ins.
3577 5317 3829 5380 Vol-lue.

1876 5384 1965 5415 ³⁸⁸³
1984 5384 2188 5437 Collata
2209 5390 2413 5435 ealcum
2435 5381 2561 5437 Mss.
2593 5383 2727 5439 Vict.
2748 5386 2874 5437 ΚΚ.
2911 5384 2996 5438 16.
3042 5384 3253 5439 Val-lue
3303 5400 3350 5441 et
3392 5385 3545 5441 Corb.
3596 5388 3726 5444 160.
3773 5395 3841 5448 its

577 5472 678 5526 quo
709 5458 861 5525 lngus
886 5459 1137 5509 orationts
1165 5456 1370 5509 initium
1388 5454 1624 5526 avulsum
1646 5465 1718 5526 est
1771 5454 1883 5526 Α¹⁰⁷⁰
1915 5454 1997 5507 Ab
2012 5452 2347 5526 eeAmjsercri
2405 5452 2701 5526 ms._‘__Vict.
2748 5472 2788 5526 a_
2808 5456 2914 5519 Deo
2953 5454 3194 5526 misereri
3270 5459 3359 5499 '9'“
3393 5458 3577 5511 Gratia
3618 5460 3835 5514 illuni-

580 5534 738 5578 natus
767 5542 870 5579 mss
928 5526 1057 5581 Vict.
1100 5536 1147 5579 et
1187 5526 1419 5579 Val-lac.

591 5592 723 5647 Vict.
741 5596 879 5648 omit.
923 5612 980 5651 se
1005 5614 1063 5653 se

1451 5523 1623 5595 gratia
1651 5523 1940 5593 inspiratus
1990 5522 2106 5555 ~’°"
2132 5520 2203 5577 Sc
2220 5518 2352 5575 facit
2374 5536 2472 5574 ms.
2516 5520 2645 5578 Vict.
2674 5540 2731 5579 se
2765 5524 2923 5578 faciet
3000 5524 3089 5555 ¹⁰⁷³
3118 5525 3453 5583 Sacriﬁcium
3485 5542 3546 5582 se
3595 5543 3654 5584 se
3719 5544 3836 5585 ιιι.
