4200 6252
402 178 506 231 875

1833 165 2242 232 DRATIONES.

3565 179 3670 236 Sil

402 291 690 361 plangere.
749 300 804 348 et
870 290 1169 363 plangcngla
1227 290 1461 361 amplius
1522 302 1629 340 non
1700 287 1972 342 amittere.
2009 284 2330 346 Atimorcm
2383 282 2620 336 noxiam.
2677 283 2922 353 Respice,
2982 294 3036 339 et
3091 283 3333 337 illatnina
3393 300 3492 340 cor
3552 290 3672 360 ejus

404 383 677 448 Quomodo
722 399 850 436 vero
900 386 1175 438 miseretur
1225 382 1383 436 f’uter
1419 381 1675 452 ﬁliorum,
1710 389 1764 435 et
1810 379 1982 434 multo

402 474 576 545 magis
597 485 763 543 (tuam
794 481 946 543 pater
971 473 1208 528 carnalis
1235 473 1467 527 filiorum
1495 510 1510 534 ,
1541 471 1833 525 miseretur
1859 471 1983 540 pius

401 573 456 618 et
483 562 795 618 misericors
823 563 1084 620 Dominus
1111 562 1350 618 omnium
1381 575 1445 617 se
1482 562 1808 617 timentium.
1865 559 2010 628 Ipse

401 655 548 710 enim
615 655 768 709 novit
812 655 1118 725 ﬁgmentum
1179 664 1454 718 nostrum;
1521 653 1774 723 cognovit
1815 651 1984 706 etiam

404 745 545 800 umle
608 761 709 800 nos
767 745 897 801 fecit
937 745 1124 800 limum
1185 752 1428 798 nostrum
1483 743 1597 795 ωδ.
1649 743 1985 796 Recordatur

399 834 547 888 enim
578 836 723 906 quod
748 834 917 905 pulvis
943 851 1124 888 sumus
1153 833 1324 905 (Paul.
1356 847 1452 897 cu,
1478 833 1568 896 l5,
1594 832 1702 903 14),
1728 839 1800 887 et
1822 831 1981 896 cinis,

407 926 501 980 sed
533 933 712 980 tamen
751 925 819 980 ad
841 925 960 995 ejus
985 922 1276 995 imaginem
1313 923 1462 980 facti.
1492 925 1770 979 lntuentes
1801 930 1984 976 autem

400 1030 636 1086 vereque
671 1016 993 1073 confitentes
1013 1027 1219 1072 tantam
1243 1018 1671 1074 misericordiam
1693 1017 1785 1048 ¹⁰⁷⁸
1817 1015 1988 1069 Crea-

397 1105 537 1161 toris
574 1106 742 1162 nostri
793 1121 922 1176 erga
953 1116 1262 1162 creaturam
1305 1120 1482 1172 suam,
1533 1121 1639 1161 non
1676 1107 1744 1161 d‘e
1790 1104 1986 1160 remis-

397 1196 552 1251 sione
604 1195 886 1267 culparum
931 1197 1300 1266 desperemus.
1352 1195 1620 1264 Quoniam
1663 1195 1710 1252 si
1759 1210 1826 1250 ex
1874 1204 1986 1250 toto

396 1288 564 1343 corde
617 1287 1014 1357 pmnitcamus,
1073 1295 1400 1356 nostrasque
1449 1286 1766 1356 iniquitates
1806 1286 1983 1356 dignis

394 1373 612 1430 ﬂetibus
663 1376 1034 1448 insequamur,
1073 1375 1190 1444 ejus
1247 1375 1770 1446 indulgentissimam
1815 1376 1980 1445 pieta-

402 1475 509 1522 tem
537 1466 893 1537 proculdubio
923 1480 1340 1538 consequemur.

469 1552 576 1610 Sed
621 1553 851 1611 fortasse
899 1555 1096 1626 aliquis
1126 1565 1305 1611 mente
1335 1556 1596 1626 perditus,
1629 1565 1681 1612 et
1703 1554 1819 1626 jam
1852 1556 1983 1627 ipsis

2087 370 2448 436 obcmcatum,
2484 379 2541 423 nt
2568 372 2751 424 videat
2780 385 2834 426 et
2869 374 3129 444 intelligat
3161 389 3319 442 quam
3355 391 3547 444 magna
3576 379 3667 444 sn,

2087 471 2141 517 et
2169 478 2333 532 quam
2358 463 2607 518 amabilis
2641 463 2922 517 multitudo
2950 466 3240 525 dulcedinis
3269 479 3394 533 truc,
3427 467 3670 535 Domine,

2084 569 2245 623 quam
2304 554 2626 608 abscondisti
2676 557 3088 632 desperantibus
3147 558 3212 612 dc
3269 571 3339 621 te,
3399 558 3675 627 pet-fecisti

2085 653 2268 699 autem
2298 645 2641 714 sperantibus
2680 647 2730 699 in
2777 657 2829 699 tc
2871 645 3044 715 (Psal.
3083 664 3206 712 xxx,
3247 651 3359 718 '20).
3399 650 3520 703 Non
3552 666 3676 703 cum
3711 635 3729 646 ’

2085 734 2380 802 detuergat,
2436 734 2748 790 dulcissime
2810 737 2976 803 Deus,
3039 754 3142 792 non
3209 757 3332 793 cum
3395 743 3680 812 demergat

2085 834 2362 893 tempestas
2423 842 2574 895 aqum
2629 843 2721 880 uec
2775 827 3048 882 absorbent
3108 831 3453 899 profundum,
3513 826 3677 901 nehte

2088 924 2266 984 urgeat
2303 931 2460 984 super
2489 932 2612 972 cum
2641 928 2828 986 puteus
2856 935 2918 971 .os
2948 936 3098 974 sumn
3131 922 3303 989 (l’sul.
3340 939 3527 987 mnu,
3565 926 3673 994 lli),

2043 1035 2048 1042 -
2087 1006 2294 1062 scilicet
2330 1009 2555 1079 ahyssus
2595 1011 2941 1080 iniquitatum
2985 1029 3224 1079 suarum,
3275 1027 3325 1070 ct
3371 1018 3678 1086 desperatio

2087 1100 2493 1155 miseratiouunt
2560 1113 2798 1157 tuarum.
2871 1103 3188 1170 Credimus,
3250 1108 3681 1163 clementissime

2085 1203 2301 1247 creator
2346 1193 2625 1251 hominum
2673 1195 2837 1259 Dens,
2875 1204 2928 1251 te
2957 1211 3076 1251 esse
3123 1199 3576 1267 omnipotentem,
3625 1211 3682 1257 ct
3741 1237 3744 1240 -

2085 1283 2266 1335 omnia
2298 1297 2636 1354 quzccunquc
2666 1286 2748 1340 vis
2797 1285 3085 1342 facientem
3159 1287 3234 1344 De
3279 1277 3335 1344 te
3359 1292 3503 1345 enim
3544 1290 3682 1346 Pro-

2084 1372 2244 1460 pheta
2298 1372 2387 1403 ¹⁰⁸¹
2419 1373 2584 1427 dicit:
2638 1374 2829 1429 Omnia
2881 1393 3205 1447 quierunt/ue
3235 1379 3390 1432 roluit
3424 1380 3678 1436 Dominus

2085 1459 2204 1527 fecit
2233 1460 2286 1512 iu
2315 1459 2463 1524 (telo,
2508 1471 2554 1513 et
2589 1463 2642 1514 in
2682 1473 2840 1526 terra,
2874 1475 2920 1516 et
2959 1465 3010 1517 in
3053 1466 3212 1527 mari,
3252 1476 3297 1518 et
3345 1467 3398 1520 in
3442 1467 3681 1522 omnibus

2087 1551 2179 1583 ¹⁰⁸³
2225 1551 2428 1621 abyss'is
2473 1549 2645 1623 (I’sal.
2677 1569 2897 1622 cxxxw,
2946 1556 3022 1627 6).
3064 1556 3280 1612 Scimus
3327 1567 3509 1614 autem
3554 1559 3681 1629 quia
3718 1593 3722 1598 -

371 1645 750 1715 'VOraginibus
783 1654 1001 1700 aeterme
1047 1639 1406 1716 damnationis
1456 1647 1764 1714 immersus,
1805 1647 1984 1700 consi-
2019 1663 2058 1716 Β
2087 1656 2191 1695 non
2226 1642 2306 1696 vis
2343 1651 2659 1722 peccatores
2689 1645 2936 1714 perdere,
2984 1646 3079 1700 scd
3116 1664 3144 1701 a
3176 1650 3414 1716 peccatis
3441 1665 3678 1712 cessare.

401 1734 601 1790 derans
647 1736 1027 1800 enormitatem
1078 1736 1341 1791 scelermn
1395 1750 1640 1804 suorum,
1688 1739 1984 1807 desperans

398 1826 470 1882 de
518 1826 889 1883 misericordia
944 1827 1070 1891 Dei,
1133 1827 1313 1883 dicere
1364 1829 1503 1898 apud
1554 1844 1614 1884 se
1665 1831 1982 1899 prmsumit:

401 1921 556 1989 Quod
605 1920 892 1977 consilium
933 1920 1315 1992 recuperandae
1361 1919 1553 1976 salutis
1587 1921 1702 1992 jam
1753 1920 1987 1989 amplius

403 2011 648 2066 invenire
675 2019 885 2080 potero,
929 2019 1025 2064 aut
1053 2024 1212 2079 quam
1261 2010 1715 2074 Consolationcm,
1748 2010 1984 2080 aliquam

399 2100 617 2154 veniam
647 2100 915 2154 scelerum
946 2099 1692 2171 promittentem,',sperabo?
1738 2099 1815 2154 Ex
1878 2115 1987 2169 quo

401 2203 627 2259 peccare
668 2189 840 2258 potui,
888 2203 1161 2258 nunquam
1193 2204 1221 2243 a
1249 2191 1488 2258 peccatis
1516 2200 1571 2245 et
1607 2189 1763 2245 malis
1797 2191 1981 2261 operi-

402 2278 504 2334 bus
531 2280 759 2335 cessavi.
802 2279 1047 2336 Peccatis
1093 2290 1318 2350 peccata
1365 2296 1580 2352 semper
1624 2285 1982 2352 accumulavi,

400 2379 460 2424 et
509 2377 750 2439 peccata,
798 2385 918 2440 qum
963 2369 1252 2440 aliquando
1297 2372 1552 2442 Operibus
1598 2372 1821 2442 implere
1875 2390 1984 2429 non

396 2461 572 2533 potui,
607 2460 763 2517 malis
807 2461 1174 2518 voluntatibus
1217 2476 1282 2518 ac
1310 2464 1466 2520 malis
1512 2465 1797 2521 desideriis
1821 2465 1988 2537 perli-

402 2567 528 2609 cere
557 2568 834 2623 nunquam
859 2555 1088 2610 cessavi.
1128 2553 1316 2610 Tantis
1344 2569 1475 2627 ergo
1507 2556 1667 2612 malis
1693 2565 1749 2612 et
1786 2557 1988 2628 iniqui-

405 2643 609 2700 tatibus
655 2644 750 2676 ‘m
777 2643 1068 2711 involutus,
1120 2646 1289 2702 tantis
1318 2645 1641 2702 criminibus
1665 2656 1717 2702 et
1745 2650 1986 2718 peccatis

396 2731 787 2799 circumdatus,
820 2735 949 2804 quid
963 2732 1077 2803 jam
1102 2745 1421 2804 exspectare
1451 2749 1669 2804 possum
1700 2737 1801 2791 nisi
1827 2746 1986 2791 teter-

396 2839 526 2880 nam
571 2825 931 2896 perditionem
977 2834 1302 2895 telorumque
1350 2827 1671 2896 perditionis
1718 2838 1984 2884 mternam

399 2917 848 2973 damnationem?
883 2917 1183 2988 Aliquando
1229 2933 1354 2973 vero
1391 2919 1437 2974 si
1479 2918 1713 2989 aliquam
1747 2919 1839 2952 ‘°"
1888 2921 1984 2976 mi-

2091 1741 2146 1785 ct
2187 1733 2391 1786 vivere.
2437 1730 2494 1786 Si
2544 1747 2673 1802 ergo
2715 1736 3056 1806 omnipotens
3099 1753 3184 1802 cs,
3233 1748 3374 1794 Sicut
3419 1754 3546 1794 vere
3596 1754 3690 1804 es,

2090 1822 2216 1889 quia
2261 1821 2523 1890 quidquid
2565 1821 2664 1886 vis,
2712 1822 2890 1878 facere
2924 1835 3103 1894 potes;
3149 1838 3202 1882 et
3233 1844 3339 1882 non
3373 1830 3454 1881 vis
3484 1843 3678 1898 pecca-

2091 1920 2241 1967 tores
2287 1913 2532 1981 perdere.
2583 1914 2678 1969 sed
2724 1930 2753 1968 a
2788 1915 2947 1969 malis
2990 1918 3331 1984 resipiscere,
3376 1929 3431 1973 et
3463 1920 3680 1978 vivere:

2090 2006 2157 2061 de
2189 2004 2534 2061 multitudine
2579 2007 2993 2062 miserationum
3043 2015 3254 2062 tuarum
3287 2024 3393 2063 non
3423 2009 3684 2066 debemus

2090 2095 2412 2166 desperare;
2435 2095 2554 2162 sed,
2583 2096 2761 2151 securi
2794 2095 2860 2150 de
2890 2110 2986 2164 spe
3018 2097 3207 2161 veni:c,
3246 2097 3682 2154 misericordiam

2088 2195 2429 2257 exspectare.
2468 2187 2664 2240 Verum
2698 2195 2782 2241 est
2825 2187 3046 2241 omnino
3073 2187 3198 2256 quia
3243 2189 3407 2241 inulta
3453 2197 3582 2242 sunt
3625 2194 3682 2244 et

2092 2292 2284 2349 magna
2315 2285 2537 2348 peccata
2570 2285 2779 2341 nostra,
2809 2276 2903 2332 sed
2943 2275 3077 2331 certi
3115 2292 3304 2331 sumus
3333 2277 3459 2346 quia
3505 2277 3673 2336 multa

2090 2373 2176 2422 est
2206 2375 2262 2422 et
2293 2381 2488 2436 magna
2518 2366 2890 2422 misericordia
2924 2375 3033 2421 tua.

2165 2455 2400 2521 Scimus,
2432 2454 2775 2524 omnipotens
2815 2465 2872 2511 et
2916 2456 3229 2512 misericors
3277 2455 3438 2522 Deus,
3479 2458 3692 2522 scimus-

2093 2547 2222 2618 quia
2279 2556 2332 2602 tu
2393 2560 2453 2602 es
2505 2562 2752 2602 smnmus
2812 2547 3064 2616 spiritus.
3121 2549 3580 2604 incommutabilis
3628 2551 3685 2605 et

2093 2647 2350 2706 mternus,
2379 2638 2566 2695 vivens
2592 2638 2702 2693 vita
2743 2646 2852 2705 tua,
2883 2654 3005 2709 quae
3040 2647 3096 2695 tu
3129 2639 3244 2710 ipse
3283 2652 3366 2705 es,
3393 2648 3445 2695 et
3467 2640 3684 2695 aeterni-

2092 2742 2206 2790 tate
2237 2742 2353 2798 tua,
2381 2741 2436 2788 et
2473 2749 2571 2789 nos
2598 2742 2849 2788 creatura
2881 2739 2992 2798 tua,
3021 2748 3053 2788 a
3083 2742 3134 2787 te
3164 2735 3332 2789 creati
3355 2735 3598 2802 bonitate
3625 2743 3685 2791 et

2093 2823 2442 2878 miseratione
2481 2831 2591 2876 tua.
2624 2822 2731 2878 Nos
2758 2832 2937 2878 autem
2987 2841 3108 2878 eum
3139 2840 3252 2893 pec.
3273 2830 3455 2890 amns,
3487 2827 3536 2880 id
3571 2835 3678 2892 est,

2090 2919 2212 2968 eum
2257 2926 2322 2966 ea
2359 2927 2483 2980 quae
2519 2895 2682 2982 jnbes
2730 2927 2834 2966 non
2866 2912 3114 2978 facimus,
3162 2921 3216 2968 et
3259 2929 3378 2984 qua:
3424 2917 3681 2984 prohibes

393 3006 694 3061 scrieordia
748 3007 843 3064 Dei
897 3016 1243 3079 peccatorum
1295 3007 1692 3065 confessionem
1743 3010 1882 3075 feci,
1930 3022 1984 3068 et

2087 3002 2341 3066 facimus,
2377 3017 2475 3071 per
2507 3011 2789 3072 peceatum
2828 3003 2921 3037 ¹⁰⁸¹⁵
2950 3015 3196 3060 nostrum
3237 3008 3520 3074 morimur,
3551 3009 3682 3068 licet

397 3107 747 3168 peccatorum
803 3100 1181 3170 paenitentiam
1240 3115 1272 3156 ει
1336 3100 1620 3156 sacerdote
1681 3104 1984 3172 accipiens,

401 3185 642 3257 aliquam
687 3189 1122 3245 emendationem
1174 3189 1438 3245 malorum
1487 3191 1733 3259 promisi,
1778 3192 1988 3259 statim,

398 3277 498 3340 vel,
533 3287 657 3348 post
699 3294 923 3349 parvam
965 3294 1196 3346 moram,
1231 3280 1420 3336 eadem
1469 3274 1622 3335 mala
1663 3281 1750 3338 vel
1796 3281 1982 3352 pejora

403 3378 630 3441 peccata
659 3369 786 3438 feci,
818 3378 878 3427 et
905 3371 1060 3442 quasi
1093 3371 1244 3427 canis
1274 3386 1526 3426 reversus
1571 3387 1689 3427 sum
1725 3374 1792 3427 ad
1821 3375 1991 3430 vomi-

405 3472 557 3529 tum;
584 3462 726 3533 quod
754 3462 908 3533 quasi
951 3477 1049 3533 per
1083 3461 1484 3518 confessionem
1516 3477 1864 3519 evomneram
1890 3480 1987 3520 ore

396 3553 641 3609 ctcorde
687 3554 801 3620 ⁸⁸⁷⁸,
829 3553 1122 3609 sordidius
1154 3553 1441 3624 resumpsi.
1472 3551 1656 3608 Juravi
1694 3556 1862 3623 etiam,
1885 3572 1986 3612 sae-

394 3645 522 3715 pius
547 3660 634 3700 me
661 3645 914 3716 deinceps
939 3659 1156 3701 cessare
1182 3660 1213 3699 a
1243 3634 1481 3715 peccatis
1507 3646 1645 3699 viam
1678 3645 1983 3717 iniquitatis

394 3727 619 3793 cumino
643 3737 914 3792 dimittere
936 3737 1185 3807 viamque
1205 3727 1430 3807 justitia:
1455 3738 1630 3806 sequi.
1667 3739 1777 3794 Sed
1808 3754 1983 3810 neque

397 3832 562 3887 timor
604 3831 770 3902 ipsius
800 3829 1021 3901 periurii
1051 3844 1137 3884 me
1167 3846 1198 3884 a
1225 3831 1464 3899 peccatis
1513 3833 1751 3892 retinere
1779 3834 1978 3904 potuit,

397 3939 574 3993 neque
614 3925 775 3978 timor
814 3921 904 3977 Dei
936 3931 1132 3978 cuncta
1162 3922 1232 3978 ab
1262 3919 1372 3976 alto
1395 3923 1802 3993 conspicientis.

469 4017 608 4073 Ecce
643 4017 818 4082 vides,
867 4015 1182 4071 dulcissime
1233 4004 1447 4068 amator
1492 4015 1771 4069 hominum
1811 4015 1974 4080 Deus,

391 4124 527 4166 ecce
549 4109 700 4164 vides
728 4109 796 4164 de
835 4108 1148 4164 sanctuario
1178 4117 1288 4170 tuo,
1324 4115 1377 4160 et
1408 4107 1636 4173 respicis
1667 4107 1732 4161 de
1763 4107 1979 4161 excelso

394 4198 659 4256 caelorum
698 4197 1026 4262 habitacnlo,
1069 4196 1326 4250 miserum
1358 4194 1632 4249 hominem
1662 4197 1729 4250 ad
1767 4205 1818 4251 te
1853 4196 1978 4250 dor-

393 4308 518 4348 sum
549 4297 836 4360 ponentem
889 4286 1014 4355 “1",
1052 4296 1211 4357 teque
1251 4287 1303 4340 in
1355 4286 1459 4341 tuis
1503 4285 1789 4356 praeceptis
1826 4302 1972 4356 Sper-

2096 3094 2149 3148 in
2180 3093 2356 3164 aliqua
2389 3094 2518 3158 vita,
2561 3080 2716 3149 nobis
2741 3096 2904 3149 etiam
2943 3099 3168 3151 mortuis
3209 3107 3294 3152 tua
3327 3099 3680 3157 miseratione

2093 3198 2376 3249 concessa,
2408 3182 2729 3238 existantus.
2760 3183 2818 3238 Si
2847 3197 2976 3238 vero
3008 3185 3203 3240 iterum
3239 3187 3332 3241 tibi
3359 3191 3678 3249 obedientcs

2093 3275 2402 3340 existimas,
2431 3287 2488 3334 et
2513 3294 2541 3332 a
2577 3276 2732 3331 malis
2771 3276 3028 3346 Operibus
3057 3287 3145 3330 tua
3176 3280 3349 3349 gratia
3379 3280 3547 3348 adjuti
3582 3297 3683 3340 nos

2095 3369 2447 3434 retineamus,
2475 3371 2701 3440 tibique,
2731 3370 2822 3439 qui
2854 3369 3008 3424 vivus
3044 3370 3265 3439 spiritus
3295 3387 3354 3448 es
3380 3381 3432 3427 et
3465 3382 3680 3429 creator

2092 3470 2299 3527 noster,
2335 3477 2432 3530 per
2454 3462 2591 3516 bona
2633 3477 2796 3531 opera
2829 3461 3130 3532 jnngimur,
3179 3462 3369 3518 iterum
3403 3465 3680 3522 revivisci-

2090 3569 2240 3620 mus;
2295 3564 2350 3609 et
2397 3563 2517 3624 post
2560 3555 2654 3586 ⁸⁸³⁸⁸
2698 3563 2926 3609 mortem
2959 3555 3012 3607 in
3040 3563 3243 3609 aeterna
3287 3556 3455 3626 gloria
3503 3566 3676 3613 tecum

2087 3635 2304 3708 victuri,
2359 3645 2402 3700 si
2454 3645 2710 3714 deinceps
2763 3643 3000 3712 qnandiu
3056 3643 3351 3698 vixerimus
3403 3644 3457 3698 in
3511 3646 3681 3706 rectis

2087 3737 2344 3807 cperibus
2380 3743 2797 3807 perseverantes
2835 3736 2928 3767 ’⁸⁸⁵
2969 3737 3286 3790 cxistamus.
3315 3737 3526 3792 Eliscus
3553 3753 3681 3806 pro«

2087 3829 2247 3897 pheta
2275 3843 2397 3882 eum
2423 3835 2669 3881 mortuus
2693 3826 2786 3858 ’⁸⁸⁷
2819 3835 2964 3881 esset
2985 3835 3038 3880 et
3064 3821 3327 3896 sepultus.
3356 3839 3411 3884 et
3433 3831 3682 3900 quidam,

2085 3921 2180 3992 qui
2225 3929 2346 3976 erat
2393 3930 2658 3986 mortuus,
2709 3919 2826 3989 ejus
2853 3918 3069 3976 ossibus
3114 3928 3446 3989 tangeretur,
3501 3937 3684 3976 resuro

2086 4012 2229 4068 rexit
2249 4011 2423 4074 vivus,
2455 4019 2508 4064 et
2535 4010 2731 4064 iterum
2763 4017 2866 4074 est,
2897 4009 3108 4063 meritis
3137 4011 3421 4079 propheta:
3454 4019 3508 4064 et
3535 4019 3683 4064 tactu

2082 4102 2346 4171 corporis,
2405 4101 2585 4154 vivere
2627 4100 2925 4168 permissus
2964 4097 3070 4169 (IV
3123 4098 3251 4166 Reg.
3308 4115 3420 4164 χιιι,
3459 4098 3570 4169 2|).
3624 4099 3682 4155 Si

2082 4207 2213 4261 ergo
2279 4199 2421 4247 tactu
2478 4191 2756 4261 propheta:
2811 4191 3008 4270 mortui
3065 4192 3365 4245 resurrexit
3415 4193 3506 4260 qui
3557 4187 3681 4247 erat

2083 4291 2347 4346 mortuus,
2382 4281 2550 4336 multo
2582 4281 2754 4347 magis
2795 4297 2892 4334 nos
2938 4280 3339 4345 reviviscimns,
3368 4281 3413 4334 si
3444 4281 3540 4336 tibi
3571 4297 3675 4336 no-

396 4391 640 4446 nentem,
679 4388 735 4434 et
761 4386 982 4449 propter
1024 4392 1119 4432 sua
1154 4391 1348 4448 magna
1390 4387 1611 4446 peccata
1642 4376 1710 4431 de
1740 4385 1829 4430 tua
1866 4393 1981 4430 ma-
2010 4345 2058 4403 ο
2089 4383 2203 4430 stro
2231 4375 2472 4430 Creatori
2505 4389 2600 4444 per
2637 4374 2777 4429 bona
2807 4374 3288 4444 operajungimur,
3319 4374 3408 4443 qui
3438 4389 3496 4429 es
3525 4374 3679 4430 vivus

393 4488 503 4546 gna
551 4472 922 4528 misericordia
967 4472 1366 4542 desperantem,
1414 4480 1468 4525 et
1517 4469 1765 4542 quamvis
1819 4471 1982 4526 nimis

359 4565 678 4632 'miserum,
729 4573 782 4620 et
837 4573 1178 4635 peceatorem
1239 4564 1352 4631 “9°,
1415 4564 1640 4634 respicis
1696 4576 1875 4618 tamen
1929 4573 1985 4618 et

395 4659 551 4714 vides
579 4672 610 4711 a
645 4665 696 4712 te
725 4664 989 4720 creatum,
1019 4663 1077 4709 et
1104 4655 1233 4709 dum
1275 4654 1330 4709 in
1367 4655 1470 4709 hac
1496 4654 1604 4709 vita
1631 4652 1839 4719 existit,
1873 4654 1980 4708 tuis

397 4747 678 4804 beneficiis
715 4753 1102 4802 sustentatum.
1134 4745 1390 4812 lmmitte,
1421 4746 1559 4801 bone
1599 4746 1690 4777 ¹⁰⁸¹
1724 4747 1884 4810 Deus,
1925 4744 1978 4798 in

2095 4471 2150 4518 et
2175 4462 2498 4518 immortalis
2524 4463 2766 4534 spiritus.
2793 4461 3048 4517 Miserere
3075 4477 3204 4531 ergo
3231 4464 3421 4530 nostri,
3450 4463 3680 4517 Creator

2095 4565 2303 4620 noster,
2350 4554 2596 4610 miserere
2641 4555 2811 4610 uestri
2858 4553 3142 4608 secundum
3193 4569 3438 4623 magnam
3477 4554 3714 4624 miscrt-_

2087 4646 2326 4701 cortliam
2358 4657 2522 4711 tuam,
2565 4655 2614 4699 et
2647 4633 2934 4700 secundum
2962 4643 3352 4698 multitudinem
3383 4643 3652 4697 miseratio

2053 4753 2216 4828 ’num
2257 4745 2472 4790 tuarum
2504 4736 2617 4790 dele
2660 4736 2990 4806 iniquitatem
3023 4743 3264 4788 nostram
3299 4732 3470 4804 (Paul.
3504 4749 3557 4799 ι,
3598 4735 3676 4804 5),

395 4836 641 4893 animam
672 4836 788 4906 ejus
817 4835 1064 4890 timorem
1092 4846 1264 4904 tuum,
1297 4845 1351 4890 et
1381 4835 1535 4891 aufer
1561 4836 1626 4890 de
1667 4835 1832 4891 corde
1858 4834 1977 4893 eius
2053 4824 2058 4828 ⁷
2086 4835 2144 4883 et
2172 4827 2435 4881 resuscita
2483 4840 2580 4881 nos
2612 4826 2662 4879 in
2711 4827 2812 4880 hac
2861 4824 3113 4895 praesenti
3146 4825 3254 4888 νῑιτι
3304 4839 3334 4878 a
3383 4833 3558 4880 mOI‘lc
3607 4827 3674 4880 ad

725 4948 734 4952 ’
1093 4967 1100 4972 ”
1671 4945 1908 5001 VARI/It}
1949 4939 2358 5002 LECTIONES.

471 5058 566 5094 “7‘
593 5061 746 5117 Unde
777 5061 903 5115 fecit
959 5062 1142 5116 limum
1174 5069 1417 5115 nostrum
1477 5077 1576 5114 ms.
1625 5060 1758 5113 Vict.
1809 5059 1952 5112 unde
2005 5070 2103 5109 nos
2151 5053 2278 5108 fecit
2332 5052 2511 5106 lumen
2541 5033 2793 5111 nostrum
2839 5067 2964 5104 mss.
3007 5050 3146 5102 unde
3195 5048 3453 5104 nos'fccit
3492 5049 3675 5103 limtun

395 5141 643 5187 nostrum
722 5132 816 5164 ³⁰⁷⁵
850 5132 1039 5186 Totam
1083 5133 1510 5185 misericordiam
1547 5147 1672 5183 mss.
1717 5129 1848 5182 Vict.
1887 5138 1934 5181 et
1983 5125 2217 5180 Val-(uc.
2275 5133 2477 5177 tantam
2533 5120 2961 5174 misericordiam
3043 5121 3136 5151 ¹⁰⁷⁶
3189 5120 3253 5173 Et
3308 5120 3676 5174 volnntatiisus

393 5219 525 5258 mss.
567 5203 701 5259 ιιιιι.
730 5211 777 5255 et
814 5200 1044 5256 Valduc.
1069 5212 1125 5257 et
1161 5203 1536 5271 iniquitatibus
1607 5200 1700 5271 ξέν’
1729 5197 1786 5254 Si
1810 5198 1991 5266 aliqua
2023 5212 2120 5248 ms.
2163 5191 2362 5271 Vict_.usi
2390 5192 2626 5260 aliquam

2725 5189 2817 5220 ¹⁰⁷⁸
2841 5191 2947 5244 Ore
2967 5190 3130 5243 corde
3158 5189 3282 5242 mis.
3308 5206 3403 5244 ore
3432 5198 3485 5242 et
3515 5190 3675 5241 corde

395 5273 493 5306 ³⁸⁷⁸
531 5272 871 5328 Ριοιιιρηιοιῐι
918 5289 1039 5326 mss.
1101 5259 1389 5342 ponentem
1466 5270 1672 5342 ¹⁶⁸⁰ίΕι
1734 5259 2075 5342 peccaiorcm
2123 5281 2223 5342 ius.
2259 5263 2392 5342 Vict.
2442 5259 2504 5342 et
2547 5268 2859 5342 peccantem
2937 5259 3028 5342 f0.“
3086 5259 3314 5342 [nurnine
3363 5261 3518 5342 bone
3546 5273 3669 5342 mss.

394 5343 648 5408 immitte,
684 5343 906 5396 Domine
933 5344 1069 5397 bone
1101 5328 1114 5342 ’
1147 5343 1238 5374 ⁸⁸⁸³
1270 5342 1340 5394 De
1365 5352 1415 5394 te
1439 5341 1695 5410 propheta
1720 5328 1845 5392 mss.
1880 5339 1948 5391 de
1971 5348 2024 5391 te
2048 5335 2198 5410 enim
2226 5334 2486 5404 propheta
2552 5328 2655 5362 7””
2689 5328 2855 5410 '_l:t_3_rr_a
2899 5339 2952 5410 et
2982 5331 3033 5410 in
3068 5329 3472 5410 omnibusin”.
3510 5339 3670 5405 lel‘r-j'.

394 5423 451 5468 et
479 5413 531 5466 in
562 5411 694 5466 mari
725 5419 779 5467 et
807 5413 856 5464 in
891 5413 1142 5467 ontnibus
1218 5413 1309 5445 ¹⁰⁸⁵
1332 5411 1557 5480 Propter
1584 5419 1864 5481 peccatum
1892 5424 1990 5462 ms.

2048 5405 2183 5458 Vict.
2216 5397 2614 5472 per'peccatum
2695 5399 2786 5431 ³⁸⁸⁵
2817 5400 3206 5455 Rcviviscimus
3231 5407 3344 5472 post
3367 5414 3490 5450 mss.
3534 5397 3674 5472 revi-

393 5465 673 5545 viseimus,
707 5465 760 5536 et
781 5465 936 5552 posti
979 5465 1070 5514 ιοδδ
1103 5465 1535 5538 Perseverabiles
1563 5465 1687 5536 mss.
1744 5484 2160 5550 perseverantes
2217 5465 2617 5543 "°"""Propheta
2650 5486 2772 5526 cmn
2817 5480 3061 5526 mortuus
3095 5485 3188 5522 ms.
3231 5465 3360 5519 Vict.
3415 5465 3672 5536 propheta

397 5565 457 5608 ιιι
485 5561 724 5608 ηιονιιιιις

808 5644 1085 5704 Ριτιιοι..
1130 5642 1398 5708 CLVIII.

3318 5630 3395 5688 28
