4200 6208
3857 47 3868 60 ⁴
3915 42 3940 76 ἔ
3947 42 4052 78 ’ἣν

3927 79 3940 94 ὑ

471 176 488 186 .
577 135 686 214 ετξ
914 133 970 188 S.
1016 129 1314 190 ANSELMI
1354 130 1705 188 CANTUAR.
1751 130 2067 187 ARClllEl‘.
2097 131 2150 188 Ol

2290 132 2467 190 PARS
2519 133 2576 189 ll.
2613 165 2652 176 -
2712 133 3082 192 PAR/ENET.
3115 139 3203 193 ET
3245 139 3484 196 ASCET.
3755 145 3847 204 876

577 249 744 302 vitam
777 245 888 310 -°“,
922 248 971 302 id
1007 257 1090 302 cst
1119 263 1147 300 a
1187 254 1358 300 morte
1390 248 1595 316 peccati
1628 246 1691 299 ad
1717 247 1944 316 justiti-ac
1974 249 2162 308 vitam,
2199 252 2238 308 Λ
2275 247 2602 318 imlulgmtia
2629 259 2715 303 tua
2748 252 2890 320 quod
2929 252 3135 322 rogaris
3150 253 3416 322 accipere,
3444 269 3578 324 quos
3608 262 3846 329 agnoscis

577 350 632 395 et
660 338 712 394 in
743 340 846 394 line
867 337 1044 393 szeculi
1066 351 1163 406 per
1185 345 1328 390 tuam
1357 337 1783 409 misericordiam
1808 337 2043 406 justiﬁca
2057 347 2162 402 tos,

576 432 838 488 resuscita
890 430 955 482 ad
1001 438 1262 483 aeternam
1311 428 1561 498 gloriam.
1612 429 1785 495 Quam
1842 429 1957 498 ipse
2013 428 2164 481 nobis

579 529 839 591 praestare
865 519 1125 588 digneris,
1173 508 1452 590 qui°vivis
1479 529 1532 575 et
1578 534 1771 590 regnas
1815 533 1913 588 per
1958 528 2162 573 aeterna

540 605 561 620 ⁸
577 611 792 666 sarcula.
825 612 1017 665 Amen.
1405 629 1408 634 ·

1075 701 1231 772 251
1274 699 1528 757 ORATIO
1568 699 1678 754 vn.

656 801 686 852 δ
732 787 736 791 ’
1140 820 1142 822 τ
1227 807 1295 844 ao
1335 807 1496 846 noun.

578 882 709 938 Cum
765 883 1085 953 confessione
1137 891 1500 961 peccatorum,
1567 887 1614 932 et
1674 879 1860 932 humili
1916 879 2161 945 petitione

1268 959 1474 1020 gratia).

645 1066 784 1118 Deus
815 1061 1056 1132 piissime
1080 1101 1094 1124 ,
1123 1062 1264 1116 Deus
1303 1061 1542 1116 clemens
1572 1070 1628 1116 et
1671 1062 2004 1126 misericors,
2037 1077 2160 1131 pro-

574 1155 766 1222 pitiare
791 1152 1030 1222 peccatis
1074 1152 1305 1217 nostris,
1338 1160 1393 1207 et
1426 1161 1619 1222 prassta
1669 1161 1728 1204 ut
1767 1159 1986 1222 peccata
2043 1167 2161 1221 qua:

536 1245 658 1299 ~ch
705 1255 926 1300 auctore
963 1245 1156 1299 mortis
1197 1243 1436 1312 instigati
1486 1243 1573 1299 vel
1627 1244 1845 1314 propria
1885 1244 2161 1299 voluntate

573 1334 942 1389 commisimus
966 1376 978 1398 ,
1010 1317 1113 1388 non
1139 1333 1203 1386 ad
1224 1319 1486 1401 judiciutn
1528 1343 1676 1388 tuum
1705 1334 2042 1390 discutienda
2076 1349 2161 1388 re-

573 1439 783 1489 serves,
836 1425 929 1478 sed
986 1439 1240 1479 concessa
1273 1421 1444 1494 gratia
1483 1424 1549 1478 de
1590 1424 1704 1478 sola
1751 1434 1956 1479 tantum
2001 1427 2156 1481 ve‘hia

573 1517 932 1586 gratulemur,
964 1517 1086 1585 quia
1121 1515 1164 1570 si
1191 1527 1316 1570 ante
1344 1515 1529 1571 oculos
1559 1524 1678 1570 tuos
1699 1555 1714 1581 ,
1746 1515 1974 1570 Domine
2000 1556 2015 1578 ,
2043 1517 2154 1570 eul-

2269 341 2334 395 de
2371 351 2553 395 nostra
2579 343 2791 411 justitia
2838 343 3086 399 lidueiam
3130 361 3235 399 non
3282 346 3502 400 habere.
3533 348 3692 418 Erige
3721 366 3842 413 nos.

2267 427 2494 484 Domine
2524 431 2664 485 Dens
2693 442 2906 496 noster,
2936 442 2992 488 et
3013 433 3180 488 alleva
3232 433 3286 488 in
3321 433 3695 490 misericordia
3727 445 3842 506 tua,

2267 524 2324 570 ιιι
2375 519 2754 574 communione
2783 521 2972 577 salutis
3018 532 3072 576 et
3118 523 3314 593 gaudio
3362 523 3674 592 charitatis,
3719 509 3841 581 dum

2265 606 2363 675 ipsi
2388 605 2586 661 salvari
2617 623 2682 662 ex
2726 625 2953 665 munere
2983 611 3230 681 cupimus
3254 653 3269 678 ,
3304 614 3465 668 etiam
3497 613 3603 669 ﬁde
3632 623 3688 670 et
3717 628 3844 684 pace

2264 705 2579 750 cunctarum
2604 699 2841 765 gentium
2870 697 3223 768 gaudeamus.

2750 781 2756 785 ’
2840 785 3095 843 ORATIO
3136 787 3266 842 VIIL

2920 895 2984 933 AD
3023 895 3186 936 υευκ.

2335 967 2474 1022 Deus
2505 967 2900 1026 iuatstimabilis
2941 973 3358 1040 misericordias,
3392 973 3532 1030 Deus
3568 974 3848 1031 immensa:

2261 1059 2500 1128 pietatis,
2528 1058 2666 1114 Deus
2690 1061 2938 1116 conditor
2967 1071 3020 1116 et
3047 1050 3327 1130 reparator
3359 1063 3581 1119 humani
3605 1068 3844 1134 generis,

2261 1149 2352 1218 qui
2379 1135 2750 1204 conﬁtentium
2801 1151 2896 1205 tibi
2943 1153 3105 1208 corda
3150 1169 3389 1225 purgas,
3431 1164 3487 1209 et
3528 1165 3849 1212 accusantes

2262 1247 2390 1292 ante
2419 1247 2767 1307 conspectum
2799 1240 2994 1296 divina:
3017 1241 3317 1298 clementia:
3344 1251 3448 1300 tua:
3479 1243 3548 1300 ab
3574 1245 3719 1300 omni
3747 1245 3846 1301 ini-

2261 1327 2484 1396 quitatis
2515 1326 2728 1383 vinculo
2756 1329 3017 1397 absolvis,
3046 1332 3299 1387 virtutem
3346 1341 3489 1386 tuam
3524 1333 3650 1388 totis
3677 1347 3844 1388 exoro

2261 1419 2571 1490 gemitibus,
2598 1429 2656 1475 ttt
2682 1423 2976 1476 secundum
3008 1425 3406 1481 multitudinem
3435 1426 3842 1484 miserati‘onum

2264 1518 2477 1564 tuarum
2504 1511 2570 1566 de
2593 1513 2846 1592 omnibus
2870 1512 3246 1582 iniquitatibus
3268 1517 3422 1579 meis,
3447 1517 3513 1572 de
3536 1518 3734 1587 quibus
3758 1533 3844 1572 me

571 1625 667 1676 pas
691 1624 823 1678 quas
849 1608 1072 1663 fecimus
1099 1617 1154 1661 et
1193 1608 1379 1677 plagas
1405 1623 1539 1676 quas
1580 1608 1880 1676 excipimus
1909 1608 2150 1663 confera-

2262 1609 2487 1654 accusat
2518 1589 2850 1655 conscientia
2873 1617 3013 1668 mea,
3042 1617 3232 1672 puram
3257 1603 3386 1657 mibi
3411 1604 3594 1660 coram
3631 1613 3682 1660 te
3705 1621 3843 1662 con-

570 1714 713 1762 tuus,
739 1698 913 1752 minus
933 1707 1015 1752 est
1044 1690 1184 1766 quad
1213 1699 1468 1770 patimur,
1497 1699 1669 1768 majus
1692 1707 1775 1752 est
1806 1699 1949 1767 quod
1976 1714 2153 1752 mere-

571 1804 708 1840 mur.
743 1787 955 1848 Peccati
987 1801 1203 1856 poenam
1237 1787 1535 1850 sentimus,
1578 1795 1634 1840 et
1665 1789 1871 1856 peccati
1919 1789 2156 1858 pertina-

572 1878 781 1931 naeiam
807 1891 909 1929 non
939 1877 1192 1930 vitamus.
1222 1877 1274 1928 In
1302 1876 1525 1946 ﬂagellis
1545 1877 1649 1930 tuis
1675 1875 1938 1948 fragilitas
1970 1889 2155 1934 nostra

571 1967 925 2037 fraugitur,et
947 1966 1205 2035 iniquitas
1229 1975 1410 2022 nostra
1430 1982 1534 2020 non
1564 1975 1822 2021 mutatur.
1851 1967 1998 2022 Meus
2015 1985 2155 2038 mgra

554 2051 857 2127 torquetur
883 2097 898 2123 ,
943 2058 1125 2112 cervix
1166 2059 1294 2113 dura
1328 2074 1433 2112 non
1459 2056 1716 2121 ﬂectitur,
1751 2060 1857 2112 vita
1884 2059 1936 2112 in
1968 2060 2154 2114 dolore

568 2149 837 2215 suspirat,
871 2156 927 2201 et
975 2148 1029 2200 in
1061 2162 1224 2216 opere
1267 2164 1371 2201 non
1412 2148 1682 2202 emendat.
1736 2147 1790 2204 Si
1837 2159 2147 2218 exspectas,

567 2252 676 2290 non
713 2228 1065 2307 corrigimur;
1098 2237 1140 2290 si
1173 2237 1414 2291 vindicas
1439 2277 1452 2301 ,
1483 2253 1587 2290 non
1616 2238 1891 2294 duramus.
1918 2239 2154 2318 Conﬁte-

566 2346 689 2383 mur
725 2331 778 2384 in
829 2329 1168 2399 correptione
1199 2329 1344 2399 quod
1377 2328 1607 2385 fecimus
1630 2371 1646 2393 ,
1694 2331 2066 2386 obliviscimur
2099 2329 2176 2386 ιη’

565 2421 876 2492 visitatioue
907 2421 1047 2489 quod
1079 2420 1345 2476 ﬁevimus.
1400 2419 1458 2475 Si
1508 2421 1849 2489 impresseris
1895 2424 2149 2492 manumj,

570 2510 816 2567 facienda
844 2511 1242 2580 promittimus;
1276 2513 1320 2566 si
1361 2511 1709 2580 suspenderis
1731 2511 1997 2581 gladium,
2030 2527 2153 2582 pro-

570 2603 735 2678 missa
769 2618 874 2657 nou
920 2601 1170 2657 facimus.
1197 2601 1251 2655 Si
1286 2599 1478 2668 ferias,
1506 2601 1806 2656 clamamus
1835 2611 1892 2656 ut
1920 2617 2150 2672 parcas;

559 2695 820 2764 isi-parcis
841 2735 862 2758 ,
890 2698 1082 2750 iterum
1127 2709 1484 2763 provocamus
1525 2706 1581 2747 ut
1611 2694 1792 2749 ferias.
1821 2693 1877 2748 Si
1902 2695 2148 2765 angustia

569 2784 780 2848 veniat,
812 2796 1020 2853 tempus
1063 2783 1297 2852 petimus
1325 2782 1649 2850 paenitendi;
1691 2783 1737 2836 si
1778 2783 2147 2840 misericordia

569 2888 667 2926 nos
692 2873 924 2942 respexit
946 2913 960 2935 ,
995 2871 1272 2928 abutimur
1301 2871 1559 2940 patientia
1592 2888 1710 2940 quze
1752 2875 2010 2943 pepercit.
2040 2875 2160 2950 Ad-_

566 2963 673 3016 lmc
708 2962 854 3016 illata
908 2963 1061 3032 plaga
1115 2961 1203 3014 vix
1240 2961 1520 3030 praeterit,
1555 2972 1614 3015 et
1654 2960 1770 3030 jam
1822 2978 1928 3018 nou
1960 2965 2148 3021 recolit

565 3067 720 3107 mens
748 3052 959 3123 ingrata
987 3054 1131 3124 quod
1169 3052 1408 3120 pertulit.
1447 3053 1504 3107 Si
1534 3053 1693 3108 citius
1729 3069 1828 3109 nos
1851 3055 2108 3110 exaudias
2132 3096 2147 3121 ,

569 3157 634 3194 ex
679 3142 1054 3216 miseticordia
1086 3141 1487 3207 insolescimus;
1530 3143 1572 3196 si
1609 3143 1840 3209 tardius,
1880 3160 1944 3199 ex
1975 3145 2145 3215 impa-

566 3234 755 3288 tientia
781 3249 1198 3288 murmut'amus.
1227 3232 1303 3288 Te
1331 3233 1577 3287 volumus
1602 3249 1822 3289 scrvare
1857 3234 1998 3303 quod
2024 3251 2150 3305 pro-

566 3323 783 3378 miseris
810 3364 825 3390 ,
858 3332 914 3378 et
953 3339 1054 3379 nos
1082 3340 1184 3378 non
1222 3324 1476 3381 timemus
1514 3339 1618 3378 nou
1661 3323 1954 3380 observare
2004 3326 2147 3395 quod

558 3414 806 3482 jusseris.
855 3415 1031 3471 Habes
1071 3432 1238 3486 ergo,
1291 3418 1557 3493 Domine,
1621 3415 1940 3471 conﬁtentes
1995 3432 2141 3483 reos;

565 3521 736 3582 parce
769 3507 891 3576 quia
938 3507 1060 3577 pius
1085 3522 1162 3562 es.
1211 3507 1481 3560 Novimus
1512 3509 1668 3574 quia,
1719 3506 1820 3559 nisi
1854 3507 2105 3561 remittas
2127 3549 2140 3572 ,

562 3606 712 3651 recte
738 3612 836 3650 nos
867 3598 1055 3665 punias
1083 3637 1094 3660 ,
1126 3598 1218 3651 sed
1252 3597 1390 3665 apud
1419 3608 1468 3649 te
1494 3606 1578 3650 est
1600 3597 1764 3651 multa
1794 3597 2070 3652 miseratio
2091 3605 2145 3651 et

479 3754 481 3756 η
561 3687 872 3756 propitiatio
921 3687 1322 3756 pcrabundans.
1370 3685 1574 3739 Praesta
1616 3702 1745 3755 ergo
1789 3687 1905 3742 sine
1948 3687 2144 3741 merito

561 3778 702 3844 quod
734 3793 1006 3846 rOguttttts,
1031 3777 1121 3844 qui
1153 3776 1326 3830 fecisti
1353 3791 1420 3828 ex
1452 3775 1620 3828 nihilo
1649 3777 1736 3849 qui
1761 3784 2034 3845 rogarent.

631 3865 990 3919 Clamantiuat
1017 3866 1083 3917 ad
1112 3874 1182 3927 te,
1212 3864 1463 3926 Domine,
1504 3865 1670 3918 nostri
1698 3864 1955 3918 miserere
1975 3905 1991 3931 ,
2024 3879 2143 3918 mo-

560 3966 684 4011 veat
712 3955 961 4025 pietatem
1015 3965 1157 4008 tuam
1201 3970 1299 4008 vox
1352 3953 1524 4009 ﬁdelis
1549 3964 1712 4024 atque
1735 3953 1956 4019 ﬁebilis,
1979 3938 2142 4024 atque

559 4044 647 4098 illa
670 4045 735 4099 de
763 4061 864 4113 qua
898 4054 1063 4098 totum
1096 4059 1378 4114 Speramus
1405 4037 1772 4098 misericordia
1802 4061 1904 4099 non
1931 4053 2143 4114 reputet

555 4136 697 4203 quod
721 4135 1076 4198 offendimus,
1111 4136 1236 4188 dttnt
1289 4134 1508 4202 respicit
1557 4136 1698 4202 quod
1755 4149 2027 4208 rogamus.
2076 4134 2141 4188 Et

2261 1692 2420 1745 cedas
2446 1706 2611 1761 agere
2632 1691 3052 1761 confessionem,
3084 1708 3376 1764 veramque
3397 1710 3463 1751 ex
3487 1696 3572 1752 bis
3591 1697 3845 1754 omnibus

2262 1791 2314 1834 et
2344 1781 2664 1852 condignam
2696 1778 2829 1836 mihi
2860 1783 3066 1838 tribuas
3085 1785 3482 1852 paenitentiam,
3506 1802 3846 1858 quaecunque

2261 1871 2478 1940 peccavi
2512 1871 2565 1924 in
2598 1870 3016 1942 cogitationibus
3049 1873 3259 1942 pravis,
3289 1873 3342 1927 in
3371 1888 3637 1929 consensu
3665 1875 3840 1940 male,

2259 1965 2314 2019 in
2342 1963 2568 2018 consilio
2598 1963 2812 2033 iniquo,
2845 1963 2896 2018 in
2925 1965 3373 2034 concupiscentia.
3409 1975 3572 2034 atque
3599 1966 3836 2022 delecta-

2260 2057 2408 2109 tione
2434 2054 2735 2117 immunda,
2759 2055 2810 2107 in
2833 2055 3016 2109 verbis
3041 2054 3252 2118 otiosis,
3281 2056 3332 2108 iu
3358 2055 3514 2110 factis
3537 2055 3843 2134 malitiosis,

2258 2146 2309 2199 in
2343 2146 2488 2206 visu,
2535 2145 2718 2200 auditu
2742 2186 2756 2210 ,
2811 2155 2999 2214 gustu,
3047 2146 3274 2201 odoratu
3305 2155 3358 2200 et
3395 2147 3662 2202 tac:u."l‘u
3695 2149 3842 2204 enim

2256 2233 2565 2288 misericors
2592 2235 2658 2288 ad
2685 2236 3012 2304 operaudum
3042 2236 3171 2290 mihi
3207 2237 3402 2291 anima:
3444 2252 3578 2292 meae
3606 2237 3837 2294 salutent

2257 2323 2494 2376 membra
2519 2323 2725 2392 singula
2747 2325 2994 2378 humanis
3017 2325 3200 2379 usibus
3225 2334 3346 2394 apta
3373 2325 3600 2394 dedisti,
3617 2327 3710 2380 sed
3735 2342 3842 2397 ego

2255 2411 2594 2467 miserrimus
2623 2398 2865 2466 omnium
2916 2423 2969 2466 et
3011 2423 3268 2484 peccator
3308 2423 3360 2468 te
3399 2423 3618 2471 reteruze
3647 2417 3846 2472 salutis

2256 2510 2552 2555 amatorem
2585 2502 2916 2570 contempsi,
2947 2514 3001 2558 et
3047 2513 3247 2559 aeterna
3281 2504 3410 2558 mibi
3454 2505 3705 2561 incendia
3737 2506 3846 2562 ini-
3917 2574 3921 2580 _

2257 2591 2397 2645 mico
2429 2591 2749 2662 put-paranti
2781 2593 3028 2648 causeasi
3049 2634 3062 2658 ,
3105 2593 3287 2663 lapsus
3326 2609 3444 2650 sum
3478 2595 3529 2652 in
3560 2597 3802 2666 peccatis
3825 2638 3842 2662 ,

2253 2681 2432 2733 corrui
2466 2678 2518 2734 in
2549 2679 2794 2746 delictis,
2824 2681 2876 2735 in
2909 2671 3165 2738 membris
3194 2684 3420 2754 singulis
3450 2700 3578 2740 vero
3615 2687 3840 2753 modum

2253 2772 2485 2836 excessi,
2515 2781 2570 2825 et
2600 2772 2778 2842 impiis
2809 2787 2894 2826 me
2929 2771 3204 2828 laboribus
3245 2775 3536 2831 obnoxium
3567 2777 3700 2844 feci;
3729 2795 3840 2834 non

2259 2860 2403 2913 enim
2435 2860 2550 2913 haec
2579 2874 2806 2915 narrans
2836 2869 3010 2925 tuam,
3039 2861 3284 2927 Domine,
3323 2863 3374 2917 in
3407 2879 3492 2918 tne
3523 2847 3844 2935 blaspheme

2253 2957 2560 3004 creaturam
2587 2992 2601 3016 ,
2630 2950 2725 3005 sed
2762 2965 2934 3010 meam
2962 2966 2990 3004 a
3022 2961 3102 3017 te,
3133 2952 3376 3022 piissime
3407 2953 3567 3016 Deus,
3598 2970 3843 3024 exposco

2253 3041 2607 3107 medicinam,
2657 3043 2778 3112 quia
2824 3057 2911 3096 me
2965 3051 3114 3099 reum
3142 3046 3381 3118 intelligo
3416 3061 3576 3114 supra
3611 3041 3841 3102 mensu-

2253 3146 2390 3195 ram,
2417 3132 2541 3201 quia
2568 3143 2626 3186 ttt
2647 3143 2793 3187 astra
2815 3134 2935 3189 οωιὶ
2958 3145 3120 3203 atque
3144 3152 3364 3192 arenam
3391 3137 3577 3202 maris,
3604 3137 3675 3192 ita
3706 3154 3832 3194 mea

2254 3221 2668 3277 innumerabilia
2697 3238 2969 3294 cognosco
3010 3241 3128 3281 esse
3158 3227 3373 3283 delicta.
3408 3228 3626 3298 Insuper
3661 3215 3837 3283 etiam

2253 3312 2364 3378 ira,
2400 3314 2622 3368 tristitia
2651 3355 2666 3380 ,
2693 3315 2878 3369 acedia
2899 3355 2914 3379 ,
2938 3300 3202 3385 jactautia
3233 3327 3395 3388 atque
3423 3317 3648 3372 desidia.
3681 3316 3844 3372 Unde

2249 3405 2641 3476 principalibus
2692 3406 2839 3460 vitiis
2885 3407 3179 3462 obnoxium
3232 3422 3319 3464 me
3359 3421 3478 3462 esse
3539 3408 3839 3478 proﬁteor;

2247 3497 2342 3551 sed
2372 3505 2455 3560 tu,
2487 3496 2576 3572 qui
2607 3511 2712 3551 non
2763 3498 2846 3552 vis
2895 3509 3124 3554 mortem
3168 3500 3505 3570 peccatoris,
3538 3501 3752 3572 respice
3781 3501 3843 3555 in

2246 3598 2334 3638 me
2356 3591 2412 3639 et
2445 3584 2706 3640 miserere
2731 3587 2915 3642 miseri
2952 3587 3131 3657 hujus.

2777 3695 3036 3752 ORATIO
3067 3681 3138 3752 ix
3179 3697 3291 3753 ιοοο,

2905 3803 2973 3842 ΑΒ
3007 3804 3170 3844 οευῃ.

2317 3875 2673 3944 Omnipotens
2713 3875 2882 3959 Deus,
2932 3889 2985 3933 et
3032 3881 3340 3936 misericors
3385 3880 3576 3946 Pater,
3607 3891 3663 3936 et
3690 3883 3845 3942 bone

2246 3967 2506 4034 Domine,
2538 3969 2795 4023 miserere
2846 3970 2973 4022 mihi
3008 3973 3296 4038 peccatori.
3325 3974 3397 4026 Da
3436 3973 3564 4029 milti
3610 3977 3834 4032 veniam

2245 4069 2586 4129 peccatorqu
2621 4066 2859 4115 meorum
2883 4101 2896 4125 ,
2925 4075 3116 4114 cavere
3143 4070 3197 4115 et
3236 4063 3452 4117 vincere
3487 4080 3678 4121 omnes
3699 4066 3838 4123 insi-

2245 4149 2390 4213 dias,
2430 4160 2486 4202 et
2531 4149 2854 4204 tentatioues
2906 4160 2962 4204 et
3007 4151 3391 4207 delectationes
3427 4154 3654 4218 noxias,
3708 4171 3838 4225 per-

556 4242 678 4281 cum
709 4228 928 4296 grandis
957 4225 1028 4278 sit
1054 4225 1267 4279 miseria
1294 4239 1412 4280 esse
1446 4241 1544 4279 nos
1574 4242 1717 4292 reos,
1746 4225 1922 4296 major
1951 4227 2019 4281 sit
2045 4227 2136 4281 tibi
2171 4269 2218 4326 υ
2247 4236 2384 4290 recte
2414 4237 2506 4268 ¹⁰⁹⁰
2561 4245 2737 4291 mente
2777 4245 2832 4292 et
2885 4246 3006 4292 actu
3045 4241 3216 4295 vitare
3243 4239 3333 4274 ¹⁰⁹¹
3364 4255 3484 4311 quae
3533 4244 3796 4312 prohibes
3817 4286 3833 4309 ,

557 4319 842 4371 clementia
889 4332 1014 4389 esse
1061 4331 1157 4370 nos
1206 4317 1452 4388 miseros.
1485 4318 1596 4371 Tuo
1639 4317 1907 4386 supplices
1936 4317 2136 4371 auxilio

556 4417 680 4462 ante
711 4418 761 4462 te
802 4418 856 4463 et
880 4409 1126 4463 criminis
1158 4410 1328 4463 nostri
1359 4410 1494 4462 mala
1527 4404 1775 4478 ponimus
1802 4417 1855 4462 et
1883 4408 2127 4474 dolores,

555 4508 606 4553 et
637 4517 666 4552 a
701 4508 750 4554 te
782 4500 1054 4570 precando
1087 4501 1511 4555 misericordiam
1541 4516 1699 4568 quam
1734 4503 2006 4569 peccando
2049 4517 2136 4555 re-

552 4597 784 4663 pulimns
815 4604 1210 4666 exspectamus.
1255 4598 1329 4649 Da
1357 4596 1552 4664 igitur,
1584 4594 1745 4648 Pater
1776 4594 2044 4664 piissime,
2079 4602 2136 4647 ιιι

553 4699 612 4738 ea
638 4702 755 4753 quzte
782 4685 1152 4740 commisimus
1173 4684 1577 4750 deﬁeanms,_ac
1603 4699 1699 4751 per
1727 4683 1892 4738 totius
1921 4683 2027 4736 diei
2056 4683 2135 4736 vel

552 4777 726 4830 noctis
755 4779 925 4846 spatia
957 4778 1025 4832 ab
1052 4778 1304 4832 omnibus
1337 4777 1602 4830 malorum
1649 4777 1966 4842 incursibus
1998 4775 2134 4829 libe-

2248 4326 2425 4382 facerc
2452 4337 2505 4382 ct
2526 4344 2743 4382 servare
2762 4329 3063 4400 quzejubes,
3087 4332 3591 4402 crederc,spera_re,
3614 4350 3736 4391 ama
3749 4352 3834 4401 re,

2243 4414 2377 4469 velle
2409 4416 2550 4484 quod
2603 4416 2694 4447 “9’
2738 4427 2792 4472 et
2829 4409 3086 4487 quantum
3115 4430 3166 4474 et
3200 4431 3252 4475 tu
3285 4423 3392 4478 scis
3437 4435 3490 4478 et
3527 4425 3640 4492 vis,
3679 4441 3838 4480 cont-

2240 4504 2584 4573 punctionem
2620 4505 2942 4564 humilitatis
2969 4519 3019 4564 et
3056 4511 3306 4580 pietatis,
3347 4513 3636 4568 discretam
3662 4515 3837 4577 absti-

2241 4594 2478 4646 nentiam
2507 4604 2560 4648 ct
2584 4597 2765 4650 carnis
2790 4597 3258 4653 mortiﬁcationem
3280 4641 3294 4663 ,
3327 4602 3392 4655 ad
3426 4611 3476 4655 te
3503 4603 3831 4668 amandum,

2238 4673 2500 4738 orandum
2527 4705 2542 4747 ι
2574 4685 2896 4740 laudandum
2915 4728 2932 4751 ,
2962 4689 3326 4745 meditandum
3353 4731 3372 4756 ,
3400 4693 3466 4745 ad
3495 4706 3712 4748 omnem
3744 4708 3835 4750 se.

2179 4783 2194 4818 “-
2240 4775 2475 4830 cundum
2533 4787 2581 4830 te
2625 4787 2802 4831 actum
2847 4789 2909 4853 et
2950 4780 3530 4854 cogitatum,puram,
3558 4785 3827 4854 sobriam,

554 4879 644 4918 ros
673 4876 773 4919 tua:
804 4866 991 4935 pietati
1023 4862 1227 4922 Servirc
1251 4868 1532 4921 concedas.
1563 4866 1856 4920 Przestetur
1889 4866 2044 4920 nobis
2068 4865 2133 4918 de
2205 4906 2209 4911 .
2242 4866 2488 4917 devotam
2541 4877 2773 4921 mentem
2795 4907 2809 4932 ,
2844 4884 3090 4923 veraccm
3123 4879 3173 4923 et
3220 4869 3490 4927 eﬁieacem
3539 4873 3832 4929 mandato—

1839 5015 2074 5070 VARUE
2133 5013 2542 5072 leCTlONES.

622 5156 818 5228 “wind
853 5158 1016 5228 v.i:a_m
1050 5172 1164 5228 ius.
1186 5155 1327 5228 Υῑει.
1356 5156 1406 5208 in
1454 5156 1618 5228 vitam
1672 5155 1789 5228 _‘°“°
1813 5155 2019 5210 Colluta
2046 5168 2119 5210 est
2147 5173 2265 5228 cum
2295 5175 2419 5210 mss.
2463 5156 2667 5210 duobus
2680 5155 2988 5228 _Viclorini§
3019 5174 3178 5228 supra
3206 5160 3417 5215 notatis.
3444 5159 3661 5214 Timauo
3689 5162 3824 5219 267.

547 5225 669 5278 Bac.
716 5225 781 5279 0.
832 5237 878 5278 et
933 5225 1089 5278 (Iorb.
1143 5224 1261 5276 ltil).
1313 5242 1413 5276 uno
1472 5224 1901 5288 Vallis—lucentis,
1937 5237 1985 5278 et
2026 5244 2129 5280 uno
2173 5225 2404 5280 Floriae.
2441 5239 2487 5281 et
2520 5243 2636 5279 cum
2672 5225 2914 5280 Editione
2948 5224 3245 5282 Somntalii.
3278 5230 3358 5284 Ad
3407 5232 3570 5285 Deum
3601 5229 3825 5288 Patrem

548 5311 647 5366 pro
696 5297 845 5349 venia
883 5294 1250 5366 et__virtu_tilms
1279 5295 1581 5366 obtinendis
1621 5294 1880 5366 ηιεενὶςι.
1911 5295 1997 5349 16.
2030 5298 2220 5350 ()ratio
2267 5298 2332 5348 ad
2377 5297 2542 5349 Deum
2580 5297 2794 5350 Patrem
2837 5313 2962 5350 mss.
3003 5296 3205 5366 'liltuau.
3245 5309 3292 5353 et
3336 5299 3488 5356 Becc.
3530 5298 3825 5366 Gratiam]

552 5365 736 5418 Deum.
775 5383 870 5418 ms.
923 5363 1053 5416 Vict.
1083 5364 1135 5415 5.
1163 5378 1258 5429 pro
1290 5364 1580 5430 seipsoms.
1616 5365 1768 5416 Corb.
1812 5364 1998 5419 Oratio
2036 5367 2241 5419 Domini
2276 5366 2511 5420 Anselmi
2556 5368 2620 5418 ad
2662 5366 2844 5418 Deum.
2892 5383 2988 5419 ms.
3037 5364 3273 5422 Vol-Inc.
3312 5369 3498 5425 Oratio
3527 5373 3687 5425 bona.
3717 5363 3822 5426 rm.

551 5432 699 5506 Flor.
727 5434 995 5488 Meditatio
1037 5433 1378 5506 deprecativa
1410 5435 1872 5506 carpent-«latione
1905 5436 2199 5506 Dominicze
2243 5435 2508 5503 passionis
2581 5436 2669 5469 ²⁰⁹⁰
2699 5435 2763 5489 Et
2799 5435 3035 5504 perfecte
3070 5455 3193 5493 mss.
3237 5439 3474 5506 perfecte
3548 5439 3639 5471 ¹⁰⁹¹
3680 5442 3823 5496 Acut

555 5503 722 5556 vitare
752 5522 871 5556 mss.
918 5515 967 5558 et
992 5513 1111 5557 actu
1162 5503 1329 5555 vitare
1409 5501 1496 5530 ¹⁰⁹²
1540 5499 1683 5553 Velle
1711 5503 1836 5568 quid
1862 5519 1984 5555 mss.
2032 5505 2210 5558 vivere
2241 5499 2380 5572 quod
2703 5535 2710 5544 -

3463 6197 3892 6208 ___,_——«——-
