4200 6212
352 340 465 407 83.5

1783 315 2192 377 ORATIONES.

3530 295 3639 352 886

365 469 568 516 mentm,
595 453 878 516 susceptor
908 457 1062 500 mcus
1097 450 1154 496 et
1190 439 1449 495 liberator
1477 452 1648 505 meus,
1678 438 1756 492 sic
1787 437 1942 490 timn-
1974 451 2018 508 Α
2048 439 2310 500 creatura:
2343 435 2466 490 tum,
2503 423 2828 512 benedicaut
2869 429 2920 476 te
2947 431 3135 475 omnes
3169 412 3343 516 angeli
3388 419 3440 478 et
3463 410 3636 466 sancti

367 556 481 598 rem
521 538 719 593 adhibe
760 535 892 590 mihi
921 541 1186 603 quatenus
1217 543 1456 584 amorem
1481 529 1572 562 ⁸⁸³⁸
1603 523 1943 584 subinferas:

364 631 444 692 sic
479 629 661 697 ιιι-οδω
694 635 897 682 metum
932 633 991 680 nt
1025 622 1102 676 tui
1132 634 1334 692 augeas
1369 619 1727 683 desiderium;
1761 617 1947 684 sicque

367 735 452 779 me
480 719 563 776 fac
591 717 908 790 participem
946 712 1240 788 timentium
1273 720 1342 775 te,
1375 718 1434 764 ut
1463 719 1512 764 et
1541 707 1944 764 custodientium

365 811 616 868 mandata
649 821 741 866 tua
776 793 944 865 facias
979 803 1154 878 (Paul.
1187 819 1373 867 cm",
1405 802 1518 875 65),
1550 811 1612 858 ut
1653 816 1751 871 per
1790 799 1950 853 timo-

365 903 442 960 ris
478 903 794 960 servitutem
832 899 899 955 ad
940 896 1145 952 amoris
1188 896 1499 966 pertingere
1562 907 1776 949 merear
1817 905 1947 962 gra-

366 995 520 1061 tiam,
542 1008 639 1064 per
661 1006 824 1064 quam
852 990 1068 1047 tandem
1093 983 1405 1072 perveniam
1433 987 1500 1043 ad
1529 983 1942 1064 tuamgioriam.

364 1085 536 1150 Amen
563 1085 676 1141 ‘m.
1524 1084 1529 1090 ’

371 1164 374 1168 ’
861 1174 1026 1248 254
1061 1172 1317 1242 ORATIO
1356 1172 1444 1227 χι.

1021 1280 1089 1320 AD
1127 1279 1293 1319 DEOH.
1465 1289 1477 1340 κ

431 1357 662 1412 Domine
709 1357 885 1423 Deus,‘
923 1353 1268 1425 omnipotens
1295 1351 1478 1418 Pater,
1527 1361 1583 1408 et
1627 1351 1768 1408 bone
1809 1353 1948 1407 Dens

359 1444 528 1512 Jesn;
559 1446 819 1501 miserere
862 1445 993 1500 mihi
1037 1443 1336 1514 peccatori,
1373 1452 1431 1500 et
1469 1444 1536 1498 da
1575 1443 1707 1498 mihi
1734 1443 1945 1498 veniam

347 1542 712 1605 peccatorum
763 1551 1028 1591 meorum.
1083 1534 1165 1589 Da
1217 1534 1348 1589 mihi
1393 1529 1588 1590 cavere
1633 1542 1690 1590 et
1729 1533 1947 1590 vincere

363 1618 555 1683 otnnes
590 1608 815 1682 insidias
857 1626 1198 1684 inimicorum
1236 1617 1505 1692 meorum‘,
1537 1631 1593 1680 et
1623 1625 1946 1680 tentatienes

290 1729 300 1745 ‘
362 1720 420 1776 et
448 1719 838 1783 delectationes
876 1717 1098 1785 noxias,
1125 1717 1368 1796 perfecte
1403 1727 1584 1774 mente
1621 1727 1677 1772 et
1709 1727 1830 1772 actu
1867 1719 1946 1772 vi-

364 1818 486 1865 tare
521 1823 643 1878 qtae
672 1809 934 1882 prohibes
972 1795 1174 1871 facere,
1217 1807 1427 1863 servire
1457 1807 1555 1863 tibi
1587 1815 1646 1863 et
1681 1821 1867 1862 amare
1895 1814 1948 1862 te.

361 1908 629 1972 quantum
669 1899 779 1954 scis
818 1907 873 1954 et
908 1898 1009 1964 vis,
1038 1906 1092 1954 et
1125 1897 1301 1954 vivere
1320 1896 1634 1970 nsecundum
1675 1906 1821 1951 tuam
1857 1910 1952 1950 vo-

364 1985 649 2042 luntatem.
681 1987 758 2041 Da
790 1986 942 2052 mibi,
975 1985 1222 2053 Domine,
1250 1973 1722 2056 compimctionem
1748 1983 1948 2048 cordis,

358 2075 683 2133 exercitium
723 2079 960 2148 pietatis,
993 2078 1247 2134 virtutem
1286 2061 1626 2142 humilitatis,
1659 2075 1948 2131 discretam

363 2163 782 2231 abstinentiam,
830 2167 1012 2222 carnis
1057 2157 1565 2231 mortificationein,
1614 2175 1821 2221 rectum
1869 2165 1952 2220 in-

362 2257 590 2312 troitum
627 2258 694 2313 ad
734 2268 786 2313 te
828 2258 1090 2312 orandum
1131 2267 1188 2313 et
1223 2247 1536 2323 amandum,
1582 2255 1949 2313 meditandum

362 2355 420 2411 et
449 2346 774 2402 laudandum
818 2347 886 2403 ad
926 2362 1143 2403 omnem
1186 2349 1482 2403 secundum
1535 2357 1587 2404 te
1617 2356 1820 2414 actum,
1853 2362 1948 2404 co-

361 2437 682 2513 gitationem
719 2437 1035 2508 perlectam,
1067 2438 1302 2493 sobriam
1338 2449 1392 2493 et
1418 2452 1690 2504 veracem,
1716 2446 1772 2494 et
1799 2453 1951 2493 men-

362 2537 476 2582 tem
504 2536 782 2600 strenuam
811 2537 865 2584 et
892 2528 1185 2584 clllcacem.
1223 2530 1298 2585 Da
1327 2530 1480 2595 mihi,
1515 2515 1759 2595 Domine,
1790 2544 1946 2585 man-

361 2617 627 2672 datorum‘
647 2625 859 2672 tuorum
895 2617 1141 2672 notitiam
1170 2626 1226 2672 et
1254 2618 1596 2674 dilectionem
1627 2627 1688 2674 et
1715 2619 1951 2674 delecta-

363 2708 593 2775 tionem,
634 2708 946 2765 facilitatem
975 2716 1030 2763 et
1055 2708 1304 2764 effectum
1339 2709 1393 2763 in
1424 2710 1794 2765 custodiendis
1821 2695 1946 2775 illis,

350 2808 418 2857 et
434 2798 621 2869 iugem
647 2800 1100 2868 perseverantiam
1129 2801 1197 2854 ad
1222 2800 1468 2864 meliora,
1496 2815 1621 2855 cum
1645 2799 1951 2857 humilitate

359 2888 631 2970 prolicere
659 2898 718 2970 et
743 2903 1017 2959 nunquam
1059 2887 1314 2944 deﬁcere.
1359 2887 1436 2944 Ne
1464 2889 1808 2959 derelinquas
1837 2905 1947 2956 me,

360 2965 608 3047 Domine,
637 2965 738 3036 nec
763 2981 1013 3036 humanae
1040 2979 1341 3043 infirmitati
1373 2977 1454 3034 vel
1482 2972 1820 3050 ignorantiae,
1849 2993 1947 3034 nec

358 3069 574 3124 meritis
599 3069 753 3134 meis,
786 3084 886 3123 nec
923 3068 1013 3122 ulli
1051 3069 1142 3122 alii
1163 3069 1274 3135 .rei,
1307 3069 1408 3124 nisi
1447 3077 1551 3122 tua:
1584 3068 1940 3137 dispositioni.

359 3161 720 3231 Tu,Domine,
747 3159 1040 3224 clementer
1063 3161 1288 3229 dispone
1311 3174 1418 3238 me,
1446 3169 1502 3215 et
1526 3174 1716 3214 omnes
1742 3162 1946 3231 cegila-
1973 3158 2017 3180 “

359 3267 452 3313 tus
479 3265 536 3311 et
565 3267 718 3320 actus
747 3272 898 3313 meos
926 3257 978 3311 in
1010 3255 1350 3327 beneplacito
1391 3263 1507 3319 tuo,
1545 3264 1604 3307 ut
1636 3253 1731 3308 fiat
1772 3269 1802 3306 a
1837 3269 1944 3318 me,

356 3355 418 3403 et
454 3347 512 3402 in
551 3362 640 3402 me
679 3357 736 3402 et
771 3348 838 3403 de
874 3362 958 3401 me
987 3357 1076 3402 tua
1105 3345 1278 3401 solum
1319 3359 1533 3414 semper
1556 3345 1828 3400 voluntas.
1858 3344 1948 3399 Li-

355 3440 496 3514 bera
522 3422 636 3505 me,
659 3439 916 3514 Domine,
944 3438 1019 3499 ab
1048 3438 1195 3493 onmi
1235 3436 1399 3503 malo,
1430 3443 1487 3491 et
1519 3435 1586 3490 da
1619 3436 1751 3503 mihi
1787 3451 1948 3492 omne

361 3512 586 3598 bonum,
619 3528 671 3583 id
698 3537 781 3584 est
807 3538 858 3583 te
874 3512 1080 3598 ipsum.
1113 3536 1172 3581 ut
1196 3527 1452 3598 gaudium
1481 3539 1659 3587 meum
1687 3525 1757 3580 sit
1787 3525 1840 3581 in
1873 3535 1943 3590 te,

353 3621 457 3702 qui
487 3634 548 3676 es
573 3621 687 3677 vita
717 3631 942 3674 aeterna.
975 3619 1168 3673 Amen.

951 3707 1208 3765 ORATIO
1243 3707 1354 3762 Xll.

824 3852 827 3855 .
1024 3814 1094 3852 AD
1131 3813 1294 3852 DEUI.

541 3891 682 3948 Laus
705 3890 826 3955 Dei,
857 3905 975 3944 cum
1007 3887 1294 3958 gratiarum
1331 3885 1532 3940 actione
1561 3885 1766 3940 deuota.

433 3983 558 4038 Tibi
591 3997 694 4054 ago
717 3980 908 4035 laudes
931 3986 986 4034 et
1013 3977 1235 4046 gratias,
1265 3975 1404 4030 Deus
1432 3990 1604 4044 meus,
1634 3976 1949 4031 ntisertcor~

361 4075 454 4130 dia
494 4087 634 4138 mea,
664 4071 755 4140 qui
792 4085 880 4126 me
918 4069 987 4124 ad
1029 4079 1176 4123 tuam
1222 4067 1605 4139 cogitationem
1650 4069 1950 4137 perducere

361 4173 421 4218 et
445 4177 541 4232 per
564 4161 702 4217 sacri
731 4160 1075 4230 baptismatis
1108 4159 1438 4216 ablutionem
1471 4157 1615 4218 inter
1640 4158 1948 4227 adoptionis

363 4249 509 4305 illius
545 4263 840 4327 aggregare
864 4248 1116 4319 dignatus
1139 4263 1219 4303 es.
1251 4247 1368 4302 Tibi
1398 4261 1497 4316 ago
1531 4247 1718 4303 laudes
1746 4257 1797 4304 et
1823 4260 1950 4318 gra-

366 4341 494 4406 tias,
522 4340 612 4410 qui
649 4353 735 4394 me
766 4341 834 4395 ab
863 4340 995 4409 ipsis
1031 4335 1353 4400 rudimentis
1388 4338 1630 4394 infantia:
1667 4355 1842 4408 usque
1881 4341 1949 4398 ad

362 4435 512 4497 hanc
532 4433 721 4487 horam
745 4446 840 4502 per
863 4431 1028 4485 multa
1053 4428 1372 4489 deﬂuentem
1397 4439 1643 4498 peccata,
1670 4431 1949 4486 immensae

363 4525 628 4580 bonitatis
659 4532 762 4579 tua:
791 4523 1071 4594 patientia,
1097 4523 1160 4578 ad
1178 4518 1608 4578 emendationem
1641 4530 1947 4593 exspectas.

363 4616 444 4673 Te
471 4616 628 4672 laudo
657 4627 710 4672 et
735 4602 995 4688 glorifico,
1026 4615 1116 4685 qui
1147 4629 1232 4669 me
1262 4613 1484 4668 brachio
1513 4613 1727 4669 virtutis
1755 4623 1858 4668 tua:
1883 4613 1951 4667 de

365 4709 550 4764 multis
572 4709 851 4780 angustiis,
881 4706 1276 4761 calamitatibus
1300 4715 1357 4761 et
1379 4705 1615 4761 miseriis
1637 4704 1949 4775 frequenter

364 4799 632 4865 liberasti,
674 4800 764 4869 qni
807 4814 892 4853 me
927 4799 1188 4852 hactenus
1227 4797 1292 4852 de
1330 4797 1547 4852 aeternis
1583 4796 1861 4867 suppliciis
1894 4807 1952 4852 et

363 4889 434 4942 de
467 4891 721 4975 ,corporis
765 4875 928 4957 hujus.
971 4888 1301 4943 cruciatibus
1344 4888 1554 4944 eruisti.
1586 4887 1677 4942 'Tc
1704 4886 1864 4942 laudo
1891 4895 1951 4943 et

361 4977 637 5046 glorifico,
671 4979 760 5048 qui
807 4979 936 5033 mihi
981 4979 1296 5047 sospitatem
1344 4978 1742 5034 membrorum.
1792 4987 1943 5032 tran-

363 5066 684 5136 quillitatem
713 5076 1034 5137 temporum,
1061 5082 1329 5136 amorem,
1359 5066 1606 5122 allectum
1631 5066 1947 5139 etvcltarita-

369 5166 482 5211 tem
524 5172 798 5213 servorum
847 5165 1062 5212 tuorum
1108 5159 1160 5212 in
1203 5174 1308 5223 me,
1349 5173 1468 5227 quae
1506 5167 1634 5212 sunt
1667 5157 1806 5213 dona
1843 5165 1948 5210 tua:

368 5247 610 5316 pietatis,
639 5247 887 5302 conferre
929 5249 1179 5320 dignatus
1223 5267 1300 5304 es.
1355 5248 1553 5303 Sancte
1610 5249 1946 5312 sanctorum,

368 5337 462 5407 qui
511 5338 818 5394 sanctificas
866 5341 1077 5403 omnia,
1122 5341 1381 5396 benedico
1436 5349 1508 5412 te,
1571 5338 1813 5412 glo‘ritlco
1871 5348 1945 5402 te,

369 5430 542 5485 adoro
573 5440 655 5496 te,
701 5430 902 5501 gratias
952 5433 1045 5485 tibi
1105 5444 1222 5502 ago.
1289 5433 1615 5488 Benedicant
1661 5440 1716 5486 te
1756 5444 1946 5486 omnes
2005 5475 2009 5478 .

2051 523 2153 577 tui.
2180 519 2270 576 Sic
2307 509 2696 576 benedicamus
2741 523 2792 568 te
2831 515 2882 567 in
2915 513 3203 584 vita-mea.
3256 505 3458 560 Adoret
3499 511 3550 556 te
3585 509 3641 556 ct

2049 611 2311 684 glorjlieet
2355 618 2413 664 et
2457 605 2747 662 benedicat
2814 601 2990 655 omnis
3045 599 3267 654 interior
3305 604 3360 650 et
3403 593 3640 672 exterior

2049 716 2309 772 compago
2333 691 2472 756 mea.
2502 697 2663 752 Salus
2686 708 2830 758 mea,
2860 692 2946 746 lux
2975 705 3114 754 mea,
3149 687 3470 742 illuminatio
3496 700 3636 748 mea,

2051 791 2376 848 benedicant
2410 801 2460 845 te
2487 788 2628 844 oculi
2669 786 2798 852 mei,
2841 797 2978 852 quos
3019 779 3192 834 fecisti
3230 787 3290 832 et
3324 775 3637 847 praeparasti

2048 883 2117 938 ad
2143 879 2610 950 contemplandam
2638 874 2875 946 speciem
2906 868 3219 928 serenitatis
3251 875 3375 920 tum.
3404 864 3638 918 Dulcedo

2051 987 2194 1039 mea,
2219 969 2504 1026 delectatio
2529 983 2670 1034 mea,
2700 964 3024 1020 benedicant
3054 968 3106 1015 te
3133 971 3294 1012 aures
3322 969 3475 1019 mete,
3506 969 3642 1024 quas

2051 1061 2223 1118 fecisti
2249 1067 2311 1114 et
2331 1057 2646 1130 praeparasti
2671 1059 2736 1111 ad
2765 1053 3086 1109 audiendam
3113 1050 3300 1104 vocem
3323 1045 3643 1118 jucundita-

2002 1165 2004 1167 ’
2052 1154 2122 1208 tis
2149 1160 2274 1207 tum.
2313 1148 2571 1204 Suavitas
2601 1161 2738 1210 mea,
2770 1143 3036 1200 recreatio
3067 1155 3206 1207 mea,
3240 1137 3564 1194 benedicant
3591 1145 3643 1187 te

2049 1242 2210 1300 nares
2242 1257 2400 1307 mete,
2431 1254 2570 1310 quas
2606 1235 2781 1293 fecisti
2824 1242 2881 1288 ut
2907 1235 3091 1287 vivant
3126 1241 3180 1287 et
3211 1230 3549 1285 delectentur
3585 1227 3642 1280 in

2047 1335 2214 1389 odore
2251 1341 2657 1404 unguentorum
2709 1337 2948 1380 tuorum.
3001 1323 3144 1377 Laus
3185 1337 3325 1384 mea,
3362 1322 3640 1374 canticum

2049 1440 2227 1481 meum
2268 1437 2491 1485 novum,
2530 1417 2822 1476 exsultatio
2862 1431 3003 1488 mea,
3034 1412 3320 1468 benedicat
3350 1419 3406 1464 te
3433 1419 3495 1464 et
3527 1424 3638 1463 ma-

2048 1520 2266 1592 gnilicet
2306 1518 2483 1588 lingua
2527 1528 2667 1578 mea,
2710 1527 2873 1582 quam
2921 1508 3097 1565 fecisti
3133 1515 3192 1561 et
3231 1505 3544 1576 praeparasti
3581 1515 3649 1557 ιι·

2049 1627 2299 1670 enarrem
2345 1607 2611 1667 mirabilia
2660 1618 2772 1659 tua.
2829 1601 3106 1672 Sapientia
3161 1613 3311 1659 mea,
3361 1593 3652 1657 meditatis.-

2049 1718 2194 1769 mea,
2226 1699 2514 1756 consilium
2561 1710 2759 1756 meum,
2799 1692 2987 1745 adoret
3031 1702 3247 1757 semper
3277 1693 3330 1740 et
3360 1683 3644 1739 benedicat

1979 1791 2024 1850 Β
2050 1805 2148 1845 cor
2177 1803 2379 1852 meum,
2411 1785 2556 1856 quod
2596 1780 2912 1852 praeparasti
2950 1772 3017 1858 et
3039 1777 3236 1833 dedisti
3281 1773 3413 1828 mihi
3459 1771 3526 1826 ad
3560 1770 3643 1858 di-

2050 1878 2387 1952 gnoscendas
2424 1851 2840 1930 inaestimabiles
2886 1851 3266 1925 miserationes
3318 1875 3456 1919 tuas.
3519 1851 3632 1917 Vit:

2052 1951 2197 2035 mea,
2236 1964 2511 2022 beatitudo
2547 1977 2690 2026 mea,
2735 1960 3018 2015 bcnedicat
3061 1965 3133 2022 te,
3177 1956 3304 2010 licet
3340 1951 3637 2023 peccatrix,

2051 2061 2231 2116 aninm
2261 2073 2400 2124 mea,
2430 2071 2592 2127 quam
2621 2053 2798 2110 fecisti
2833 2062 2888 2108 et
2915 2049 3228 2123 praeparasti
3261 2047 3325 2101 ad
3355 2045 3638 2116 perfruen-

2051 2151 2178 2206 dnm
2204 2149 2362 2205 bonis
2391 2149 2514 2204 this.

2119 2240 2427 2307 Adorande,
2481 2239 2782 2305 tremende,
2832 2235 3077 2302 colendo,
3127 2219 3301 2306 pater'
3330 2231 3640 2297 metuende,

2042 2320 2309 2396 benedice
2359 2332 2437 2398 te,
2491 2344 2661 2403 quem
2712 2329 2925 2396 amavi,
2971 2343 3130 2399 quem
3178 2325 3437 2397 quaesivi,
3479 2339 3642 2396 quem

2049 2441 2266 2496 semper
2303 2427 2508 2494 optavi.
2553 2427 2696 2488 Deus
2737 2438 2911 2488 meus,
2959 2429 3181 2476 amator
3206 2435 3379 2484 meus,
3412 2427 3463 2475 te
3491 2418 3640 2483 sitio,

2051 2526 2105 2572 te
2129 2516 2339 2583 esurio,
2382 2524 2434 2569 te
2478 2514 2762 2580 desidero,
2805 2523 2855 2568 te
2897 2511 3167 2582 supplico,
3204 2520 3255 2566 te
3306 2511 3430 2566 totis
3461 2509 3639 2566 visce-

2048 2607 2200 2664 ribus
2228 2609 2463 2677 totisque
2488 2605 2778 2678 gemitibus
2803 2603 3148 2679 concupisco.
3177 2602 3248 2657 Et
3286 2603 3429 2676 sicut
3467 2610 3642 2655 tuater

2048 2699 2193 2754 unici
2223 2698 2346 2753 Filii
2393 2698 2474 2754 sui
2527 2698 2719 2754 orbata
2770 2696 3059 2767 praesentia
3121 2693 3276 2749 sedet
3336 2694 3403 2748 ad
3461 2691 3643 2748 locum

2051 2787 2390 2847 monumenti
2425 2789 2564 2860 ejus,
2608 2788 2826 2859 plorans
2867 2796 3082 2859 semper
3121 2789 3190 2842 ct’
3213 2785 3446 2857 ejulans,
3481 2786 3559 2842 sic
3589 2796 3644 2840 ct

2047 2898 2147 2955 ego
2174 2898 2280 2939 non
2307 2891 2569 2954 quantum
2600 2881 2790 2946 debeo,
2819 2881 3206 2951 sed-quantum
3233 2879 3407 2943 valeo,
3435 2893 3644 2934 memor

2047 2974 2316 3042 passionis
2340 2982 2468 3037 ture,
2495 2986 2704 3026 memor
2729 2971 3026 3040 alaparum,
3056 2984 3266 3035 meinor
3289 2969 3638 3039 flagellorum,
3713 3018 3724 3030 ,

2050 3079 2258 3120 memor
2289 3047 2572 3119 vulnerum
2613 3072 2848 3126 tuorum,
2891 3075 3101 3116 memor
3139 3059 3374 3129 qualiter
3412 3074 3511 3127 pro
3555 3074 3641 3112 me

2046 3153 2258 3209 occisus
2292 3167 2371 3229 es,
2401 3151 2636 3223 qualiter
2659 3152 2909 3207 conditus
2942 3165 3022 3216 es,
3053 3142 3288 3220 qualiter
3317 3149 3557 3218 sepultus
3583 3159 3639 3202 et

2049 3249 2329 3313 ubi,sedco
2351 3262 2472 3302 cum
2496 3233 2660 3301 Maria
2682 3245 2899 3316 plorans
2919 3244 2987 3298 ad
3011 3233 3419 3298 monumentum
3441 3242 3638 3300 mentis

2051 3352 2202 3393 meze.
2221 3336 2338 3392 -l‘Jbi
2376 3345 2428 3392 te
2458 3336 2590 3392 fides
2615 3322 2882 3405 sepelivit,
2911 3349 3041 3404 spes
3063 3334 3258 3402 quaerit
3287 3341 3346 3385 ut
3375 3331 3634 3397 inveniat,

2051 3429 2294 3486 cita-ritas
2338 3437 2398 3484 ut
2443 3429 2730 3499 pernrigat.
2794 3425 3213 3496 Benignissime,
3270 3423 3637 3501 serenissime.

2047 3519 2393 3584 suavissime,
2431 3519 2553 3588 quis
2586 3517 2717 3573 mihi
2768 3517 2859 3573 det
2901 3525 2959 3570 ut
3007 3516 3282 3570 inveniam
3331 3523 3382 3570 te
3419 3515 3550 3570 foris
3585 3525 3642 3570 et

1966 3617 1970 3621 ·
2049 3607 2357 3673 deosculer,
2399 3617 2454 3662 et
2497 3621 2814 3677 respergam
2868 3605 3126 3676 lacrymis
3169 3604 3286 3659 loca
3331 3604 3637 3668 vulnerum,

2051 3698 2254 3755 tixuras
2278 3697 2594 3771 clavorum?
2642 3697 2792 3751 Filiae
2817 3695 3140 3762 Jerusalem,
3172 3695 3417 3750 nuntiate
3442 3695 3638 3752 dilecto

2047 3790 2173 3860 quia
2221 3805 2400 3843 amore
2444 3787 2667 3858 langueo
2719 3786 2897 3856 (Cant.
2927 3801 2980 3850 v,
3027 3786 3104 3853 8).
3157 3785 3432 3855 Apparcat
3479 3783 3634 3852 mihi,

2005 3893 2014 3906 δ
2041 3879 2300 3934 Ostendat
2327 3893 2384 3933 se
2413 3877 2564 3931 mihi.
2599 3877 2766 3932 Vocet
2795 3890 2882 3930 me
2913 3875 3126 3930 nomine
3155 3890 3295 3940 mea,
3327 3877 3637 3945 compescat

2052 3984 2140 4025 me
2168 3985 2199 4024 a
2226 3968 2410 4026 dolore
2441 3983 2581 4024 mco.

2123 4060 2240 4116 Non
2260 4045 2413 4116 enim
2445 4059 2588 4132 capit
2619 4060 2670 4113 in
2711 4073 2796 4114 me
2826 4057 2983 4113 dolor
3014 4073 3190 4126 meus,
3222 4061 3454 4129 quandiu
3483 4076 3637 4131 perc-

2051 4151 2238 4223 grinus
2298 4166 2416 4206 sum
2466 4166 2496 4206 a
2545 4160 2618 4214 te,
2651 4150 2794 4206 Deus
2840 4167 3012 4207 meus.
3060 4153 3173 4221 Age
3216 4155 3354 4222 jam,
3389 4156 3636 4217 Domine.

2050 4240 2230 4297 revela
2268 4239 2460 4296 faciem
2500 4249 2666 4305 tuam,
2693 4243 2921 4296 ostende
2951 4244 3283 4313 supplicibus
3323 4231 3636 4303 miscricor-

2002 4393 2006 4398 ,
2055 4332 2201 4388 diam
2236 4340 2406 4385 tuam.
2454 4329 2678 4384 Scimus
2699 4323 2973 4402 peractam
3025 4336 3501 4412 resurrectionem,
3539 4337 3635 4389 de-

1981 4479 2030 4538 D

2053 4420 2198 4476 clara
2230 4421 2283 4473 in
2310 4408 2490 4475 oculis
2518 4421 2721 4476 nostris
2750 4419 2973 4474 beatam
3005 4408 3486 4492 incorruptionem.
3524 4425 3636 4478 Ad-

2057 4511 2340 4593 mirabilis,
2393 4511 2810 4578 inaestimabilis,
2867 4512 3332 4583 incomparabilis;
3392 4525 3441 4570 te
3488 4517 3635 4570 rule--

2054 4598 2199 4667 bam,
2230 4611 2282 4658 te
2307 4603 2613 4674 sperabam,
2646 4615 2698 4658 te
2723 4605 3055 4673 qumre’oam.
3089 4605 3163 4657 En
3190 4605 3302 4674 ipse
3333 4606 3481 4659 venis
3512 4621 3642 4674 pur-

2055 4702 2314 4762 puratus;
2358 4693 2572 4745 rubrum
2601 4703 2675 4744 est
2709 4693 3070 4746 indumentum
3100 4703 3245 4746 tuum
3288 4691 3444 4763 (lsai.
3475 4710 3636 4759 Lxm,

2050 4781 2128 4852 2).
2162 4782 2376 4837 Lavasti
2405 4782 2458 4835 in
2483 4782 2598 4835 vino
2625 4782 2815 4834 stolam
2843 4775 2986 4835 tuan:
3007 4822 3022 4846 ,
3061 4791 3108 4835 et
3143 4783 3202 4835 in
3236 4784 3490 4853 sanguine
3525 4785 3638 4838 uuic

2051 4871 2269 4942 pallium
2308 4883 2454 4924 tuum
2485 4867 2638 4940 (Gen.
2671 4869 2823 4935 ma,
2859 4871 2968 4940 li).
3010 4869 3323 4927 Percussisti
3361 4883 3517 4940 caput
3573 4874 3639 4925 de

2047 4964 2200 5018 douto
2245 4963 2392 5033 impii
2416 5001 2432 5028 ,
2481 4978 2715 5032 egressus
2765 4965 2835 5019 in.
2870 4962 3091 5016 salutem
3123 4961 3302 5032 populi
3343 4965 3419 5016 tui
3459 4957 3636 5033 (Hau.

2046 5071 2132 5119 ιιι.
2165 5056 2273 5124 l3).
2973 5128 2976 5130 γ
3099 5114 3118 5130 ,
3463 5117 3467 5122 ι

2080 5129 2276 5199 ,Μειιιθ
2305 5142 2614 5221 nobiscum,
2650 5141 2908 5206 Domine,
2943 5128 3106 5196 mane
3129 5141 3211 5194 vel
3249 5156 3421 5211 usque
3452 5159 3630 5200 mane.

2049 5235 2320 5290 Fruamur
2346 5235 2561 5289 interim
2591 5234 2874 5301 praesentia
2910 5241 3017 5285 tua.
3051 5231 3324 5287 laetemur
3348 5241 3510 5302 atque
3535 5234 3631 5288 dc-

2005 5354 2013 5405 ῖ
2056 5329 2318 5384 lectemur
2366 5327 2419 5382 in
2466 5323 2858 5379 resurrectione
2906 5331 3017 5376 tua.
3072 5321 3325 5392 lngruunt
3375 5322 3627 5383 tenebrae,

2055 5421 2217 5488 urget
2236 5419 2374 5473 diem
2397 5412 2612 5486 vesper.
2643 5413 2910 5466 “luminat
2940 5414 3136 5467 vultum
3163 5408 3313 5465 suum
3337 5426 3492 5479 super
3538 5411 3630 5463 nos

1640 5539 1872 5594 VARIIE
1909 5533 2317 5596 LEC-TIONES.
2387 5535 2390 5538 ’
2909 5595 2920 5600 ,
3118 5592 3128 5600 _
3413 5590 3426 5600 _
3496 5591 3505 5600 _

401 5643 410 5654 -
446 5617 539 5649 ‘m
559 5618 628 5672 Ut
660 5634 894 5679 amarem
923 5634 1018 5672 ms.
1050 5625 1317 5684 quatenus
1344 5629 1580 5684 sinerem
1660 5590 2027 5684 “iiii-Ettip’m
2046 5651 2057 5665 .
2087 5621 2182 5674 per
2208 5619 2368 5674 quam
2427 5601 2643 5657 tandem
2706 5595 3010 5670 perveniam
3064 5592 3128 5644 ad
3193 5602 3334 5643 tuam
3379 5590 3624 5658 gloriam.

379 5687 554 5748 Amen
596 5705 690 5744 ms.
732 5677 978 5756 gratiam.
1023 5677 1211 5740 Ainen.
1263 5683 1404 5739 Edit.
1439 5680 1590 5738 Coth.
1646 5679 1897 5750 gratiam.
1923 5677 2134 5734 ’Ἰανοςο
