4200 6198
426 256 527 313 889

1856 254 2157 313 ORATION
2167 254 2260 312 ES.

3586 258 3694 317 890

426 392 521 445 per
560 372 983 428 incarnationem
1015 377 1185 432 tuam,
1239 381 1398 435 quam
1427 367 1477 422 in
1508 371 1835 438 proprietate
1877 386 1997 439 pcr-
2030 373 2071 429 A
2104 370 2423 441 postposito,
2478 369 2762 426 veritatem
2827 382 2931 426 tuac
3000 371 3413 427 resurrectionis
3479 374 3690 429 cunctis

428 482 576 524 sonte
600 475 722 531 tute,
746 473 1072 533 cooperante
1104 473 1285 518 tamen
1332 461 1493 517 Patre
1531 472 1586 517 et
1615 462 1823 532 Spiritu
1882 477 2010 517 san-

427 569 532 619 cio,
563 556 874 625 suscepisti,
915 571 1001 608 nte
1028 554 1288 609 refertum
1310 563 1364 607 et
1389 562 1704 608 renovatum
1731 566 1853 607 esse
1883 554 2015 607 scio.

427 649 537 700 Uto
579 646 760 713 itaque
809 643 1182 697 dulcissimant
1236 641 1664 696 misericordiam
1690 651 1859 705 tuam,
1893 642 2017 710 piis-

426 738 565 791 sime
584 744 639 789 et
674 734 998 789 suavissime
1054 733 1278 788 Domine
1304 732 1454 800 Jesu,
1500 748 1599 803 per
1634 743 1882 789 sanctam
1915 749 2015 786 an-

430 826 820 881 nttntiatiunem
866 832 1033 891 tuam,
1088 824 1351 879 miserere
1394 824 1625 879 infelicis
1645 825 2014 879 animarmem.

428 916 753 972 Dulcissime
783 915 1006 971 Domine
1029 914 1154 970 Jestt
1185 914 1419 979 Christe,
1452 931 1549 986 per
1564 926 1805 971 sanctam
1837 916 2014 970 incar-

429 1008 704 1062 nationem
724 1014 779 1059 et
801 1004 1139 1059 nativitatem
1163 1014 1331 1068 tuam,
1360 1007 1619 1061 miserere
1643 1007 1837 1061 anima:
1861 1021 2012 1061 meat.

430 1097 753 1152 Dulcissimo
784 1096 1007 1155 Domine
1040 1095 1190 1161 Jesu,
1212 1096 1450 1173 Christe,
1500 1111 1596 1166 per
1642 1097 2015 1152 circumcisio-

428 1206 552 1247 nem
587 1200 756 1256 tuam,
790 1189 1053 1244 miserere
1089 1190 1215 1243 mei.
1263 1188 1586 1245 Dulcissime
1618 1189 1843 1245 Domine
1865 1187 2014 1253 Jcsn,

432 1296 530 1351 per
549 1291 794 1336 sanctam
830 1280 1116 1337 infantiam
1146 1290 1314 1345 tuam,
1348 1281 1608 1337 miserere
1650 1282 1778 1336 mei.
1811 1281 2018 1337 Dulcis-

428 1373 568 1428 sime
599 1371 824 1429 Domine
851 1372 1002 1439 Jcsu,
1032 1387 1131 1443 per
1149 1371 1485 1444 juventutem
1534 1383 1706 1439 tuam,
1752 1374 2015 1429 miserere

428 1464 559 1520 mei.
588 1462 909 1519 Duicissime
931 1463 1158 1519 Domine
1179 1462 1327 1532 Iesu,
1352 1479 1447 1534 per
1471 1465 1798 1534 baptisnmm
1841 1474 2014 1533 tuum,

428 1554 687 1610 miserere
709 1553 836 1610 mei.
872 1552 1192 1609 Dulcissime
1214 1554 1441 1610 Domine
1461 1555 1610 1622 .lcsu,
1640 1570 1736 1625 per
1750 1554 2013 1626 jejunium

430 1656 606 1712 tuum,
651 1645 849 1699 famem
878 1653 935 1700 et
957 1642 1351 1719 fatigationem,
1406 1645 1663 1716 miserere
1714 1647 1840 1702 mei.
1888 1647 2015 1702 Dui-

2117 460 2367 531 gcetibus
2412 460 2826 526 annuntiarent,
2858 476 3059 533 eosque
3089 465 3347 517 docerent
3399 459 3545 529 quod
3574 461 3695 516 siin

2118 561 2170 604 te
2199 550 2488 603 crederent
2524 558 2581 603 et
2626 548 2732 604 tuis
2765 545 3048 620 prt'cceptis
3081 553 3389 617 obcdirent,
3429 550 3576 605 omtti
3605 550 3702 605 du-

2116 642 2380 697 bitationc
2403 640 2733 712 posthabita,
2766 657 2992 712 regnum
3020 643 3282 699 canonum
3315 652 3437 714 post
3470 652 3699 699 mortem

2118 735 2300 792 carnis
2338 735 2716 800 aseemlcrent,
2756 742 2812 788 et
2844 734 2896 787 in
2928 742 3128 789 mterna
3178 734 3345 804 gloria
3384 744 3564 791 tecum
3591 734 3703 790 fcli-

2116 824 2253 879 citer
2293 833 2603 895 regnarent.
2648 823 2908 879 Miserere
2965 823 3093 888 mei,
3122 823 3429 879 dulcissime
3477 824 3703 880 Domine

2115 914 2264 981 Jcsu,
2332 931 2428 984 per
2473 915 2909 971 reditum~tuum
2959 915 3027 971 ad
3070 914 3396 984 judicandos
3449 916 3602 971 vivos
3647 927 3702 971 et

2118 1014 2380 1070 mortuos,
2444 1020 2551 1074 quo
2594 1004 2799 1073 judicio
2861 1004 3032 1061 malos
3100 1021 3131 1060 a
3200 1005 3357 1060 bonis
3422 1019 3702 1075 separatis,

2118 1107 2321 1153 aeterna
2354 1086 2658 1167 perditione
2685 1096 2967 1152 damnabis
2998 1114 3013 1163 ;
3048 1098 3223 1154 bonos
3266 1112 3397 1152 vero
3438 1103 3614 1151 tecum
3636 1097 3703 1151 ad

2118 1190 2288 1246 caelos
2315 1191 2543 1255 ducens,
2579 1188 2633 1243 in
2659 1197 2862 1243 teterna
2894 1188 3149 1245 felicitate
3176 1189 3490 1244 collocabis.

2188 1276 2285 1334 liis
2311 1276 2639 1333 dulcissimis
2697 1275 3166 1332 recordationibus
3184 1290 3239 1333 et
3268 1278 3373 1350 piis
3421 1276 3705 1332 memoriis

2118 1368 2409 1437 animatus,
2465 1366 2778 1423 dulcissime
2827 1365 3055 1423 Domine
3110 1366 3257 1434 Jesu,
3305 1377 3360 1423 et
3392 1368 3509 1424 haec
3552 1375 3700 1421 tanta

2116 1459 2375 1517 beneﬁcia
2430 1458 2661 1515 infirmis
2690 1466 2747 1514 et
2771 1457 3151 1529 peccatoribus
3183 1472 3213 1511 a
3246 1466 3297 1511 te
3333 1456 3701 1512 misericordi-

2119 1560 2203 1605 ter
2249 1549 2465 1618 collata,
2499 1549 2627 1605 dum
2682 1550 2735 1605 in
2777 1559 2991 1605 secreto
3044 1539 3282 1618 pectoris
3326 1549 3431 1603 tnei
3473 1544 3703 1602 dulciter

2118 1650 2174 1696 et
2203 1656 2325 1697 cum
2353 1656 2546 1711 magna
2593 1640 2951 1696 admiratione
2972 1640 3141 1696 volvo
3170 1648 3226 1695 et
3252 1638 3466 1694 revolvo
3499 1655 3513 1701 ;
3546 1637 3701 1692 infir-

428 1737 648 1794 cissime
692 1735 921 1791 Domine
959 1733 1112 1802 Jestt,
1152 1750 1250 1807 per
1296 1718 1551 1791 miracula
1592 1749 1703 1803 tua,
1741 1753 1836 1810 per
1864 1753 2008 1808 quae,
2045 1716 2087 1775 Β
2115 1746 2233 1787 mas
2291 1730 2584 1786 memorias
2634 1736 2690 1785 et
2743 1728 3147 1785 recordationes
3210 1728 3441 1799 peccati,
3482 1741 3603 1797 qua:
3637 1724 3704 1781 ad

426 1827 528 1884 etsi
556 1826 721 1883 homo
746 1841 907 1882 verus
932 1840 1077 1894 eras,
1104 1842 1266 1905 verus
1308 1827 1450 1884 Dens
1476 1830 1878 1899 agnoscebaris,
1907 1830 2012 1883 mi-

425 1929 610 1971 serere
632 1915 759 1970 mei.
792 1914 1124 1972 Dulcissime
1170 1915 1397 1972 Domine
1440 1916 1589 1985 Jesu,
1638 1933 1735 1989 per
1778 1918 2011 1988 ﬂagella,

425 2016 583 2091 Sputa
611 2016 667 2062 et
693 2005 879 2076 alapas
898 2022 1034 2077 qaas
1075 2022 1173 2078 pro
1202 2006 1358 2063 nobis
1390 2009 1703 2078 suscepisti,
1752 2009 2014 2065 miserere

425 2094 553 2149 mei.
605 2094 924 2150 Dulcissimo
949 2104 1005 2151 et
1044 2096 1553 2152 miscricordissime
1591 2097 1819 2152 Domine
1861 2095 2011 2163 Jesu,

427 2196 525 2253 per
552 2184 796 2254 spineam
838 2199 1119 2253 coronam,
1150 2201 1312 2256 quam
1352 2186 1405 2240 in
1433 2187 1616 2257 capite
1645 2196 1736 2242 tuo
1760 2191 2010 2258 portasti,

431 2284 492 2330 ut
518 2275 735 2346 Spiueas
779 2285 1127 2346 peccatorum
1175 2286 1485 2332 nostrorum
1525 2278 1795 2345 auferres,
1846 2282 2009 2337 mise-

429 2380 552 2421 rere
576 2366 704 2421 mei.
755 2355 1015 2422 Miserere
1053 2368 1180 2435 mei,
1238 2367 1548 2423 dulcissime
1597 2368 1819 2425 Domine
1860 2369 2008 2438 Jesu,

426 2470 522 2527 per
544 2472 760 2512 crucem
794 2467 966 2523 ltum,
1006 2467 1061 2514 et
1090 2468 1320 2514 mortem
1348 2474 1509 2528 quam
1536 2460 1703 2535 256
1737 2462 1795 2537 in_
1820 2462 2009 2517 eadem

427 2558 587 2600 cruce
613 2560 807 2615 passus
844 2561 925 2612 es,
954 2546 1013 2601 ut
1045 2563 1144 2602 nos
1172 2562 1203 2602 a
1248 2557 1422 2614 τηου
1479 2550 1797 2605 redimeres.
1851 2551 2011 2607 Mise-

430 2651 553 2691 rere
580 2637 707 2704 mei,
739 2636 967 2693 Domine
989 2638 1139 2704 Jesu,
1177 2654 1274 2709 per
1298 2640 1604 2710 sepulcrum
1633 2651 1785 2695 tuum
1819 2642 1871 2695 in
1902 2657 2012 2711 quo

431 2726 730 2785 secundum
755 2743 976 2785 carnem
987 2728 1229 2798 jacuisti,
1252 2730 1307 2785 et
1322 2744 1418 2799 per
1444 2731 1886 2801 benignissimam
1918 2732 2012 2786 de-

428 2819 766 2874 scensionem
812 2826 959 2873 tuam
1018 2820 1085 2874 ad
1133 2819 1360 2889 inferos,
1408 2820 1463 2874 in
1509 2820 1707 2890 quibus
1746 2819 1930 2876 fideles
1958 2830 2014 2879 et

428 2909 634 2963 amicos
659 2916 801 2973 tuos,
834 2908 925 2978 qui
957 2916 1007 2963 te
1036 2908 1107 2963 ibi
1144 2922 1299 2964 suum
1347 2910 1718 2965 dulcissimum
1771 2910 2011 2966 Redem-

426 3004 636 3071 ptorem
651 2995 743 3053 diu
777 3004 1252 3077 exspectaverant,
1285 2998 1543 3064 visitasti;
1582 2999 1806 3053 visitatts
1841 3013 1871 3053 a
1899 3000 2009 3055 da:-

428 3085 674 3145 tnoniaca
716 3086 1104 3151 dominatione,
1133 3086 1365 3155 gloriose
1410 3087 1747 3159 triumphans
1795 3090 2010 3146 miseri-

426 3176 663 3231 corditer
688 3176 934 3245 eripuisti
968 3193 982 3242 ;
1029 3176 1388 3231 infernalibus
1436 3176 1593 3232 furiis
1623 3192 1778 3232 suum
1810 3179 2012 3248 princi-

425 3281 548 3335 pem
589 3266 835 3322 valenter
884 3268 1253 3322 incusantibus
1307 3267 1451 3335 quod
1500 3275 1569 3329 te,
1603 3266 1657 3320 in
1682 3281 1789 3336 quo
1818 3267 1885 3321 de
1912 3284 2011 3325 suo

427 3353 562 3408 nihil
616 3353 919 3418 invenerat,
978 3354 1177 3423 injuste
1229 3353 1610 3419 interfecerit;
1651 3369 1749 3425 pro
1787 3370 1895 3425 qua
1925 3355 2009 3411 in.

420 3443 566 3515 justa
600 3442 981 3499 interfectione
1002 3443 1148 3513 iuste
1179 3453 1306 3499 tunc
1333 3444 1634 3515 perdebant
1658 3461 1795 3517 quos
1826 3447 2007 3502 tandiu

426 3536 670 3605 captivos
697 3545 752 3591 et
788 3539 902 3593 suis
926 3538 1215 3594 infeliciter
1249 3539 1477 3595 vinculis
1523 3539 1767 3610 alligatos
1823 3550 2012 3596 tenue-
2047 3583 2055 3589 .

424 3635 567 3681 rant.
602 3626 857 3683 Miserere
893 3630 1021 3694 mei,
1054 3630 1277 3685 Domine
1309 3630 1620 3685 dulcissime
1643 3639 1700 3684 et
1728 3628 2005 3701 benignis-

425 3716 563 3777 sime
585 3716 733 3783 Jesu,
762 3733 859 3788 per
879 3718 1168 3789 gloriosam
1208 3720 1660 3774 resurrectionem
1700 3728 1868 3785 tuam,
1899 3734 2005 3789 qua

431 3806 591 3861 tertia
640 3796 749 3872 die,
797 3817 1078 3879 postquam
1133 3824 1230 3879 pro
1266 3808 1641 3878 peccatoribus
1689 3809 1901 3863 occisus
1924 3826 2003 3875 es,

425 3897 705 3967 discipulis
732 3907 785 3952 et
816 3898 1007 3952 amicis
1040 3898 1145 3953 tuis
1191 3898 1258 3953 de
1288 3907 1377 3952 tua
1410 3906 1583 3953 morte
1620 3896 1925 3953 dolentibus
1952 3908 2007 3953 et

430 3988 592 4042 nimis
651 3988 864 4043 alilictis
924 3989 1078 4045 vivus
1125 3998 1180 4043 et
1207 3989 1529 4045 immortalis
1586 3990 1911 4060 apparuisti,
1952 4000 2008 4048 et

426 4094 523 4153 per
543 4079 852 4134 dulcissima
880 4080 1151 4151 colloquia
1193 4090 1304 4151 tua,
1349 4097 1471 4151 qua:
1500 4096 1622 4136 cum
1670 4082 1751 4136 eis
1778 4098 1872 4153 per
1897 4083 2006 4136 dies

424 4171 777 4240 quadraginta
830 4182 948 4241 post
1018 4174 1471 4227 resurrectionem
1525 4181 1671 4226 tuam
1728 4173 2001 4237 habuisti;

424 4262 478 4324 in
518 4263 714 4333 quibus
750 4264 801 4315 in
833 4263 1009 4318 multis
1056 4265 1372 4334 argumentis
1415 4280 1668 4332 apparens
1706 4264 1803 4330 eis,
1844 4273 1891 4317 et
1924 4263 2003 4316 lo-

2114 1822 2520 1877 damnationem
2550 1828 2605 1876 et
2634 1820 2996 1877 damnationis
3046 1820 3404 1891 perditionem
3458 1820 3703 1884 trahunt,

2119 1923 2207 1968 tua
2227 1912 2526 1984 opitulante
2555 1911 2813 1976 bonitate,
2838 1910 3129 1982 aliquando
3154 1927 3349 1981 respuo
3374 1928 3390 1977 ;
3412 1920 3469 1979 et
3490 1923 3553 1965 ea
3582 1924 3703 1980 quae

2115 2002 2298 2057 divina
2331 2000 2570 2069 sapiunt,
2595 2008 2649 2054 et
2677 2000 2949 2054 infirmant
3000 2000 3235 2055 animant
3264 2011 3317 2054 et
3344 1998 3702 2069 peccatricem

2115 2093 2401 2150 sublevare
2458 2092 2657 2159 solent,
2707 2091 2964 2160 respicio,
3016 2105 3246 2149 veneror
3294 2100 3349 2145 et
3390 2090 3702 2159 amplector.

2114 2185 2222 2241 Sed
2273 2185 2375 2239 heu
2423 2183 2622 2239 infelici
2670 2184 2867 2238 anima:
2915 2198 3072 2245 mere.
3128 2182 3440 2238 dulcissime
3466 2190 3522 2237 ct
3556 2181 3707 2236 beni-

2112 2277 2378 2349 gnissime
2418 2275 2643 2330 Domine
2677 2276 2690 2328 ε
2720 2275 2825 2329 heu
2874 2283 3038 2328 tantae
3076 2274 3379 2344 perditioni
3433 2272 3703 2329 infelicetn

2112 2369 2350 2424 animant
2389 2377 2500 2422 tam
2558 2366 2796 2438 graviter
2844 2365 3085 2428 vexanti,
3117 2375 3172 2421 et
3234 2365 3336 2419 nisi
3389 2364 3703 2419 miserit-or-

2111 2460 2334 2517 dissima
2363 2457 2566 2529 pietate
2588 2465 2676 2511 tua
2724 2455 3079 2520 sustineatur,
3108 2456 3161 2509 in
3192 2463 3395 2525 puncto
3420 2454 3487 2507 ad
3528 2451 3700 2507 infero
3754 2482 3760 2489 ο

2112 2566 2241 2606 num
2286 2548 2632 2605 descendenti
2664 2548 2679 2601 l
2713 2547 2853 2602 Ecce
2890 2546 3037 2601 enim
3069 2546 3199 2599 dum
3248 2545 3431 2599 cordis
3478 2544 3583 2599 mei
3615 2558 3701 2600 se-

2111 2652 2321 2697 cretum
2371 2640 2656 2712 diligenter
2712 2638 2962 2708 inspicio,
3012 2636 3184 2707 ipsam
3236 2634 3531 2701 infelicem,
3580 2635 3698 2689 ani-

2112 2746 2257 2786 mam
2284 2745 2484 2797 meam,
2515 2743 2678 2799 quam
2720 2737 2847 2782 ante
2877 2726 3114 2782 divinam
3163 2725 3504 2796 maiestatem
3554 2733 3701 2779 tuam

2113 2821 2371 2878 mundam
2403 2830 2458 2875 et
2482 2817 2882 2873 immaculatam
2928 2824 3081 2871 stare
3122 2825 3461 2885 putaveram,
3493 2828 3703 2870 veneno

2112 2895 2335 2970 malitia}
2371 2919 2427 2967 et
2448 2910 2751 2981 iniquitatis
2777 2922 2884 2963 non
2921 2921 3113 2977 parum
3156 2905 3414 2961 infectam
3460 2905 3695 2962 invenio.

2117 3001 2326 3073 Smpius
2350 3015 2478 3055 vero
2498 3000 2623 3055 dum
2653 2998 2818 3053 etiam
2841 3013 3005 3052 causa
3032 2995 3261 3064 alicujus
3289 2995 3542 3052 utilitatis
3570 3012 3697 3052 cum

2115 3094 2296 3164 aliquo
2316 3092 2461 3163 loqui
2486 3091 2706 3162 incipio,
2728 3091 2935 3157 statim,
2952 3089 3037 3144 vel
3067 3097 3189 3158 post
3216 3103 3438 3157 parvam
3464 3102 3690 3152 moram,

2111 3183 2167 3239 in
2196 3182 2582 3238 detractionem
2607 3181 2849 3245 incurro,
2875 3179 2956 3235 vel
2987 3194 3085 3250 pro
3115 3178 3291 3249 aliqua
3327 3193 3385 3233 re
3415 3177 3695 3247 itnpudett-

2114 3284 2197 3330 ter
2215 3289 2515 3337 murmuro,
2537 3258 2618 3327 vel
2642 3272 2772 3327 vitio
2800 3271 3135 3325 curiositatis
3160 3271 3353 3340 ineptae
3373 3272 3693 3337 succumbo,

2113 3365 2199 3420 vel
2229 3364 2492 3420 tnalarum
2558 3364 2950 3433 cogitationum
3002 3362 3366 3432 turpitudines
3412 3370 3697 3431 motusque

2116 3458 2335 3525 illicitos
2364 3466 2419 3514 et
2448 3456 2748 3527 impudicos
2773 3456 2825 3510 itt
2857 3454 3365 3524 ipsis‘interioribus
3388 3454 3522 3510 meis
3536 3454 3698 3509 susti-

2111 3565 2235 3603 nco.
2266 3548 2463 3603 lterum
2516 3556 2678 3615 atque
2736 3547 2934 3601 iterum
2984 3546 3090 3602 heu
3141 3554 3305 3627 ιθηιφ
3362 3544 3695 3611 infelicitati,

2112 3648 2385 3708 tantmque
2444 3636 2769 3706 perditioni!
2820 3636 3039 3700 Fateor,
3097 3635 3413 3690 dulcissime
3468 3634 3695 3708 Jcsu,‘et

2106 3728 2353 3799 expando
2380 3743 2563 3783 coram
2625 3734 2675 3781 te
2722 3726 3037 3796 iniquitates
3089 3740 3260 3789 meas,
3333 3740 3469 3795 quas
3547 3725 3693 3781 intls

2106 3820 2306 3890 patitur
2333 3817 2525 3873 misera
2551 3816 2726 3870 anima
2753 3830 2894 3881 mea.
2931 3815 3073 3869 Dum
3120 3814 3265 3869 enim
3297 3829 3361 3869 ea
3388 3831 3508 3885 quae
3542 3825 3691 3871 retro

2106 3918 2233 3963 sunt
2256 3907 2581 3963 obiiviseens
2604 3907 2671 3960 ad
2701 3921 2763 3960 ea
2786 3922 2903 3974 qua:
2930 3914 3056 3959 ante
3108 3913 3234 3960 sunt
3282 3921 3369 3960 me
3398 3906 3691 3962 extendere

2107 3998 2249 4064 volo,
2278 4006 2441 4066 atque
2466 3996 2518 4050 in
2556 3995 2642 4050 his
2666 3994 2994 4050 dulcissimis
3022 3994 3512 4063 recordationibus,
3555 4011 3691 4066 quas

2106 4089 2355 4159 superius
2381 4095 2835 4163 commemoratus
2865 4100 3007 4151 sum,
3036 4085 3239 4140 diutius
3266 4086 3310 4140 si
3342 4100 3556 4155 possem
3589 4086 3684 4157 lat.

2105 4177 2348 4250 possunt]
2375 4177 2631 4232 delectari
2657 4178 2838 4248 cupio,
2869 4186 3034 4247 atque
3079 4192 3271 4232 omnes
3319 4179 3687 4247 cogitationes

2104 4286 2253 4326 meas
2296 4269 2449 4338 quasi
2479 4268 2531 4322 in
2564 4267 2882 4323 fasciculum
2912 4268 3196 4338 colligens,
3230 4269 3375 4323 omni
3404 4270 3685 4340 perturba-

422 4370 582 4423 φαίης
613 4353 678 4406 de
704 4371 857 4423 regno
918 4354 1034 4420 Dei,
1092 4369 1293 4423 eosque
1333 4352 1716 4409 confortanset
1752 4355 1999 4411 refoveas
2029 4388 2077 4447 Β
2106 4363 2249 4417 tione
2310 4360 2475 4414 animi
2532 4370 2761 4422 remota,
2815 4362 3094 4416 adluercre
3144 4360 3255 4414 Deo
3310 4360 3688 4430 perseveranti

422 4453 469 4499 et
507 4458 627 4497 cum
655 4444 732 4496 eis
756 4444 951 4512 sepius
1000 4460 1302 4498 convescens
1351 4445 1488 4513 (Act.
1518 4460 1559 4511 t,
1588 4444 1665 4515 3),
1698 4448 1999 4515 przcmissis

416 4520 842 4587 evidentissimis
872 4535 1038 4605 signis
1064 4544 1115 4589 et
1146 4537 1375 4591 veritate
1418 4546 1523 4590 tua:
1576 4538 1775 4604 carnis,
1816 4540 1867 4591 in
1896 4555 2001 4604 qua

426 4634 653 4678 mortem
702 4639 890 4693 passus
952 4640 1031 4690 es,
1079 4625 1331 4680 auferens
1383 4627 1452 4681 ab
1512 4642 1697 4681 eorum
1750 4630 2004 4685 cordibus

424 4729 636 4771 omnem
693 4716 1106 4780 dubitationem,
1133 4718 1197 4769 ad
1232 4718 1388 4771 ﬁdem
1414 4728 1468 4772 et
1494 4720 1869 4774 credulitatem
1902 4730 2003 4776 tua:

428 4805 842 4860 resurrectionis
896 4805 1159 4861 solidasti.
1217 4808 1473 4865 Miserere
1524 4810 1649 4873 mei,
1693 4811 2003 4866 dulcissime

426 4894 651 4949 Domine
678 4895 825 4960 Jesn,
859 4912 954 4969 per
994 4898 1365 4953 admirabilem
1419 4901 1783 4955 ascensionem
1834 4914 2005 4968 tuam,

425 5001 530 5057 qua
561 4986 835 5055 discipulis
886 4988 989 5041 tuis
1012 4997 1066 5041 et
1096 4998 1267 5042 matre
1319 5001 1405 5043 tua
1442 4991 1654 5061 Vitgine
1700 4991 2008 5060 a‘pitienti;

429 5077 545 5143 ints,
578 5078 744 5134 cwlos
765 5088 975 5148 petens,
1002 5079 1291 5134 humanam
1338 5093 1606 5145 naturam,
1640 5098 1799 5151 quam
1847 5085 2006 5139 mise-

427 5166 709 5221 ricorditer
763 5182 861 5237 pro
903 5172 1276 5238 peccatoribus
1328 5186 1670 5238 susceperas.
1699 5183 1751 5227 ct
1805 5174 1856 5226 in
1899 5190 2002 5242 qua

428 5265 653 5315 mortem
695 5273 883 5326 passus
933 5271 1157 5314 mortem
1207 5262 1571 5325 destruxeras,
1621 5261 1685 5314 ad
1725 5264 2002 5319 dexteram

428 5342 601 5399 Patris
631 5347 927 5403 collocasti.
960 5351 1214 5405 Miserere
1268 5352 1393 5415 mei,
1438 5352 1746 5409 dulcissime
1776 5355 2002 5411 Domine

425 5432 571 5499 Jesu,
608 5453 703 5504 per
736 5439 1020 5494 adventum
1047 5442 1216 5496 sancti
1245 5442 1497 5511 Spiritus,
1528 5460 1685 5513 quem
1710 5445 1846 5499 sicut
1874 5462 1999 5515 pro-

428 5526 650 5581 miseras
689 5529 961 5599 discipnlis
994 5534 1097 5585 tuis
1138 5535 1223 5589 die
1252 5535 1594 5591 Pentecostes
1626 5537 1817 5591 misisti
1849 5555 1862 5593 :
1890 5553 1995 5607 quo

431 5614 1196 5688 impleti/ctvehementissime
1241 5627 1546 5695 conforluti,
1603 5631 1746 5685 omni
1805 5632 1993 5686 timore

2106 4453 2507 4509 continuatione
2559 4453 2822 4517 desidero,
2858 4453 3034 4506 subito
3089 4455 3271 4508 nescio
3309 4468 3415 4523 qua
3467 4452 3686 4507 miseria

2110 4559 2197 4597 me
2219 4543 2383 4596 relabi
2410 4544 2475 4597 ad
2513 4542 2692 4596 inania
2723 4551 2777 4595 et
2804 4542 2961 4595 noxia
3000 4544 3275 4611 conSpieio
3310 4553 3401 4598 :et
3435 4555 3693 4612 tanquam

2111 4653 2256 4693 mors
2286 4637 2461 4691 subito
2490 4636 2581 4709 [aL
2618 4636 2817 4711 subita]
2845 4638 3198 4705 interticiens,
3220 4640 3303 4693 vel
3330 4639 3684 4708 quemadmo-

2110 4731 2233 4784 dum
2288 4730 2439 4793 canis
2492 4729 2733 4792 rabidus,
2765 4730 2854 4797 qui
2907 4745 3005 4784 nec
3052 4732 3396 4798 percussione
3443 4728 3697 4797 repulsus.

2111 4838 2139 4876 a
2172 4822 2497 4875 laceratione
2524 4821 2755 4875 hominis
2786 4835 2845 4873 se
2886 4830 3166 4889 temperat,
3193 4821 3426 4875 carnalis
3450 4821 3686 4876 deiecta-

2112 4914 2183 4967 tio
2211 4926 2423 4965 omnem
2455 4910 2894 4979 tranquillitatem
2932 4912 3121 4975 animi,
3164 4928 3486 4982 omnemque
3528 4916 3687 4975 recti.

2109 5004 2346 5058 tudinem
2367 5002 2612 5070 justitim,
2642 5018 2802 5071 quam
2833 5018 2917 5057 me
2944 5005 3232 5057 credebant
3291 5005 3511 5067 habere,
3566 5021 3687 5073 per-

2108 5093 2285 5147 turbat
2314 5108 2376 5146 ae
2401 5092 2654 5146 destruit.
2684 5092 2749 5146 Et
2778 5092 2867 5161 qui
2901 5095 3152 5160 putabam
3192 5111 3275 5150 me
3304 5104 3450 5151 stare
3478 5097 3527 5149 in
3562 5111 3687 5154 arce

2107 5164 2368 5234 virtutum
2395 5195 2491 5249 pro
2513 5180 2661 5234 suavi
2696 5182 2859 5235 odore
2882 5196 3093 5245 earum,
3146 5184 3319 5238 sentio
3376 5184 3686 5239 intolerabi~

2105 5272 2205 5327 lem
2230 5288 2292 5326 ac
2316 5274 2648 5328 teterrimum
2672 5275 2896 5327 fetorem
2929 5277 3202 5329 vitiorum.

2176 5362 2310 5428 Quid
2365 5380 2495 5431 ergo
2562 5364 2789 5429 faciant,
2870 5367 3179 5420 dulcissime
3248 5367 3467 5421 Domine
3531 5366 3679 5431 lcstt,

2102 5463 2312 5508 amator
2377 5455 2653 5509 hominum
2712 5466 2766 5509 et
2817 5467 3048 5521 creator,
3105 5458 3423 5513 reformator
3470 5471 3521 5512 et
3574 5458 3680 5510 lle-

2098 5544 2344 5615 demptor
2408 5548 2798 5616 peccatorum?
2850 5548 2966 5613 Quo
3022 5565 3103 5603 me
3158 5560 3472 5604 convertam
3518 5550 3679 5603 tantis

2099 5636 2459 5692 circunnlatus
2537 5637 2710 5695 malis.
2775 5640 2935 5692 tantis
2998 5639 3261 5693 inmiulus
3327 5641 3684 5709 pessiumrnnt
