4200 6186
485 272 584 335 tot
829 273 888 330 s.
929 273 1223 331 ANSELMI
1264 270 1613 328 caurum.
1656 256 1971 328 AttClllEP.
2012 271 2075 328 Ol

2208 271 2384 328 PARS
2411 271 2472 326 ll.
2503 299 2571 309 —
2608 268 2977 324 PADAENET.
3012 269 3099 323 ET
3129 270 3376 326 ASCET.
3636 274 3744 331 892

486 362 905 444 delectationem
960 388 1193 442 tenebris
1219 387 1244 439 γ
1296 385 1491 452 Infelix
1551 404 1643 457 ego
1702 389 1895 451 homo,
1948 388 2061 457 quis
2094 394 2139 442 Α
2167 386 2233 441 tis
2262 395 2365 441 tua:
2393 386 2447 440 iu
2489 395 2670 447 me,ct
2710 385 2832 439 tolle
2860 385 2925 437 de
2968 385 3337 469 mequidquid
3365 385 3744 441 oﬂ'cnditocu-

489 494 571 533 me
618 478 857 533 liberabit
910 478 973 531 de
1011 494 1227 546 corpore
1261 478 1445 531 mortis
1481 477 1661 547 hujus.
1702 478 1835 545 Quis
1858 486 2061 540 autem,

490 568 595 623 nisi
617 568 785 639 gratia
819 566 1031 625 Domini
1064 567 1165 621 mei
1194 566 1318 621 Jesn
1339 566 1584 621 Christi?
1608 566 1787 637 (Rem.
1818 582 1909 630 vn,
1938 564 2058 629 21.)

492 657 747 713 Miserere
772 670 921 726 ergo,
951 656 1264 712 dulcissime
1314 656 1543 711 Domine
1592 656 1738 721 Iesu,
1782 656 2063 710 'miserere

491 754 760 804 creatura:
784 760 908 816 ωε,
929 750 1191 805 miserere
1216 748 1535 819 peccatricis
1560 748 1756 803 anima:
1784 762 1936 819 meas.
1970 747 2067 802 ln-

490 837 662 905 tende,
677 837 993 895 dulcissime
1014 839 1240 893 Domine
1261 838 1412 901 Jesu,
1441 837 1649 890 intende
1672 838 1905 892 miseria:
1926 838 2064 907 ejus,

491 936 537 981 et
567 926 734 980 libera
760 944 877 983 eam
899 945 919 994 ;
946 940 1155 998 propter
1172 927 1409 993 inimicos
1426 918 1558 998 "ejus
1578 928 1718 996 eripe
1744 942 1863 983 eam
1888 926 2062 998 (Psal.

462 1092 465 1095 _
503 1033 693 1083 uvnt,
721 1019 830 1089 19).
864 1018 1115 1072 litamina
1166 1017 1344 1073 oculos
1366 1018 1506 1088 ejus,
1534 1036 1597 1073 ne
1620 1036 1848 1089 unquam
1871 1020 2068 1073 obdor-

492 1107 627 1163 miat
650 1109 704 1161 in
738 1118 923 1172 morte,
947 1124 1010 1161 ne
1056 1110 1266 1177 quando
1296 1110 1439 1163 dicat
1470 1110 1716 1164 inimicus
1764 1109 1915 1179 ejus:
1951 1106 2069 1163 I’ra:

403 1220 431 1243 ι»
491 1197 635 1251 valui
682 1198 929 1252 adversus
967 1197 1289 1270 cam(1’sal.
1323 1217 1423 1268 xu,
1449 1201 1524 1271 1).
1556 1202 1773 1265 Judica,
1828 1200 2064 1265 Domine,

488 1287 739 1341 nocentes
793 1302 936 1353 eam,
985 1305 1227 1359 expugna
1275 1290 1636 1361 impugnante:
1684 1305 1823 1343 eam.
1870 1288 2069 1356 Appro-

489 1377 654 1433 Itende
679 1396 828 1433 anna
864 1390 911 1434 et
944 1390 1171 1445 scutum,
1203 1392 1249 1435 et
1275 1396 1468 1449 exurge
1503 1382 1555 1433 in
1596 1366 1917 1448 attjutoriun.
1951 1379 2067 1448 ejus

490 1466 667 1538 (Psal.
712 1486 865 1536 χχχι,
914 1471 988 1542 1).
1043 1470 1233 1534 Credo,
1285 1470 1594 1526 dulcissime
1651 1462 1874 1529 Domine
1916 1472 2066 1539 Jesu,

491 1561 659 1615 credo
686 1562 942 1631 quoniam
964 1561 1007 1616 si
1046 1576 1194 1615 arma
1230 1572 1319 1615 tua
1344 1562 1411 1615 ad
1440 1560 1805 1617 defensionem
1835 1563 1952 1633 ejus
1983 1580 2070 1619 ar-

494 1651 684 1721 ripias,
730 1663 780 1708 et
827 1664 971 1709 scuta
1014 1654 1159 1708 bona:
1216 1653 1494 1708 voluntatis
1544 1665 1647 1710 tua:
1688 1653 1859 1727 (Psal.
1894 1672 1947 1721 v,
1979 1648 2094 1728 l3)

2169 477 2252 536 los
2276 477 2493 547 pietatis
2521 485 2625 530 tua:
2656 477 2708 529 in
2739 490 2842 530 me.
2877 474 3070 530 Coram
3100 486 3171 540 te,
3211 475 3456 541 Domine,
3489 484 3573 529 est
3599 479 3743 531 sani-

2171 578 2251 623 tas
2279 578 2333 624 et
2362 568 2648 622 inﬁrmitas
2693 583 2830 621 mea.
2876 566 3052 631 Illum,
3105 581 3317 636 precor,
3365 582 3541 630 serva,
3583 566 3743 622 istam

2168 673 2319 713 sana.
2355 657 2500 713 Sana
2530 672 2632 721 me,
2665 656 2901 723 Domine,
2928 668 2975 710 et
2998 656 3255 722 sanabor;
3280 657 3481 711 salvum
3517 674 3599 711 me
3635 658 3739 725 fac,

2166 760 2215 804 et
2244 749 2416 804 salvus
2448 765 2535 802 ero
2572 747 2708 817 (Jer.
2743 765 2875 814 xvn,
2915 749 3037 819 i4);
3075 757 3126 804 tu
3166 748 3257 818 qui
3306 747 3521 803 inﬁrma
3559 764 3744 817 sanas,

2166 848 2221 895 ct
2249 850 2435 895 sanata
2460 844 2767 902 conservas,
2797 849 2850 892 tu
2895 840 2986 909 qui
3034 839 3153 894 solo
3179 847 3309 893 nutu
3349 848 3441 891 tuo
3470 848 3745 901 restauras

2167 933 2342 988 diruta
2386 940 2443 985 et
2486 929 2740 999 collapsa.
2791 930 2849 985 Si
2902 931 3047 985 enim
3102 930 3338 1000 dignaris
3383 930 3435 983 in
3481 944 3613 999 agro
3654 938 3744 985 tuo

2167 1022 2329 1078 corde
2381 1032 2500 1074 meo
2552 1033 2737 1074 serere
2780 1019 2981 1074 bonum
3036 1034 3242 1083 semen,
3284 1031 3505 1073 necesse
3554 1025 3635 1071 est
3683 1023 3747 1072 ut

2168 1129 2333 1168 manu
2379 1113 2596 1184 pietatis
2654 1110 2987 1180 tumspinas
3032 1102 3209 1179 prius
3244 1108 3441 1164 evellas
3490 1108 3743 1179 vitiorum

2170 1220 2432 1260 meorum.

2240 1295 2579 1361 Dulcissime,
2607 1292 3014 1360 benignissime,
3064 1290 3454 1355 amantissime,
3486 1290 3745 1344 charissi-

2170 1401 2286 1451 me,
2343 1372 2830 1453 desideratissime,
2885 1381 3301 1449 amabilissime,
3354 1380 3745 1449 pulcherrime,

2170 1476 2411 1541 infunde,
2465 1476 2711 1540 obsecro,
2758 1472 3155 1528 multitudinem
3196 1471 3493 1527 dulcedinis
3540 1480 3644 1525 tua:
3692 1480 3747 1525 et

2169 1569 2453 1624 charitatis
2485 1578 2587 1623 tua:
2612 1567 2819 1638 pectori
2854 1581 3007 1630 meo,
3035 1574 3095 1619 ut
3123 1564 3257 1619 nihil
3282 1572 3579 1628 terrenum,
3612 1562 3747 1616 nihil

2173 1657 2389 1711 carnale
2415 1658 2706 1712 desiderem
2734 1656 2817 1710 vel
2861 1656 3113 1725 cogitem,
3143 1653 3235 1709 sed
3262 1661 3314 1706 te
3339 1651 3511 1707 solum
3541 1665 3745 1715 amem,

496 1741 736 1796 animam
759 1756 917 1810 quam
945 1742 1137 1797 creasti
1179 1742 1459 1802 defendas.
1492 1745 1617 1813 quia
1658 1745 1833 1801 nullus
1871 1747 2063 1810 hostis,
2099 1743 2141 1797 D
2170 1757 2221 1803 te
2248 1747 2420 1804 solum
2446 1746 2673 1803 habeam
2703 1749 2756 1801 in
2782 1747 2945 1802 corde
2977 1755 3033 1801 et
3067 1746 3118 1799 in
3146 1759 3241 1799 ore
3275 1752 3414 1800 meo.
3447 1744 3637 1797 Scribe
3663 1742 3746 1796 dio

496 1823 695 1878 iutilius
735 1826 911 1895 jaculn
974 1827 1199 1890 inmtici,
1250 1829 1351 1883 etsi
1424 1828 1557 1886 foris
1609 1841 1935 1901 expugnent,
1987 1833 2075 1887 rei

488 1913 653 1968 etiam
676 1913 825 1969 intus
844 1916 1037 1972 saevire
1062 1920 1410 1986 tentaverint,
1441 1920 1678 1975 animam
1701 1938 1861 1992 quam
1886 1922 2072 1977 defen-

404 2064 407 2067 .
488 2008 575 2063 dis
617 2007 726 2063 ullo
795 2008 956 2064 modo
1019 2020 1269 2080 poterunt
1330 1996 1609 2083 superare.
1672 2014 1991 2071 Dulcissime
2018 2026 2076 2072 et

490 2099 1001 2181 misericordissime
1049 2103 1273 2158 Domine
1332 2103 1477 2167 Jesu,
1527 2120 1660 2161 Sana
1723 2121 1841 2161 eam
1888 2110 2073 2165 multis

491 2190 651 2245 malis
670 2190 939 2257 obrutam,
968 2194 1149 2249 multis
1178 2195 1556 2264 iniquitatibus
1578 2207 1912 2267 superatam,
1941 2201 2074 2253 mul-

496 2283 567 2337 tis
596 2282 923 2339 facinoribus
972 2286 1317 2339 maculatam.
1366 2288 1593 2359 Adjntor
1636 2304 1954 2358 pauperum,
1980 2291 2073 2345 de-

446 2376 449 2377 '
491 2368 681 2425 fensor
710 2370 1055 2440 pupiliorum,
1108 2388 1242 2428 sana
1287 2386 1351 2435 et,
1390 2374 1585 2444 adjuva
1617 2392 1738 2433 eam
1771 2394 1801 2431 a
1844 2386 1895 2433 te
1918 2394 2075 2433 crea-

412 2494 417 2501 ο
485 2466 626 2527 tam,
675 2477 705 2516 a
735 2471 786 2516 te
833 2462 1183 2533 redemptam,
1218 2480 1315 2535 per
1366 2476 1419 2523 te
1468 2469 1805 2524 mandatam.
1858 2469 2074 2525 Sustine

483 2560 745 2608 conatum
773 2554 911 2624 ejus,
937 2555 1182 2610 contorta
1215 2558 1538 2614 desiderium
1568 2560 1706 2628 ejus,
1744 2574 1799 2617 et
1828 2560 2075 2619 concede

490 2644 542 2700 ei
583 2643 687 2699 hoc
716 2645 949 2713 spatium
986 2648 1132 2713 vitae,
1170 2650 1222 2702 in
1257 2665 1364 2719 quo
1389 2652 1446 2705 in
1480 2652 1581 2706 hoc
1613 2654 1812 2708 mundo
1854 2669 2077 2709 conver-

492 2733 659 2787 sanda
705 2742 807 2800 est,
849 2734 927 2790 sic
973 2746 1309 2805 percurrere,
1357 2748 1413 2793 et
1470 2750 1729 2797 cunctas.
1766 2743 2078 2813 iniquitates

492 2837 619 2898 suas
649 2823 1095 2894 perinetiabilem
1131 2829 1558 2884 misericordiam
1601 2840 1745 2885 tuam
1782 2833 1863 2893 sic
1892 2848 2077 2889 emen-

493 2914 642 2982 dare,
675 2924 728 2970 et
758 2931 856 2987 per
908 2932 1093 2972 veram
1138 2921 1513 2989 paenitentiam
1552 2933 1608 2977 et
1639 2938 1821 2977 veram
1867 2924 2078 2979 confess
2120 2938 2125 2941 '

492 3004 697 3061 sionem
728 3018 979 3078 purgare,
1010 3011 1302 3083 corrigere,
1329 3012 1589 3067 mundare
1641 3021 1696 3069 et
1744 3016 2070 3086 abstergere,

490 3102 577 3161 ut,
612 3104 704 3152 tua
734 3097 994 3169 largiente
1024 3100 1487 3173 indulgentissime
1541 3104 1763 3173 pietate,
1813 3106 1881 3159 ab
1925 3107 2069 3159 omni

476 3176 614 3242 labe
633 3186 885 3245 vitiorum
909 3196 1155 3263 purgata,
1178 3193 1459 3259 mundata,
1476 3182 1721 3250 correcta
1751 3204 1804 3250 et
1826 3196 2073 3265 abstersa

493 3287 617 3363 post
644 3290 875 3337 mortem
922 3286 1125 3347 carnis,
1158 3287 1226 3340 ad
1255 3296 1308 3340 te
1344 3286 1716 3342 dulcissimum
1764 3285 2077 3341 Creatorem

490 3366 677 3433 etiam,
702 3371 1003 3440 piissimum
1047 3374 1333 3429 Dominum
1353 3390 1521 3430 .suum
1562 3376 1846 3445 pervenire
1876 3374 2073 3443 valeat,

496 3466 757 3529 tuamque
794 3460 1219 3519 inenarrabilem
1248 3465 1471 3535 gloriam
1505 3482 1627 3521 cum
1669 3466 2074 3522 omnibusean-

490 3549 600 3604 etis
643 3551 748 3605 tuis
772 3551 831 3607 in
876 3563 1077 3610 atema
1123 3555 1383 3612 felicitate
1412 3557 1689 3627 possidere
1739 3572 1839 3627 per
1872 3566 2072 3611 :eterna

491 3637 713 3692 arcula.
740 3638 937 3692 Amen.
1078 3680 1081 3683 μ

491 3638 713 3745 secula.
740 3638 937 3745 Amen:

915 3730 1076 3801 257
1103 3732 1357 3788 ORATIO
1384 3733 1499 3789 xw
1529 3734 1637 3790 ηιο,

1095 3838 1163 3876 ΔΙ)
1190 3839 1475 3881 CHRISTI)“.

497 3926 607 3980 Pro
637 3930 809 3998 gratia
841 3929 1198 4000 lacrymarunt
1220 3934 1500 4053 gbtiuenda
1530 3952 1593 3988 ea:
1630 3949 1957 4005 peccatorum
1995 3957 2074 3995 re-

1130 4017 1219 4053 :or
1254 4013 1447 4053 aliane.
1543 4013 1550 4021 '

1130 4013 1447 4055 εονααιιοηυ.
1543 4013 1550 4021 ”

568 4087 786 4143 Christe
831 4089 1074 4155 Domine,
1125 4089 1359 4146 Verbum
1401 4092 1598 4161 l’atris,
1645 4097 1735 4165 qui
1783 4098 1973 4153 venisti
2018 4100 2071 4155 in

497 4176 644 4231 hunc
681 4178 939 4234 mundum
971 4190 1282 4249 peccatores
1312 4183 1486 4240 salvos
1516 4185 1711 4251 facere,
1739 4202 1868 4257 rogo
1898 4197 1951 4244 te
1978 4205 2074 4259 per

498 4268 961 4339 intlirlgentissima
1007 4270 1387 4329 misericordia:
1430 4285 1531 4331 tua!
1568 4277 1799 4345 viscera,
1846 4283 2070 4337 emenda

2171 1840 2280 1908 gito
2308 1847 2398 1895 tuo
2437 1839 2489 1892 in
2516 1846 2732 1908 pectore
2772 1851 2893 1891 meo
2915 1836 3123 1891 dulcem
3154 1835 3468 1889 memoriam
3502 1834 3575 1887 tui
3616 1832 3747 1886 mel-

2172 1928 2297 1983 liflui
2350 1929 2607 1992 nominis,
2656 1928 2800 1982 nulla
2846 1932 3086 1997 unquant
3122 1924 3389 1980 oblivione
3440 1924 3748 1978 delendam.

2175 2021 2363 2075 Scribe
2384 2021 2449 2077 .in
2482 2019 2677 2075 tabulis
2723 2019 2905 2074 cordis
2946 2018 3050 2072 mei
3097 2016 3427 2070 voluntatem
3477 2024 3643 2078 tuam,
3690 2023 3750 2068 et

2171 2110 2583 2180 iustiﬁcationes
2615 2119 2754 2173 tuas,
2778 2118 2836 2163 ut
2868 2117 2919 2163 te
2949 2109 3224 2161 immensa:
3244 2105 3542 2161 dulcedinis
3568 2105 3721 2159 Domi

2174 2220 2326 2267 num,
2358 2211 2414 2258 et
2436 2212 2705 2272 prmcepta
2728 2211 2819 2255 tua
2842 2214 3057 2271 semper
3077 2208 3132 2253 ct
3153 2199 3353 2267 ubique
3383 2198 3612 2251 habeam
3638 2210 3749 2265 prae

2172 2293 2343 2349 oculis
2384 2295 2538 2347 meis.
2586 2291 2863 2347 Succende
2904 2280 3339 2344 mentemmeam
3368 2282 3492 2356 igne
3529 2287 3622 2341 illo
3659 2294 3751 2340 tuo

2172 2396 2333 2451 quem
2364 2381 2557 2435 misisti
2587 2381 2639 2434 in
2682 2391 2903 2444 terram,
2951 2389 3006 2433 et
3031 2377 3248 2432 voluisti
3283 2378 3625 2445 vehementer
3654 2391 3752 2429 ac-

2174 2473 2352 2538 cendi,
2386 2481 2443 2525 ut
2473 2471 2797 2526 sacriﬁcium
2830 2470 3053 2539 spiritus
3089 2466 3457 2533 coutribnlati,
3488 2476 3543 2519 et
3571 2466 3752 2519 ceu-dis

2173 2564 2391 2618 contriti
2426 2561 2596 2633 (I’sal.
2646 2547 2700 2627 ιζ,
2732 2558 2842 2633 Μ,
2879 2558 3086 2616 obortis
3125 2559 3379 2629 lactyntis
3406 2557 3641 2628 quotidie
3667 2556 3730 2611 of

2175 2652 2346 2708 feram
2372 2654 2491 2709 tibi.
2746 2650 2775 2673 ”
3166 2666 3171 2669 ‘

2247 2742 2429 2798 Dulcis
2471 2742 2704 2808 Christe,
2754 2740 2893 2796 bone
2938 2740 3087 2807 Jesu,
3132 2738 3274 2794 sicut
3310 2738 3576 2801 desidero,
3610 2734 3752 2791 sicut

2178 2843 2286 2891 tota
2316 2842 2496 2889 mente
2544 2847 2663 2888 mea
2703 2839 2846 2902 peto,
2893 2830 2961 2885 da
3006 2831 3137 2885 mihi
3168 2840 3407 2884 amorem
3435 2837 3585 2882 tuum
3626 2842 3753 2882 san-

2175 2937 2320 2982 ctum
2352 2933 2407 2980 et
2451 2933 2681 2989 castum,
2716 2923 2810 2993 qui
2839 2938 2927 2978 me
2966 2914 3199 2993 repleat,
3222 2906 3423 2986 teneat,
3473 2929 3752 2988 totumque

2175 3016 2468 3087 possideat.
2505 3014 2570 3068 Et
2598 3016 2662 3069 da
2713 3013 2844 3067 mihi
2871 3014 3111 3068 evidens
3161 3011 3371 3078 signum
3402 2997 3615 3063 amoris.
3646 3009 3748 3075 tui,

2179 3097 2829 3175 irriguumllacrymarum
2859 3099 3062 3155 fontem
3099 3099 3302 3180 jugiter
3330 3106 3659 3162 manantem,
3687 3105 3775 3150 ut.

2175 3198 2305 3267 ipsa:
2335 3210 2547 3265 quoque
2573 3193 2823 3264 lacrymte
2851 3193 2924 3246 tui
2961 3192 3015 3245 in
3061 3206 3147 3248 me
3174 3200 3441 3246 testentur
3482 3201 3744 3261 amorem,

2177 3288 2306 3355 ipsa}
2334 3283 2581 3353 prodant,
2613 3282 2741 3350 ipsa:
2767 3280 3052 3348 loquantur
3074 3288 3333 3348 quantum
3365 3286 3416 3332 te
3444 3278 3613 3347 diligit
3647 3278 3744 3319 ‘3“

2125 3410 2139 3423 .
2174 3374 2354 3429 anima
2400 3387 2539 3437 mea,
2590 3372 2715 3426 dum
2762 3384 2874 3437 prae
2902 3368 3066 3422 nimia
3114 3368 3397 3423 dulcedine
3435 3368 3639 3437 amoris
3666 3368 3743 3433 tui

2176 3463 2363 3533 nequit
2389 3478 2447 3517 se
2476 3478 2507 3518 a
2531 3459 2787 3532 lacrymis
2810 3460 3109 3514 continere.
3137 3457 3493 3522 Reminiscor,
3521 3458 3608 3527 pie
3637 3457 3746 3511 Do-

2175 3552 2338 3623 mine,
2379 3551 2524 3605 illius
2562 3550 2716 3605 bona:
2759 3548 3000 3603 mulieris
3027 3548 3213 3613 Annae,
3248 3563 3368 3618 quae
3394 3549 3461 3603 ad
3491 3548 3744 3602 taberna-

2173 3642 2352 3697 culum
2391 3652 2640 3712 rogatura
2694 3654 2792 3709 pro
2824 3638 2933 3694 lilio
2978 3641 3148 3704 venit,
3195 3639 3263 3695 de
3309 3655 3414 3709 qua
3460 3638 3742 3708 Scriptura

2173 3734 2340 3789 refert
2364 3734 2507 3803 quod
2539 3732 2714 3787 vultus
2740 3732 2857 3801 ejus
2886 3741 3005 3801 post
3031 3733 3298 3803 lacrymas
3335 3740 3391 3786 et
3418 3746 3604 3809 preces
3632 3727 3742 3786 non

2172 3836 2299 3882 sunt
2341 3826 2573 3896 amplius
2617 3826 2671 3880 in
2699 3825 2909 3879 diversa
2954 3825 3140 3878 mutati
3176 3823 3229 3895 (1
3258 3822 3386 3902 ﬁeg.
3418 3839 3457 3889 ι,
3492 3824 3604 3893 18).
3633 3823 3744 3879 Sed

2174 3931 2383 3970 memor
2424 3924 2585 3969 tanta:
2632 3915 2845 3968 virtutis
2877 3904 3145 3983 mutatque
3181 3912 3515 3991 constantiae,
3561 3911 3748 3967 dolore

2176 4016 2453 4077 torqueor,
2496 4015 2549 4059 et
2586 4005 2906 4060 verecundia
2932 4003 3266 4065 confundor;
3304 4003 3428 4074 quia
3476 4018 3561 4057 me
3587 4002 3749 4057 misec

2176 4100 2294 4150 rum
2325 4094 2487 4150 nimis
2514 4100 2764 4150 deorsum
2780 4091 2961 4163 jacere
2984 4095 3213 4148 intueor.
3240 4094 3296 4148 Si
3319 4094 3461 4148 enim
3485 4092 3555 4147 ita
3578 4092 3749 4160 ﬂevit,

2174 4199 2227 4244 ct
2250 4188 2306 4246 in
2334 4194 2474 4241 stetu
2497 4185 2857 4256 perseveravit
2881 4183 3087 4247 mulier,
3116 4200 3234 4253 quae
3258 4184 3533 4252 quaerebat
3553 4184 3747 4253 lilium,

2174 4277 2444 4349 quomodo
2482 4276 2754 4347 plangere,
2802 4284 2855 4330 et
2904 4276 2956 4329 in
3005 4275 3221 4345 planctu
3274 4275 3563 4343 persistere
3592 4276 3753 4330 debet

498 4356 663 4451 vitam
713 4372 910 4451 meam,
940 4359 1161 4451 meliora
1205 4371 1379 4431 actus,
1422 4379 1681 4435 compone
1711 4384 1908 4434 mores,
1939 4372 2072 4434 tolle
2105 4394 2149 4451 ί)
2177 4370 2353 4424 anima
2387 4383 2529 4433 mea,
2559 4383 2677 4437 qua:
2711 4366 2897 4435 qumrit
2945 4374 2999 4421 et
3026 4373 3171 4419 amat
3219 4364 3405 4431 Deum,
3451 4374 3505 4421 et
3521 4366 3597 4421 'ad
3629 4381 3752 4421 eum

500 4445 569 4499 de
605 4459 690 4499 me
714 4446 855 4514 quod
897 4446 1026 4501 mihi
1055 4458 1213 4503 nocet
1230 4460 1283 4503 et
1313 4451 1405 4506 tibi
1453 4453 1713 4523 displicet,
1757 4466 1812 4510 et
1835 4456 1900 4511 da
1930 4462 2071 4528 quod

500 4538 641 4593 nosti
672 4538 765 4593 tibi
789 4538 1002 4608 placere
1020 4548 1077 4595 et
1101 4542 1231 4597 mihi
1254 4544 1526 4611 prodesse.
1563 4545 1691 4611 Quis
1713 4558 1875 4617 potest
1900 4550 2072 4619 facere

499 4627 751 4681 mundum
784 4629 849 4682 de
874 4628 1144 4685 immundo
1180 4642 1475 4702 conceptum
1501 4636 1714 4699 semine,
1756 4637 1857 4692 nisi
1888 4650 1942 4693 tu
1982 4660 2070 4696 so-

498 4704 623 4773 lus?
648 4718 771 4791 (Job
811 4732 926 4801 ~x-tv,
957 4721 1039 4789 4.)
1084 4722 1163 4778 Tu
1206 4738 1266 4780 es
1298 4721 1438 4777 Deus
1476 4726 1811 4793 omnipotens
1851 4729 2073 4787 infinita:

497 4809 735 4903 pietatis,
764 4812 858 4881 qui
894 4810 1164 4881 justifieas
1210 4816 1423 4887 impios,
1465 4824 1520 4872 et
1553 4818 1789 4879 vivilicas
1835 4832 2075 4880 mortuos

494 4915 722 4976 propter
776 4918 1075 4975 peccatum,
1111 4912 1217 4982 'qui
1267 4925 1444 4969 mutas
1496 4924 1827 4985 peccatores,
1874 4924 1929 4970 et
1970 4930 2075 4969 non

499 5006 645 5052 sunt.
678 4998 825 5053 Tolle
854 4998 982 5067 ergo
1005 5004 1069 5058 de
1096 5019 1181 5059 me
1206 5005 1465 5076 quidquid
1498 5007 1591 5061 tibi
1623 5007 1867 5076 displicet
1888 5007 1941 5061 in
1967 5022 2074 5061 me.

490 5087 816 5155 Imperiecta
888 5089 1031 5144 enim
1122 5109 1242 5149 mea
1292 5094 1560 5164 plurima
1659 5097 1842 5151 vident
1934 5096 2075 5150 oculi

492 5180 576 5237 tui
613 5179 787 5251 (Psal.
809 5198 1067 5249 cxxvvm,
1100 5186 1207 5253 l6).
1240 5187 1409 5253 Mitte,
1438 5204 1639 5258 quaeso,
1668 5205 1880 5243 manum
1908 5188 2079 5260 pieta-

2180 4458 2463 4528 pcrvenire
2533 4456 2836 4511 desiderat?
2904 4455 3180 4522 Quomodo
3226 4470 3441 4525 gemere
3493 4470 3558 4510 ac
3622 4456 3755 4528 ﬁeri;

2181 4547 2339 4601 debet
2386 4545 2507 4600 talis
2531 4544 2729 4608 anima,
2777 4559 2895 4612 quae
2921 4544 3111 4613 quaerit
3147 4543 3313 4597 Deum
3353 4544 3439 4598 die
3468 4560 3532 4597 ac
3572 4556 3752 4615 nocte,

2178 4654 2299 4708 qum
2362 4649 2558 4709 praeter
2608 4630 2880 4693 Christum
2925 4635 3058 4688 nihil
3114 4634 3226 4688 vult
3278 4637 3502 4691 amare?
3559 4635 3753 4691 Mirum

2182 4731 2377 4800 quippe
2404 4738 2507 4796 est,
2551 4728 2596 4790 si
2635 4727 2746 4794 jam
2790 4742 2893 4780 non
2925 4726 3075 4779 factae
3103 4734 3227 4779 sunt
3268 4726 3317 4779 ei
3358 4725 3611 4795 lacryrnas“
3639 4724 3766 4779 sua!

2179 4840 2338 4893 panes
2378 4823 2460 4875 die
2497 4836 2559 4873 ac
2598 4829 2744 4872 nocte
2792 4815 2964 4887 (Psal.
2996 4832 3103 4881 xu,
3150 4816 3226 4885 1).
3287 4814 3495 4886 Respice
3522 4831 3671 4886 ergo,
3704 4827 3752 4870 et

2180 4915 2423 4973 miserere
2465 4914 2564 4965 mei
2604 4909 2775 4980 (Psal.
2804 4925 2961 4988 sxw,
2991 4909 3101 4977 16),
3138 4908 3263 4978 quia
3314 4908 3524 4963 dolores
3572 4898 3755 4961 uirdis

2183 5006 2285 5061 mei
2320 5002 2661 5076 multiplicati
2696 5010 2841 5064 sunt.
2879 5001 2952 5054 Da
2984 5000 3113 5054 tul-bi
3142 4998 3567 5054 consolationem
3602 5005 3752 5051 tuam

2182 5097 2477 5159 emlestem,
2531 5104 2587 5149 et
2623 5092 2728 5147 noli
2782 5106 3035 5167 Spernere
3080 5088 3437 5165 peccatricem
3488 5086 3749 5150 animam,

2186 5202 2283 5258 pro
2319 5202 2424 5256 qua
2470 5194 2713 5243 mortuus
2746 5197 2821 5238 es.
2863 5182 2937 5236 Da
2964 5180 3115 5247 mibi,
3159 5193 3358 5257 qua‘so,
3388 5176 3655 5248 lacrymas
3679 5190 3745 5230 ex

1766 5342 1993 5400 VARUE
2030 5343 2072 5398 L
2089 5339 2445 5399 ECTlONES.

573 5472 667 5505 ‘M
700 5472 902 5527 Collata
940 5483 1015 5529 est
1050 5491 1165 5527 cum
1196 5473 1471 5529 Sommalii
1498 5492 1607 5543 cap.
1643 5474 1731 5529 56.
1761 5484 1807 5527 et
1835 5472 1980 5528 Edit.
2021 5476 2158 5545 Aug.
2193 5475 2249 5527 in
2273 5474 2361 5527 lib.
2398 5471 2578 5525 Medii.
2608 5485 2722 5537 cap.
2747 5467 2833 5521 56.
2860 5464 3129 5545 pag.
3160 5464 3239 5515 Att
3266 5392 3517 5621 Jesumtt

573 5557 599 5591 ο
623 5544 789 5621 gratia
820 5544 1175 5621 lacrymarum
1217 5544 1503 5621 obtinenda
1540 5561 1603 5597 ex
1637 5545 2407 5621 peccatorum“recordatione
2434 5541 2576 5596 Sent.
2624 5539 2809 5594 Oratio
2842 5539 3179 5591 devotissnua
3224 5533 3288 5586 ad
3325 5531 3482 5587 laude

498 5556 599 5615 pro
623 5544 789 5615 gratia
820 5544 1175 5615 lacrymarum
1217 5544 1503 5615 obtinenda
1540 5531 1603 5597 ex
1637 5554 1972 5615 peccatorum
2022 5531 2407 5601 recordatione
2434 5541 2576 5596 Sent.
2624 5531 2809 5594 Oratio
2842 5531 3179 5591 devotissima
3224 5533 3288 5586 ad
3325 5531 3517 5615 laudes
3548 5531 3749 5586 haben-

496 5610 619 5664 das.
666 5620 667 5623 ‘
701 5612 785 5643 ηδ’
827 5614 1091 5678 Quantum
1123 5624 1171 5671 tc
1203 5614 1373 5684 diligit
1398 5614 1540 5669 Sam.
1572 5610 1828 5686 quantum
1856 5623 1906 5669 tc
1931 5614 2114 5685 diligat

3520 5461 3749 5524 lti‘istunt

3658 6066 3665 6077 ι
3724 6066 3725 6071 ¹
3996 6042 3999 6045 Δ
4060 6074 4063 6075 ⁷

3416 6104 3449 6143 4"
3562 6116 3583 6135 λ
3700 6104 3703 6107 Ι

3956 30 4047 51 *Ὗ
