  <div class='ocr_page' id='page_1' title='image "/cluster/home/n/w/nwhite01/storage/ocr_20150623/158/uva.x000829800/448.png"; bbox 0 0 4200 6246; ppageno 0'>
   <div class='ocr_carea' id='block_1_1' title="bbox 515 364 618 428">
    <p class='ocr_par' dir='ltr' id='par_1_1' title="bbox 515 364 618 428">
     <span class='ocr_line' id='line_1_1' title="bbox 515 364 618 428; baseline 0 0"><span class='ocrx_word' id='word_1_1' title='bbox 515 364 618 428; x_wconf 79' lang='lat'><strong>893</strong></span> 
     </span>
    </p>
   </div>
   <div class='ocr_carea' id='block_1_2' title="bbox 1960 367 2367 429">
    <p class='ocr_par' dir='ltr' id='par_1_2' title="bbox 1960 367 2367 429">
     <span class='ocr_line' id='line_1_2' title="bbox 1960 367 2367 429; baseline -0.012 0"><span class='ocrx_word' id='word_1_2' title='bbox 1960 367 2367 429; x_wconf 71' lang='lat' dir='ltr'><strong>ORATIONES.</strong></span> 
     </span>
    </p>
   </div>
   <div class='ocr_carea' id='block_1_3' title="bbox 3656 376 3759 430">
    <p class='ocr_par' dir='ltr' id='par_1_3' title="bbox 3656 376 3759 430">
     <span class='ocr_line' id='line_1_3' title="bbox 3656 376 3759 430; baseline 0.019 -2"><span class='ocrx_word' id='word_1_3' title='bbox 3656 376 3759 430; x_wconf 66' lang='grc' dir='ltr'><strong>θυι</strong></span> 
     </span>
    </p>
   </div>
   <div class='ocr_carea' id='block_1_4' title="bbox 515 481 3760 559">
    <p class='ocr_par' dir='ltr' id='par_1_4' title="bbox 515 481 3760 559">
     <span class='ocr_line' id='line_1_4' title="bbox 515 481 3760 559; baseline 0 -20"><span class='ocrx_word' id='word_1_4' title='bbox 515 494 626 559; x_wconf 88' lang='lat' dir='ltr'><strong>toto</strong></span> <span class='ocrx_word' id='word_1_5' title='bbox 652 482 843 537; x_wconf 79' lang='lat' dir='ltr'><strong>affectu</strong></span> <span class='ocrx_word' id='word_1_6' title='bbox 873 483 1133 549; x_wconf 83' lang='lat' dir='ltr'><strong>internas,</strong></span> <span class='ocrx_word' id='word_1_7' title='bbox 1164 500 1285 554; x_wconf 81' lang='lat' dir='ltr'><strong>quae</strong></span> <span class='ocrx_word' id='word_1_8' title='bbox 1309 496 1652 553; x_wconf 71' lang='lat' dir='ltr'><strong>peccatorum</strong></span> <span class='ocrx_word' id='word_1_9' title='bbox 1680 500 1920 540; x_wconf 84' lang='lat' dir='ltr'><strong>meorum</strong></span> <span class='ocrx_word' id='word_1_10' title='bbox 1952 500 2076 555; x_wconf 88' lang='lat' dir='ltr'><strong>pos-</strong></span> <span class='ocrx_word' id='word_1_11' title='bbox 2108 492 2152 548; x_wconf 78' lang='grc' dir='ltr'><strong>Α</strong></span> <span class='ocrx_word' id='word_1_12' title='bbox 2186 492 2297 536; x_wconf 82' lang='grc' dir='ltr'>ιιιιιι</span> <span class='ocrx_word' id='word_1_13' title='bbox 2327 481 2657 553; x_wconf 74' lang='lat' dir='ltr'><strong>conpungit.</strong></span> <span class='ocrx_word' id='word_1_14' title='bbox 2699 481 2771 535; x_wconf 88' lang='lat' dir='ltr'><strong>Da</strong></span> <span class='ocrx_word' id='word_1_15' title='bbox 2799 482 2927 537; x_wconf 87' lang='lat' dir='ltr'><strong>mihi</strong></span> <span class='ocrx_word' id='word_1_16' title='bbox 2955 483 3185 553; x_wconf 76' lang='lat' dir='ltr'><strong>gratiam</strong></span> <span class='ocrx_word' id='word_1_17' title='bbox 3224 483 3598 555; x_wconf 83' lang='lat' dir='ltr'><strong>lacrymarum,</strong></span> <span class='ocrx_word' id='word_1_18' title='bbox 3622 487 3760 541; x_wconf 82' lang='lat' dir='ltr'><strong>sicut</strong></span> 
     </span>
    </p>
   </div>
   <div class='ocr_carea' id='block_1_5' title="bbox 512 576 2083 655">
    <p class='ocr_par' dir='ltr' id='par_1_5' title="bbox 512 576 2083 655">
     <span class='ocr_line' id='line_1_5' title="bbox 512 576 2083 655; baseline -0.002 -20"><span class='ocrx_word' id='word_1_19' title='bbox 512 578 619 635; x_wconf 86' lang='lat' dir='ltr'><strong>sint</strong></span> <span class='ocrx_word' id='word_1_20' title='bbox 652 576 863 632; x_wconf 88' lang='lat' dir='ltr'><strong>solvere</strong></span> <span class='ocrx_word' id='word_1_21' title='bbox 901 578 1135 644; x_wconf 89' lang='lat' dir='ltr'><strong>vincula,</strong></span> <span class='ocrx_word' id='word_1_22' title='bbox 1170 586 1225 633; x_wconf 88' lang='lat' dir='ltr'><strong>et</strong></span> <span class='ocrx_word' id='word_1_23' title='bbox 1251 577 1460 634; x_wconf 69' lang='lat' dir='ltr'><strong>cmlestl</strong></span> <span class='ocrx_word' id='word_1_24' title='bbox 1501 578 1838 655; x_wconf 71' lang='lat' dir='ltr'><strong>iucunditate</strong></span> <span class='ocrx_word' id='word_1_25' title='bbox 1866 584 2083 647; x_wconf 87' lang='lat' dir='ltr'><strong>semper</strong></span> 
     </span>
    </p>
   </div>
   <div class='ocr_carea' id='block_1_6' title="bbox 511 666 2080 739">
    <p class='ocr_par' dir='ltr' id='par_1_6' title="bbox 511 666 2080 739">
     <span class='ocr_line' id='line_1_6' title="bbox 511 666 2080 739; baseline 0.001 -18"><span class='ocrx_word' id='word_1_26' title='bbox 511 666 756 738; x_wconf 88' lang='lat' dir='ltr'><strong>repleant</strong></span> <span class='ocrx_word' id='word_1_27' title='bbox 801 667 1036 724; x_wconf 87' lang='lat' dir='ltr'><strong>animam</strong></span> <span class='ocrx_word' id='word_1_28' title='bbox 1065 684 1270 735; x_wconf 83' lang='lat' dir='ltr'><strong>meam;</strong></span> <span class='ocrx_word' id='word_1_29' title='bbox 1310 672 1487 725; x_wconf 86' lang='lat' dir='ltr'><strong>sinon</strong></span> <span class='ocrx_word' id='word_1_30' title='bbox 1539 685 1661 729; x_wconf 88' lang='lat' dir='ltr'><strong>cum</strong></span> <span class='ocrx_word' id='word_1_31' title='bbox 1703 669 1850 725; x_wconf 90' lang='lat' dir='ltr'><strong>veris</strong></span> <span class='ocrx_word' id='word_1_32' title='bbox 1876 677 1930 724; x_wconf 90' lang='lat' dir='ltr'><strong>et</strong></span> <span class='ocrx_word' id='word_1_33' title='bbox 1957 683 2080 739; x_wconf 89' lang='lat' dir='ltr'><strong>per-</strong></span> 
     </span>
    </p>
   </div>
   <div class='ocr_carea' id='block_1_7' title="bbox 512 759 2077 833">
    <p class='ocr_par' dir='ltr' id='par_1_7' title="bbox 512 759 2077 833">
     <span class='ocr_line' id='line_1_7' title="bbox 512 759 2077 833; baseline 0.002 -22"><span class='ocrx_word' id='word_1_34' title='bbox 512 759 668 813; x_wconf 86' lang='lat' dir='ltr'><strong>fectis</strong></span> <span class='ocrx_word' id='word_1_35' title='bbox 701 761 1002 826; x_wconf 89' lang='lat' dir='ltr'><strong>monachis,</strong></span> <span class='ocrx_word' id='word_1_36' title='bbox 1048 777 1280 831; x_wconf 89' lang='lat' dir='ltr'><strong>quorum</strong></span> <span class='ocrx_word' id='word_1_37' title='bbox 1333 762 1556 833; x_wconf 88' lang='lat' dir='ltr'><strong>vestigia</strong></span> <span class='ocrx_word' id='word_1_38' title='bbox 1607 776 1814 832; x_wconf 80' lang='lat' dir='ltr'><strong>nequeo</strong></span> <span class='ocrx_word' id='word_1_39' title='bbox 1849 761 2077 824; x_wconf 85' lang='lat' dir='ltr'><strong>imitari,</strong></span> 
     </span>
    </p>
   </div>
   <div class='ocr_carea' id='block_1_8' title="bbox 509 848 2081 923">
    <p class='ocr_par' dir='ltr' id='par_1_8' title="bbox 509 848 2081 923">
     <span class='ocr_line' id='line_1_8' title="bbox 509 848 2081 923; baseline 0 -19"><span class='ocrx_word' id='word_1_40' title='bbox 509 848 698 904; x_wconf 84' lang='lat' dir='ltr'><strong>saltem</strong></span> <span class='ocrx_word' id='word_1_41' title='bbox 748 865 869 905; x_wconf 90' lang='lat' dir='ltr'><strong>cum</strong></span> <span class='ocrx_word' id='word_1_42' title='bbox 927 851 1134 907; x_wconf 79' lang='lat' dir='ltr'><strong>devotis</strong></span> <span class='ocrx_word' id='word_1_43' title='bbox 1191 851 1507 909; x_wconf 80' lang='lat' dir='ltr'><strong>mulieribus</strong></span> <span class='ocrx_word' id='word_1_44' title='bbox 1558 850 2081 923; x_wconf 73' lang='lat' dir='ltr'><strong>quantulumcunque</strong></span> 
     </span>
    </p>
   </div>
   <div class='ocr_carea' id='block_1_9' title="bbox 508 939 1728 1013">
    <p class='ocr_par' dir='ltr' id='par_1_9' title="bbox 508 939 1728 1013">
     <span class='ocr_line' id='line_1_9' title="bbox 508 939 1728 1013; baseline 0.002 -20"><span class='ocrx_word' id='word_1_45' title='bbox 508 939 809 1008; x_wconf 88' lang='lat' dir='ltr'><strong>portionem</strong></span> <span class='ocrx_word' id='word_1_46' title='bbox 845 941 896 993; x_wconf 90' lang='lat' dir='ltr'><strong>in</strong></span> <span class='ocrx_word' id='word_1_47' title='bbox 928 956 1093 1011; x_wconf 87' lang='lat' dir='ltr'><strong>regno</strong></span> <span class='ocrx_word' id='word_1_48' title='bbox 1124 950 1216 995; x_wconf 90' lang='lat' dir='ltr'><strong>tuo</strong></span> <span class='ocrx_word' id='word_1_49' title='bbox 1245 956 1457 1008; x_wconf 83' lang='lat' dir='ltr'><strong>merear</strong></span> <span class='ocrx_word' id='word_1_50' title='bbox 1481 942 1728 1013; x_wconf 79' lang='lat' dir='ltr'><strong>adipisci.</strong></span> 
     </span>
    </p>
   </div>
   <div class='ocr_carea' id='block_1_10' title="bbox 578 1025 2079 1101">
    <p class='ocr_par' dir='ltr' id='par_1_10' title="bbox 578 1025 2079 1101">
     <span class='ocr_line' id='line_1_10' title="bbox 578 1025 2079 1101; baseline 0.001 -14"><span class='ocrx_word' id='word_1_51' title='bbox 578 1030 739 1087; x_wconf 81' lang='lat' dir='ltr'><strong>Venit</strong></span> <span class='ocrx_word' id='word_1_52' title='bbox 768 1046 986 1101; x_wconf 85' lang='lat' dir='ltr'><strong>quoque</strong></span> <span class='ocrx_word' id='word_1_53' title='bbox 1022 1030 1152 1086; x_wconf 83' lang='lat' dir='ltr'><strong>mihi</strong></span> <span class='ocrx_word' id='word_1_54' title='bbox 1185 1032 1238 1087; x_wconf 90' lang='lat' dir='ltr'><strong>in</strong></span> <span class='ocrx_word' id='word_1_55' title='bbox 1291 1025 1526 1089; x_wconf 84' lang='lat' dir='ltr'><strong>mentem</strong></span> <span class='ocrx_word' id='word_1_56' title='bbox 1566 1033 1791 1089; x_wconf 87' lang='lat' dir='ltr'><strong>alterius</strong></span> <span class='ocrx_word' id='word_1_57' title='bbox 1838 1033 2079 1089; x_wconf 73' lang='lat' dir='ltr'><strong>mulieris</strong></span> 
     </span>
    </p>
   </div>
   <div class='ocr_carea' id='block_1_11' title="bbox 506 1121 2079 1197">
    <p class='ocr_par' dir='ltr' id='par_1_11' title="bbox 506 1121 2079 1197">
     <span class='ocr_line' id='line_1_11' title="bbox 506 1121 2079 1197; baseline 0.003 -21"><span class='ocrx_word' id='word_1_58' title='bbox 506 1121 718 1178; x_wconf 75' lang='lat' dir='ltr'><strong>devotio</strong></span> <span class='ocrx_word' id='word_1_59' title='bbox 744 1122 925 1186; x_wconf 86' lang='lat' dir='ltr'><strong>mira,</strong></span> <span class='ocrx_word' id='word_1_60' title='bbox 982 1137 1100 1193; x_wconf 66' lang='lat' dir='ltr'><strong>quae</strong></span> <span class='ocrx_word' id='word_1_61' title='bbox 1153 1132 1205 1181; x_wconf 88' lang='lat' dir='ltr'><strong>te</strong></span> <span class='ocrx_word' id='word_1_62' title='bbox 1250 1126 1305 1180; x_wconf 90' lang='lat' dir='ltr'><strong>in</strong></span> <span class='ocrx_word' id='word_1_63' title='bbox 1363 1125 1613 1195; x_wconf 88' lang='lat' dir='ltr'><strong>sepulcro</strong></span> <span class='ocrx_word' id='word_1_64' title='bbox 1655 1125 1929 1197; x_wconf 78' lang='lat' dir='ltr'><strong>jacentcm</strong></span> <span class='ocrx_word' id='word_1_65' title='bbox 1990 1126 2079 1196; x_wconf 91' lang='lat' dir='ltr'><strong>pio</strong></span> 
     </span>
    </p>
   </div>
   <div class='ocr_carea' id='block_1_12' title="bbox 518 1211 2076 1284">
    <p class='ocr_par' dir='ltr' id='par_1_12' title="bbox 518 1211 2076 1284">
     <span class='ocr_line' id='line_1_12' title="bbox 518 1211 2076 1284; baseline 0.004 -21"><span class='ocrx_word' id='word_1_66' title='bbox 518 1224 703 1265; x_wconf 88' lang='lat' dir='ltr'><strong>amore</strong></span> <span class='ocrx_word' id='word_1_67' title='bbox 728 1211 1029 1279; x_wconf 64' lang='lat' dir='ltr'><strong>quaerebat,</strong></span> <span class='ocrx_word' id='word_1_68' title='bbox 1055 1227 1177 1284; x_wconf 71' lang='lat' dir='ltr'><strong>qute</strong></span> <span class='ocrx_word' id='word_1_69' title='bbox 1202 1213 1579 1270; x_wconf 80' lang='lat' dir='ltr'><strong>recedentibus</strong></span> <span class='ocrx_word' id='word_1_70' title='bbox 1601 1213 1875 1283; x_wconf 85' lang='lat' dir='ltr'><strong>discipulis</strong></span> <span class='ocrx_word' id='word_1_71' title='bbox 1899 1216 1965 1270; x_wconf 89' lang='lat' dir='ltr'><strong>de</strong></span> <span class='ocrx_word' id='word_1_72' title='bbox 1990 1230 2076 1269; x_wconf 86' lang='lat' dir='ltr'><strong>sc-</strong></span> 
     </span>
    </p>
   </div>
   <div class='ocr_carea' id='block_1_13' title="bbox 506 1296 2079 1370">
    <p class='ocr_par' dir='ltr' id='par_1_13' title="bbox 506 1296 2079 1370">
     <span class='ocr_line' id='line_1_13' title="bbox 506 1296 2079 1370; baseline 0.001 -17"><span class='ocrx_word' id='word_1_73' title='bbox 506 1296 691 1368; x_wconf 86' lang='lat' dir='ltr'><strong>pulcro</strong></span> <span class='ocrx_word' id='word_1_74' title='bbox 750 1314 857 1355; x_wconf 91' lang='lat' dir='ltr'><strong>non</strong></span> <span class='ocrx_word' id='word_1_75' title='bbox 896 1301 1208 1368; x_wconf 78' lang='lat' dir='ltr'><strong>recedebat,</strong></span> <span class='ocrx_word' id='word_1_76' title='bbox 1260 1318 1382 1370; x_wconf 82' lang='lat' dir='ltr'><strong>quae</strong></span> <span class='ocrx_word' id='word_1_77' title='bbox 1428 1302 1650 1357; x_wconf 79' lang='lat' dir='ltr'><strong>sedebat</strong></span> <span class='ocrx_word' id='word_1_78' title='bbox 1694 1302 1766 1358; x_wconf 87' lang='lat' dir='ltr'><strong>ibi</strong></span> <span class='ocrx_word' id='word_1_79' title='bbox 1815 1303 1984 1365; x_wconf 84' lang='lat' dir='ltr'><strong>tristis</strong></span> <span class='ocrx_word' id='word_1_80' title='bbox 2025 1312 2079 1355; x_wconf 90' lang='lat' dir='ltr'><strong>et</strong></span> 
     </span>
    </p>
   </div>
   <div class='ocr_carea' id='block_1_14' title="bbox 506 1374 2081 1467">
    <p class='ocr_par' dir='ltr' id='par_1_14' title="bbox 506 1374 2081 1467">
     <span class='ocr_line' id='line_1_14' title="bbox 506 1374 2081 1467; baseline 0.002 -24"><span class='ocrx_word' id='word_1_81' title='bbox 506 1404 768 1455; x_wconf 71' lang='lat' dir='ltr'><strong>maerens,</strong></span> <span class='ocrx_word' id='word_1_82' title='bbox 808 1398 866 1447; x_wconf 87' lang='lat' dir='ltr'><strong>et</strong></span> <span class='ocrx_word' id='word_1_83' title='bbox 911 1391 1002 1447; x_wconf 89' lang='lat' dir='ltr'><strong>diu</strong></span> <span class='ocrx_word' id='word_1_84' title='bbox 1030 1374 1390 1467; x_wconf 48' lang='lat' dir='ltr'><strong>&#39;mt&#39;tltumqne</strong></span> <span class='ocrx_word' id='word_1_85' title='bbox 1446 1391 1642 1457; x_wconf 82' lang='lat' dir='ltr'><strong>ﬂebat;</strong></span> <span class='ocrx_word' id='word_1_86' title='bbox 1688 1396 2081 1462; x_wconf 74' lang='lat' dir='ltr'><strong>et‘resurgens</strong></span> 
     </span>
    </p>
   </div>
   <div class='ocr_carea' id='block_1_15' title="bbox 509 1481 2079 1554">
    <p class='ocr_par' dir='ltr' id='par_1_15' title="bbox 509 1481 2079 1554">
     <span class='ocr_line' id='line_1_15' title="bbox 509 1481 2079 1554; baseline 0.003 -21"><span class='ocrx_word' id='word_1_87' title='bbox 509 1482 693 1538; x_wconf 91' lang='lat' dir='ltr'><strong>multis</strong></span> <span class='ocrx_word' id='word_1_88' title='bbox 722 1481 976 1554; x_wconf 82' lang='lat' dir='ltr'><strong>lacrymis</strong></span> <span class='ocrx_word' id='word_1_89' title='bbox 1003 1484 1195 1541; x_wconf 89' lang='lat' dir='ltr'><strong>iterum</strong></span> <span class='ocrx_word' id='word_1_90' title='bbox 1225 1482 1528 1551; x_wconf 80' lang='lat' dir='ltr'><strong>iterumque</strong></span> <span class='ocrx_word' id='word_1_91' title='bbox 1557 1491 1710 1539; x_wconf 88' lang='lat' dir='ltr'><strong>antra</strong></span> <span class='ocrx_word' id='word_1_92' title='bbox 1763 1484 1962 1538; x_wconf 87' lang='lat' dir='ltr'><strong>deserti</strong></span> <span class='ocrx_word' id='word_1_93' title='bbox 1990 1500 2079 1538; x_wconf 86' lang='lat' dir='ltr'><strong>sc-</strong></span> 
     </span>
    </p>
   </div>
   <div class='ocr_carea' id='block_1_16' title="bbox 502 1571 2078 1644">
    <p class='ocr_par' dir='ltr' id='par_1_16' title="bbox 502 1571 2078 1644">
     <span class='ocr_line' id='line_1_16' title="bbox 502 1571 2078 1644; baseline 0.003 -21"><span class='ocrx_word' id='word_1_94' title='bbox 502 1571 677 1642; x_wconf 90' lang='lat' dir='ltr'><strong>pulcri</strong></span> <span class='ocrx_word' id='word_1_95' title='bbox 723 1573 1071 1644; x_wconf 79' lang='lat' dir='ltr'><strong>vigilantibus</strong></span> <span class='ocrx_word' id='word_1_96' title='bbox 1110 1574 1281 1631; x_wconf 81' lang='lat' dir='ltr'><strong>octtlis</strong></span> <span class='ocrx_word' id='word_1_97' title='bbox 1330 1573 1674 1644; x_wconf 80' lang='lat' dir='ltr'><strong>explorabat.</strong></span> <span class='ocrx_word' id='word_1_98' title='bbox 1700 1574 1748 1629; x_wconf 87' lang='lat' dir='ltr'><strong>si</strong></span> <span class='ocrx_word' id='word_1_99' title='bbox 1804 1573 1941 1628; x_wconf 75' lang='lat' dir='ltr'><strong>forte</strong></span> <span class='ocrx_word' id='word_1_100' title='bbox 1980 1574 2078 1628; x_wconf 67' lang='lat' dir='ltr'><strong>alio</strong></span> 
     </span>
    </p>
   </div>
   <div class='ocr_carea' id='block_1_17' title="bbox 507 1663 2075 1736">
    <p class='ocr_par' dir='ltr' id='par_1_17' title="bbox 507 1663 2075 1736">
     <span class='ocr_line' id='line_1_17' title="bbox 507 1663 2075 1736; baseline 0.002 -20"><span class='ocrx_word' id='word_1_101' title='bbox 507 1663 631 1718; x_wconf 91' lang='lat' dir='ltr'><strong>cubi</strong></span> <span class='ocrx_word' id='word_1_102' title='bbox 661 1671 713 1719; x_wconf 91' lang='lat' dir='ltr'><strong>te</strong></span> <span class='ocrx_word' id='word_1_103' title='bbox 739 1664 922 1721; x_wconf 84' lang='lat' dir='ltr'><strong>videre</strong></span> <span class='ocrx_word' id='word_1_104' title='bbox 946 1673 1151 1736; x_wconf 81' lang='lat' dir='ltr'><strong>posset,</strong></span> <span class='ocrx_word' id='word_1_105' title='bbox 1180 1678 1344 1733; x_wconf 86' lang='lat' dir='ltr'><strong>quem</strong></span> <span class='ocrx_word' id='word_1_106' title='bbox 1374 1664 1607 1720; x_wconf 81' lang='lat' dir='ltr'><strong>ferventi</strong></span> <span class='ocrx_word' id='word_1_107' title='bbox 1634 1663 1899 1722; x_wconf 82' lang='lat' dir='ltr'><strong>desiderio</strong></span> <span class='ocrx_word' id='word_1_108' title='bbox 1930 1681 2075 1734; x_wconf 78' lang='lat' dir='ltr'><strong>quae-</strong></span> 
     </span>
    </p>
   </div>
   <div class='ocr_carea' id='block_1_18' title="bbox 507 1752 2071 1826">
    <p class='ocr_par' dir='ltr' id='par_1_18' title="bbox 507 1752 2071 1826">
     <span class='ocr_line' id='line_1_18' title="bbox 507 1752 2071 1826; baseline 0.003 -21"><span class='ocrx_word' id='word_1_109' title='bbox 507 1752 681 1807; x_wconf 88' lang='lat' dir='ltr'><strong>rebat.</strong></span> <span class='ocrx_word' id='word_1_110' title='bbox 711 1752 828 1807; x_wconf 82' lang='lat' dir='ltr'><strong>.lam</strong></span> <span class='ocrx_word' id='word_1_111' title='bbox 872 1763 1021 1809; x_wconf 86' lang='lat' dir='ltr'><strong>certe</strong></span> <span class='ocrx_word' id='word_1_112' title='bbox 1059 1755 1221 1811; x_wconf 81' lang='lat' dir='ltr'><strong>semel</strong></span> <span class='ocrx_word' id='word_1_113' title='bbox 1258 1762 1314 1811; x_wconf 89' lang='lat' dir='ltr'><strong>et</strong></span> <span class='ocrx_word' id='word_1_114' title='bbox 1357 1754 1552 1809; x_wconf 82' lang='lat' dir='ltr'><strong>iterum</strong></span> <span class='ocrx_word' id='word_1_115' title='bbox 1605 1754 1844 1826; x_wconf 85' lang='lat' dir='ltr'><strong>ingressa</strong></span> <span class='ocrx_word' id='word_1_116' title='bbox 1892 1757 2071 1826; x_wconf 87' lang='lat' dir='ltr'><strong>sepul-</strong></span> 
     </span>
    </p>
   </div>
   <div class='ocr_carea' id='block_1_19' title="bbox 500 1824 2146 1913">
    <p class='ocr_par' dir='ltr' id='par_1_19' title="bbox 500 1824 2146 1913">
     <span class='ocr_line' id='line_1_19' title="bbox 500 1824 2146 1913; baseline 0.004 -20"><span class='ocrx_word' id='word_1_117' title='bbox 500 1854 653 1894; x_wconf 89' lang='lat' dir='ltr'><strong>crmn</strong></span> <span class='ocrx_word' id='word_1_118' title='bbox 710 1841 939 1908; x_wconf 82' lang='lat' dir='ltr'><strong>viderat,</strong></span> <span class='ocrx_word' id='word_1_119' title='bbox 968 1845 1060 1899; x_wconf 88' lang='lat' dir='ltr'><strong>sed</strong></span> <span class='ocrx_word' id='word_1_120' title='bbox 1097 1844 1321 1901; x_wconf 89' lang='lat' dir='ltr'><strong>nimium</strong></span> <span class='ocrx_word' id='word_1_121' title='bbox 1366 1844 1569 1900; x_wconf 80' lang='lat' dir='ltr'><strong>amanti</strong></span> <span class='ocrx_word' id='word_1_122' title='bbox 1598 1824 1703 1901; x_wconf 80' lang='lat' dir='ltr'><strong>non</strong></span> <span class='ocrx_word' id='word_1_123' title='bbox 1745 1846 1883 1903; x_wconf 83' lang='lat' dir='ltr'><strong>satis</strong></span> <span class='ocrx_word' id='word_1_124' title='bbox 1929 1824 2070 1913; x_wconf 78' lang='lat' dir='ltr'><strong>erat,</strong></span> <span class='ocrx_word' id='word_1_125' title='bbox 2106 1824 2146 1879; x_wconf 69' lang='grc' dir='ltr'><strong>Β</strong></span> 
     </span>
    </p>
   </div>
   <div class='ocr_carea' id='block_1_20' title="bbox 499 1930 2070 2007">
    <p class='ocr_par' dir='ltr' id='par_1_20' title="bbox 499 1930 2070 2007">
     <span class='ocr_line' id='line_1_20' title="bbox 499 1930 2070 2007; baseline 0.006 -25"><span class='ocrx_word' id='word_1_126' title='bbox 499 1930 671 1984; x_wconf 79' lang='lat' dir='ltr'><strong>virtus</strong></span> <span class='ocrx_word' id='word_1_127' title='bbox 709 1930 852 1986; x_wconf 82' lang='lat' dir='ltr'><strong>enim</strong></span> <span class='ocrx_word' id='word_1_128' title='bbox 884 1933 1009 1990; x_wconf 88' lang='lat' dir='ltr'><strong>boni</strong></span> <span class='ocrx_word' id='word_1_129' title='bbox 1056 1935 1235 2005; x_wconf 86' lang='lat' dir='ltr'><strong>operis</strong></span> <span class='ocrx_word' id='word_1_130' title='bbox 1262 1935 1666 2004; x_wconf 85' lang='lat' dir='ltr'><strong>perseverantia</strong></span> <span class='ocrx_word' id='word_1_131' title='bbox 1694 1945 1796 1991; x_wconf 88' lang='lat' dir='ltr'><strong>est.</strong></span> <span class='ocrx_word' id='word_1_132' title='bbox 1842 1937 1910 1993; x_wconf 83' lang='lat' dir='ltr'><strong>Et</strong></span> <span class='ocrx_word' id='word_1_133' title='bbox 1948 1938 2070 2007; x_wconf 82' lang='lat' dir='ltr'><strong>quia</strong></span> 
     </span>
    </p>
   </div>
   <div class='ocr_carea' id='block_1_21' title="bbox 497 2020 2074 2096">
    <p class='ocr_par' dir='ltr' id='par_1_21' title="bbox 497 2020 2074 2096">
     <span class='ocr_line' id='line_1_21' title="bbox 497 2020 2074 2096; baseline 0.005 -24"><span class='ocrx_word' id='word_1_134' title='bbox 497 2034 609 2088; x_wconf 77' lang='lat' dir='ltr'><strong>prae</strong></span> <span class='ocrx_word' id='word_1_135' title='bbox 640 2021 854 2077; x_wconf 77' lang='lat' dir='ltr'><strong>caeteris</strong></span> <span class='ocrx_word' id='word_1_136' title='bbox 904 2020 1107 2090; x_wconf 77' lang='lat' dir='ltr'><strong>dilexit,</strong></span> <span class='ocrx_word' id='word_1_137' title='bbox 1156 2033 1209 2082; x_wconf 88' lang='lat' dir='ltr'><strong>et</strong></span> <span class='ocrx_word' id='word_1_138' title='bbox 1255 2023 1528 2096; x_wconf 85' lang='lat' dir='ltr'><strong>diligendo</strong></span> <span class='ocrx_word' id='word_1_139' title='bbox 1578 2023 1748 2089; x_wconf 78' lang='lat' dir='ltr'><strong>flevit,</strong></span> <span class='ocrx_word' id='word_1_140' title='bbox 1801 2032 1854 2079; x_wconf 84' lang='lat' dir='ltr'><strong>et</strong></span> <span class='ocrx_word' id='word_1_141' title='bbox 1901 2026 2074 2082; x_wconf 83' lang='lat' dir='ltr'><strong>llemlo</strong></span> 
     </span>
    </p>
   </div>
   <div class='ocr_carea' id='block_1_22' title="bbox 495 2112 2071 2187">
    <p class='ocr_par' dir='ltr' id='par_1_22' title="bbox 495 2112 2071 2187">
     <span class='ocr_line' id='line_1_22' title="bbox 495 2112 2071 2187; baseline 0.006 -26"><span class='ocrx_word' id='word_1_142' title='bbox 495 2112 765 2179; x_wconf 82' lang='lat' dir='ltr'><strong>quaesivit,</strong></span> <span class='ocrx_word' id='word_1_143' title='bbox 819 2122 877 2169; x_wconf 92' lang='lat' dir='ltr'><strong>et</strong></span> <span class='ocrx_word' id='word_1_144' title='bbox 933 2115 1221 2184; x_wconf 81' lang='lat' dir='ltr'><strong>quaerendo</strong></span> <span class='ocrx_word' id='word_1_145' title='bbox 1274 2116 1659 2187; x_wconf 84' lang='lat' dir='ltr'><strong>perseveravit,</strong></span> <span class='ocrx_word' id='word_1_146' title='bbox 1728 2116 1853 2171; x_wconf 89' lang='lat' dir='ltr'><strong>ideo</strong></span> <span class='ocrx_word' id='word_1_147' title='bbox 1897 2116 2071 2187; x_wconf 85' lang='lat' dir='ltr'><strong>prima</strong></span> 
     </span>
    </p>
   </div>
   <div class='ocr_carea' id='block_1_23' title="bbox 493 2202 2072 2279">
    <p class='ocr_par' dir='ltr' id='par_1_23' title="bbox 493 2202 2072 2279">
     <span class='ocr_line' id='line_1_23' title="bbox 493 2202 2072 2279; baseline 0.004 -25"><span class='ocrx_word' id='word_1_148' title='bbox 493 2202 734 2267; x_wconf 73' lang='lat' dir='ltr'><strong>pluuium</strong></span> <span class='ocrx_word' id='word_1_149' title='bbox 786 2211 839 2263; x_wconf 85' lang='lat' dir='ltr'><strong>te</strong></span> <span class='ocrx_word' id='word_1_150' title='bbox 871 2205 1135 2270; x_wconf 74' lang='lat' dir='ltr'><strong>invenire,</strong></span> <span class='ocrx_word' id='word_1_151' title='bbox 1192 2218 1243 2261; x_wconf 89' lang='lat' dir='ltr'><strong>te</strong></span> <span class='ocrx_word' id='word_1_152' title='bbox 1280 2207 1461 2261; x_wconf 87' lang='lat' dir='ltr'><strong>videre</strong></span> <span class='ocrx_word' id='word_1_153' title='bbox 1492 2204 1607 2271; x_wconf 65' lang='grc' dir='ltr'><strong>ω’.</strong></span> <span class='ocrx_word' id='word_1_154' title='bbox 1645 2214 1697 2261; x_wconf 87' lang='lat' dir='ltr'><strong>te</strong></span> <span class='ocrx_word' id='word_1_155' title='bbox 1733 2205 1932 2275; x_wconf 86' lang='lat' dir='ltr'><strong>alloqui</strong></span> <span class='ocrx_word' id='word_1_156' title='bbox 1960 2224 2072 2279; x_wconf 85' lang='lat' dir='ltr'><strong>me-</strong></span> 
     </span>
    </p>
   </div>
   <div class='ocr_carea' id='block_1_24' title="bbox 495 2285 2079 2368">
    <p class='ocr_par' dir='ltr' id='par_1_24' title="bbox 495 2285 2079 2368">
     <span class='ocr_line' id='line_1_24' title="bbox 495 2285 2079 2368; baseline 0.004 -21"><span class='ocrx_word' id='word_1_157' title='bbox 495 2294 633 2348; x_wconf 81' lang='lat' dir='ltr'><strong>ruit.‘</strong></span> <span class='ocrx_word' id='word_1_158' title='bbox 659 2294 724 2350; x_wconf 88' lang='lat' dir='ltr'><strong>Et</strong></span> <span class='ocrx_word' id='word_1_159' title='bbox 773 2310 882 2350; x_wconf 88' lang='lat' dir='ltr'><strong>non</strong></span> <span class='ocrx_word' id='word_1_160' title='bbox 911 2294 1080 2353; x_wconf 85' lang='lat' dir='ltr'><strong>solum</strong></span> <span class='ocrx_word' id='word_1_161' title='bbox 1112 2298 1245 2362; x_wconf 64' lang='lat' dir='ltr'><strong>haec,</strong></span> <span class='ocrx_word' id='word_1_162' title='bbox 1295 2299 1389 2353; x_wconf 91' lang='lat' dir='ltr'><strong>sed</strong></span> <span class='ocrx_word' id='word_1_163' title='bbox 1419 2285 1584 2353; x_wconf 83' lang='lat' dir='ltr'><strong>etiam</strong></span> <span class='ocrx_word' id='word_1_164' title='bbox 1634 2298 1763 2368; x_wconf 80' lang='lat' dir='ltr'><strong>ipsis</strong></span> <span class='ocrx_word' id='word_1_165' title='bbox 1793 2298 2079 2367; x_wconf 86' lang='lat' dir='ltr'><strong>discipulis</strong></span> 
     </span>
    </p>
   </div>
   <div class='ocr_carea' id='block_1_25' title="bbox 491 2385 2071 2459">
    <p class='ocr_par' dir='ltr' id='par_1_25' title="bbox 491 2385 2071 2459">
     <span class='ocr_line' id='line_1_25' title="bbox 491 2385 2071 2459; baseline 0.004 -20"><span class='ocrx_word' id='word_1_166' title='bbox 491 2385 742 2454; x_wconf 81' lang='lat' dir='ltr'><strong>gloriosae</strong></span> <span class='ocrx_word' id='word_1_167' title='bbox 785 2387 1198 2447; x_wconf 76' lang='lat' dir='ltr'><strong>resurrectionis</strong></span> <span class='ocrx_word' id='word_1_168' title='bbox 1244 2397 1348 2443; x_wconf 74' lang='lat' dir='ltr'><strong>tua:</strong></span> <span class='ocrx_word' id='word_1_169' title='bbox 1394 2390 1697 2459; x_wconf 66' lang='lat' dir='ltr'><strong>prtenuntia</strong></span> <span class='ocrx_word' id='word_1_170' title='bbox 1745 2391 1970 2453; x_wconf 70' lang='lat' dir='ltr'><strong>exstitit,</strong></span> <span class='ocrx_word' id='word_1_171' title='bbox 2018 2402 2071 2446; x_wconf 92' lang='lat' dir='ltr'><strong>te</strong></span> 
     </span>
    </p>
   </div>
   <div class='ocr_carea' id='block_1_26' title="bbox 494 2473 2071 2552">
    <p class='ocr_par' dir='ltr' id='par_1_26' title="bbox 494 2473 2071 2552">
     <span class='ocr_line' id='line_1_26' title="bbox 494 2473 2071 2552; baseline 0.004 -23"><span class='ocrx_word' id='word_1_172' title='bbox 494 2475 863 2546; x_wconf 71' lang='lat' dir='ltr'><strong>prtecipiente,</strong></span> <span class='ocrx_word' id='word_1_173' title='bbox 889 2486 946 2535; x_wconf 81' lang='lat' dir='ltr'><strong>et</strong></span> <span class='ocrx_word' id='word_1_174' title='bbox 978 2478 1273 2538; x_wconf 82' lang='lat' dir='ltr'><strong>clementer</strong></span> <span class='ocrx_word' id='word_1_175' title='bbox 1296 2490 1548 2551; x_wconf 66' lang='grc' dir='ltr'>ιιιοιιιψιις</span> <span class='ocrx_word' id='word_1_176' title='bbox 1578 2497 1594 2536; x_wconf 90' lang='lat'><strong>:</strong></span> <span class='ocrx_word' id='word_1_177' title='bbox 1653 2478 1813 2547; x_wconf 68' lang='lat' dir='ltr'><strong>Vade,</strong></span> <span class='ocrx_word' id='word_1_178' title='bbox 1854 2473 1939 2535; x_wconf 78' lang='lat' dir='ltr'><strong>a&#39;ic</strong></span> <span class='ocrx_word' id='word_1_179' title='bbox 1960 2481 2071 2552; x_wconf 79' lang='lat' dir='ltr'><strong>[ra-</strong></span> 
     </span>
    </p>
   </div>
   <div class='ocr_carea' id='block_1_27' title="bbox 490 2565 2083 2638">
    <p class='ocr_par' dir='ltr' id='par_1_27' title="bbox 490 2565 2083 2638">
     <span class='ocr_line' id='line_1_27' title="bbox 490 2565 2083 2638; baseline 0.004 -20"><span class='ocrx_word' id='word_1_180' title='bbox 490 2565 656 2621; x_wconf 79' lang='lat' dir='ltr'><strong>tribus</strong></span> <span class='ocrx_word' id='word_1_181' title='bbox 700 2569 829 2623; x_wconf 74' lang='lat' dir='ltr'><strong>meis</strong></span> <span class='ocrx_word' id='word_1_182' title='bbox 881 2579 935 2624; x_wconf 71' lang='lat' dir='ltr'><strong>at</strong></span> <span class='ocrx_word' id='word_1_183' title='bbox 968 2579 1085 2627; x_wconf 70' lang='lat' dir='ltr'><strong>etut</strong></span> <span class='ocrx_word' id='word_1_184' title='bbox 1129 2572 1185 2625; x_wconf 81' lang='lat' dir='ltr'><strong>in</strong></span> <span class='ocrx_word' id='word_1_185' title='bbox 1245 2569 1542 2638; x_wconf 74' lang='lat' dir='ltr'><strong>Galilwam,</strong></span> <span class='ocrx_word' id='word_1_186' title='bbox 1586 2570 1659 2626; x_wconf 78' lang='lat' dir='ltr'><strong>ibi</strong></span> <span class='ocrx_word' id='word_1_187' title='bbox 1705 2589 1785 2628; x_wconf 76' lang='lat' dir='ltr'><strong>me</strong></span> <span class='ocrx_word' id='word_1_188' title='bbox 1829 2571 2083 2625; x_wconf 69' lang='lat' dir='ltr'><strong>uidebunt</strong></span> 
     </span>
    </p>
   </div>
   <div class='ocr_carea' id='block_1_28' title="bbox 491 2656 2071 2734">
    <p class='ocr_par' dir='ltr' id='par_1_28' title="bbox 491 2656 2071 2734">
     <span class='ocr_line' id='line_1_28' title="bbox 491 2656 2071 2734; baseline 0.003 -22"><span class='ocrx_word' id='word_1_189' title='bbox 491 2656 707 2727; x_wconf 78' lang='lat' dir='ltr'><strong>(Matth.</strong></span> <span class='ocrx_word' id='word_1_190' title='bbox 743 2674 934 2722; x_wconf 81' lang='lat' dir='ltr'><strong>xxrm.</strong></span> <span class='ocrx_word' id='word_1_191' title='bbox 970 2662 1080 2732; x_wconf 78' lang='lat'><strong>10).</strong></span> <span class='ocrx_word' id='word_1_192' title='bbox 1108 2662 1167 2716; x_wconf 83' lang='lat' dir='ltr'><strong>Si</strong></span> <span class='ocrx_word' id='word_1_193' title='bbox 1194 2678 1324 2733; x_wconf 75' lang='lat' dir='ltr'><strong>ergo</strong></span> <span class='ocrx_word' id='word_1_194' title='bbox 1349 2662 1422 2718; x_wconf 86' lang='lat' dir='ltr'><strong>ita</strong></span> <span class='ocrx_word' id='word_1_195' title='bbox 1444 2662 1608 2729; x_wconf 83' lang='lat' dir='ltr'><strong>ﬂevit,</strong></span> <span class='ocrx_word' id='word_1_196' title='bbox 1632 2671 1688 2721; x_wconf 89' lang='lat' dir='ltr'><strong>ct</strong></span> <span class='ocrx_word' id='word_1_197' title='bbox 1716 2664 1768 2718; x_wconf 90' lang='lat' dir='ltr'><strong>in</strong></span> <span class='ocrx_word' id='word_1_198' title='bbox 1802 2660 1928 2717; x_wconf 83' lang='lat' dir='ltr'><strong>fletu</strong></span> <span class='ocrx_word' id='word_1_199' title='bbox 1945 2678 2071 2734; x_wconf 87' lang='lat' dir='ltr'><strong>per-</strong></span> 
     </span>
    </p>
   </div>
   <div class='ocr_carea' id='block_1_29' title="bbox 489 2748 2067 2823">
    <p class='ocr_par' dir='ltr' id='par_1_29' title="bbox 489 2748 2067 2823">
     <span class='ocr_line' id='line_1_29' title="bbox 489 2748 2067 2823; baseline 0.004 -22"><span class='ocrx_word' id='word_1_200' title='bbox 489 2748 761 2808; x_wconf 84' lang='lat' dir='ltr'><strong>severavit</strong></span> <span class='ocrx_word' id='word_1_201' title='bbox 804 2748 1013 2814; x_wconf 85' lang='lat' dir='ltr'><strong>mulier,</strong></span> <span class='ocrx_word' id='word_1_202' title='bbox 1062 2766 1185 2819; x_wconf 68' lang='lat' dir='ltr'><strong>quia:</strong></span> <span class='ocrx_word' id='word_1_203' title='bbox 1208 2750 1627 2822; x_wconf 86' lang='lat' dir='ltr'><strong>viventcmeum</strong></span> <span class='ocrx_word' id='word_1_204' title='bbox 1666 2751 1894 2807; x_wconf 84' lang='lat' dir='ltr'><strong>mertuis</strong></span> <span class='ocrx_word' id='word_1_205' title='bbox 1921 2767 2067 2823; x_wconf 73' lang='lat' dir='ltr'><strong>qua:-</strong></span> 
     </span>
    </p>
   </div>
   <div class='ocr_carea' id='block_1_30' title="bbox 492 2834 2061 2912">
    <p class='ocr_par' dir='ltr' id='par_1_30' title="bbox 492 2834 2061 2912">
     <span class='ocr_line' id='line_1_30' title="bbox 492 2834 2061 2912; baseline 0.003 -22"><span class='ocrx_word' id='word_1_206' title='bbox 492 2835 647 2904; x_wconf 83' lang='lat' dir='ltr'><strong>rebat</strong></span> <span class='ocrx_word' id='word_1_207' title='bbox 674 2834 827 2907; x_wconf 84' lang='lat' dir='ltr'><strong>(Luc.</strong></span> <span class='ocrx_word' id='word_1_208' title='bbox 861 2853 1007 2906; x_wconf 73' lang='lat' dir='ltr'><strong>xxiv,</strong></span> <span class='ocrx_word' id='word_1_209' title='bbox 1041 2837 1121 2911; x_wconf 77' lang='lat'><strong>5),</strong></span> <span class='ocrx_word' id='word_1_210' title='bbox 1153 2844 1272 2912; x_wconf 63' lang='lat' dir='ltr'><strong>Qua</strong></span> <span class='ocrx_word' id='word_1_211' title='bbox 1320 2848 1373 2896; x_wconf 88' lang='lat' dir='ltr'><strong>te</strong></span> <span class='ocrx_word' id='word_1_212' title='bbox 1419 2855 1582 2898; x_wconf 80' lang='lat' dir='ltr'><strong>manu</strong></span> <span class='ocrx_word' id='word_1_213' title='bbox 1618 2840 1741 2897; x_wconf 82' lang='lat' dir='ltr'><strong>ﬁdei</strong></span> <span class='ocrx_word' id='word_1_214' title='bbox 1792 2841 2061 2909; x_wconf 82' lang='lat' dir='ltr'><strong>tangebat,</strong></span> 
     </span>
    </p>
   </div>
   <div class='ocr_carea' id='block_1_31' title="bbox 488 2932 2063 3004">
    <p class='ocr_par' dir='ltr' id='par_1_31' title="bbox 488 2932 2063 3004">
     <span class='ocr_line' id='line_1_31' title="bbox 488 2932 2063 3004; baseline 0.007 -23"><span class='ocrx_word' id='word_1_215' title='bbox 488 2932 762 2996; x_wconf 83' lang='lat' dir='ltr'><strong>quomodo</strong></span> <span class='ocrx_word' id='word_1_216' title='bbox 812 2932 1063 3003; x_wconf 79' lang='lat' dir='ltr'><strong>plangere</strong></span> <span class='ocrx_word' id='word_1_217' title='bbox 1107 2934 1246 2988; x_wconf 89' lang='lat' dir='ltr'><strong>etin</strong></span> <span class='ocrx_word' id='word_1_218' title='bbox 1288 2933 1503 3003; x_wconf 86' lang='lat' dir='ltr'><strong>planctu</strong></span> <span class='ocrx_word' id='word_1_219' title='bbox 1563 2934 1853 3004; x_wconf 82' lang='lat' dir='ltr'><strong>persistere</strong></span> <span class='ocrx_word' id='word_1_220' title='bbox 1903 2935 2063 2991; x_wconf 84' lang='lat' dir='ltr'><strong>debet</strong></span> 
     </span>
    </p>
   </div>
   <div class='ocr_carea' id='block_1_32' title="bbox 489 3018 2063 3095">
    <p class='ocr_par' dir='ltr' id='par_1_32' title="bbox 489 3018 2063 3095">
     <span class='ocr_line' id='line_1_32' title="bbox 489 3018 2063 3095; baseline 0.006 -24"><span class='ocrx_word' id='word_1_221' title='bbox 489 3018 693 3084; x_wconf 87' lang='lat' dir='ltr'><strong>anima,</strong></span> <span class='ocrx_word' id='word_1_222' title='bbox 723 3018 842 3089; x_wconf 74' lang='lat' dir='ltr'><strong>qua‘:</strong></span> <span class='ocrx_word' id='word_1_223' title='bbox 869 3027 920 3074; x_wconf 88' lang='lat' dir='ltr'><strong>te</strong></span> <span class='ocrx_word' id='word_1_224' title='bbox 956 3019 1368 3093; x_wconf 84' lang='lat' dir='ltr'><strong>lledemptorem</strong></span> <span class='ocrx_word' id='word_1_225' title='bbox 1397 3035 1554 3079; x_wconf 83' lang='lat' dir='ltr'><strong>suum</strong></span> <span class='ocrx_word' id='word_1_226' title='bbox 1572 3022 1685 3093; x_wconf 84' lang='lat' dir='ltr'><strong>jam</strong></span> <span class='ocrx_word' id='word_1_227' title='bbox 1713 3024 1852 3085; x_wconf 84' lang='lat' dir='ltr'><strong>coelo</strong></span> <span class='ocrx_word' id='word_1_228' title='bbox 1874 3026 2063 3095; x_wconf 66' lang='lat' dir='ltr'><strong>praesi-</strong></span> 
     </span>
    </p>
   </div>
   <div class='ocr_carea' id='block_1_33' title="bbox 487 3108 2032 3184">
    <p class='ocr_par' dir='ltr' id='par_1_33' title="bbox 487 3108 2032 3184">
     <span class='ocr_line' id='line_1_33' title="bbox 487 3108 2032 3184; baseline 0.005 -21"><span class='ocrx_word' id='word_1_229' title='bbox 487 3108 703 3165; x_wconf 84' lang='lat' dir='ltr'><strong>dentem</strong></span> <span class='ocrx_word' id='word_1_230' title='bbox 743 3121 801 3167; x_wconf 91' lang='lat' dir='ltr'><strong>ct</strong></span> <span class='ocrx_word' id='word_1_231' title='bbox 822 3110 1021 3180; x_wconf 85' lang='lat' dir='ltr'><strong>ubique</strong></span> <span class='ocrx_word' id='word_1_232' title='bbox 1045 3120 1359 3184; x_wconf 87' lang='lat' dir='ltr'><strong>regnantem</strong></span> <span class='ocrx_word' id='word_1_233' title='bbox 1388 3114 1554 3171; x_wconf 84' lang='lat' dir='ltr'><strong>corde</strong></span> <span class='ocrx_word' id='word_1_234' title='bbox 1580 3114 1773 3179; x_wconf 90' lang='lat' dir='ltr'><strong>credit,</strong></span> <span class='ocrx_word' id='word_1_235' title='bbox 1800 3130 1897 3171; x_wconf 86' lang='lat' dir='ltr'><strong>ore</strong></span> <span class='ocrx_word' id='word_1_236' title='bbox 1928 3132 2032 3171; x_wconf 91' lang='lat' dir='ltr'><strong>con</strong></span> 
     </span>
    </p>
   </div>
   <div class='ocr_carea' id='block_1_34' title="bbox 486 3199 2061 3276">
    <p class='ocr_par' dir='ltr' id='par_1_34' title="bbox 486 3199 2061 3276">
     <span class='ocr_line' id='line_1_34' title="bbox 486 3199 2061 3276; baseline 0.004 -23"><span class='ocrx_word' id='word_1_237' title='bbox 486 3199 705 3255; x_wconf 70' lang='lat' dir='ltr'><strong>litetur!</strong></span> <span class='ocrx_word' id='word_1_238' title='bbox 733 3200 907 3271; x_wconf 84' lang='lat' dir='ltr'><strong>(Rom.</strong></span> <span class='ocrx_word' id='word_1_239' title='bbox 937 3216 991 3270; x_wconf 87' lang='lat' dir='ltr'><strong>x,</strong></span> <span class='ocrx_word' id='word_1_240' title='bbox 1023 3202 1137 3276; x_wconf 79' lang='lat' dir='ltr'><strong>to.)</strong></span> <span class='ocrx_word' id='word_1_241' title='bbox 1160 3202 1439 3271; x_wconf 85' lang='lat' dir='ltr'><strong>Quomodo</strong></span> <span class='ocrx_word' id='word_1_242' title='bbox 1465 3219 1596 3275; x_wconf 85' lang='lat' dir='ltr'><strong>ergo</strong></span> <span class='ocrx_word' id='word_1_243' title='bbox 1620 3219 1834 3274; x_wconf 90' lang='lat' dir='ltr'><strong>gemere</strong></span> <span class='ocrx_word' id='word_1_244' title='bbox 1855 3214 1909 3260; x_wconf 90' lang='lat' dir='ltr'><strong>et</strong></span> <span class='ocrx_word' id='word_1_245' title='bbox 1934 3204 2061 3260; x_wconf 81' lang='lat' dir='ltr'><strong>nere</strong></span> 
     </span>
    </p>
   </div>
   <div class='ocr_carea' id='block_1_35' title="bbox 487 3290 2062 3366">
    <p class='ocr_par' dir='ltr' id='par_1_35' title="bbox 487 3290 2062 3366">
     <span class='ocr_line' id='line_1_35' title="bbox 487 3290 2062 3366; baseline 0.004 -22"><span class='ocrx_word' id='word_1_246' title='bbox 487 3290 646 3345; x_wconf 87' lang='lat' dir='ltr'><strong>debet</strong></span> <span class='ocrx_word' id='word_1_247' title='bbox 674 3291 794 3348; x_wconf 88' lang='lat' dir='ltr'><strong>talis</strong></span> <span class='ocrx_word' id='word_1_248' title='bbox 823 3294 1023 3359; x_wconf 76' lang='lat' dir='ltr'><strong>anima,</strong></span> <span class='ocrx_word' id='word_1_249' title='bbox 1072 3310 1193 3364; x_wconf 86' lang='lat' dir='ltr'><strong>quae</strong></span> <span class='ocrx_word' id='word_1_250' title='bbox 1237 3302 1292 3351; x_wconf 89' lang='lat' dir='ltr'><strong>te</strong></span> <span class='ocrx_word' id='word_1_251' title='bbox 1335 3303 1446 3349; x_wconf 90' lang='lat' dir='ltr'><strong>toto</strong></span> <span class='ocrx_word' id='word_1_252' title='bbox 1474 3295 1859 3366; x_wconf 24' lang='lat' dir='ltr'><strong>cordeldiligit</strong></span> <span class='ocrx_word' id='word_1_253' title='bbox 1904 3305 2062 3365; x_wconf 84' lang='lat' dir='ltr'><strong>teque</strong></span> 
     </span>
    </p>
   </div>
   <div class='ocr_carea' id='block_1_36' title="bbox 486 3382 1519 3461">
    <p class='ocr_par' dir='ltr' id='par_1_36' title="bbox 486 3382 1519 3461">
     <span class='ocr_line' id='line_1_36' title="bbox 486 3382 1519 3461; baseline 0.003 -25"><span class='ocrx_word' id='word_1_254' title='bbox 486 3389 601 3447; x_wconf 84' lang='lat' dir='ltr'><strong>toto</strong></span> <span class='ocrx_word' id='word_1_255' title='bbox 636 3382 904 3439; x_wconf 85' lang='lat' dir='ltr'><strong>desiderio</strong></span> <span class='ocrx_word' id='word_1_256' title='bbox 930 3383 1113 3461; x_wconf 83' lang='lat' dir='ltr'><strong>videre</strong></span> <span class='ocrx_word' id='word_1_257' title='bbox 1141 3386 1519 3454; x_wconf 76' lang='lat' dir='ltr'><strong>concupiscit!</strong></span> 
     </span>
    </p>
   </div>
   <div class='ocr_carea' id='block_1_37' title="bbox 558 3472 2064 3544">
    <p class='ocr_par' dir='ltr' id='par_1_37' title="bbox 558 3472 2064 3544">
     <span class='ocr_line' id='line_1_37' title="bbox 558 3472 2064 3544; baseline 0.001 -14"><span class='ocrx_word' id='word_1_258' title='bbox 558 3472 745 3530; x_wconf 84' lang='lat' dir='ltr'><strong>Solum</strong></span> <span class='ocrx_word' id='word_1_259' title='bbox 773 3472 1106 3542; x_wconf 84' lang='lat' dir='ltr'><strong>confugium,</strong></span> <span class='ocrx_word' id='word_1_260' title='bbox 1156 3484 1211 3529; x_wconf 89' lang='lat' dir='ltr'><strong>et</strong></span> <span class='ocrx_word' id='word_1_261' title='bbox 1235 3477 1394 3530; x_wconf 88' lang='lat' dir='ltr'><strong>unica</strong></span> <span class='ocrx_word' id='word_1_262' title='bbox 1425 3489 1548 3544; x_wconf 89' lang='lat' dir='ltr'><strong>spes</strong></span> <span class='ocrx_word' id='word_1_263' title='bbox 1576 3474 1921 3543; x_wconf 86' lang='lat' dir='ltr'><strong>miserorum,</strong></span> <span class='ocrx_word' id='word_1_264' title='bbox 1954 3476 2064 3532; x_wconf 88' lang='lat' dir='ltr'><strong>Do-</strong></span> 
     </span>
    </p>
   </div>
   <div class='ocr_carea' id='block_1_38' title="bbox 486 3564 2060 3641">
    <p class='ocr_par' dir='ltr' id='par_1_38' title="bbox 486 3564 2060 3641">
     <span class='ocr_line' id='line_1_38' title="bbox 486 3564 2060 3641; baseline 0.003 -23"><span class='ocrx_word' id='word_1_265' title='bbox 486 3564 653 3639; x_wconf 82' lang='lat' dir='ltr'><strong>mine,</strong></span> <span class='ocrx_word' id='word_1_266' title='bbox 680 3565 765 3621; x_wconf 89' lang='lat' dir='ltr'><strong>cui</strong></span> <span class='ocrx_word' id='word_1_267' title='bbox 795 3580 1067 3636; x_wconf 83' lang='lat' dir='ltr'><strong>nunquam</strong></span> <span class='ocrx_word' id='word_1_268' title='bbox 1096 3566 1351 3639; x_wconf 57' lang='lat' dir='ltr'><strong>siue-spe,</strong></span> <span class='ocrx_word' id='word_1_269' title='bbox 1370 3566 1755 3624; x_wconf 65' lang='lat' dir='ltr'><strong>misericordiae</strong></span> <span class='ocrx_word' id='word_1_270' title='bbox 1790 3570 2060 3641; x_wconf 80' lang='lat' dir='ltr'><strong>supplica-</strong></span> 
     </span>
    </p>
   </div>
   <div class='ocr_carea' id='block_1_39' title="bbox 492 3650 2058 3731">
    <p class='ocr_par' dir='ltr' id='par_1_39' title="bbox 492 3650 2058 3731">
     <span class='ocr_line' id='line_1_39' title="bbox 492 3650 2058 3731; baseline 0.004 -22"><span class='ocrx_word' id='word_1_271' title='bbox 492 3660 596 3719; x_wconf 84' lang='lat' dir='ltr'><strong>tur,</strong></span> <span class='ocrx_word' id='word_1_272' title='bbox 626 3663 821 3725; x_wconf 69' lang='lat' dir='ltr'><strong>praesta</strong></span> <span class='ocrx_word' id='word_1_273' title='bbox 846 3657 976 3712; x_wconf 84' lang='lat' dir='ltr'><strong>mihi</strong></span> <span class='ocrx_word' id='word_1_274' title='bbox 1004 3656 1143 3713; x_wconf 81' lang='lat' dir='ltr'><strong>hanc</strong></span> <span class='ocrx_word' id='word_1_275' title='bbox 1163 3658 1398 3729; x_wconf 82' lang='lat' dir='ltr'><strong>gratiam</strong></span> <span class='ocrx_word' id='word_1_276' title='bbox 1421 3650 1643 3731; x_wconf 86' lang='lat' dir='ltr'><strong>propter</strong></span> <span class='ocrx_word' id='word_1_277' title='bbox 1666 3665 1741 3723; x_wconf 90' lang='lat' dir='ltr'><strong>te,</strong></span> <span class='ocrx_word' id='word_1_278' title='bbox 1762 3666 1819 3713; x_wconf 88' lang='lat' dir='ltr'><strong>et</strong></span> <span class='ocrx_word' id='word_1_279' title='bbox 1842 3669 2058 3729; x_wconf 69' lang='lat' dir='ltr'><strong>propter</strong></span> 
     </span>
    </p>
   </div>
   <div class='ocr_carea' id='block_1_40' title="bbox 486 3747 2058 3818">
    <p class='ocr_par' dir='ltr' id='par_1_40' title="bbox 486 3747 2058 3818">
     <span class='ocr_line' id='line_1_40' title="bbox 486 3747 2058 3818; baseline 0.003 -19"><span class='ocrx_word' id='word_1_280' title='bbox 486 3759 680 3801; x_wconf 86' lang='lat' dir='ltr'><strong>nomen</strong></span> <span class='ocrx_word' id='word_1_281' title='bbox 720 3756 965 3803; x_wconf 88' lang='lat' dir='ltr'><strong>sanctum</strong></span> <span class='ocrx_word' id='word_1_282' title='bbox 1011 3756 1184 3813; x_wconf 89' lang='lat' dir='ltr'><strong>tuum,</strong></span> <span class='ocrx_word' id='word_1_283' title='bbox 1216 3757 1276 3803; x_wconf 90' lang='lat' dir='ltr'><strong>ut</strong></span> <span class='ocrx_word' id='word_1_284' title='bbox 1320 3748 1530 3818; x_wconf 86' lang='lat' dir='ltr'><strong>quoties</strong></span> <span class='ocrx_word' id='word_1_285' title='bbox 1558 3747 1626 3802; x_wconf 89' lang='lat' dir='ltr'><strong>de</strong></span> <span class='ocrx_word' id='word_1_286' title='bbox 1674 3754 1727 3803; x_wconf 90' lang='lat' dir='ltr'><strong>te</strong></span> <span class='ocrx_word' id='word_1_287' title='bbox 1755 3748 1951 3817; x_wconf 87' lang='lat' dir='ltr'><strong>cogito,</strong></span> <span class='ocrx_word' id='word_1_288' title='bbox 1992 3748 2058 3803; x_wconf 82' lang='lat' dir='ltr'><strong>de</strong></span> 
     </span>
    </p>
   </div>
   <div class='ocr_carea' id='block_1_41' title="bbox 485 3831 2051 3907">
    <p class='ocr_par' dir='ltr' id='par_1_41' title="bbox 485 3831 2051 3907">
     <span class='ocr_line' id='line_1_41' title="bbox 485 3831 2051 3907; baseline 0.004 -20"><span class='ocrx_word' id='word_1_289' title='bbox 485 3843 538 3887; x_wconf 88' lang='lat' dir='ltr'><strong>te</strong></span> <span class='ocrx_word' id='word_1_290' title='bbox 565 3831 776 3905; x_wconf 84' lang='lat' dir='ltr'><strong>loquor,</strong></span> <span class='ocrx_word' id='word_1_291' title='bbox 819 3836 886 3893; x_wconf 81' lang='lat' dir='ltr'><strong>de</strong></span> <span class='ocrx_word' id='word_1_292' title='bbox 912 3843 963 3893; x_wconf 85' lang='lat' dir='ltr'><strong>te</strong></span> <span class='ocrx_word' id='word_1_293' title='bbox 1005 3838 1205 3904; x_wconf 85' lang='lat' dir='ltr'><strong>scribo,</strong></span> <span class='ocrx_word' id='word_1_294' title='bbox 1252 3836 1320 3893; x_wconf 86' lang='lat' dir='ltr'><strong>de</strong></span> <span class='ocrx_word' id='word_1_295' title='bbox 1349 3846 1402 3893; x_wconf 87' lang='lat' dir='ltr'><strong>te</strong></span> <span class='ocrx_word' id='word_1_296' title='bbox 1437 3837 1577 3907; x_wconf 80' lang='lat' dir='ltr'><strong>lego,</strong></span> <span class='ocrx_word' id='word_1_297' title='bbox 1632 3837 1700 3891; x_wconf 90' lang='lat' dir='ltr'><strong>de</strong></span> <span class='ocrx_word' id='word_1_298' title='bbox 1733 3831 1783 3893; x_wconf 83' lang='lat' dir='ltr'><strong>té</strong></span> <span class='ocrx_word' id='word_1_299' title='bbox 1810 3837 2051 3904; x_wconf 88' lang='lat' dir='ltr'><strong>confero,</strong></span> 
     </span>
    </p>
   </div>
   <div class='ocr_carea' id='block_1_42' title="bbox 480 3926 2052 4001">
    <p class='ocr_par' dir='ltr' id='par_1_42' title="bbox 480 3926 2052 4001">
     <span class='ocr_line' id='line_1_42' title="bbox 480 3926 2052 4001; baseline 0.005 -24"><span class='ocrx_word' id='word_1_300' title='bbox 480 3926 694 3993; x_wconf 83' lang='lat' dir='ltr'><strong>quoties</strong></span> <span class='ocrx_word' id='word_1_301' title='bbox 731 3937 784 3982; x_wconf 89' lang='lat' dir='ltr'><strong>tu</strong></span> <span class='ocrx_word' id='word_1_302' title='bbox 826 3926 1162 3997; x_wconf 86' lang='lat' dir='ltr'><strong>reminiscor,</strong></span> <span class='ocrx_word' id='word_1_303' title='bbox 1207 3929 1301 3985; x_wconf 93' lang='lat' dir='ltr'><strong>tibi</strong></span> <span class='ocrx_word' id='word_1_304' title='bbox 1334 3929 1555 3997; x_wconf 85' lang='lat' dir='ltr'><strong>assiste,</strong></span> <span class='ocrx_word' id='word_1_305' title='bbox 1606 3928 1815 3997; x_wconf 87' lang='lat' dir='ltr'><strong>laudes,</strong></span> <span class='ocrx_word' id='word_1_306' title='bbox 1844 3945 2052 4001; x_wconf 87' lang='lat' dir='ltr'><strong>preces,</strong></span> 
     </span>
    </p>
   </div>
   <div class='ocr_carea' id='block_1_43' title="bbox 480 4016 2055 4088">
    <p class='ocr_par' dir='ltr' id='par_1_43' title="bbox 480 4016 2055 4088">
     <span class='ocr_line' id='line_1_43' title="bbox 480 4016 2055 4088; baseline 0.004 -21"><span class='ocrx_word' id='word_1_307' title='bbox 480 4024 537 4077; x_wconf 85' lang='lat' dir='ltr'><strong>et</strong></span> <span class='ocrx_word' id='word_1_308' title='bbox 564 4016 888 4072; x_wconf 85' lang='lat' dir='ltr'><strong>sacriﬁcium</strong></span> <span class='ocrx_word' id='word_1_309' title='bbox 911 4017 1101 4086; x_wconf 72' lang='lat' dir='ltr'><strong>offero,</strong></span> <span class='ocrx_word' id='word_1_310' title='bbox 1133 4017 1288 4086; x_wconf 85' lang='lat' dir='ltr'><strong>toties</strong></span> <span class='ocrx_word' id='word_1_311' title='bbox 1310 4018 1517 4073; x_wconf 78' lang='lat' dir='ltr'><strong>obortis</strong></span> <span class='ocrx_word' id='word_1_312' title='bbox 1562 4018 1816 4088; x_wconf 83' lang='lat' dir='ltr'><strong>lacrymis</strong></span> <span class='ocrx_word' id='word_1_313' title='bbox 1844 4019 1895 4073; x_wconf 91' lang='lat' dir='ltr'><strong>in</strong></span> <span class='ocrx_word' id='word_1_314' title='bbox 1924 4035 2055 4076; x_wconf 89' lang='lat' dir='ltr'><strong>cou-</strong></span> 
     </span>
    </p>
   </div>
   <div class='ocr_carea' id='block_1_44' title="bbox 480 4104 2049 4177">
    <p class='ocr_par' dir='ltr' id='par_1_44' title="bbox 480 4104 2049 4177">
     <span class='ocr_line' id='line_1_44' title="bbox 480 4104 2049 4177; baseline 0.004 -19"><span class='ocrx_word' id='word_1_315' title='bbox 480 4113 665 4173; x_wconf 87' lang='lat' dir='ltr'><strong>spcctu</strong></span> <span class='ocrx_word' id='word_1_316' title='bbox 709 4113 800 4160; x_wconf 90' lang='lat' dir='ltr'><strong>tuo</strong></span> <span class='ocrx_word' id='word_1_317' title='bbox 830 4106 1045 4177; x_wconf 83' lang='lat' dir='ltr'><strong>copiose</strong></span> <span class='ocrx_word' id='word_1_318' title='bbox 1072 4116 1126 4162; x_wconf 89' lang='lat' dir='ltr'><strong>et</strong></span> <span class='ocrx_word' id='word_1_319' title='bbox 1153 4107 1382 4164; x_wconf 85' lang='lat' dir='ltr'><strong>dulciter</strong></span> <span class='ocrx_word' id='word_1_320' title='bbox 1403 4107 1584 4173; x_wconf 78' lang='lat' dir='ltr'><strong>ﬂeain,</strong></span> <span class='ocrx_word' id='word_1_321' title='bbox 1624 4104 1789 4165; x_wconf 81' lang='lat' dir='ltr'><strong>itaut</strong></span> <span class='ocrx_word' id='word_1_322' title='bbox 1812 4109 2049 4165; x_wconf 74' lang='lat' dir='ltr'><strong>allician-</strong></span> 
     </span>
    </p>
   </div>
   <div class='ocr_carea' id='block_1_45' title="bbox 483 4195 2065 4277">
    <p class='ocr_par' dir='ltr' id='par_1_45' title="bbox 483 4195 2065 4277">
     <span class='ocr_line' id='line_1_45' title="bbox 483 4195 2065 4277; baseline 0.007 -31"><span class='ocrx_word' id='word_1_323' title='bbox 483 4204 569 4246; x_wconf 90' lang='lat' dir='ltr'><strong>tur</strong></span> <span class='ocrx_word' id='word_1_324' title='bbox 590 4195 716 4277; x_wconf 69' lang='lat' dir='ltr'><strong>nti/ti</strong></span> <span class='ocrx_word' id='word_1_325' title='bbox 736 4195 982 4265; x_wconf 72' lang='lat' dir='ltr'><strong>lacryma</strong></span> <span class='ocrx_word' id='word_1_326' title='bbox 1002 4214 1131 4252; x_wconf 74' lang='lat' dir='ltr'><strong>mea:</strong></span> <span class='ocrx_word' id='word_1_327' title='bbox 1150 4213 1308 4269; x_wconf 75' lang='lat' dir='ltr'><strong>partes</strong></span> <span class='ocrx_word' id='word_1_328' title='bbox 1320 4198 1404 4254; x_wconf 84' lang='lat' dir='ltr'><strong>die</strong></span> <span class='ocrx_word' id='word_1_329' title='bbox 1419 4216 1483 4253; x_wconf 80' lang='lat' dir='ltr'><strong>ac</strong></span> <span class='ocrx_word' id='word_1_330' title='bbox 1495 4209 1642 4255; x_wconf 83' lang='lat' dir='ltr'><strong>nocte</strong></span> <span class='ocrx_word' id='word_1_331' title='bbox 1661 4196 1834 4271; x_wconf 70' lang='lat' dir='ltr'><strong>(Paul.</strong></span> <span class='ocrx_word' id='word_1_332' title='bbox 1848 4216 1956 4269; x_wconf 79' lang='lat' dir='ltr'><strong>xu,</strong></span> <span class='ocrx_word' id='word_1_333' title='bbox 1974 4204 2065 4273; x_wconf 17' lang='lat'><strong>4)..</strong></span> 
     </span>
    </p>
   </div>
   <div class='ocr_carea' id='block_1_46' title="bbox 483 4285 2055 4365">
    <p class='ocr_par' dir='ltr' id='par_1_46' title="bbox 483 4285 2055 4365">
     <span class='ocr_line' id='line_1_46' title="bbox 483 4285 2055 4365; baseline 0.006 -26"><span class='ocrx_word' id='word_1_334' title='bbox 483 4285 562 4340; x_wconf 87' lang='lat' dir='ltr'><strong>Tu</strong></span> <span class='ocrx_word' id='word_1_335' title='bbox 599 4288 842 4357; x_wconf 83' lang='lat' dir='ltr'><strong>quidem,</strong></span> <span class='ocrx_word' id='word_1_336' title='bbox 889 4286 1001 4344; x_wconf 77' lang='lat' dir='ltr'><strong>Rex</strong></span> <span class='ocrx_word' id='word_1_337' title='bbox 1030 4290 1212 4361; x_wconf 68' lang='lat' dir='ltr'><strong>gloria</strong></span> <span class='ocrx_word' id='word_1_338' title='bbox 1249 4299 1305 4346; x_wconf 88' lang='lat' dir='ltr'><strong>et</strong></span> <span class='ocrx_word' id='word_1_339' title='bbox 1325 4291 1563 4359; x_wconf 87' lang='lat' dir='ltr'><strong>omnium</strong></span> <span class='ocrx_word' id='word_1_340' title='bbox 1597 4291 1853 4347; x_wconf 87' lang='lat' dir='ltr'><strong>virtutum</strong></span> <span class='ocrx_word' id='word_1_341' title='bbox 1886 4297 2055 4365; x_wconf 78' lang='lat' dir='ltr'><strong>magi-</strong></span> 
     </span>
    </p>
   </div>
   <div class='ocr_carea' id='block_1_47' title="bbox 479 4365 2049 4449">
    <p class='ocr_par' dir='ltr' id='par_1_47' title="bbox 479 4365 2049 4449">
     <span class='ocr_line' id='line_1_47' title="bbox 479 4365 2049 4449; baseline 0.004 -20"><span class='ocrx_word' id='word_1_342' title='bbox 479 4365 617 4440; x_wconf 81' lang='lat' dir='ltr'><strong>ster,</strong></span> <span class='ocrx_word' id='word_1_343' title='bbox 646 4366 872 4432; x_wconf 88' lang='lat' dir='ltr'><strong>docuisti</strong></span> <span class='ocrx_word' id='word_1_344' title='bbox 904 4392 1000 4434; x_wconf 75' lang='lat' dir='ltr'><strong>nos</strong></span> <span class='ocrx_word' id='word_1_345' title='bbox 1029 4380 1192 4435; x_wconf 76' lang='lat' dir='ltr'><strong>verba</strong></span> <span class='ocrx_word' id='word_1_346' title='bbox 1218 4388 1274 4436; x_wconf 88' lang='lat' dir='ltr'><strong>et</strong></span> <span class='ocrx_word' id='word_1_347' title='bbox 1300 4378 1545 4449; x_wconf 84' lang='lat' dir='ltr'><strong>exemplo</strong></span> <span class='ocrx_word' id='word_1_348' title='bbox 1564 4394 1780 4449; x_wconf 87' lang='lat' dir='ltr'><strong>gemere</strong></span> <span class='ocrx_word' id='word_1_349' title='bbox 1808 4392 1859 4437; x_wconf 90' lang='lat' dir='ltr'><strong>et</strong></span> <span class='ocrx_word' id='word_1_350' title='bbox 1899 4382 2049 4449; x_wconf 85' lang='lat' dir='ltr'><strong>ﬂere,</strong></span> 
     </span>
    </p>
   </div>
   <div class='ocr_carea' id='block_1_48' title="bbox 2187 573 3772 648">
    <p class='ocr_par' dir='ltr' id='par_1_48' title="bbox 2187 573 3772 648">
     <span class='ocr_line' id='line_1_48' title="bbox 2187 573 3772 648; baseline 0.003 -20"><span class='ocrx_word' id='word_1_351' title='bbox 2187 573 2380 628; x_wconf 91' lang='lat' dir='ltr'><strong>dedisti</strong></span> <span class='ocrx_word' id='word_1_352' title='bbox 2440 574 2689 645; x_wconf 81' lang='lat' dir='ltr'><strong>patribus</strong></span> <span class='ocrx_word' id='word_1_353' title='bbox 2754 575 2973 641; x_wconf 77' lang='lat' dir='ltr'><strong>nostris,</strong></span> <span class='ocrx_word' id='word_1_354' title='bbox 3035 591 3266 645; x_wconf 90' lang='lat' dir='ltr'><strong>quorum</strong></span> <span class='ocrx_word' id='word_1_355' title='bbox 3316 575 3541 648; x_wconf 87' lang='lat' dir='ltr'><strong>vestigia</strong></span> <span class='ocrx_word' id='word_1_356' title='bbox 3589 576 3772 632; x_wconf 85' lang='lat' dir='ltr'><strong>debeo.</strong></span> 
     </span>
    </p>
   </div>
   <div class='ocr_carea' id='block_1_49' title="bbox 2187 663 3761 737">
    <p class='ocr_par' dir='ltr' id='par_1_49' title="bbox 2187 663 3761 737">
     <span class='ocr_line' id='line_1_49' title="bbox 2187 663 3761 737; baseline 0.003 -19"><span class='ocrx_word' id='word_1_357' title='bbox 2187 663 2407 731; x_wconf 85' lang='lat' dir='ltr'><strong>imitari,</strong></span> <span class='ocrx_word' id='word_1_358' title='bbox 2438 674 2496 720; x_wconf 91' lang='lat' dir='ltr'><strong>ut</strong></span> <span class='ocrx_word' id='word_1_359' title='bbox 2518 665 2770 737; x_wconf 76' lang='lat' dir='ltr'><strong>plangam</strong></span> <span class='ocrx_word' id='word_1_360' title='bbox 2799 680 2887 721; x_wconf 86' lang='lat' dir='ltr'><strong>me</strong></span> <span class='ocrx_word' id='word_1_361' title='bbox 2915 667 2966 721; x_wconf 92' lang='lat' dir='ltr'><strong>in</strong></span> <span class='ocrx_word' id='word_1_362' title='bbox 2992 667 3139 722; x_wconf 90' lang='lat' dir='ltr'><strong>omni</strong></span> <span class='ocrx_word' id='word_1_363' title='bbox 3165 668 3271 724; x_wconf 85' lang='lat' dir='ltr'><strong>vita</strong></span> <span class='ocrx_word' id='word_1_364' title='bbox 3302 683 3440 733; x_wconf 88' lang='lat' dir='ltr'><strong>mea,</strong></span> <span class='ocrx_word' id='word_1_365' title='bbox 3481 668 3628 723; x_wconf 91' lang='lat' dir='ltr'><strong>sicut</strong></span> <span class='ocrx_word' id='word_1_366' title='bbox 3658 667 3761 737; x_wconf 85' lang='lat' dir='ltr'><strong>ipsi</strong></span> 
     </span>
    </p>
   </div>
   <div class='ocr_carea' id='block_1_50' title="bbox 2181 756 3763 829">
    <p class='ocr_par' dir='ltr' id='par_1_50' title="bbox 2181 756 3763 829">
     <span class='ocr_line' id='line_1_50' title="bbox 2181 756 3763 829; baseline 0.002 -20"><span class='ocrx_word' id='word_1_367' title='bbox 2181 770 2243 810; x_wconf 91' lang='lat' dir='ltr'><strong>se</strong></span> <span class='ocrx_word' id='word_1_368' title='bbox 2263 756 2585 827; x_wconf 75' lang='lat' dir='ltr'><strong>planxerunt</strong></span> <span class='ocrx_word' id='word_1_369' title='bbox 2625 768 2783 829; x_wconf 87' lang='lat' dir='ltr'><strong>nocte</strong></span> <span class='ocrx_word' id='word_1_370' title='bbox 2809 773 2873 813; x_wconf 90' lang='lat' dir='ltr'><strong>ac</strong></span> <span class='ocrx_word' id='word_1_371' title='bbox 2909 757 3017 812; x_wconf 87' lang='lat' dir='ltr'><strong>die.</strong></span> <span class='ocrx_word' id='word_1_372' title='bbox 3052 757 3275 827; x_wconf 79' lang='lat' dir='ltr'><strong>Propter</strong></span> <span class='ocrx_word' id='word_1_373' title='bbox 3322 760 3510 818; x_wconf 86' lang='lat' dir='ltr'><strong>merita</strong></span> <span class='ocrx_word' id='word_1_374' title='bbox 3554 769 3609 815; x_wconf 89' lang='lat' dir='ltr'><strong>et</strong></span> <span class='ocrx_word' id='word_1_375' title='bbox 3634 773 3763 814; x_wconf 80' lang='lat' dir='ltr'><strong>ora-</strong></span> 
     </span>
    </p>
   </div>
   <div class='ocr_carea' id='block_1_51' title="bbox 2184 847 3763 920">
    <p class='ocr_par' dir='ltr' id='par_1_51' title="bbox 2184 847 3763 920">
     <span class='ocr_line' id='line_1_51' title="bbox 2184 847 3763 920; baseline 0.002 -19"><span class='ocrx_word' id='word_1_376' title='bbox 2184 847 2355 903; x_wconf 81' lang='lat' dir='ltr'><strong>tiones</strong></span> <span class='ocrx_word' id='word_1_377' title='bbox 2382 863 2566 904; x_wconf 87' lang='lat' dir='ltr'><strong>eorum</strong></span> <span class='ocrx_word' id='word_1_378' title='bbox 2603 850 2693 920; x_wconf 88' lang='lat' dir='ltr'><strong>qui</strong></span> <span class='ocrx_word' id='word_1_379' title='bbox 2721 849 2817 905; x_wconf 87' lang='lat' dir='ltr'><strong>tibi</strong></span> <span class='ocrx_word' id='word_1_380' title='bbox 2842 849 3159 920; x_wconf 87' lang='lat' dir='ltr'><strong>placuerunt</strong></span> <span class='ocrx_word' id='word_1_381' title='bbox 3188 859 3243 906; x_wconf 87' lang='lat' dir='ltr'><strong>et</strong></span> <span class='ocrx_word' id='word_1_382' title='bbox 3277 851 3763 907; x_wconf 64' lang='lat' dir='ltr'><strong>devotissime‘ser.</strong></span> 
     </span>
    </p>
   </div>
   <div class='ocr_carea' id='block_1_52' title="bbox 2182 938 3761 1010">
    <p class='ocr_par' dir='ltr' id='par_1_52' title="bbox 2182 938 3761 1010">
     <span class='ocr_line' id='line_1_52' title="bbox 2182 938 3761 1010; baseline 0.002 -17"><span class='ocrx_word' id='word_1_383' title='bbox 2182 938 2409 1003; x_wconf 88' lang='lat' dir='ltr'><strong>vicrunt,</strong></span> <span class='ocrx_word' id='word_1_384' title='bbox 2439 941 2698 999; x_wconf 88' lang='lat' dir='ltr'><strong>miserere</strong></span> <span class='ocrx_word' id='word_1_385' title='bbox 2721 943 2826 997; x_wconf 91' lang='lat' dir='ltr'><strong>mei</strong></span> <span class='ocrx_word' id='word_1_386' title='bbox 2858 940 3151 997; x_wconf 85' lang='lat' dir='ltr'><strong>miserrimi</strong></span> <span class='ocrx_word' id='word_1_387' title='bbox 3180 949 3235 995; x_wconf 91' lang='lat' dir='ltr'><strong>ct</strong></span> <span class='ocrx_word' id='word_1_388' title='bbox 3263 940 3466 1010; x_wconf 77' lang='lat' dir='ltr'><strong>indigni</strong></span> <span class='ocrx_word' id='word_1_389' title='bbox 3496 943 3636 996; x_wconf 89' lang='lat' dir='ltr'><strong>servi</strong></span> <span class='ocrx_word' id='word_1_390' title='bbox 3662 943 3761 1007; x_wconf 90' lang='lat' dir='ltr'><strong>tui,</strong></span> 
     </span>
    </p>
   </div>
   <div class='ocr_carea' id='block_1_53' title="bbox 2182 1018 3762 1109">
    <p class='ocr_par' dir='ltr' id='par_1_53' title="bbox 2182 1018 3762 1109">
     <span class='ocr_line' id='line_1_53' title="bbox 2182 1018 3762 1109; baseline 0.001 -26"><span class='ocrx_word' id='word_1_391' title='bbox 2182 1018 2235 1083; x_wconf 83' lang='lat' dir='ltr'><strong>et</strong></span> <span class='ocrx_word' id='word_1_392' title='bbox 2274 1028 2338 1083; x_wconf 90' lang='lat' dir='ltr'><strong>da</strong></span> <span class='ocrx_word' id='word_1_393' title='bbox 2370 1028 2500 1083; x_wconf 88' lang='lat' dir='ltr'><strong>mihi</strong></span> <span class='ocrx_word' id='word_1_394' title='bbox 2538 1018 2767 1099; x_wconf 75' lang='lat' dir='ltr'><strong>gratiam</strong></span> <span class='ocrx_word' id='word_1_395' title='bbox 2802 1032 3192 1103; x_wconf 85' lang='lat' dir='ltr'><strong>lacrymarum.</strong></span> <span class='ocrx_word' id='word_1_396' title='bbox 3226 1030 3301 1109; x_wconf 75' lang='lat' dir='ltr'><strong>Da</strong></span> <span class='ocrx_word' id='word_1_397' title='bbox 3331 1030 3461 1099; x_wconf 85' lang='lat' dir='ltr'><strong>mihi</strong></span> <span class='ocrx_word' id='word_1_398' title='bbox 3502 1031 3762 1101; x_wconf 87' lang='lat' dir='ltr'><strong>irriguum</strong></span> 
     </span>
    </p>
   </div>
   <div class='ocr_carea' id='block_1_54' title="bbox 2181 1120 3763 1192">
    <p class='ocr_par' dir='ltr' id='par_1_54' title="bbox 2181 1120 3763 1192">
     <span class='ocr_line' id='line_1_54' title="bbox 2181 1120 3763 1192; baseline 0.002 -19"><span class='ocrx_word' id='word_1_399' title='bbox 2181 1120 2451 1190; x_wconf 89' lang='lat' dir='ltr'><strong>superius,</strong></span> <span class='ocrx_word' id='word_1_400' title='bbox 2478 1128 2534 1174; x_wconf 88' lang='lat' dir='ltr'><strong>et</strong></span> <span class='ocrx_word' id='word_1_401' title='bbox 2560 1121 2819 1191; x_wconf 86' lang='lat' dir='ltr'><strong>irriguum</strong></span> <span class='ocrx_word' id='word_1_402' title='bbox 2856 1122 3101 1187; x_wconf 89' lang='lat' dir='ltr'><strong>inferius,</strong></span> <span class='ocrx_word' id='word_1_403' title='bbox 3130 1122 3339 1178; x_wconf 85' lang='lat' dir='ltr'><strong>ut‘sint</strong></span> <span class='ocrx_word' id='word_1_404' title='bbox 3364 1123 3495 1177; x_wconf 80' lang='lat' dir='ltr'><strong>mihi</strong></span> <span class='ocrx_word' id='word_1_405' title='bbox 3516 1123 3763 1192; x_wconf 77' lang='lat' dir='ltr'><strong>lacryma:</strong></span> 
     </span>
    </p>
   </div>
   <div class='ocr_carea' id='block_1_55' title="bbox 2182 1209 3779 1291">
    <p class='ocr_par' dir='ltr' id='par_1_55' title="bbox 2182 1209 3779 1291">
     <span class='ocr_line' id='line_1_55' title="bbox 2182 1209 3779 1291; baseline 0.003 -30"><span class='ocrx_word' id='word_1_406' title='bbox 2182 1225 2308 1262; x_wconf 77' lang='lat' dir='ltr'><strong>utea:</strong></span> <span class='ocrx_word' id='word_1_407' title='bbox 2331 1224 2493 1278; x_wconf 81' lang='lat' dir='ltr'><strong>panes</strong></span> <span class='ocrx_word' id='word_1_408' title='bbox 2512 1209 2597 1262; x_wconf 80' lang='lat' dir='ltr'><strong>die</strong></span> <span class='ocrx_word' id='word_1_409' title='bbox 2625 1225 2687 1262; x_wconf 88' lang='lat' dir='ltr'><strong>ac</strong></span> <span class='ocrx_word' id='word_1_410' title='bbox 2712 1221 2885 1275; x_wconf 82' lang='lat' dir='ltr'><strong>nocte,</strong></span> <span class='ocrx_word' id='word_1_411' title='bbox 2908 1212 3217 1282; x_wconf 84' lang='lat' dir='ltr'><strong>ellieiarque</strong></span> <span class='ocrx_word' id='word_1_412' title='bbox 3242 1213 3294 1266; x_wconf 93' lang='lat' dir='ltr'><strong>in</strong></span> <span class='ocrx_word' id='word_1_413' title='bbox 3326 1221 3618 1280; x_wconf 83' lang='lat' dir='ltr'><strong>conspectu</strong></span> <span class='ocrx_word' id='word_1_414' title='bbox 3650 1220 3779 1291; x_wconf 45' lang='lat' dir='ltr'><strong>tuo,</strong></span> 
     </span>
    </p>
   </div>
   <div class='ocr_carea' id='block_1_56' title="bbox 2182 1300 3761 1372">
    <p class='ocr_par' dir='ltr' id='par_1_56' title="bbox 2182 1300 3761 1372">
     <span class='ocr_line' id='line_1_56' title="bbox 2182 1300 3761 1372; baseline 0.001 -16"><span class='ocrx_word' id='word_1_415' title='bbox 2182 1300 2323 1356; x_wconf 84' lang='lat' dir='ltr'><strong>Deus</strong></span> <span class='ocrx_word' id='word_1_416' title='bbox 2364 1314 2535 1364; x_wconf 89' lang='lat' dir='ltr'><strong>meus,</strong></span> <span class='ocrx_word' id='word_1_417' title='bbox 2561 1315 2657 1369; x_wconf 89' lang='lat' dir='ltr'><strong>per</strong></span> <span class='ocrx_word' id='word_1_418' title='bbox 2697 1300 2873 1370; x_wconf 80' lang='lat' dir='ltr'><strong>ignem</strong></span> <span class='ocrx_word' id='word_1_419' title='bbox 2904 1304 3349 1372; x_wconf 89' lang='lat' dir='ltr'><strong>compunctionis,</strong></span> <span class='ocrx_word' id='word_1_420' title='bbox 3384 1303 3761 1363; x_wconf 84' lang='lat' dir='ltr'><strong>holocaustum</strong></span> 
     </span>
    </p>
   </div>
   <div class='ocr_carea' id='block_1_57' title="bbox 2181 1390 3772 1467">
    <p class='ocr_par' dir='ltr' id='par_1_57' title="bbox 2181 1390 3772 1467">
     <span class='ocr_line' id='line_1_57' title="bbox 2181 1390 3772 1467; baseline 0.003 -24"><span class='ocrx_word' id='word_1_421' title='bbox 2181 1390 2376 1460; x_wconf 78' lang='lat' dir='ltr'><strong>pingue</strong></span> <span class='ocrx_word' id='word_1_422' title='bbox 2416 1400 2472 1445; x_wconf 88' lang='lat' dir='ltr'><strong>et</strong></span> <span class='ocrx_word' id='word_1_423' title='bbox 2499 1390 2883 1467; x_wconf 83' lang='lat' dir='ltr'><strong>medullatum;</strong></span> <span class='ocrx_word' id='word_1_424' title='bbox 2930 1402 3134 1447; x_wconf 86' lang='lat' dir='ltr'><strong>macter</strong></span> <span class='ocrx_word' id='word_1_425' title='bbox 3158 1403 3300 1450; x_wconf 91' lang='lat' dir='ltr'><strong>totus</strong></span> <span class='ocrx_word' id='word_1_426' title='bbox 3346 1395 3399 1453; x_wconf 91' lang='lat' dir='ltr'><strong>in</strong></span> <span class='ocrx_word' id='word_1_427' title='bbox 3441 1410 3535 1449; x_wconf 85' lang='lat' dir='ltr'><strong>ara</strong></span> <span class='ocrx_word' id='word_1_428' title='bbox 3580 1394 3772 1449; x_wconf 85' lang='lat' dir='ltr'><strong>cordis</strong></span> 
     </span>
    </p>
   </div>
   <div class='ocr_carea' id='block_1_58' title="bbox 2181 1477 3761 1549">
    <p class='ocr_par' dir='ltr' id='par_1_58' title="bbox 2181 1477 3761 1549">
     <span class='ocr_line' id='line_1_58' title="bbox 2181 1477 3761 1549; baseline 0.004 -19"><span class='ocrx_word' id='word_1_429' title='bbox 2181 1477 2599 1548; x_wconf 47' lang='lat' dir='ltr'><strong>mei,‘tanquam</strong></span> <span class='ocrx_word' id='word_1_430' title='bbox 2648 1480 3057 1549; x_wconf 83' lang='lat' dir='ltr'><strong>pinguissimum</strong></span> <span class='ocrx_word' id='word_1_431' title='bbox 3088 1481 3459 1547; x_wconf 86' lang='lat' dir='ltr'><strong>holocaustqu</strong></span> <span class='ocrx_word' id='word_1_432' title='bbox 3508 1500 3761 1539; x_wconf 87' lang='lat' dir='ltr'><strong>assutuar</strong></span> 
     </span>
    </p>
   </div>
   <div class='ocr_carea' id='block_1_59' title="bbox 2183 1567 3760 1639">
    <p class='ocr_par' dir='ltr' id='par_1_59' title="bbox 2183 1567 3760 1639">
     <span class='ocr_line' id='line_1_59' title="bbox 2183 1567 3760 1639; baseline 0.005 -17"><span class='ocrx_word' id='word_1_433' title='bbox 2183 1567 2273 1623; x_wconf 90' lang='lat' dir='ltr'><strong>tibi</strong></span> <span class='ocrx_word' id='word_1_434' title='bbox 2290 1568 2343 1623; x_wconf 92' lang='lat' dir='ltr'><strong>in</strong></span> <span class='ocrx_word' id='word_1_435' title='bbox 2359 1571 2581 1627; x_wconf 85' lang='lat' dir='ltr'><strong>odorem</strong></span> <span class='ocrx_word' id='word_1_436' title='bbox 2607 1571 2907 1626; x_wconf 87' lang='lat' dir='ltr'><strong>suavitatis.</strong></span> <span class='ocrx_word' id='word_1_437' title='bbox 2928 1570 3003 1625; x_wconf 88' lang='lat' dir='ltr'><strong>Da</strong></span> <span class='ocrx_word' id='word_1_438' title='bbox 3022 1571 3177 1638; x_wconf 87' lang='lat' dir='ltr'><strong>mihi,</strong></span> <span class='ocrx_word' id='word_1_439' title='bbox 3195 1570 3527 1639; x_wconf 88' lang='lat' dir='ltr'><strong>dulcissime,</strong></span> <span class='ocrx_word' id='word_1_440' title='bbox 3554 1574 3760 1630; x_wconf 78' lang='lat' dir='ltr'><strong>fontem</strong></span> 
     </span>
    </p>
   </div>
   <div class='ocr_carea' id='block_1_60' title="bbox 2178 1660 3763 1733">
    <p class='ocr_par' dir='ltr' id='par_1_60' title="bbox 2178 1660 3763 1733">
     <span class='ocr_line' id='line_1_60' title="bbox 2178 1660 3763 1733; baseline 0.003 -20"><span class='ocrx_word' id='word_1_441' title='bbox 2178 1660 2437 1729; x_wconf 80' lang='lat' dir='ltr'><strong>irriguum</strong></span> <span class='ocrx_word' id='word_1_442' title='bbox 2490 1660 2804 1731; x_wconf 83' lang='lat' dir='ltr'><strong>fontemque</strong></span> <span class='ocrx_word' id='word_1_443' title='bbox 2856 1661 3219 1731; x_wconf 83' lang='lat' dir='ltr'><strong>perspicuum,</strong></span> <span class='ocrx_word' id='word_1_444' title='bbox 3281 1664 3332 1718; x_wconf 90' lang='lat' dir='ltr'><strong>in</strong></span> <span class='ocrx_word' id='word_1_445' title='bbox 3391 1679 3504 1733; x_wconf 86' lang='lat' dir='ltr'><strong>quo</strong></span> <span class='ocrx_word' id='word_1_446' title='bbox 3549 1664 3763 1720; x_wconf 85' lang='lat' dir='ltr'><strong>lavetur</strong></span> 
     </span>
    </p>
   </div>
   <div class='ocr_carea' id='block_1_61' title="bbox 2175 1752 3761 1822">
    <p class='ocr_par' dir='ltr' id='par_1_61' title="bbox 2175 1752 3761 1822">
     <span class='ocr_line' id='line_1_61' title="bbox 2175 1752 3761 1822; baseline 0.001 -16"><span class='ocrx_word' id='word_1_447' title='bbox 2175 1753 2577 1809; x_wconf 82' lang='lat' dir='ltr'><strong>assidue-istud</strong></span> <span class='ocrx_word' id='word_1_448' title='bbox 2619 1753 2957 1822; x_wconf 85' lang='lat' dir='ltr'><strong>inquinatum</strong></span> <span class='ocrx_word' id='word_1_449' title='bbox 2999 1752 3397 1817; x_wconf 85' lang='lat' dir='ltr'><strong>holocaustum.</strong></span> <span class='ocrx_word' id='word_1_450' title='bbox 3440 1753 3590 1809; x_wconf 88' lang='lat' dir='ltr'><strong>Licet</strong></span> <span class='ocrx_word' id='word_1_451' title='bbox 3615 1755 3761 1809; x_wconf 82' lang='lat' dir='ltr'><strong>enim</strong></span> 
     </span>
    </p>
   </div>
   <div class='ocr_carea' id='block_1_62' title="bbox 2177 1840 3762 1917">
    <p class='ocr_par' dir='ltr' id='par_1_62' title="bbox 2177 1840 3762 1917">
     <span class='ocr_line' id='line_1_62' title="bbox 2177 1840 3762 1917; baseline 0.003 -23"><span class='ocrx_word' id='word_1_452' title='bbox 2177 1858 2261 1896; x_wconf 89' lang='lat' dir='ltr'><strong>me</strong></span> <span class='ocrx_word' id='word_1_453' title='bbox 2303 1851 2472 1903; x_wconf 83' lang='lat' dir='ltr'><strong>totum</strong></span> <span class='ocrx_word' id='word_1_454' title='bbox 2508 1841 2603 1897; x_wconf 87' lang='lat' dir='ltr'><strong>tibi</strong></span> <span class='ocrx_word' id='word_1_455' title='bbox 2652 1840 2938 1897; x_wconf 88' lang='lat' dir='ltr'><strong>obtulerim</strong></span> <span class='ocrx_word' id='word_1_456' title='bbox 2973 1841 3274 1914; x_wconf 87' lang='lat' dir='ltr'><strong>cpitulantc</strong></span> <span class='ocrx_word' id='word_1_457' title='bbox 3319 1844 3509 1917; x_wconf 82' lang='lat' dir='ltr'><strong>gratia</strong></span> <span class='ocrx_word' id='word_1_458' title='bbox 3544 1851 3657 1908; x_wconf 83' lang='lat' dir='ltr'><strong>tua,</strong></span> <span class='ocrx_word' id='word_1_459' title='bbox 3707 1846 3762 1899; x_wconf 89' lang='lat' dir='ltr'><strong>in</strong></span> 
     </span>
    </p>
   </div>
   <div class='ocr_carea' id='block_1_63' title="bbox 2176 1931 3768 2015">
    <p class='ocr_par' dir='ltr' id='par_1_63' title="bbox 2176 1931 3768 2015">
     <span class='ocr_line' id='line_1_63' title="bbox 2176 1931 3768 2015; baseline 0.006 -29"><span class='ocrx_word' id='word_1_460' title='bbox 2176 1932 2357 1987; x_wconf 90' lang='lat' dir='ltr'><strong>multis</strong></span> <span class='ocrx_word' id='word_1_461' title='bbox 2383 1934 2548 2015; x_wconf 72' lang='lat'><strong>258</strong></span> <span class='ocrx_word' id='word_1_462' title='bbox 2576 1941 2756 1988; x_wconf 89' lang='lat' dir='ltr'><strong>tamen</strong></span> <span class='ocrx_word' id='word_1_463' title='bbox 2780 1934 3019 2011; x_wconf 83' lang='lat' dir='ltr'><strong>quotidie</strong></span> <span class='ocrx_word' id='word_1_464' title='bbox 3042 1931 3257 1991; x_wconf 79' lang='lat' dir='ltr'><strong>oil‘eudo</strong></span> <span class='ocrx_word' id='word_1_465' title='bbox 3284 1948 3504 2007; x_wconf 81' lang='lat' dir='ltr'><strong>propler</strong></span> <span class='ocrx_word' id='word_1_466' title='bbox 3532 1937 3768 1995; x_wconf 84' lang='lat' dir='ltr'><strong>nimiam.</strong></span> 
     </span>
    </p>
   </div>
   <div class='ocr_carea' id='block_1_64' title="bbox 2177 2021 3757 2101">
    <p class='ocr_par' dir='ltr' id='par_1_64' title="bbox 2177 2021 3757 2101">
     <span class='ocr_line' id='line_1_64' title="bbox 2177 2021 3757 2101; baseline 0.006 -26"><span class='ocrx_word' id='word_1_467' title='bbox 2177 2021 2521 2091; x_wconf 79' lang='lat' dir='ltr'><strong>fragilitatem</strong></span> <span class='ocrx_word' id='word_1_468' title='bbox 2549 2038 2746 2079; x_wconf 86' lang='lat' dir='ltr'><strong>meam.</strong></span> <span class='ocrx_word' id='word_1_469' title='bbox 2786 2022 2862 2077; x_wconf 86' lang='lat' dir='ltr'><strong>Da</strong></span> <span class='ocrx_word' id='word_1_470' title='bbox 2893 2040 3021 2101; x_wconf 81' lang='lat' dir='ltr'><strong>ergo</strong></span> <span class='ocrx_word' id='word_1_471' title='bbox 3066 2025 3195 2080; x_wconf 83' lang='lat' dir='ltr'><strong>mihi</strong></span> <span class='ocrx_word' id='word_1_472' title='bbox 3221 2026 3452 2097; x_wconf 85' lang='lat' dir='ltr'><strong>gratiam</strong></span> <span class='ocrx_word' id='word_1_473' title='bbox 3478 2027 3757 2098; x_wconf 56' lang='lat' dir='ltr'><strong>lacryma-</strong></span> 
     </span>
    </p>
   </div>
   <div class='ocr_carea' id='block_1_65' title="bbox 2177 2112 3758 2188">
    <p class='ocr_par' dir='ltr' id='par_1_65' title="bbox 2177 2112 3758 2188">
     <span class='ocr_line' id='line_1_65' title="bbox 2177 2112 3758 2188; baseline 0.005 -21"><span class='ocrx_word' id='word_1_474' title='bbox 2177 2127 2317 2179; x_wconf 91' lang='lat' dir='ltr'><strong>rum,</strong></span> <span class='ocrx_word' id='word_1_475' title='bbox 2338 2112 2620 2170; x_wconf 87' lang='lat' dir='ltr'><strong>benedicte</strong></span> <span class='ocrx_word' id='word_1_476' title='bbox 2648 2123 2703 2168; x_wconf 91' lang='lat' dir='ltr'><strong>et</strong></span> <span class='ocrx_word' id='word_1_477' title='bbox 2731 2114 2979 2170; x_wconf 87' lang='lat' dir='ltr'><strong>amabilis</strong></span> <span class='ocrx_word' id='word_1_478' title='bbox 3008 2114 3173 2181; x_wconf 88' lang='lat' dir='ltr'><strong>Deus,</strong></span> <span class='ocrx_word' id='word_1_479' title='bbox 3198 2117 3468 2187; x_wconf 63' lang='lat' dir='ltr'><strong>praecipue</strong></span> <span class='ocrx_word' id='word_1_480' title='bbox 3494 2133 3559 2188; x_wconf 79' lang='lat' dir='ltr'><strong>ex</strong></span> <span class='ocrx_word' id='word_1_481' title='bbox 3590 2119 3758 2177; x_wconf 85' lang='lat' dir='ltr'><strong>multa</strong></span> 
     </span>
    </p>
   </div>
   <div class='ocr_carea' id='block_1_66' title="bbox 2174 2201 3753 2273">
    <p class='ocr_par' dir='ltr' id='par_1_66' title="bbox 2174 2201 3753 2273">
     <span class='ocr_line' id='line_1_66' title="bbox 2174 2201 3753 2273; baseline 0.005 -16"><span class='ocrx_word' id='word_1_482' title='bbox 2174 2201 2457 2259; x_wconf 71' lang='lat' dir='ltr'><strong>dulcedine</strong></span> <span class='ocrx_word' id='word_1_483' title='bbox 2483 2204 2682 2259; x_wconf 88' lang='lat' dir='ltr'><strong>amoris</strong></span> <span class='ocrx_word' id='word_1_484' title='bbox 2732 2205 2829 2273; x_wconf 84' lang='lat' dir='ltr'><strong>tui,</strong></span> <span class='ocrx_word' id='word_1_485' title='bbox 2866 2213 2920 2261; x_wconf 90' lang='lat' dir='ltr'><strong>et</strong></span> <span class='ocrx_word' id='word_1_486' title='bbox 2968 2206 3487 2268; x_wconf 86' lang='lat' dir='ltr'><strong>commemoratione</strong></span> <span class='ocrx_word' id='word_1_487' title='bbox 3538 2208 3753 2265; x_wconf 86' lang='lat' dir='ltr'><strong>miseri-</strong></span> 
     </span>
    </p>
   </div>
   <div class='ocr_carea' id='block_1_67' title="bbox 2169 2294 3761 2369">
    <p class='ocr_par' dir='ltr' id='par_1_67' title="bbox 2169 2294 3761 2369">
     <span class='ocr_line' id='line_1_67' title="bbox 2169 2294 3761 2369; baseline 0.003 -20"><span class='ocrx_word' id='word_1_488' title='bbox 2169 2294 2477 2349; x_wconf 89' lang='lat' dir='ltr'><strong>cordiarum</strong></span> <span class='ocrx_word' id='word_1_489' title='bbox 2525 2304 2760 2361; x_wconf 88' lang='lat' dir='ltr'><strong>tuarum,</strong></span> <span class='ocrx_word' id='word_1_490' title='bbox 2805 2298 3052 2369; x_wconf 78' lang='lat' dir='ltr'><strong>praepara</strong></span> <span class='ocrx_word' id='word_1_491' title='bbox 3096 2296 3239 2352; x_wconf 89' lang='lat' dir='ltr'><strong>hanc</strong></span> <span class='ocrx_word' id='word_1_492' title='bbox 3267 2299 3761 2367; x_wconf 81' lang='lat' dir='ltr'><strong>mensam.fautulo</strong></span> 
     </span>
    </p>
   </div>
   <div class='ocr_carea' id='block_1_68' title="bbox 2173 2384 3773 2459">
    <p class='ocr_par' dir='ltr' id='par_1_68' title="bbox 2173 2384 3773 2459">
     <span class='ocr_line' id='line_1_68' title="bbox 2173 2384 3773 2459; baseline 0.004 -21"><span class='ocrx_word' id='word_1_493' title='bbox 2173 2393 2263 2439; x_wconf 92' lang='lat' dir='ltr'><strong>tuo</strong></span> <span class='ocrx_word' id='word_1_494' title='bbox 2292 2384 2345 2439; x_wconf 91' lang='lat' dir='ltr'><strong>in</strong></span> <span class='ocrx_word' id='word_1_495' title='bbox 2393 2396 2685 2456; x_wconf 86' lang='lat' dir='ltr'><strong>conspectu</strong></span> <span class='ocrx_word' id='word_1_496' title='bbox 2717 2396 2843 2449; x_wconf 88' lang='lat' dir='ltr'><strong>tuo;</strong></span> <span class='ocrx_word' id='word_1_497' title='bbox 2892 2395 2950 2458; x_wconf 80' lang='lat' dir='ltr'><strong>et</strong></span> <span class='ocrx_word' id='word_1_498' title='bbox 2988 2384 3233 2451; x_wconf 78' lang='lat' dir='ltr'><strong>damihi</strong></span> <span class='ocrx_word' id='word_1_499' title='bbox 3260 2402 3381 2442; x_wconf 82' lang='lat' dir='ltr'><strong>eam</strong></span> <span class='ocrx_word' id='word_1_500' title='bbox 3412 2385 3480 2459; x_wconf 23' lang='lat' dir='ltr'><strong>in.</strong></span> <span class='ocrx_word' id='word_1_501' title='bbox 3514 2390 3773 2459; x_wconf 54' lang='lat' dir='ltr'><strong>potestur</strong></span> 
     </span>
    </p>
   </div>
   <div class='ocr_carea' id='block_1_69' title="bbox 2172 2472 3757 2551">
    <p class='ocr_par' dir='ltr' id='par_1_69' title="bbox 2172 2472 3757 2551">
     <span class='ocr_line' id='line_1_69' title="bbox 2172 2472 3757 2551; baseline 0.01 -27"><span class='ocrx_word' id='word_1_502' title='bbox 2172 2482 2281 2534; x_wconf 71' lang='lat' dir='ltr'><strong>tem</strong></span> <span class='ocrx_word' id='word_1_503' title='bbox 2313 2476 2425 2541; x_wconf 45' lang='lat' dir='ltr'><strong>&quot;il,</strong></span> <span class='ocrx_word' id='word_1_504' title='bbox 2456 2486 2512 2531; x_wconf 90' lang='lat' dir='ltr'><strong>ut</strong></span> <span class='ocrx_word' id='word_1_505' title='bbox 2535 2478 2748 2547; x_wconf 84' lang='lat' dir='ltr'><strong>quoties</strong></span> <span class='ocrx_word' id='word_1_506' title='bbox 2772 2477 2894 2533; x_wconf 88' lang='lat' dir='ltr'><strong>volo</strong></span> <span class='ocrx_word' id='word_1_507' title='bbox 2911 2477 3079 2534; x_wconf 90' lang='lat' dir='ltr'><strong>saticr</strong></span> <span class='ocrx_word' id='word_1_508' title='bbox 3105 2492 3171 2532; x_wconf 90' lang='lat' dir='ltr'><strong>ex</strong></span> <span class='ocrx_word' id='word_1_509' title='bbox 3201 2492 3291 2551; x_wconf 84' lang='lat' dir='ltr'><strong>ea,</strong></span> <span class='ocrx_word' id='word_1_510' title='bbox 3317 2478 3495 2536; x_wconf 89' lang='lat' dir='ltr'><strong>tribue</strong></span> <span class='ocrx_word' id='word_1_511' title='bbox 3518 2494 3620 2550; x_wconf 92' lang='lat' dir='ltr'><strong>pro</strong></span> <span class='ocrx_word' id='word_1_512' title='bbox 3639 2472 3757 2550; x_wconf 71' lang='lat' dir='ltr'><strong>pic-</strong></span> 
     </span>
    </p>
   </div>
   <div class='ocr_carea' id='block_1_70' title="bbox 2172 2557 3759 2638">
    <p class='ocr_par' dir='ltr' id='par_1_70' title="bbox 2172 2557 3759 2638">
     <span class='ocr_line' id='line_1_70' title="bbox 2172 2557 3759 2638; baseline 0.001 -15"><span class='ocrx_word' id='word_1_513' title='bbox 2172 2576 2282 2626; x_wconf 86' lang='lat' dir='ltr'><strong>tatc</strong></span> <span class='ocrx_word' id='word_1_514' title='bbox 2307 2576 2361 2623; x_wconf 89' lang='lat' dir='ltr'><strong>et</strong></span> <span class='ocrx_word' id='word_1_515' title='bbox 2390 2568 2632 2625; x_wconf 86' lang='lat' dir='ltr'><strong>bonitate</strong></span> <span class='ocrx_word' id='word_1_516' title='bbox 2667 2576 2778 2638; x_wconf 86' lang='lat' dir='ltr'><strong>tua,</strong></span> <span class='ocrx_word' id='word_1_517' title='bbox 2825 2579 2884 2625; x_wconf 91' lang='lat' dir='ltr'><strong>ut</strong></span> <span class='ocrx_word' id='word_1_518' title='bbox 2910 2572 3012 2626; x_wconf 86' lang='lat' dir='ltr'><strong>iste</strong></span> <span class='ocrx_word' id='word_1_519' title='bbox 3041 2569 3183 2625; x_wconf 81' lang='lat' dir='ltr'><strong>calix</strong></span> <span class='ocrx_word' id='word_1_520' title='bbox 3228 2579 3349 2627; x_wconf 90' lang='lat' dir='ltr'><strong>tuus</strong></span> <span class='ocrx_word' id='word_1_521' title='bbox 3384 2557 3663 2637; x_wconf 72' lang='lat' dir='ltr'><strong>inebrians</strong></span> <span class='ocrx_word' id='word_1_522' title='bbox 3697 2580 3759 2626; x_wconf 89' lang='lat' dir='ltr'><strong>et</strong></span> 
     </span>
    </p>
   </div>
   <div class='ocr_carea' id='block_1_71' title="bbox 2171 2653 3761 2730">
    <p class='ocr_par' dir='ltr' id='par_1_71' title="bbox 2171 2653 3761 2730">
     <span class='ocr_line' id='line_1_71' title="bbox 2171 2653 3761 2730; baseline 0.001 -17"><span class='ocrx_word' id='word_1_523' title='bbox 2171 2658 2461 2728; x_wconf 57' lang='lat' dir='ltr'><strong>praelatus</strong></span> <span class='ocrx_word' id='word_1_524' title='bbox 2482 2653 2644 2713; x_wconf 82' lang='lat' dir='ltr'><strong>saliet</strong></span> <span class='ocrx_word' id='word_1_525' title='bbox 2668 2658 2816 2713; x_wconf 90' lang='lat' dir='ltr'><strong>sitim</strong></span> <span class='ocrx_word' id='word_1_526' title='bbox 2847 2672 3021 2727; x_wconf 82' lang='lat' dir='ltr'><strong>meam</strong></span> <span class='ocrx_word' id='word_1_527' title='bbox 3040 2656 3211 2729; x_wconf 66' lang='lat' dir='ltr'><strong>(Prol.</strong></span> <span class='ocrx_word' id='word_1_528' title='bbox 3228 2673 3369 2727; x_wconf 70' lang='lat' dir='ltr'><strong>.xxn,</strong></span> <span class='ocrx_word' id='word_1_529' title='bbox 3391 2658 3471 2730; x_wconf 80' lang='lat'><strong>5),</strong></span> <span class='ocrx_word' id='word_1_530' title='bbox 3500 2659 3761 2719; x_wconf 81' lang='lat' dir='ltr'><strong>uti‘nbiet</strong></span> 
     </span>
    </p>
   </div>
   <div class='ocr_carea' id='block_1_72' title="bbox 2153 2734 3756 2821">
    <p class='ocr_par' dir='ltr' id='par_1_72' title="bbox 2153 2734 3756 2821">
     <span class='ocr_line' id='line_1_72' title="bbox 2153 2734 3756 2821; baseline 0.002 -18"><span class='ocrx_word' id='word_1_531' title='bbox 2153 2734 2265 2807; x_wconf 61' lang='lat' dir='ltr'><strong>&#39;tibi</strong></span> <span class='ocrx_word' id='word_1_532' title='bbox 2288 2750 2511 2821; x_wconf 90' lang='lat' dir='ltr'><strong>spiritus</strong></span> <span class='ocrx_word' id='word_1_533' title='bbox 2560 2765 2735 2815; x_wconf 87' lang='lat' dir='ltr'><strong>meus,</strong></span> <span class='ocrx_word' id='word_1_534' title='bbox 2768 2758 2823 2804; x_wconf 90' lang='lat' dir='ltr'><strong>et</strong></span> <span class='ocrx_word' id='word_1_535' title='bbox 2866 2749 3056 2808; x_wconf 81' lang='lat' dir='ltr'><strong>ardeat</strong></span> <span class='ocrx_word' id='word_1_536' title='bbox 3099 2764 3273 2813; x_wconf 15' lang='lat' dir='ltr'><strong>mens,</strong></span> <span class='ocrx_word' id='word_1_537' title='bbox 3303 2741 3424 2806; x_wconf 85' lang='lat' dir='ltr'><strong>mea</strong></span> <span class='ocrx_word' id='word_1_538' title='bbox 3474 2750 3527 2805; x_wconf 89' lang='lat' dir='ltr'><strong>in</strong></span> <span class='ocrx_word' id='word_1_539' title='bbox 3566 2766 3756 2807; x_wconf 87' lang='lat' dir='ltr'><strong>amore</strong></span> 
     </span>
    </p>
   </div>
   <div class='ocr_carea' id='block_1_73' title="bbox 2169 2843 3756 2911">
    <p class='ocr_par' dir='ltr' id='par_1_73' title="bbox 2169 2843 3756 2911">
     <span class='ocr_line' id='line_1_73' title="bbox 2169 2843 3756 2911; baseline -0.001 -13"><span class='ocrx_word' id='word_1_540' title='bbox 2169 2844 2265 2911; x_wconf 89' lang='lat' dir='ltr'><strong>tul,</strong></span> <span class='ocrx_word' id='word_1_541' title='bbox 2300 2845 2500 2901; x_wconf 84' lang='lat' dir='ltr'><strong>oblitus</strong></span> <span class='ocrx_word' id='word_1_542' title='bbox 2542 2845 2801 2899; x_wconf 90' lang='lat' dir='ltr'><strong>vanitatis</strong></span> <span class='ocrx_word' id='word_1_543' title='bbox 2831 2853 2888 2901; x_wconf 90' lang='lat' dir='ltr'><strong>et</strong></span> <span class='ocrx_word' id='word_1_544' title='bbox 2929 2843 3182 2899; x_wconf 68' lang='lat' dir='ltr'><strong>miserim.</strong></span> <span class='ocrx_word' id='word_1_545' title='bbox 3215 2843 3375 2909; x_wconf 82' lang='lat' dir='ltr'><strong>Audi,</strong></span> <span class='ocrx_word' id='word_1_546' title='bbox 3411 2843 3550 2901; x_wconf 84' lang='lat' dir='ltr'><strong>Deus</strong></span> <span class='ocrx_word' id='word_1_547' title='bbox 3580 2856 3756 2909; x_wconf 79' lang='lat' dir='ltr'><strong>meus,</strong></span> 
     </span>
    </p>
   </div>
   <div class='ocr_carea' id='block_1_74' title="bbox 2166 2936 3757 3015">
    <p class='ocr_par' dir='ltr' id='par_1_74' title="bbox 2166 2936 3757 3015">
     <span class='ocr_line' id='line_1_74' title="bbox 2166 2936 3757 3015; baseline -0.002 -21"><span class='ocrx_word' id='word_1_548' title='bbox 2166 2936 2312 3003; x_wconf 82' lang='lat' dir='ltr'><strong>audi,</strong></span> <span class='ocrx_word' id='word_1_549' title='bbox 2360 2936 2542 2991; x_wconf 88' lang='lat' dir='ltr'><strong>lumen</strong></span> <span class='ocrx_word' id='word_1_550' title='bbox 2586 2936 2864 3015; x_wconf 89' lang='lat' dir='ltr'><strong>oculorum</strong></span> <span class='ocrx_word' id='word_1_551' title='bbox 2892 2937 3160 3009; x_wconf 86' lang='lat' dir='ltr'><strong>meorum,</strong></span> <span class='ocrx_word' id='word_1_552' title='bbox 3193 2936 3316 2992; x_wconf 91' lang='lat' dir='ltr'><strong>audi</strong></span> <span class='ocrx_word' id='word_1_553' title='bbox 3363 2951 3483 3006; x_wconf 66' lang='lat' dir='ltr'><strong>quae</strong></span> <span class='ocrx_word' id='word_1_554' title='bbox 3526 2944 3757 3007; x_wconf 79' lang='lat' dir='ltr'><strong>peto,ct</strong></span> 
     </span>
    </p>
   </div>
   <div class='ocr_carea' id='block_1_75' title="bbox 2166 3028 3753 3102">
    <p class='ocr_par' dir='ltr' id='par_1_75' title="bbox 2166 3028 3753 3102">
     <span class='ocr_line' id='line_1_75' title="bbox 2166 3028 3753 3102; baseline -0.003 -16"><span class='ocrx_word' id='word_1_555' title='bbox 2166 3030 2232 3086; x_wconf 85' lang='lat' dir='ltr'><strong>da</strong></span> <span class='ocrx_word' id='word_1_556' title='bbox 2269 3038 2329 3085; x_wconf 90' lang='lat' dir='ltr'><strong>ut</strong></span> <span class='ocrx_word' id='word_1_557' title='bbox 2354 3039 2532 3102; x_wconf 86' lang='lat' dir='ltr'><strong>petam</strong></span> <span class='ocrx_word' id='word_1_558' title='bbox 2557 3032 2700 3100; x_wconf 90' lang='lat' dir='ltr'><strong>quod</strong></span> <span class='ocrx_word' id='word_1_559' title='bbox 2724 3030 2933 3095; x_wconf 88' lang='lat' dir='ltr'><strong>audias.</strong></span> <span class='ocrx_word' id='word_1_560' title='bbox 2966 3028 3061 3084; x_wconf 89' lang='lat' dir='ltr'><strong>Pie</strong></span> <span class='ocrx_word' id='word_1_561' title='bbox 3088 3039 3143 3084; x_wconf 91' lang='lat' dir='ltr'><strong>et</strong></span> <span class='ocrx_word' id='word_1_562' title='bbox 3179 3029 3477 3090; x_wconf 80' lang='lat' dir='ltr'><strong>exorabilis</strong></span> <span class='ocrx_word' id='word_1_563' title='bbox 3503 3029 3753 3095; x_wconf 75' lang='lat' dir='ltr'><strong>Domine,</strong></span> 
     </span>
    </p>
   </div>
   <div class='ocr_carea' id='block_1_76' title="bbox 2164 3118 3749 3191">
    <p class='ocr_par' dir='ltr' id='par_1_76' title="bbox 2164 3118 3749 3191">
     <span class='ocr_line' id='line_1_76' title="bbox 2164 3118 3749 3191; baseline -0.001 -17"><span class='ocrx_word' id='word_1_564' title='bbox 2164 3134 2233 3175; x_wconf 89' lang='lat' dir='ltr'><strong>ne</strong></span> <span class='ocrx_word' id='word_1_565' title='bbox 2260 3118 2512 3175; x_wconf 81' lang='lat' dir='ltr'><strong>eiliciaris</strong></span> <span class='ocrx_word' id='word_1_566' title='bbox 2550 3119 2681 3174; x_wconf 90' lang='lat' dir='ltr'><strong>mihi</strong></span> <span class='ocrx_word' id='word_1_567' title='bbox 2726 3119 3073 3174; x_wconf 86' lang='lat' dir='ltr'><strong>inexorabilis</strong></span> <span class='ocrx_word' id='word_1_568' title='bbox 3096 3124 3320 3187; x_wconf 88' lang='lat' dir='ltr'><strong>propter</strong></span> <span class='ocrx_word' id='word_1_569' title='bbox 3344 3125 3569 3191; x_wconf 80' lang='lat' dir='ltr'><strong>peccata</strong></span> <span class='ocrx_word' id='word_1_570' title='bbox 3602 3132 3749 3183; x_wconf 83' lang='lat' dir='ltr'><strong>mea,</strong></span> 
     </span>
    </p>
   </div>
   <div class='ocr_carea' id='block_1_77' title="bbox 2164 3208 3751 3278">
    <p class='ocr_par' dir='ltr' id='par_1_77' title="bbox 2164 3208 3751 3278">
     <span class='ocr_line' id='line_1_77' title="bbox 2164 3208 3751 3278; baseline 0.001 -14"><span class='ocrx_word' id='word_1_571' title='bbox 2164 3210 2257 3264; x_wconf 78' lang='lat' dir='ltr'><strong>Sed</strong></span> <span class='ocrx_word' id='word_1_572' title='bbox 2310 3218 2529 3278; x_wconf 89' lang='lat' dir='ltr'><strong>propter</strong></span> <span class='ocrx_word' id='word_1_573' title='bbox 2576 3208 2868 3265; x_wconf 85' lang='lat' dir='ltr'><strong>bonitatem</strong></span> <span class='ocrx_word' id='word_1_574' title='bbox 2906 3217 3077 3271; x_wconf 84' lang='lat' dir='ltr'><strong>tuam</strong></span> <span class='ocrx_word' id='word_1_575' title='bbox 3114 3209 3330 3278; x_wconf 88' lang='lat' dir='ltr'><strong>suscipe</strong></span> <span class='ocrx_word' id='word_1_576' title='bbox 3376 3222 3565 3277; x_wconf 82' lang='lat' dir='ltr'><strong>preces</strong></span> <span class='ocrx_word' id='word_1_577' title='bbox 3604 3208 3751 3277; x_wconf 69' lang='lat' dir='ltr'><strong>senti</strong></span> 
     </span>
    </p>
   </div>
   <div class='ocr_carea' id='block_1_78' title="bbox 2165 3294 3753 3364">
    <p class='ocr_par' dir='ltr' id='par_1_78' title="bbox 2165 3294 3753 3364">
     <span class='ocr_line' id='line_1_78' title="bbox 2165 3294 3753 3364; baseline -0.001 -14"><span class='ocrx_word' id='word_1_578' title='bbox 2165 3296 2263 3363; x_wconf 89' lang='lat' dir='ltr'><strong>tui,</strong></span> <span class='ocrx_word' id='word_1_579' title='bbox 2310 3304 2367 3352; x_wconf 88' lang='lat' dir='ltr'><strong>et</strong></span> <span class='ocrx_word' id='word_1_580' title='bbox 2406 3296 2472 3350; x_wconf 89' lang='lat' dir='ltr'><strong>da</strong></span> <span class='ocrx_word' id='word_1_581' title='bbox 2502 3295 2632 3351; x_wconf 92' lang='lat' dir='ltr'><strong>mihi</strong></span> <span class='ocrx_word' id='word_1_582' title='bbox 2660 3294 2910 3350; x_wconf 75' lang='lat' dir='ltr'><strong>ell&#39;ectum</strong></span> <span class='ocrx_word' id='word_1_583' title='bbox 2941 3294 3222 3364; x_wconf 85' lang='lat' dir='ltr'><strong>petitionis</strong></span> <span class='ocrx_word' id='word_1_584' title='bbox 3252 3310 3385 3361; x_wconf 71' lang='lat' dir='ltr'><strong>mea:</strong></span> <span class='ocrx_word' id='word_1_585' title='bbox 3405 3304 3461 3350; x_wconf 90' lang='lat' dir='ltr'><strong>et</strong></span> <span class='ocrx_word' id='word_1_586' title='bbox 3490 3294 3753 3363; x_wconf 81' lang='lat' dir='ltr'><strong>desiderii</strong></span> 
     </span>
    </p>
   </div>
   <div class='ocr_carea' id='block_1_79' title="bbox 2165 3384 3747 3457">
    <p class='ocr_par' dir='ltr' id='par_1_79' title="bbox 2165 3384 3747 3457">
     <span class='ocr_line' id='line_1_79' title="bbox 2165 3384 3747 3457; baseline 0.001 -20"><span class='ocrx_word' id='word_1_587' title='bbox 2165 3386 2291 3447; x_wconf 87' lang='lat' dir='ltr'><strong>mei,</strong></span> <span class='ocrx_word' id='word_1_588' title='bbox 2345 3385 2599 3455; x_wconf 89' lang='lat' dir='ltr'><strong>precibus</strong></span> <span class='ocrx_word' id='word_1_589' title='bbox 2643 3393 2700 3439; x_wconf 90' lang='lat' dir='ltr'><strong>et</strong></span> <span class='ocrx_word' id='word_1_590' title='bbox 2736 3385 2946 3440; x_wconf 91' lang='lat' dir='ltr'><strong>meritis</strong></span> <span class='ocrx_word' id='word_1_591' title='bbox 2983 3384 3243 3453; x_wconf 75' lang='lat' dir='ltr'><strong>gloriosa:</strong></span> <span class='ocrx_word' id='word_1_592' title='bbox 3277 3384 3518 3457; x_wconf 75' lang='lat' dir='ltr'><strong>Virginis</strong></span> <span class='ocrx_word' id='word_1_593' title='bbox 3550 3385 3747 3441; x_wconf 66' lang='lat' dir='ltr'><strong>Maria</strong></span> 
     </span>
    </p>
   </div>
   <div class='ocr_carea' id='block_1_80' title="bbox 2164 3458 3603 3540">
    <p class='ocr_par' dir='ltr' id='par_1_80' title="bbox 2164 3458 3603 3540">
     <span class='ocr_line' id='line_1_80' title="bbox 2164 3458 3603 3540; baseline 0 -13"><span class='ocrx_word' id='word_1_594' title='bbox 2164 3472 2396 3528; x_wconf 82' lang='lat' dir='ltr'><strong>domina-</strong></span> <span class='ocrx_word' id='word_1_595' title='bbox 2421 3487 2555 3528; x_wconf 73' lang='lat' dir='ltr'><strong>mea:</strong></span> <span class='ocrx_word' id='word_1_596' title='bbox 2582 3483 2638 3528; x_wconf 90' lang='lat' dir='ltr'><strong>et</strong></span> <span class='ocrx_word' id='word_1_597' title='bbox 2669 3473 2909 3528; x_wconf 90' lang='lat' dir='ltr'><strong>omnium</strong></span> <span class='ocrx_word' id='word_1_598' title='bbox 2946 3458 3280 3527; x_wconf 81' lang='lat' dir='ltr'><strong>sanctorum.</strong></span> <span class='ocrx_word' id='word_1_599' title='bbox 3317 3473 3512 3540; x_wconf 71' lang='lat' dir='ltr'><strong>Amen.</strong></span> <span class='ocrx_word' id='word_1_600' title='bbox 3598 3524 3603 3527; x_wconf 20' lang='grc' dir='ltr'><strong>Α</strong></span> 
     </span>
    </p>
   </div>
   <div class='ocr_carea' id='block_1_81' title="bbox 2664 3559 3270 3618">
    <p class='ocr_par' dir='ltr' id='par_1_81' title="bbox 2664 3559 3270 3618">
     <span class='ocr_line' id='line_1_81' title="bbox 2664 3559 3270 3618; baseline -0.002 -1"><span class='ocrx_word' id='word_1_601' title='bbox 2664 3559 2921 3618; x_wconf 78' lang='lat' dir='ltr'><strong>ORATIO</strong></span> <span class='ocrx_word' id='word_1_602' title='bbox 2950 3561 3091 3618; x_wconf 81' lang='lat' dir='ltr'><strong>XVll</strong></span> <span class='ocrx_word' id='word_1_603' title='bbox 3121 3560 3234 3616; x_wconf 62' lang='grc' dir='ltr'><strong>ω’.</strong></span> <span class='ocrx_word' id='word_1_604' title='bbox 3268 3588 3270 3593; x_wconf 55' lang='grc' dir='ltr'>ν</span> 
     </span>
    </p>
   </div>
   <div class='ocr_carea' id='block_1_82' title="bbox 2496 3666 3156 3712">
    <p class='ocr_par' dir='ltr' id='par_1_82' title="bbox 2496 3666 3156 3712">
     <span class='ocr_line' id='line_1_82' title="bbox 2496 3666 3156 3712; baseline 0.005 -5"><span class='ocrx_word' id='word_1_605' title='bbox 2496 3706 2499 3707; x_wconf 66' lang='lat'>,</span> <span class='ocrx_word' id='word_1_606' title='bbox 2760 3666 2829 3712; x_wconf 65' lang='lat' dir='ltr'><strong>AD</strong></span> <span class='ocrx_word' id='word_1_607' title='bbox 2860 3668 3156 3710; x_wconf 75' lang='grc' dir='ltr'>ειιιιιετιιιι.</span> 
     </span>
    </p>
   </div>
   <div class='ocr_carea' id='block_1_83' title="bbox 2248 3744 3652 3816">
    <p class='ocr_par' dir='ltr' id='par_1_83' title="bbox 2248 3744 3652 3816">
     <span class='ocr_line' id='line_1_83' title="bbox 2248 3744 3652 3816; baseline -0.001 -17"><span class='ocrx_word' id='word_1_608' title='bbox 2248 3744 2380 3800; x_wconf 78' lang='lat' dir='ltr'><strong>Cum</strong></span> <span class='ocrx_word' id='word_1_609' title='bbox 2406 3746 2613 3802; x_wconf 77' lang='lat' dir='ltr'><strong>ardenti</strong></span> <span class='ocrx_word' id='word_1_610' title='bbox 2640 3744 3093 3816; x_wconf 58' lang='lat' dir='ltr'><strong>desideriosalum</strong></span> <span class='ocrx_word' id='word_1_611' title='bbox 3121 3745 3388 3800; x_wconf 76' lang='lat' dir='ltr'><strong>Christum</strong></span> <span class='ocrx_word' id='word_1_612' title='bbox 3414 3745 3652 3813; x_wconf 80' lang='lat' dir='ltr'><strong>amandi.</strong></span> 
     </span>
    </p>
   </div>
   <div class='ocr_carea' id='block_1_84' title="bbox 2225 3832 3741 3903">
    <p class='ocr_par' dir='ltr' id='par_1_84' title="bbox 2225 3832 3741 3903">
     <span class='ocr_line' id='line_1_84' title="bbox 2225 3832 3741 3903; baseline 0.001 -16"><span class='ocrx_word' id='word_1_613' title='bbox 2225 3832 2352 3887; x_wconf 83' lang='lat' dir='ltr'><strong>.lcsu</strong></span> <span class='ocrx_word' id='word_1_614' title='bbox 2382 3842 2565 3887; x_wconf 89' lang='lat' dir='ltr'><strong>nostra</strong></span> <span class='ocrx_word' id='word_1_615' title='bbox 2600 3832 2917 3903; x_wconf 89' lang='lat' dir='ltr'><strong>redemptio,</strong></span> <span class='ocrx_word' id='word_1_616' title='bbox 2948 3848 3104 3887; x_wconf 88' lang='lat' dir='ltr'><strong>amor</strong></span> <span class='ocrx_word' id='word_1_617' title='bbox 3140 3843 3193 3886; x_wconf 89' lang='lat' dir='ltr'><strong>et</strong></span> <span class='ocrx_word' id='word_1_618' title='bbox 3222 3835 3570 3899; x_wconf 87' lang='lat' dir='ltr'><strong>desiderium,</strong></span> <span class='ocrx_word' id='word_1_619' title='bbox 3600 3833 3741 3889; x_wconf 89' lang='lat' dir='ltr'><strong>Deus</strong></span> 
     </span>
    </p>
   </div>
   <div class='ocr_carea' id='block_1_85' title="bbox 2158 3922 3739 3991">
    <p class='ocr_par' dir='ltr' id='par_1_85' title="bbox 2158 3922 3739 3991">
     <span class='ocr_line' id='line_1_85' title="bbox 2158 3922 3739 3991; baseline 0.002 -14"><span class='ocrx_word' id='word_1_620' title='bbox 2158 3924 2222 3977; x_wconf 85' lang='lat' dir='ltr'><strong>de</strong></span> <span class='ocrx_word' id='word_1_621' title='bbox 2255 3922 2385 3988; x_wconf 86' lang='lat' dir='ltr'><strong>Deo,</strong></span> <span class='ocrx_word' id='word_1_622' title='bbox 2417 3922 2603 3977; x_wconf 88' lang='lat' dir='ltr'><strong>adesto</strong></span> <span class='ocrx_word' id='word_1_623' title='bbox 2646 3922 2777 3976; x_wconf 89' lang='lat' dir='ltr'><strong>mihi</strong></span> <span class='ocrx_word' id='word_1_624' title='bbox 2808 3922 3009 3978; x_wconf 91' lang='lat' dir='ltr'><strong>famulo</strong></span> <span class='ocrx_word' id='word_1_625' title='bbox 3037 3933 3148 3978; x_wconf 90' lang='lat' dir='ltr'><strong>tuo.</strong></span> <span class='ocrx_word' id='word_1_626' title='bbox 3202 3924 3279 3979; x_wconf 89' lang='lat' dir='ltr'><strong>Te</strong></span> <span class='ocrx_word' id='word_1_627' title='bbox 3325 3924 3540 3991; x_wconf 88' lang='lat' dir='ltr'><strong>invoco,</strong></span> <span class='ocrx_word' id='word_1_628' title='bbox 3588 3924 3654 3979; x_wconf 88' lang='lat' dir='ltr'><strong>ad</strong></span> <span class='ocrx_word' id='word_1_629' title='bbox 3687 3934 3739 3980; x_wconf 87' lang='lat' dir='ltr'><strong>te</strong></span> 
     </span>
    </p>
   </div>
   <div class='ocr_carea' id='block_1_86' title="bbox 2156 4004 3772 4094">
    <p class='ocr_par' dir='ltr' id='par_1_86' title="bbox 2156 4004 3772 4094">
     <span class='ocr_line' id='line_1_86' title="bbox 2156 4004 3772 4094; baseline 0.001 -23"><span class='ocrx_word' id='word_1_630' title='bbox 2156 4015 2332 4083; x_wconf 83' lang='lat' dir='ltr'><strong>clamo</strong></span> <span class='ocrx_word' id='word_1_631' title='bbox 2356 4016 2593 4087; x_wconf 81' lang='lat' dir='ltr'><strong>clamore</strong></span> <span class='ocrx_word' id='word_1_632' title='bbox 2632 4029 2829 4086; x_wconf 88' lang='lat' dir='ltr'><strong>magno</strong></span> <span class='ocrx_word' id='word_1_633' title='bbox 2852 4004 2909 4069; x_wconf 89' lang='lat' dir='ltr'><strong>in</strong></span> <span class='ocrx_word' id='word_1_634' title='bbox 2940 4024 3055 4070; x_wconf 89' lang='lat' dir='ltr'><strong>toto</strong></span> <span class='ocrx_word' id='word_1_635' title='bbox 3077 4007 3242 4079; x_wconf 82' lang='lat' dir='ltr'><strong>corde</strong></span> <span class='ocrx_word' id='word_1_636' title='bbox 3268 4031 3409 4094; x_wconf 83' lang='lat' dir='ltr'><strong>meo.</strong></span> <span class='ocrx_word' id='word_1_637' title='bbox 3441 4016 3518 4082; x_wconf 79' lang='lat' dir='ltr'><strong>Te</strong></span> <span class='ocrx_word' id='word_1_638' title='bbox 3543 4016 3740 4087; x_wconf 88' lang='lat' dir='ltr'><strong>invoco</strong></span> <span class='ocrx_word' id='word_1_639' title='bbox 3767 4047 3772 4055; x_wconf 92' lang='lat'><strong><em>-</em></strong></span> 
     </span>
    </p>
   </div>
   <div class='ocr_carea' id='block_1_87' title="bbox 2158 4096 3738 4178">
    <p class='ocr_par' dir='ltr' id='par_1_87' title="bbox 2158 4096 3738 4178">
     <span class='ocr_line' id='line_1_87' title="bbox 2158 4096 3738 4178; baseline -0.001 -16"><span class='ocrx_word' id='word_1_640' title='bbox 2158 4106 2215 4163; x_wconf 87' lang='lat' dir='ltr'><strong>iu</strong></span> <span class='ocrx_word' id='word_1_641' title='bbox 2243 4096 2479 4162; x_wconf 88' lang='lat' dir='ltr'><strong>animam</strong></span> <span class='ocrx_word' id='word_1_642' title='bbox 2516 4122 2716 4169; x_wconf 87' lang='lat' dir='ltr'><strong>meam,</strong></span> <span class='ocrx_word' id='word_1_643' title='bbox 2741 4108 2883 4160; x_wconf 88' lang='lat' dir='ltr'><strong>intra</strong></span> <span class='ocrx_word' id='word_1_644' title='bbox 2922 4106 2974 4165; x_wconf 89' lang='lat' dir='ltr'><strong>in</strong></span> <span class='ocrx_word' id='word_1_645' title='bbox 2996 4121 3140 4172; x_wconf 90' lang='lat' dir='ltr'><strong>eam,</strong></span> <span class='ocrx_word' id='word_1_646' title='bbox 3170 4115 3226 4163; x_wconf 90' lang='lat' dir='ltr'><strong>et</strong></span> <span class='ocrx_word' id='word_1_647' title='bbox 3255 4116 3447 4178; x_wconf 88' lang='lat' dir='ltr'><strong>coapta</strong></span> <span class='ocrx_word' id='word_1_648' title='bbox 3469 4122 3591 4164; x_wconf 87' lang='lat' dir='ltr'><strong>eam</strong></span> <span class='ocrx_word' id='word_1_649' title='bbox 3615 4108 3738 4173; x_wconf 89' lang='lat' dir='ltr'><strong>tibi,</strong></span> 
     </span>
    </p>
   </div>
   <div class='ocr_carea' id='block_1_88' title="bbox 2157 4197 3739 4269">
    <p class='ocr_par' dir='ltr' id='par_1_88' title="bbox 2157 4197 3739 4269">
     <span class='ocr_line' id='line_1_88' title="bbox 2157 4197 3739 4269; baseline -0.002 -12"><span class='ocrx_word' id='word_1_650' title='bbox 2157 4207 2217 4257; x_wconf 79' lang='lat' dir='ltr'><strong>nt</strong></span> <span class='ocrx_word' id='word_1_651' title='bbox 2243 4197 2520 4269; x_wconf 88' lang='lat' dir='ltr'><strong>possideas</strong></span> <span class='ocrx_word' id='word_1_652' title='bbox 2538 4212 2655 4254; x_wconf 86' lang='lat' dir='ltr'><strong>eam</strong></span> <span class='ocrx_word' id='word_1_653' title='bbox 2680 4199 2799 4253; x_wconf 89' lang='lat' dir='ltr'><strong>sine</strong></span> <span class='ocrx_word' id='word_1_654' title='bbox 2827 4212 2958 4269; x_wconf 86' lang='lat' dir='ltr'><strong>ruga</strong></span> <span class='ocrx_word' id='word_1_655' title='bbox 2988 4206 3045 4253; x_wconf 89' lang='lat' dir='ltr'><strong>et</strong></span> <span class='ocrx_word' id='word_1_656' title='bbox 3085 4198 3202 4254; x_wconf 89' lang='lat' dir='ltr'><strong>sine</strong></span> <span class='ocrx_word' id='word_1_657' title='bbox 3238 4198 3473 4255; x_wconf 85' lang='lat' dir='ltr'><strong>macula.</strong></span> <span class='ocrx_word' id='word_1_658' title='bbox 3502 4198 3739 4256; x_wconf 84' lang='lat' dir='ltr'><strong>Mundis—</strong></span> 
     </span>
    </p>
   </div>
   <div class='ocr_carea' id='block_1_89' title="bbox 2155 4280 3737 4360">
    <p class='ocr_par' dir='ltr' id='par_1_89' title="bbox 2155 4280 3737 4360">
     <span class='ocr_line' id='line_1_89' title="bbox 2155 4280 3737 4360; baseline 0.001 -15"><span class='ocrx_word' id='word_1_659' title='bbox 2155 4280 2552 4360; x_wconf 65' lang='lat' dir='ltr'><strong>simo&#39;namque</strong></span> <span class='ocrx_word' id='word_1_660' title='bbox 2571 4290 2800 4345; x_wconf 89' lang='lat' dir='ltr'><strong>Domino</strong></span> <span class='ocrx_word' id='word_1_661' title='bbox 2817 4289 3013 4345; x_wconf 88' lang='lat' dir='ltr'><strong>munda</strong></span> <span class='ocrx_word' id='word_1_662' title='bbox 3038 4289 3266 4344; x_wconf 85' lang='lat' dir='ltr'><strong>debetur</strong></span> <span class='ocrx_word' id='word_1_663' title='bbox 3289 4289 3575 4345; x_wconf 85' lang='lat' dir='ltr'><strong>habitatio.</strong></span> <span class='ocrx_word' id='word_1_664' title='bbox 3601 4289 3737 4346; x_wconf 84' lang='lat' dir='ltr'><strong>San-</strong></span> 
     </span>
    </p>
   </div>
   <div class='ocr_carea' id='block_1_90' title="bbox 2154 4379 3733 4453">
    <p class='ocr_par' dir='ltr' id='par_1_90' title="bbox 2154 4379 3733 4453">
     <span class='ocr_line' id='line_1_90' title="bbox 2154 4379 3733 4453; baseline -0.003 -14"><span class='ocrx_word' id='word_1_665' title='bbox 2154 4381 2332 4439; x_wconf 87' lang='lat' dir='ltr'><strong>ctillca</strong></span> <span class='ocrx_word' id='word_1_666' title='bbox 2362 4396 2492 4452; x_wconf 79' lang='lat' dir='ltr'><strong>ergo</strong></span> <span class='ocrx_word' id='word_1_667' title='bbox 2520 4398 2607 4437; x_wconf 90' lang='lat' dir='ltr'><strong>me</strong></span> <span class='ocrx_word' id='word_1_668' title='bbox 2636 4398 2732 4437; x_wconf 89' lang='lat' dir='ltr'><strong>vas</strong></span> <span class='ocrx_word' id='word_1_669' title='bbox 2783 4391 2937 4436; x_wconf 86' lang='lat' dir='ltr'><strong>tuum</strong></span> <span class='ocrx_word' id='word_1_670' title='bbox 2985 4381 3130 4451; x_wconf 91' lang='lat' dir='ltr'><strong>quod</strong></span> <span class='ocrx_word' id='word_1_671' title='bbox 3159 4380 3359 4453; x_wconf 72' lang='lat' dir='ltr'><strong>fecisti,</strong></span> <span class='ocrx_word' id='word_1_672' title='bbox 3409 4381 3489 4451; x_wconf 84' lang='lat' dir='ltr'><strong>de</strong></span> <span class='ocrx_word' id='word_1_673' title='bbox 3528 4379 3733 4434; x_wconf 88' lang='lat' dir='ltr'><strong>malitia</strong></span> 
     </span>
    </p>
   </div>
   <div class='ocr_carea' id='block_1_91' title="bbox 476 4455 3734 4557">
    <p class='ocr_par' dir='ltr' id='par_1_91' title="bbox 476 4455 3734 4557">
     <span class='ocr_line' id='line_1_91' title="bbox 476 4455 3734 4557; baseline 0.001 -35"><span class='ocrx_word' id='word_1_674' title='bbox 476 4467 662 4522; x_wconf 89' lang='lat' dir='ltr'><strong>dicens</strong></span> <span class='ocrx_word' id='word_1_675' title='bbox 694 4482 709 4521; x_wconf 90' lang='lat'><strong>:</strong></span> <span class='ocrx_word' id='word_1_676' title='bbox 735 4466 887 4522; x_wconf 81' lang='lat' dir='ltr'><strong>Beati</strong></span> <span class='ocrx_word' id='word_1_677' title='bbox 916 4471 1005 4541; x_wconf 78' lang='lat' dir='ltr'><strong>qui</strong></span> <span class='ocrx_word' id='word_1_678' title='bbox 1026 4469 1223 4540; x_wconf 80' lang='lat' dir='ltr'><strong>lugent,</strong></span> <span class='ocrx_word' id='word_1_679' title='bbox 1246 4472 1489 4541; x_wconf 82' lang='lat' dir='ltr'><strong>quoniam</strong></span> <span class='ocrx_word' id='word_1_680' title='bbox 1521 4471 1619 4544; x_wconf 81' lang='lat' dir='ltr'><strong>ipsi</strong></span> <span class='ocrx_word' id='word_1_681' title='bbox 1642 4472 2053 4529; x_wconf 75' lang='lat' dir='ltr'><strong>consolabuntur</strong></span> <span class='ocrx_word' id='word_1_682' title='bbox 2081 4500 2127 4557; x_wconf 77' lang='grc' dir='ltr'><strong>υ</strong></span> <span class='ocrx_word' id='word_1_683' title='bbox 2152 4488 2376 4539; x_wconf 88' lang='lat' dir='ltr'><strong>evacua,</strong></span> <span class='ocrx_word' id='word_1_684' title='bbox 2410 4473 2571 4544; x_wconf 85' lang='lat' dir='ltr'><strong>imple</strong></span> <span class='ocrx_word' id='word_1_685' title='bbox 2599 4474 2667 4529; x_wconf 92' lang='lat' dir='ltr'><strong>de</strong></span> <span class='ocrx_word' id='word_1_686' title='bbox 2699 4458 2891 4544; x_wconf 84' lang='lat' dir='ltr'><strong>gratia,</strong></span> <span class='ocrx_word' id='word_1_687' title='bbox 2928 4482 2983 4527; x_wconf 89' lang='lat' dir='ltr'><strong>et</strong></span> <span class='ocrx_word' id='word_1_688' title='bbox 3009 4455 3226 4543; x_wconf 80' lang='lat' dir='ltr'><strong>plenum</strong></span> <span class='ocrx_word' id='word_1_689' title='bbox 3253 4466 3534 4547; x_wconf 77' lang='lat' dir='ltr'><strong>conserva,</strong></span> <span class='ocrx_word' id='word_1_690' title='bbox 3574 4472 3649 4541; x_wconf 83' lang='lat' dir='ltr'><strong>ita</strong></span> <span class='ocrx_word' id='word_1_691' title='bbox 3675 4480 3734 4526; x_wconf 90' lang='lat' dir='ltr'><strong>ut</strong></span> 
     </span>
    </p>
   </div>
   <div class='ocr_carea' id='block_1_92' title="bbox 477 4559 2047 4635">
    <p class='ocr_par' dir='ltr' id='par_1_92' title="bbox 477 4559 2047 4635">
     <span class='ocr_line' id='line_1_92' title="bbox 477 4559 2047 4635; baseline 0.007 -24"><span class='ocrx_word' id='word_1_692' title='bbox 477 4559 692 4629; x_wconf 75' lang='lat' dir='ltr'><strong>(Matth.</strong></span> <span class='ocrx_word' id='word_1_693' title='bbox 720 4577 775 4627; x_wconf 82' lang='lat' dir='ltr'><strong>v,</strong></span> <span class='ocrx_word' id='word_1_694' title='bbox 811 4562 886 4630; x_wconf 83' lang='lat'><strong>5).</strong></span> <span class='ocrx_word' id='word_1_695' title='bbox 912 4559 989 4616; x_wconf 87' lang='lat' dir='ltr'><strong>&#39;l‘u</strong></span> <span class='ocrx_word' id='word_1_696' title='bbox 1032 4562 1219 4619; x_wconf 78' lang='lat' dir='ltr'><strong>llevisti</strong></span> <span class='ocrx_word' id='word_1_697' title='bbox 1246 4563 1557 4621; x_wconf 82' lang='lat' dir='ltr'><strong>defunctum</strong></span> <span class='ocrx_word' id='word_1_698' title='bbox 1592 4567 1854 4635; x_wconf 82' lang='lat' dir='ltr'><strong>amicum,</strong></span> <span class='ocrx_word' id='word_1_699' title='bbox 1880 4576 1935 4624; x_wconf 88' lang='lat' dir='ltr'><strong>et</strong></span> <span class='ocrx_word' id='word_1_700' title='bbox 1967 4567 2047 4622; x_wconf 81' lang='lat' dir='ltr'><strong>la-</strong></span> 
     </span>
    </p>
   </div>
   <div class='ocr_carea' id='block_1_93' title="bbox 476 4649 2044 4727">
    <p class='ocr_par' dir='ltr' id='par_1_93' title="bbox 476 4649 2044 4727">
     <span class='ocr_line' id='line_1_93' title="bbox 476 4649 2044 4727; baseline 0.006 -27"><span class='ocrx_word' id='word_1_701' title='bbox 476 4657 752 4721; x_wconf 78' lang='lat' dir='ltr'><strong>crymatns</strong></span> <span class='ocrx_word' id='word_1_702' title='bbox 776 4664 837 4707; x_wconf 78' lang='lat' dir='ltr'><strong>es</strong></span> <span class='ocrx_word' id='word_1_703' title='bbox 878 4649 1033 4708; x_wconf 79' lang='lat' dir='ltr'><strong>valde</strong></span> <span class='ocrx_word' id='word_1_704' title='bbox 1059 4665 1220 4722; x_wconf 77' lang='lat' dir='ltr'><strong>super</strong></span> <span class='ocrx_word' id='word_1_705' title='bbox 1245 4654 1539 4723; x_wconf 83' lang='lat' dir='ltr'><strong>perituram</strong></span> <span class='ocrx_word' id='word_1_706' title='bbox 1568 4654 1862 4711; x_wconf 77' lang='lat' dir='ltr'><strong>civitatem.</strong></span> <span class='ocrx_word' id='word_1_707' title='bbox 1893 4656 2044 4727; x_wconf 80' lang='lat' dir='ltr'><strong>Rogo</strong></span> 
     </span>
    </p>
   </div>
   <div class='ocr_carea' id='block_1_94' title="bbox 478 4742 2045 4819">
    <p class='ocr_par' dir='ltr' id='par_1_94' title="bbox 478 4742 2045 4819">
     <span class='ocr_line' id='line_1_94' title="bbox 478 4742 2045 4819; baseline 0.006 -25"><span class='ocrx_word' id='word_1_708' title='bbox 478 4750 553 4804; x_wconf 87' lang='lat' dir='ltr'><strong>te,</strong></span> <span class='ocrx_word' id='word_1_709' title='bbox 600 4742 740 4813; x_wconf 89' lang='lat' dir='ltr'><strong>bone</strong></span> <span class='ocrx_word' id='word_1_710' title='bbox 787 4742 933 4809; x_wconf 79' lang='lat' dir='ltr'><strong>icsu,</strong></span> <span class='ocrx_word' id='word_1_711' title='bbox 990 4755 1084 4815; x_wconf 83' lang='lat' dir='ltr'><strong>per</strong></span> <span class='ocrx_word' id='word_1_712' title='bbox 1136 4743 1255 4802; x_wconf 86' lang='lat' dir='ltr'><strong>illas</strong></span> <span class='ocrx_word' id='word_1_713' title='bbox 1311 4746 1728 4814; x_wconf 84' lang='lat' dir='ltr'><strong>pretiosissimas</strong></span> <span class='ocrx_word' id='word_1_714' title='bbox 1777 4748 2045 4819; x_wconf 69' lang='lat' dir='ltr'><strong>lacrymas</strong></span> 
     </span>
    </p>
   </div>
   <div class='ocr_carea' id='block_1_95' title="bbox 476 4832 2043 4905">
    <p class='ocr_par' dir='ltr' id='par_1_95' title="bbox 476 4832 2043 4905">
     <span class='ocr_line' id='line_1_95' title="bbox 476 4832 2043 4905; baseline 0.006 -23"><span class='ocrx_word' id='word_1_715' title='bbox 476 4838 618 4895; x_wconf 86' lang='lat' dir='ltr'><strong>tuas,</strong></span> <span class='ocrx_word' id='word_1_716' title='bbox 645 4839 699 4885; x_wconf 91' lang='lat' dir='ltr'><strong>et</strong></span> <span class='ocrx_word' id='word_1_717' title='bbox 722 4847 817 4901; x_wconf 66' lang='lat' dir='ltr'><strong>(ter</strong></span> <span class='ocrx_word' id='word_1_718' title='bbox 847 4847 1034 4891; x_wconf 87' lang='lat' dir='ltr'><strong>omnes</strong></span> <span class='ocrx_word' id='word_1_719' title='bbox 1076 4832 1450 4893; x_wconf 87' lang='lat' dir='ltr'><strong>miserationes</strong></span> <span class='ocrx_word' id='word_1_720' title='bbox 1477 4844 1616 4901; x_wconf 88' lang='lat' dir='ltr'><strong>tuas,</strong></span> <span class='ocrx_word' id='word_1_721' title='bbox 1654 4836 1850 4905; x_wconf 87' lang='lat' dir='ltr'><strong>quibus</strong></span> <span class='ocrx_word' id='word_1_722' title='bbox 1878 4838 2043 4892; x_wconf 86' lang='lat' dir='ltr'><strong>mira-</strong></span> 
     </span>
    </p>
   </div>
   <div class='ocr_carea' id='block_1_96' title="bbox 476 4918 2038 4996">
    <p class='ocr_par' dir='ltr' id='par_1_96' title="bbox 476 4918 2038 4996">
     <span class='ocr_line' id='line_1_96' title="bbox 476 4918 2038 4996; baseline 0.006 -24"><span class='ocrx_word' id='word_1_723' title='bbox 476 4918 659 4976; x_wconf 76' lang='lat' dir='ltr'><strong>biliter</strong></span> <span class='ocrx_word' id='word_1_724' title='bbox 701 4923 859 4979; x_wconf 88' lang='lat' dir='ltr'><strong>nobis</strong></span> <span class='ocrx_word' id='word_1_725' title='bbox 906 4923 1134 4991; x_wconf 85' lang='lat' dir='ltr'><strong>perditis</strong></span> <span class='ocrx_word' id='word_1_726' title='bbox 1198 4924 1487 4981; x_wconf 80' lang='lat' dir='ltr'><strong>subvenire</strong></span> <span class='ocrx_word' id='word_1_727' title='bbox 1539 4924 1789 4996; x_wconf 81' lang='lat' dir='ltr'><strong>dignatus</strong></span> <span class='ocrx_word' id='word_1_728' title='bbox 1839 4942 1922 4996; x_wconf 89' lang='lat' dir='ltr'><strong>es,</strong></span> <span class='ocrx_word' id='word_1_729' title='bbox 1973 4930 2038 4983; x_wconf 87' lang='lat' dir='ltr'><strong>da</strong></span> 
     </span>
    </p>
   </div>
   <div class='ocr_carea' id='block_1_97' title="bbox 476 5009 2041 5086">
    <p class='ocr_par' dir='ltr' id='par_1_97' title="bbox 476 5009 2041 5086">
     <span class='ocr_line' id='line_1_97' title="bbox 476 5009 2041 5086; baseline 0.008 -26"><span class='ocrx_word' id='word_1_730' title='bbox 476 5009 605 5065; x_wconf 84' lang='lat' dir='ltr'><strong>mihi</strong></span> <span class='ocrx_word' id='word_1_731' title='bbox 644 5012 870 5078; x_wconf 74' lang='lat' dir='ltr'><strong>gratiam</strong></span> <span class='ocrx_word' id='word_1_732' title='bbox 902 5011 1283 5086; x_wconf 78' lang='lat' dir='ltr'><strong>lacrymarum,</strong></span> <span class='ocrx_word' id='word_1_733' title='bbox 1315 5030 1476 5086; x_wconf 88' lang='lat' dir='ltr'><strong>quam</strong></span> <span class='ocrx_word' id='word_1_734' title='bbox 1508 5015 1733 5073; x_wconf 85' lang='lat' dir='ltr'><strong>multum</strong></span> <span class='ocrx_word' id='word_1_735' title='bbox 1770 5018 2041 5074; x_wconf 81' lang='lat' dir='ltr'><strong>desiderat</strong></span> 
     </span>
    </p>
   </div>
   <div class='ocr_carea' id='block_1_98' title="bbox 473 5102 2036 5176">
    <p class='ocr_par' dir='ltr' id='par_1_98' title="bbox 473 5102 2036 5176">
     <span class='ocr_line' id='line_1_98' title="bbox 473 5102 2036 5176; baseline 0.007 -23"><span class='ocrx_word' id='word_1_736' title='bbox 473 5110 526 5153; x_wconf 87' lang='lat' dir='ltr'><strong>et</strong></span> <span class='ocrx_word' id='word_1_737' title='bbox 550 5102 755 5170; x_wconf 90' lang='lat' dir='ltr'><strong>appetit</strong></span> <span class='ocrx_word' id='word_1_738' title='bbox 792 5104 967 5157; x_wconf 85' lang='lat' dir='ltr'><strong>anima</strong></span> <span class='ocrx_word' id='word_1_739' title='bbox 1018 5120 1161 5171; x_wconf 82' lang='lat' dir='ltr'><strong>mea,</strong></span> <span class='ocrx_word' id='word_1_740' title='bbox 1192 5107 1319 5176; x_wconf 85' lang='lat' dir='ltr'><strong>quia</strong></span> <span class='ocrx_word' id='word_1_741' title='bbox 1348 5109 1465 5163; x_wconf 85' lang='lat' dir='ltr'><strong>sine</strong></span> <span class='ocrx_word' id='word_1_742' title='bbox 1493 5110 1632 5163; x_wconf 87' lang='lat' dir='ltr'><strong>dono</strong></span> <span class='ocrx_word' id='word_1_743' title='bbox 1675 5118 1763 5164; x_wconf 88' lang='lat' dir='ltr'><strong>tuo</strong></span> <span class='ocrx_word' id='word_1_744' title='bbox 1794 5107 1889 5141; x_wconf 67' lang='lat' dir='ltr'><strong>‘m</strong></span> <span class='ocrx_word' id='word_1_745' title='bbox 1932 5126 2036 5164; x_wconf 92' lang='lat' dir='ltr'><strong>non</strong></span> 
     </span>
    </p>
   </div>
   <div class='ocr_carea' id='block_1_99' title="bbox 474 5199 2037 5272">
    <p class='ocr_par' dir='ltr' id='par_1_99' title="bbox 474 5199 2037 5272">
     <span class='ocr_line' id='line_1_99' title="bbox 474 5199 2037 5272; baseline 0.004 -21"><span class='ocrx_word' id='word_1_746' title='bbox 474 5212 690 5265; x_wconf 83' lang='lat' dir='ltr'><strong>possunt</strong></span> <span class='ocrx_word' id='word_1_747' title='bbox 746 5199 946 5255; x_wconf 78' lang='lat' dir='ltr'><strong>habere</strong></span> <span class='ocrx_word' id='word_1_748' title='bbox 988 5215 1129 5269; x_wconf 88' lang='lat' dir='ltr'><strong>eam,</strong></span> <span class='ocrx_word' id='word_1_749' title='bbox 1180 5201 1274 5255; x_wconf 90' lang='lat' dir='ltr'><strong>sed</strong></span> <span class='ocrx_word' id='word_1_750' title='bbox 1329 5216 1426 5271; x_wconf 87' lang='lat' dir='ltr'><strong>per</strong></span> <span class='ocrx_word' id='word_1_751' title='bbox 1472 5201 1734 5272; x_wconf 81' lang='lat' dir='ltr'><strong>Spiritum</strong></span> <span class='ocrx_word' id='word_1_752' title='bbox 1790 5216 2037 5260; x_wconf 87' lang='lat' dir='ltr'><strong>sanetum</strong></span> 
     </span>
    </p>
   </div>
   <div class='ocr_carea' id='block_1_100' title="bbox 475 5292 2037 5364">
    <p class='ocr_par' dir='ltr' id='par_1_100' title="bbox 475 5292 2037 5364">
     <span class='ocr_line' id='line_1_100' title="bbox 475 5292 2037 5364; baseline 0.007 -25"><span class='ocrx_word' id='word_1_753' title='bbox 475 5298 643 5355; x_wconf 87' lang='lat' dir='ltr'><strong>tuum,</strong></span> <span class='ocrx_word' id='word_1_754' title='bbox 673 5292 762 5362; x_wconf 83' lang='lat' dir='ltr'><strong>qui</strong></span> <span class='ocrx_word' id='word_1_755' title='bbox 791 5293 921 5346; x_wconf 80' lang='lat' dir='ltr'><strong>dura</strong></span> <span class='ocrx_word' id='word_1_756' title='bbox 951 5292 1111 5348; x_wconf 86' lang='lat' dir='ltr'><strong>corda</strong></span> <span class='ocrx_word' id='word_1_757' title='bbox 1143 5302 1484 5363; x_wconf 84' lang='lat' dir='ltr'><strong>peccatorum</strong></span> <span class='ocrx_word' id='word_1_758' title='bbox 1516 5294 1704 5364; x_wconf 87' lang='lat' dir='ltr'><strong>mollit,</strong></span> <span class='ocrx_word' id='word_1_759' title='bbox 1737 5306 1792 5352; x_wconf 87' lang='lat' dir='ltr'><strong>et</strong></span> <span class='ocrx_word' id='word_1_760' title='bbox 1830 5300 1896 5350; x_wconf 90' lang='lat' dir='ltr'><strong>ad</strong></span> <span class='ocrx_word' id='word_1_761' title='bbox 1942 5297 2037 5356; x_wconf 76' lang='lat' dir='ltr'><strong>lle-</strong></span> 
     </span>
    </p>
   </div>
   <div class='ocr_carea' id='block_1_101' title="bbox 2154 4562 3738 4635">
    <p class='ocr_par' dir='ltr' id='par_1_101' title="bbox 2154 4562 3738 4635">
     <span class='ocr_line' id='line_1_101' title="bbox 2154 4562 3738 4635; baseline -0.001 -15"><span class='ocrx_word' id='word_1_762' title='bbox 2154 4564 2375 4635; x_wconf 85' lang='lat' dir='ltr'><strong>dignum</strong></span> <span class='ocrx_word' id='word_1_763' title='bbox 2420 4564 2773 4629; x_wconf 77' lang='lat' dir='ltr'><strong>habitationis</strong></span> <span class='ocrx_word' id='word_1_764' title='bbox 2805 4572 2908 4618; x_wconf 72' lang='lat' dir='ltr'><strong>tua:</strong></span> <span class='ocrx_word' id='word_1_765' title='bbox 2949 4562 3154 4633; x_wconf 86' lang='lat' dir='ltr'><strong>elliciar</strong></span> <span class='ocrx_word' id='word_1_766' title='bbox 3183 4562 3443 4633; x_wconf 86' lang='lat' dir='ltr'><strong>templum</strong></span> <span class='ocrx_word' id='word_1_767' title='bbox 3472 4563 3561 4618; x_wconf 82' lang='lat' dir='ltr'><strong>hic</strong></span> <span class='ocrx_word' id='word_1_768' title='bbox 3580 4571 3646 4627; x_wconf 85' lang='lat' dir='ltr'><strong>et</strong></span> <span class='ocrx_word' id='word_1_769' title='bbox 3676 4563 3738 4631; x_wconf 22' lang='lat' dir='ltr'><strong>in,</strong></span> 
     </span>
    </p>
   </div>
   <div class='ocr_carea' id='block_1_102' title="bbox 2150 4653 3729 4728">
    <p class='ocr_par' dir='ltr' id='par_1_102' title="bbox 2150 4653 3729 4728">
     <span class='ocr_line' id='line_1_102' title="bbox 2150 4653 3729 4728; baseline -0.002 -17"><span class='ocrx_word' id='word_1_770' title='bbox 2150 4666 2489 4728; x_wconf 89' lang='lat' dir='ltr'><strong>perpetuum.</strong></span> <span class='ocrx_word' id='word_1_771' title='bbox 2520 4654 2864 4721; x_wconf 85' lang='lat' dir='ltr'><strong>Dulcissime,</strong></span> <span class='ocrx_word' id='word_1_772' title='bbox 2894 4654 3303 4725; x_wconf 81' lang='lat' dir='ltr'><strong>benignissime,</strong></span> <span class='ocrx_word' id='word_1_773' title='bbox 3336 4653 3729 4723; x_wconf 86' lang='lat' dir='ltr'><strong>amantissime,</strong></span> 
     </span>
    </p>
   </div>
   <div class='ocr_carea' id='block_1_103' title="bbox 2150 4731 3731 4815">
    <p class='ocr_par' dir='ltr' id='par_1_103' title="bbox 2150 4731 3731 4815">
     <span class='ocr_line' id='line_1_103' title="bbox 2150 4731 3731 4815; baseline -0.004 -12"><span class='ocrx_word' id='word_1_774' title='bbox 2150 4746 2491 4813; x_wconf 84' lang='lat' dir='ltr'><strong>charissime,</strong></span> <span class='ocrx_word' id='word_1_775' title='bbox 2519 4744 2915 4815; x_wconf 86' lang='lat' dir='ltr'><strong>potentissime,</strong></span> <span class='ocrx_word' id='word_1_776' title='bbox 2945 4731 3418 4804; x_wconf 79' lang='lat' dir='ltr'><strong>desideratissime,</strong></span> <span class='ocrx_word' id='word_1_777' title='bbox 3452 4743 3731 4813; x_wconf 83' lang='lat' dir='ltr'><strong>pretiosis-</strong></span> 
     </span>
    </p>
   </div>
   <div class='ocr_carea' id='block_1_104' title="bbox 2149 4829 3727 4904">
    <p class='ocr_par' dir='ltr' id='par_1_104' title="bbox 2149 4829 3727 4904">
     <span class='ocr_line' id='line_1_104' title="bbox 2149 4829 3727 4904; baseline -0.003 -13"><span class='ocrx_word' id='word_1_778' title='bbox 2149 4837 2308 4903; x_wconf 86' lang='lat' dir='ltr'><strong>sime,</strong></span> <span class='ocrx_word' id='word_1_779' title='bbox 2354 4834 2759 4898; x_wconf 86' lang='lat' dir='ltr'><strong>amabilissime,</strong></span> <span class='ocrx_word' id='word_1_780' title='bbox 2810 4833 3189 4904; x_wconf 84' lang='lat' dir='ltr'><strong>pulcherrime,</strong></span> <span class='ocrx_word' id='word_1_781' title='bbox 3228 4841 3281 4885; x_wconf 90' lang='lat' dir='ltr'><strong>tu</strong></span> <span class='ocrx_word' id='word_1_782' title='bbox 3313 4829 3470 4885; x_wconf 89' lang='lat' dir='ltr'><strong>melle</strong></span> <span class='ocrx_word' id='word_1_783' title='bbox 3497 4830 3727 4897; x_wconf 90' lang='lat' dir='ltr'><strong>dulcior,</strong></span> 
     </span>
    </p>
   </div>
   <div class='ocr_carea' id='block_1_105' title="bbox 2150 4920 3733 4990">
    <p class='ocr_par' dir='ltr' id='par_1_105' title="bbox 2150 4920 3733 4990">
     <span class='ocr_line' id='line_1_105' title="bbox 2150 4920 3733 4990; baseline -0.003 -10"><span class='ocrx_word' id='word_1_784' title='bbox 2150 4928 2288 4984; x_wconf 89' lang='lat' dir='ltr'><strong>lacte</strong></span> <span class='ocrx_word' id='word_1_785' title='bbox 2316 4933 2374 4981; x_wconf 91' lang='lat' dir='ltr'><strong>et</strong></span> <span class='ocrx_word' id='word_1_786' title='bbox 2400 4924 2524 4980; x_wconf 90' lang='lat' dir='ltr'><strong>nive</strong></span> <span class='ocrx_word' id='word_1_787' title='bbox 2549 4923 2852 4990; x_wconf 80' lang='lat' dir='ltr'><strong>candidior,</strong></span> <span class='ocrx_word' id='word_1_788' title='bbox 2892 4932 3113 4978; x_wconf 83' lang='lat' dir='ltr'><strong>nectare</strong></span> <span class='ocrx_word' id='word_1_789' title='bbox 3142 4921 3376 4986; x_wconf 88' lang='lat' dir='ltr'><strong>suavior,</strong></span> <span class='ocrx_word' id='word_1_790' title='bbox 3418 4920 3647 4990; x_wconf 87' lang='lat' dir='ltr'><strong>gemmis</strong></span> <span class='ocrx_word' id='word_1_791' title='bbox 3676 4932 3733 4975; x_wconf 92' lang='lat' dir='ltr'><strong>et</strong></span> 
     </span>
    </p>
   </div>
   <div class='ocr_carea' id='block_1_106' title="bbox 2146 5012 3727 5089">
    <p class='ocr_par' dir='ltr' id='par_1_106' title="bbox 2146 5012 3727 5089">
     <span class='ocr_line' id='line_1_106' title="bbox 2146 5012 3727 5089; baseline -0.004 -15"><span class='ocrx_word' id='word_1_792' title='bbox 2146 5035 2277 5074; x_wconf 88' lang='lat' dir='ltr'><strong>auro</strong></span> <span class='ocrx_word' id='word_1_793' title='bbox 2302 5017 2615 5089; x_wconf 85' lang='lat' dir='ltr'><strong>pretiosior,</strong></span> <span class='ocrx_word' id='word_1_794' title='bbox 2644 5016 2963 5084; x_wconf 88' lang='lat' dir='ltr'><strong>cunctisque</strong></span> <span class='ocrx_word' id='word_1_795' title='bbox 2995 5023 3263 5085; x_wconf 86' lang='lat' dir='ltr'><strong>terrarum</strong></span> <span class='ocrx_word' id='word_1_796' title='bbox 3301 5012 3504 5067; x_wconf 89' lang='lat' dir='ltr'><strong>divitiis</strong></span> <span class='ocrx_word' id='word_1_797' title='bbox 3534 5020 3591 5067; x_wconf 87' lang='lat' dir='ltr'><strong>et</strong></span> <span class='ocrx_word' id='word_1_798' title='bbox 3628 5012 3727 5067; x_wconf 85' lang='lat' dir='ltr'><strong>ho-</strong></span> 
     </span>
    </p>
   </div>
   <div class='ocr_carea' id='block_1_107' title="bbox 2146 5104 3726 5172">
    <p class='ocr_par' dir='ltr' id='par_1_107' title="bbox 2146 5104 3726 5172">
     <span class='ocr_line' id='line_1_107' title="bbox 2146 5104 3726 5172; baseline -0.007 -5"><span class='ocrx_word' id='word_1_799' title='bbox 2146 5109 2368 5167; x_wconf 88' lang='lat' dir='ltr'><strong>noribns</strong></span> <span class='ocrx_word' id='word_1_800' title='bbox 2408 5108 2538 5167; x_wconf 84' lang='lat' dir='ltr'><strong>mihi</strong></span> <span class='ocrx_word' id='word_1_801' title='bbox 2568 5108 2805 5163; x_wconf 89' lang='lat' dir='ltr'><strong>charior.</strong></span> <span class='ocrx_word' id='word_1_802' title='bbox 2850 5104 2987 5172; x_wconf 86' lang='lat' dir='ltr'><strong>Quid</strong></span> <span class='ocrx_word' id='word_1_803' title='bbox 3032 5104 3173 5165; x_wconf 84' lang='lat' dir='ltr'><strong>dico.</strong></span> <span class='ocrx_word' id='word_1_804' title='bbox 3230 5105 3368 5158; x_wconf 89' lang='lat' dir='ltr'><strong>Deus</strong></span> <span class='ocrx_word' id='word_1_805' title='bbox 3396 5118 3573 5169; x_wconf 88' lang='lat' dir='ltr'><strong>meus,</strong></span> <span class='ocrx_word' id='word_1_806' title='bbox 3620 5119 3726 5158; x_wconf 89' lang='lat' dir='ltr'><strong>una</strong></span> 
     </span>
    </p>
   </div>
   <div class='ocr_carea' id='block_1_108' title="bbox 2145 5194 3722 5274">
    <p class='ocr_par' dir='ltr' id='par_1_108' title="bbox 2145 5194 3722 5274">
     <span class='ocr_line' id='line_1_108' title="bbox 2145 5194 3722 5274; baseline -0.008 -16"><span class='ocrx_word' id='word_1_807' title='bbox 2145 5218 2267 5274; x_wconf 80' lang='lat' dir='ltr'><strong>spes</strong></span> <span class='ocrx_word' id='word_1_808' title='bbox 2296 5215 2416 5257; x_wconf 85' lang='lat' dir='ltr'><strong>mea</strong></span> <span class='ocrx_word' id='word_1_809' title='bbox 2458 5206 2565 5253; x_wconf 91' lang='lat' dir='ltr'><strong>tam</strong></span> <span class='ocrx_word' id='word_1_810' title='bbox 2592 5197 2813 5269; x_wconf 88' lang='lat' dir='ltr'><strong>grandis</strong></span> <span class='ocrx_word' id='word_1_811' title='bbox 2848 5194 3223 5253; x_wconf 88' lang='lat' dir='ltr'><strong>misericordia</strong></span> <span class='ocrx_word' id='word_1_812' title='bbox 3252 5194 3383 5249; x_wconf 86' lang='lat' dir='ltr'><strong>tua?</strong></span> <span class='ocrx_word' id='word_1_813' title='bbox 3410 5194 3549 5265; x_wconf 81' lang='lat' dir='ltr'><strong>Quid</strong></span> <span class='ocrx_word' id='word_1_814' title='bbox 3582 5194 3722 5255; x_wconf 90' lang='lat' dir='ltr'><strong>dico,</strong></span> 
     </span>
    </p>
   </div>
   <div class='ocr_carea' id='block_1_109' title="bbox 2146 5284 3721 5353">
    <p class='ocr_par' dir='ltr' id='par_1_109' title="bbox 2146 5284 3721 5353">
     <span class='ocr_line' id='line_1_109' title="bbox 2146 5284 3721 5353; baseline -0.01 -4"><span class='ocrx_word' id='word_1_815' title='bbox 2146 5292 2370 5352; x_wconf 87' lang='lat' dir='ltr'><strong>dulcedo</strong></span> <span class='ocrx_word' id='word_1_816' title='bbox 2395 5290 2521 5347; x_wconf 82' lang='lat' dir='ltr'><strong>l‘clix</strong></span> <span class='ocrx_word' id='word_1_817' title='bbox 2554 5298 2608 5344; x_wconf 91' lang='lat' dir='ltr'><strong>et</strong></span> <span class='ocrx_word' id='word_1_818' title='bbox 2652 5286 2881 5343; x_wconf 85' lang='lat' dir='ltr'><strong>secura?</strong></span> <span class='ocrx_word' id='word_1_819' title='bbox 2908 5285 3046 5353; x_wconf 82' lang='lat' dir='ltr'><strong>Quid</strong></span> <span class='ocrx_word' id='word_1_820' title='bbox 3074 5286 3217 5353; x_wconf 88' lang='lat' dir='ltr'><strong>dico,</strong></span> <span class='ocrx_word' id='word_1_821' title='bbox 3244 5288 3367 5340; x_wconf 89' lang='lat' dir='ltr'><strong>dum</strong></span> <span class='ocrx_word' id='word_1_822' title='bbox 3396 5285 3523 5339; x_wconf 84' lang='lat' dir='ltr'><strong>talia</strong></span> <span class='ocrx_word' id='word_1_823' title='bbox 3566 5284 3721 5337; x_wconf 82' lang='lat' dir='ltr'><strong>dico?</strong></span> 
     </span>
    </p>
   </div>
   <div class='ocr_carea' id='block_1_110' title="bbox 1750 5428 2427 5486">
    <p class='ocr_par' dir='ltr' id='par_1_110' title="bbox 1750 5428 2427 5486">
     <span class='ocr_line' id='line_1_110' title="bbox 1750 5428 2427 5486; baseline -0.004 -2"><span class='ocrx_word' id='word_1_824' title='bbox 1750 5430 1983 5485; x_wconf 70' lang='lat' dir='ltr'><strong>VAlllA&#39;l</strong></span> <span class='ocrx_word' id='word_1_825' title='bbox 2026 5428 2314 5484; x_wconf 74' lang='lat' dir='ltr'><strong>LECTION</strong></span> <span class='ocrx_word' id='word_1_826' title='bbox 2326 5429 2427 5486; x_wconf 72' lang='lat' dir='ltr'><strong>ES.</strong></span> 
     </span>
    </p>
   </div>
   <div class='ocr_carea' id='block_1_111' title="bbox 544 5532 3708 5613">
    <p class='ocr_par' dir='ltr' id='par_1_111' title="bbox 544 5532 3708 5613">
     <span class='ocr_line' id='line_1_111' title="bbox 544 5532 3708 5613; baseline -0.002 -22"><span class='ocrx_word' id='word_1_827' title='bbox 544 5532 726 5613; x_wconf 52' lang='lat'><strong>{&quot;11&#39;9</strong></span> <span class='ocrx_word' id='word_1_828' title='bbox 752 5536 931 5595; x_wconf 82' lang='lat' dir='ltr'><strong>videre</strong></span> <span class='ocrx_word' id='word_1_829' title='bbox 956 5538 1287 5613; x_wconf 81' lang='lat' dir='ltr'><strong>Aug._ontilt.</strong></span> <span class='ocrx_word' id='word_1_830' title='bbox 1336 5612 1339 5613; x_wconf 15' lang='grc' dir='ltr'><em>ν</em></span> <span class='ocrx_word' id='word_1_831' title='bbox 1366 5539 1621 5613; x_wconf 72' lang='lat' dir='ltr'><strong>“&quot;‘Dono</strong></span> <span class='ocrx_word' id='word_1_832' title='bbox 1647 5553 1740 5613; x_wconf 81' lang='lat' dir='ltr'><strong>tuo</strong></span> <span class='ocrx_word' id='word_1_833' title='bbox 1762 5546 1896 5613; x_wconf 69' lang='lat' dir='ltr'><strong>Aug.</strong></span> <span class='ocrx_word' id='word_1_834' title='bbox 1926 5546 2093 5598; x_wconf 86' lang='lat' dir='ltr'><strong>omitt.</strong></span> <span class='ocrx_word' id='word_1_835' title='bbox 2125 5554 2214 5599; x_wconf 90' lang='lat' dir='ltr'><strong>tuo</strong></span> <span class='ocrx_word' id='word_1_836' title='bbox 2268 5542 2361 5575; x_wconf 72' lang='lat'><strong>““</strong></span> <span class='ocrx_word' id='word_1_837' title='bbox 2379 5542 2499 5595; x_wconf 88' lang='lat' dir='ltr'><strong>Milu</strong></span> <span class='ocrx_word' id='word_1_838' title='bbox 2520 5548 2840 5613; x_wconf 62' lang='lat' dir='ltr'><strong>potestatem</strong></span> <span class='ocrx_word' id='word_1_839' title='bbox 2860 5539 2994 5613; x_wconf 47' lang='lat' dir='ltr'><strong>ilug.</strong></span> <span class='ocrx_word' id='word_1_840' title='bbox 3022 5538 3151 5593; x_wconf 90' lang='lat' dir='ltr'><strong>mihi</strong></span> <span class='ocrx_word' id='word_1_841' title='bbox 3177 5552 3294 5613; x_wconf 77' lang='lat' dir='ltr'><strong>eam</strong></span> <span class='ocrx_word' id='word_1_842' title='bbox 3313 5537 3363 5589; x_wconf 92' lang='lat' dir='ltr'><strong>in</strong></span> <span class='ocrx_word' id='word_1_843' title='bbox 3383 5543 3708 5612; x_wconf 74' lang='lat' dir='ltr'><strong>potestatem</strong></span> 
     </span>
    </p>
   </div>
   <div class='ocr_carea' id='block_1_112' title="bbox 475 5601 3708 5687">
    <p class='ocr_par' dir='ltr' id='par_1_112' title="bbox 475 5601 3708 5687">
     <span class='ocr_line' id='line_1_112' title="bbox 475 5601 3708 5687; baseline -0 -28"><span class='ocrx_word' id='word_1_844' title='bbox 591 5604 810 5687; x_wconf 57' lang='grc' dir='ltr'><strong>-ςοζζαια</strong></span> <span class='ocrx_word' id='word_1_845' title='bbox 840 5617 914 5661; x_wconf 75' lang='lat' dir='ltr'><strong>est</strong></span> <span class='ocrx_word' id='word_1_846' title='bbox 936 5601 1069 5687; x_wconf 52' lang='lat' dir='ltr'><strong>cum:</strong></span> <span class='ocrx_word' id='word_1_847' title='bbox 1090 5602 1362 5687; x_wconf 48' lang='lat' dir='ltr'><strong>Soataratii</strong></span> <span class='ocrx_word' id='word_1_848' title='bbox 1388 5611 1553 5687; x_wconf 69' lang='lat' dir='ltr'><strong>capite</strong></span> <span class='ocrx_word' id='word_1_849' title='bbox 1571 5612 1625 5666; x_wconf 90' lang='lat'><strong>8.</strong></span> <span class='ocrx_word' id='word_1_850' title='bbox 1653 5612 1786 5687; x_wconf 76' lang='lat' dir='ltr'><strong>inter</strong></span> <span class='ocrx_word' id='word_1_851' title='bbox 1822 5601 2005 5687; x_wconf 54' lang='lat' dir='ltr'><strong>Hedit.</strong></span> <span class='ocrx_word' id='word_1_852' title='bbox 2035 5613 2094 5687; x_wconf 17' lang='lat' dir='ltr'><strong>SA.</strong></span> <span class='ocrx_word' id='word_1_853' title='bbox 2121 5614 2424 5687; x_wconf 59' lang='lat' dir='ltr'><strong>Augustin},</strong></span> <span class='ocrx_word' id='word_1_854' title='bbox 2454 5624 2499 5687; x_wconf 72' lang='lat' dir='ltr'><strong>et</strong></span> <span class='ocrx_word' id='word_1_855' title='bbox 2520 5601 2647 5665; x_wconf 52' lang='lat' dir='ltr'><strong>&#39;cum</strong></span> <span class='ocrx_word' id='word_1_856' title='bbox 2677 5610 2911 5687; x_wconf 84' lang='lat' dir='ltr'><strong>Edit._S.</strong></span> <span class='ocrx_word' id='word_1_857' title='bbox 2936 5601 3154 5687; x_wconf 49' lang='lat' dir='ltr'><strong>flagitet.</strong></span> <span class='ocrx_word' id='word_1_858' title='bbox 3183 5601 3618 5687; x_wconf 23' lang='lat' dir='ltr'><strong>.Exstat‘ur‘ent&#39;n‘t</strong></span> <span class='ocrx_word' id='word_1_859' title='bbox 3654 5604 3708 5655; x_wconf 76' lang='lat' dir='ltr'><strong>in</strong></span> 
     </span>
    </p>
   </div>
   <div class='ocr_carea' id='block_1_113' title="bbox 472 5670 3706 5750">
    <p class='ocr_par' dir='ltr' id='par_1_113' title="bbox 472 5670 3706 5750">
     <span class='ocr_line' id='line_1_113' title="bbox 472 5670 3706 5750; baseline 0 -26"><span class='ocrx_word' id='word_1_860' title='bbox 472 5670 556 5724; x_wconf 77' lang='lat' dir='ltr'><strong>lib.</strong></span> <span class='ocrx_word' id='word_1_861' title='bbox 582 5673 818 5750; x_wconf 71' lang='lat' dir='ltr'><strong>Meditat.</strong></span> <span class='ocrx_word' id='word_1_862' title='bbox 846 5676 1089 5750; x_wconf 75' lang='lat' dir='ltr'><strong>tomJX.</strong></span> <span class='ocrx_word' id='word_1_863' title='bbox 1109 5682 1229 5749; x_wconf 78' lang='lat' dir='ltr'><strong>pay.</strong></span> <span class='ocrx_word' id='word_1_864' title='bbox 1253 5682 1374 5736; x_wconf 70' lang='grc'><strong>⁸546.</strong></span> <span class='ocrx_word' id='word_1_865' title='bbox 1404 5670 1523 5734; x_wconf 74' lang='lat' dir='ltr'><strong>Non</strong></span> <span class='ocrx_word' id='word_1_866' title='bbox 1544 5692 1709 5736; x_wconf 73' lang='lat' dir='ltr'><strong>exstat</strong></span> <span class='ocrx_word' id='word_1_867' title='bbox 1735 5685 1787 5736; x_wconf 85' lang='lat' dir='ltr'><strong>in</strong></span> <span class='ocrx_word' id='word_1_868' title='bbox 1812 5699 1935 5737; x_wconf 79' lang='lat' dir='ltr'><strong>mss.</strong></span> <span class='ocrx_word' id='word_1_869' title='bbox 1965 5685 2024 5738; x_wconf 84' lang='lat' dir='ltr'><strong>S.</strong></span> <span class='ocrx_word' id='word_1_870' title='bbox 2053 5670 2302 5739; x_wconf 52' lang='lat' dir='ltr'><strong>Anseft&#39;ni.</strong></span> <span class='ocrx_word' id='word_1_871' title='bbox 2323 5670 2575 5750; x_wconf 78' lang='lat' dir='ltr'><strong>Ejusdem</strong></span> <span class='ocrx_word' id='word_1_872' title='bbox 2602 5692 2723 5733; x_wconf 90' lang='lat' dir='ltr'><strong>cum</strong></span> <span class='ocrx_word' id='word_1_873' title='bbox 2742 5679 2955 5750; x_wconf 83' lang='lat' dir='ltr'><strong>ardenti</strong></span> <span class='ocrx_word' id='word_1_874' title='bbox 2968 5670 3231 5750; x_wconf 65' lang='lat' dir='ltr'><strong>desiderio</strong></span> <span class='ocrx_word' id='word_1_875' title='bbox 3247 5674 3415 5728; x_wconf 90' lang='lat' dir='ltr'><strong>solum</strong></span> <span class='ocrx_word' id='word_1_876' title='bbox 3434 5674 3706 5727; x_wconf 81' lang='lat' dir='ltr'><strong>Christum</strong></span> 
     </span>
    </p>
   </div>
   <div class='ocr_carea' id='block_1_114' title="bbox 477 5746 3425 5817">
    <p class='ocr_par' dir='ltr' id='par_1_114' title="bbox 477 5746 3425 5817">
     <span class='ocr_line' id='line_1_114' title="bbox 477 5746 3425 5817; baseline -0.001 -20"><span class='ocrx_word' id='word_1_877' title='bbox 477 5746 703 5812; x_wconf 74' lang='lat' dir='ltr'><strong>amandi,</strong></span> <span class='ocrx_word' id='word_1_878' title='bbox 735 5756 786 5802; x_wconf 87' lang='lat' dir='ltr'><strong>ct</strong></span> <span class='ocrx_word' id='word_1_879' title='bbox 816 5748 928 5817; x_wconf 63' lang='lat' dir='ltr'><strong>ejus</strong></span> <span class='ocrx_word' id='word_1_880' title='bbox 951 5746 1211 5807; x_wconf 72' lang='lat' dir='ltr'><strong>desiderio</strong></span> <span class='ocrx_word' id='word_1_881' title='bbox 1241 5751 1450 5808; x_wconf 76' lang='lat' dir='ltr'><strong>fruendi</strong></span> <span class='ocrx_word' id='word_1_882' title='bbox 1485 5751 1627 5807; x_wconf 82' lang='lat' dir='ltr'><strong>Sam.</strong></span> <span class='ocrx_word' id='word_1_883' title='bbox 1661 5752 1843 5811; x_wconf 80' lang='lat' dir='ltr'><strong>Oratio</strong></span> <span class='ocrx_word' id='word_1_884' title='bbox 1877 5755 2099 5811; x_wconf 84' lang='lat' dir='ltr'><strong>multum</strong></span> <span class='ocrx_word' id='word_1_885' title='bbox 2131 5746 2459 5811; x_wconf 52' lang='lat' dir='ltr'><strong>tamensed</strong></span> <span class='ocrx_word' id='word_1_886' title='bbox 2487 5751 2821 5808; x_wconf 76' lang='lat' dir='ltr'><strong>devotionem</strong></span> <span class='ocrx_word' id='word_1_887' title='bbox 2846 5748 3159 5805; x_wconf 68' lang='lat' dir='ltr'><strong>ct‘dit‘inum</strong></span> <span class='ocrx_word' id='word_1_888' title='bbox 3189 5759 3425 5799; x_wconf 86' lang='lat' dir='ltr'><strong>amorem</strong></span> 
     </span>
    </p>
   </div>
   <div class='ocr_carea' id='block_1_115' title="bbox 3734 3786 3823 3815">
    <p class='ocr_par' dir='ltr' id='par_1_115' title="bbox 3734 3786 3823 3815">
     <span class='ocr_line' id='line_1_115' title="bbox 3734 3786 3823 3815; baseline 0 0"><span class='ocrx_word' id='word_1_889' title='bbox 3734 3802 3737 3807; x_wconf 67' lang='grc' dir='ltr'><strong><em>ν</em></strong></span> <span class='ocrx_word' id='word_1_890' title='bbox 3798 3786 3823 3815; x_wconf 75' lang='grc' dir='ltr'><strong>ιι</strong></span> 
     </span>
    </p>
   </div>
  </div>
