4200 6182
396 3724 427 3761 ε

482 299 588 360 sas
620 279 643 294 ‘

845 298 905 355 S.
947 293 1247 353 ANSELMI
1280 289 1632 351 CANTUAR.
1655 284 1977 361 AllCllll-JP.
2019 284 2172 343 OPP.
2212 280 2392 339 PARS
2429 280 2492 335 ll.
2526 309 2597 321 —-
2622 256 2993 334 ΡΑΒᾹΞΝΕΤ.
3028 274 3117 330 ΕΤ
3144 275 3386 332 ASCET.

3636 276 3740 336 896

484 417 616 473 Dico
638 415 779 487 quod
811 415 984 477 valeo.
1023 414 1114 469 sed
1146 429 1252 467 non
1294 413 1417 467 dico
1446 409 1591 479 quod
1620 404 2062 487 debeoalltinam
2094 404 2135 459 Α
2165 410 2221 455 ιιι
2258 402 2322 456 de
2351 399 2737 468 temporalibus
2780 412 2880 452 nec
2919 396 3152 465 lugeam,
3187 408 3284 461 nec
3316 397 3600 462 gaudeam.
3644 412 3743 454 nec

485 522 700 579 possem
726 507 851 563 talia
881 508 1081 569 dicere,
1113 504 1289 575 qualia
1321 504 1395 559 illi
1428 501 1723 574 bymnidici
1750 497 2062 568 angelorum

486 602 678 656 choril
728 599 772 655 0
799 614 960 669 quam
1008 598 1242 654 libenter
1290 613 1378 652 me
1419 596 1472 650 in
1528 595 1633 649 tuis
1673 592 1933 671 laudibus
1975 591 2066 622 ’³⁸⁸

487 676 660 748 totum
688 690 1055 747 ellunderem!
1088 688 1133 745 0
1156 706 1316 761 quam
1348 688 1692 744 devotissime
1715 684 1801 739 illa
1830 682 2069 739 caelestis

486 782 734 839 tnelodiaa
761 782 974 837 cantica
1001 782 1069 837 ad
1106 774 1316 835 laudem
1346 788 1400 834 et
1446 777 1669 847 gloriam
1721 774 1955 829 nominis
1991 774 2067 829 tui

486 874 544 929 in
571 873 750 928 medio
775 872 1030 928 Ecclesiae
1055 871 1399 943 infatigabilis
1421 870 1511 901 ""
1539 883 1850 939 perorarem
1877 868 1890 921 !

559 962 667 1020 Sed
697 965 824 1034 quia
855 963 1115 1023 talianon
1143 975 1381 1031 possunt,
1426 959 1669 1030 nunquid
1711 958 1939 1014 tacebo?
1980 955 2071 1011 Va:

490 1054 792 1109 tacentibus
836 1052 903 1108 de
935 1062 1006 1116 te,
1035 1052 1124 1121 qui
1152 1065 1248 1105 ora
1281 1060 1559 1105 mutorum
1604 1050 1849 1118 resolvis,
1892 1060 1945 1104 et
1972 1049 2069 1103 lin-

491 1154 626 1214 guas
657 1141 940 1198 infantium
980 1140 1115 1196 lacis
1147 1141 1378 1196 discrtas
1406 1140 1579 1212 (Sap-
1612 1157 1667 1206 χ,
1715 1140 1830 1211 2|).
1870 1141 1957 1195 Vzc
1992 1150 2071 1192 ta-

490 1233 738 1289 centibus
767 1232 832 1286 de
880 1241 951 1298 te,
1000 1232 1258 1302 quoniam
1308 1233 1405 1303 ipsi
1456 1233 1707 1303 loquaces
1761 1233 1892 1287 muti
1923 1240 2067 1295 sunt,

488 1339 613 1381 cum
648 1339 753 1385 non
783 1334 904 1381 tuas
945 1324 1133 1379 laudes
1154 1325 1361 1380 dicunt.
1394 1326 1526 1393 Quis
1567 1326 1725 1393 digne
1773 1333 1825 1377 te
1853 1322 2071 1376 laudare

488 1422 689 1487 potest,
736 1431 771 1471 o
816 1414 1102 1471 inell'abilis
1148 1418 1418 1471 virtuset
1464 1415 1726 1484 sapientia
1760 1413 1975 1468 Patris?
2004 1414 2070 1468 Et

490 1504 751 1576 quoniam
794 1505 937 1561 nulla
972 1507 1183 1560 invenio
1222 1504 1380 1558 verba
1412 1503 1609 1573 quibus
1648 1512 1699 1557 te
1737 1501 2071 1558 sufﬁcienter

491 1596 700 1651 valeam
725 1597 1018 1668 explicare,
1048 1596 1421 1665 cunctipotens
1464 1602 1521 1649 et
1571 1595 1890 1650 omniscium
1940 1595 2071 1650 Ver-

493 1688 648 1755 bum,
674 1686 853 1745 dicam
905 1688 1117 1743 interim
1162 1687 1306 1755 quod
1352 1685 1525 1752 valeo,
1555 1687 1727 1743 donec
1766 1686 1954 1758 iubeas
1984 1702 2069 1743 me

492 1781 683 1835 venire
704 1780 771 1835 ad
795 1790 864 1843 te,
900 1780 986 1834 ubi
1016 1779 1212 1848 possim
1237 1779 1419 1833 dicere
1448 1784 1591 1850 quod
1623 1787 1675 1833 te
1704 1779 1878 1845 decet,
1901 1790 1955 1835 et
1984 1795 2071 1835 me

491 1878 725 1942 oportet.
783 1871 850 1924 Et
882 1870 1003 1925 ideo
1048 1869 1359 1939 suppliciter
1400 1887 1531 1942 rogo
1566 1879 1625 1926 ut
1661 1887 1765 1928 non
1817 1872 2073 1941 reSpicias

492 1966 701 2016 tantum
724 1960 789 2015 ad
826 1960 877 2027 id
898 1961 1041 2029 quod
1072 1960 1231 2015 modo
1254 1960 1395 2027 dico,
1420 1963 1516 2016 sed
1545 1964 1613 2017 ad
1653 1962 1704 2017 id
1728 1964 1870 2033 quod
1894 1963 2076 2018 dicere

489 2059 638 2121 opto.
671 2050 841 2124 Cupio
866 2052 1011 2108 enim
1041 2052 1312 2108 desiderio
1344 2069 1540 2125 magno
1561 2056 1628 2110 de
1653 2064 1704 2110 te
1728 2055 1904 2125 eloqui
1929 2055 2075 2125 quod

490 2152 710 2214 oportet
736 2153 793 2200 et
832 2145 1008 2210 deret;
1040 2145 1166 2215 quia
1202 2154 1252 2202 te
1300 2147 1457 2202 decet
1498 2148 1631 2209 laus,
1672 2158 1721 2201 te
1748 2149 1889 2203 decet
1922 2150 2075 2220 hym-

493 2232 794 2304 nsU’sal.
842 2250 988 2301 utv,
1032 2235 1110 2300 2),
1145 2236 1347 2305 tibique
1386 2238 1611 2291 debetur
1654 2236 1832 2291 omnis
1881 2239 2067 2293 honor.

494 2324 619 2384 Scis
643 2342 792 2396 ergo,
830 2326 1165 2383 occultorum
1195 2331 1441 2399 cognitor
1470 2329 1634 2395 Deus,
1674 2330 1929 2400 quoniam
1966 2346 2071 2384 non

493 2420 670 2475 solum
701 2427 867 2487 terra,
919 2429 973 2474 rt
1022 2421 1274 2476 omnilms
1303 2437 1423 2491 qua:
1473 2420 1527 2475 in
1556 2435 1619 2475 ea
1664 2429 1814 2486 sunt,
1846 2429 1899 2475 tu
1939 2420 2072 2475 mihi

494 2508 712 2563 cbarior
752 2496 812 2565 es
846 2509 969 2577 "";
998 2511 1091 2565 sed
1119 2512 1281 2565 etiam
1316 2512 1431 2582 ipso
1459 2512 1596 2567 coelo
1626 2511 1717 2543 m’
1747 2521 1802 2568 et
1828 2512 2077 2566 omnibus

494 2613 615 2666 qua:
646 2598 700 2653 in
731 2612 798 2655 eo
827 2609 954 2653 sunt
979 2609 1033 2661 ιιι
1068 2600 1197 2655 mihi
1229 2601 1615 2672 acceptabilior
1636 2618 1695 2657 es
1721 2601 1862 2657 “"z
1909 2601 2073 2671 diligo

494 2690 639 2745 enim
688 2698 739 2744 te
764 2705 926 2758 super
951 2690 1145 2746 coelum
1177 2701 1233 2746 et
1275 2700 1493 2757 terram,
1547 2702 1604 2747 et
1659 2700 1852 2747 cmtcra
1881 2674 2074 2748 omnia

497 2798 619 2853 qure
652 2782 704 2837 in
757 2783 837 2839 eis
878 2794 1040 2849 sunt;
1082 2785 1190 2840 imo
1214 2786 1314 2841 nisi
1360 2801 1545 2840 amore
1590 2786 1679 2819 ""
1722 2786 1955 2842 nominis
1999 2787 2075 2840 tui

498 2890 620 2945 qua:
671 2878 985 2931 transitoria
1049 2886 1193 2941 sunt,
1241 2877 1425 2951 procul
1480 2877 1644 2933 dubio
1693 2880 1919 2932 amanda
1968 2894 2074 2933 non

497 2972 642 3018 sunt.
677 2965 816 3018 Amo
842 2974 912 3029 te,
956 2964 1097 3019 Deus
1127 2980 1297 3031 meus,
1324 2980 1510 3020 amore
1549 2981 1762 3036 magno,
1802 2968 2078 3036 magisque

499 3059 556 3109 te
590 3066 777 3107 amare
798 3053 976 3123 cupio.
1012 3052 1084 3108 Da
1117 3053 1246 3109 mihi
1276 3064 1334 3110 ut
1363 3070 1538 3111 amem
1571 3064 1623 3112 te
1652 3072 1865 3127 semper
1897 3074 2069 3128 quan-
2102 3092 2148 3153 ρ

496 3153 611 3198 ιιιιη
634 3142 776 3209 volo,
807 3152 858 3200 et
883 3155 1143 3216 quantum
1171 3146 1337 3202 debeo
1368 3146 1458 3179 "5’
1482 3164 1496 3213 ;
1526 3155 1583 3202 nt
1614 3156 1667 3203 tu
1692 3148 1839 3203 solus
1862 3149 1937 3204 sis
1963 3159 2072 3205 tota

497 3233 726 3290 intentio
757 3250 897 3303 mea,
935 3247 990 3293 et
1032 3237 1208 3293 omnis
1239 3239 1517 3293 meditatio
1549 3254 1687 3293 mea.
1736 3238 1812 3294 Te
1852 3242 2078 3297 mediter

498 3337 597 3393 per
643 3325 759 3379 dies
803 3326 920 3380 sine
966 3325 1291 3390 cessatione.
1331 3338 1384 3382 te
1430 3329 1657 3382 sentiam
1690 3344 1788 3399 per
1830 3344 2078 3399 soporem

501 3416 556 3469 in
584 3426 763 3484 nocte,
798 3427 848 3472 te
874 3418 1179 3488 alloquatur
1200 3420 1423 3489 spiritus
1457 3435 1630 3484 meus,
1659 3428 1833 3476 tecum
1872 3420 2076 3477 fabule-

502 3515 594 3560 tur
620 3522 771 3562 meus
814 3524 953 3562 mea.
982 3508 1208 3567 Lumine
1233 3519 1434 3566 sanctae
1465 3511 1683 3566 visionis
1715 3520 1818 3565 tuae
1845 3511 2078 3567 illustre-

504 3610 592 3651 tnr
617 3613 711 3651 cor
751 3613 952 3663 meum,
987 3609 1065 3665 ut,
1112 3609 1163 3656 te
1190 3610 1417 3663 rectore,
1462 3610 1511 3655 te
1540 3602 1675 3655 duce
1718 3602 1987 3656 ambulem
2016 3602 2081 3656 de

500 3686 704 3747 Virtute
756 3690 810 3745 in
860 3685 1133 3756 virtutem,
1189 3693 1513 3761 tandemque
1557 3692 1766 3745 videant
1812 3701 1864 3746 te
1913 3692 2079 3747 Deum

500 3784 723 3837 deorum
753 3782 803 3836 in
828 3782 979 3847 Sion,
1014 3799 1156 3837 nunc
1197 3783 1413 3852 quidem
1443 3800 1535 3851 per
1570 3783 1833 3854 speculum
1870 3786 1923 3839 in
1951 3785 2083 3839 wai-

496 3885 689 3950 gmate,
729 3885 852 3929 tunc
895 3886 1067 3929 autem
1110 3876 1245 3945 [acie
1281 3876 1351 3929 ad
1393 3874 1602 3944 faciem,
1647 3875 1734 3929 ubi
1775 3892 2080 3946 cognoscant

501 3973 575 4030 te,
602 3966 736 4018 sicut
777 3977 824 4018 et
873 3966 1109 4035 cognitus
1157 3982 1271 4018 sum
1302 3965 1350 4034 (I
1403 3964 1523 4017 Cor.
1580 3980 1702 4030 xm,
1765 3966 1873 4034 12).
1934 3966 2081 4021 Beati

499 4054 699 4109 mundo
724 4055 897 4117 corde,
924 4055 1170 4123 quoniam
1194 4055 1291 4120 ipsi
1322 4054 1487 4106 Deum
1516 4054 1758 4107 videbunt
1784 4053 1999 4123 (Matth.
2026 4072 2082 4120 v,

500 4148 578 4217 8).
608 4145 757 4200 Beati
784 4148 874 4216 qui
902 4146 1137 4199 Itabituut
1179 4148 1232 4197 in
1278 4145 1430 4198 domo
1466 4156 1580 4210 tuo,
1614 4145 1853 4209 Domine,
1899 4147 1952 4200 in
1983 4164 2085 4213 sm:

499 4242 620 4297 eula
650 4242 963 4297 surculorum
988 4242 1280 4295 laudabunt
1302 4251 1351 4296 te
1382 4240 1553 4313 (Psal.
1586 4260 1816 4308 suam,
1842 4243 1919 4313 5).

572 4334 721 4401 Rogo
754 4335 935 4403 itaque
969 4342 1039 4397 te,
1084 4332 1328 4397 Domine,
1366 4349 1460 4403 per
1487 4350 1679 4389 omnes
1709 4334 2081 4392 miserationes

2170 501 2403 546 metuam
2430 489 2629 557 aliquid
2666 486 2961 558 temporale
2998 498 3097 538 nec
3117 482 3359 553 diligam,
3398 499 3497 539 nec
3534 484 3746 542 blandis

2167 595 2507 651 corrumpar,
2526 595 2627 634 nec
2648 580 2891 634 adversis
2910 572 3213 633 concutiar.
3242 574 3442 645 thnia
3466 584 3555 630 tua
3569 578 3743 631 valida

2168 685 2243 729 est
2274 684 2328 727 ut
2350 688 2490 726 mors
2517 671 2725 724 u‘iteetio
2751 668 3065 741 (Cant..vm,
3095 670 3172 739 6),
3204 669 3510 735 absorbent,
3541 685 3744 739 qumo,

2168 773 2402 821 mentem
2455 776 2627 816 meam
2681 761 2751 815 ab
2802 759 3053 816 onmibus
3110 775 3229 831 quae
3278 760 3377 815 sub
3427 760 3565 814 caelo
3595 770 3747 823 sunt,

2170 858 2337 929 ignita
2371 854 2461 886 "“
2497 862 2552 910 et
2594 852 2840 908 mellillua
2889 853 2971 907 vis
3019 852 3221 907 amoris
3272 852 3369 917 tui,
3407 860 3466 905 ιιι
3497 852 3591 905 tibi
3645 851 3744 905 soli

2172 952 2481 1012 inhmream,
2521 946 2740 1015 solaque
2768 954 2872 1000 tuae
2914 943 3199 998 suavitatis
3228 942 3484 997 memoria
3531 956 3745 1011 pascar.

2171 1042 2489 1105 Descendat,
2521 1039 2763 1103 Domine,
2791 1037 3103 1101 descendat,
3132 1051 3344 1105 precor,
3371 1033 3661 1090 descendat
3691 1033 3745 1088 in

2169 1149 2267 1189 cor
2301 1147 2477 1187 meum
2499 1131 2634 1186 odor
2670 1138 2793 1185 tuus
2818 1127 3197 1190 suavissimus,
3234 1126 3569 1197 ingrediatur
3596 1141 3749 1181 amor

2174 1232 2296 1277 tuus
2328 1220 2632 1277 melliﬂuus.
2657 1219 2849 1275 Veniat
2886 1217 3016 1272 mihi
3063 1217 3135 1272 tui
3170 1216 3380 1286 saporis
3410 1217 3547 1270 mira
3576 1220 3637 1270 ‘et
3669 1217 3753 1269 in-

2171 1328 2270 1368 cna
2280 1312 2493 1378 rrahilis
2508 1311 2825 1384 fragrantia,
2845 1324 2964 1379 qua:
2980 1304 3338 1378 sempiternas
3356 1306 3407 1361 in
3426 1323 3512 1362 me
3529 1307 3753 1361 suscitet

2172 1402 2663 1471 concupiscendos,
2710 1408 2765 1453 et
2793 1414 2861 1453 ex
2910 1397 3075 1452 corde
3107 1410 3227 1451 meo
3270 1397 3535 1467 producat
3586 1411 3752 1452 venas

2170 1492 2405 1547 salientis
2430 1508 2581 1562 aqua:
2610 1492 2664 1545 in
2694 1490 2850 1544 vitam
2885 1498 3135 1544 attentam
3163 1486 3344 1557 (Joan.
3380 1502 3456 1552 tv,
3495 1486 3609 1554 lt),

2243 1582 2541 1637 lmmensus
2567 1594 2647 1647 es,
2692 1579 2940 1645 Domine,
2970 1587 3025 1632 ct
3052 1576 3172 1633 ideo
3212 1578 3330 1631 sine
3367 1590 3617 1631 mensura
3658 1573 3753 1630 de-

2172 1674 2270 1728 bes
2317 1671 2485 1726 amari
2515 1679 2568 1724 et
2604 1670 2807 1723 laudari
2834 1670 2902 1725 ab
2951 1669 3017 1725 iis
3066 1685 3202 1740 quos
3240 1678 3332 1723 tuo
3366 1667 3600 1736 pretioso
3625 1680 3754 1720 sau-

2175 1763 2333 1832 guine
2387 1761 2676 1817 redemisti.
2733 1760 2957 1814 Amator
3002 1761 3276 1813 hominum
3340 1755 3746 1826 benignissime,

2173 1852 2589 1910 clementissime
2652 1850 2913 1915 Domine,
2957 1858 3012 1904 et
3060 1851 3365 1920 :cquissime
3408 1848 3616 1919 jndcx,
3668 1847 3753 1901 cui

2174 1962 2323 2004 mune
2342 1946 2601 2015 judicium
2643 1928 2782 1998 dedit
2813 1942 2973 1998 Pater
3019 1944 3197 2013 (Joau.
3226 1957 3279 2008 v,
3322 1939 3438 2012 22),
3467 1939 3753 2008 sapientis-

2175 2038 2312 2093 simo
2343 2046 2444 2092 tua:
2481 2036 2753 2107 arquitatis
2784 2035 2989 2105 judicio
3017 2033 3282 2090 discernis
3326 2033 3427 2089 hoc
3456 2040 3659 2087 rectum
3702 2040 3757 2086 et

2173 2127 2377 2199 justum
2405 2142 2547 2191 esse,
2579 2134 2638 2214 ut
2683 2126 2773 2179 lilii
2804 2126 2964 2193 hujus
2988 2124 3196 2190 saiculi,
3223 2124 3394 2180 noctis
3423 2133 3479 2178 et
3507 2122 3753 2178 tenebra-

2177 2234 2327 2286 rum,
2371 2218 2732 2290 prazstantiori
2776 2218 3079 2287 desiderio,
3142 2218 3338 2271 virtute
3387 2226 3551 2287 atque
3578 2217 3761 2271 studio

2175 2312 2403 2381 diligant
2450 2322 2505 2365 et
2550 2316 2803 2381 quaerant
2844 2312 3115 2381 perituras
3146 2309 3364 2363 divitias
3408 2319 3464 2364 et
3505 2308 3760 2381 fugitivos

2174 2407 2409 2462 honores
2433 2419 2593 2474 quam
2626 2418 2723 2455 nos
2748 2403 2889 2456 servi
2928 2403 3001 2455 tui
3029 2401 3316 2471 diligamus
3350 2410 3402 2457 te
3452 2401 3616 2455 Demn
3660 2418 3759 2455 no-

2175 2505 2368 2559 strnm,
2412 2508 2506 2563 per
2546 2507 2706 2562 quem
2736 2492 2859 2546 facti
2903 2500 2959 2546 et
3000 2492 3260 2560 redempti
3288 2507 3490 2547 sumus.
3525 2492 3580 2545 Si
3610 2491 3756 2545 enim

2177 2587 2339 2641 homo
2366 2584 2638 2638 hominem
2661 2591 2808 2637 tanta
2841 2580 3013 2649 diligit
3034 2579 3346 2644 dilectione,
3379 2587 3436 2631 nt
3458 2578 3595 2631 alter
3622 2578 3757 2631 alte-

2178 2691 2299 2730 rum
2332 2675 2418 2730 vix
2473 2675 2709 2747 patiatur
2759 2672 2982 2735 abesse;
3038 2668 3083 2722 si
3120 2684 3314 2737 sponsa
3362 2672 3561 2738 s'p‘onso
3609 2677 3760 2721 tanto

2180 2758 2581 2834 conglutinatur
2636 2761 2831 2817 mentis
2884 2758 3078 2813 ardore
3126 2768 3183 2812 ut
3230 2774 3340 2828 pra:
3389 2757 3760 2828 magnitudine

2180 2855 2383 2911 amoris
2424 2854 2566 2908 nulla
2594 2852 2797 2924 perfrui
2827 2850 3005 2907 valeat
3041 2849 3242 2917 requie,
3271 2849 3422 2904 cliari
3448 2848 3531 2903 sui
3564 2849 3761 2903 absen-

2182 2950 2310 3004 tiam
2359 2963 2462 3002 non
2489 2946 2605 3000 sine
2634 2960 2830 3016 magno
2873 2959 3107 3000 interere
3135 2940 3335 3009 ferens,
3367 2955 3472 3010 qua
3522 2954 3649 3009 ergo
3675 2939 3760 2992 di-

2180 3043 2430 3103 lectione,
2463 3055 2570 3109 qno
2610 3038 2810 3102 studio,
2843 3054 2949 3107 quo
2984 3037 3197 3092 fervore
3227 3035 3428 3099 anima,
3464 3047 3625 3101 quam
3662 3031 3759 3086 de-

2179 3131 2446 3204 sponsasti
2492 3129 2586 3185 tibi
2617 3130 2721 3184 lide
2744 3137 2801 3183 et
2830 3123 3292 3191 miserationibus,
3332 3121 3491 3175 debet
3533 3120 3761 3191 diligere

2180 3235 2233 3280 te
2262 3239 2445 3279 verum
2470 3223 2660 3288 Deum,
2690 3218 2747 3276 et
2775 3219 3195 3289 pulcherrimum
3223 3230 3501 3286 sponsum,
3532 3215 3621 3284 qni
3659 3229 3764 3270 nos

2180 3296 2255 3369 sic
2280 3313 2473 3366 amasti
2503 3320 2560 3365 et
2612 3310 2857 3373 salvasti,
2901 3309 2992 3377 qni
3041 3324 3140 3378 pro
3189 3306 3344 3361 nobis
3368 3314 3467 3370 tot,
3512 3313 3656 3358 tanta
3705 3312 3765 3359 et

2183 3402 2310 3457 talia
2371 3401 2584 3456 fecisti?
2647 3400 2966 3468 Quanquam
3024 3406 3206 3451 autem
3260 3395 3375 3448 bare
3428 3392 3638 3447 inlirma
3669 3394 3765 3448 ha-

2181 3494 2345 3548 beant
2385 3491 2477 3522 "”
2502 3505 2629 3545 suas
2659 3490 3062 3552 delectationes,
3100 3501 3333 3555 suosque
3374 3499 3606 3551 amores,
3651 3500 3759 3539 non

2185 3592 2364 3640 tamen
2406 3583 2496 3637 tali
2529 3583 2687 3639 modo
2734 3581 3031 3647 delcCtant,
3080 3580 3220 3636 sicut
3256 3587 3336 3645 tn,
3380 3575 3520 3631 Deus
3549 3584 3759 3631 noster.

2180 3674 2239 3729 In
2279 3683 2331 3730 te
2375 3674 2520 3728 enim
2553 3673 2852 3727 delectatur
2878 3671 3076 3742 justus,
3113 3670 3241 3739 quia
3284 3681 3436 3722 amor
3467 3666 3541 3719 tui
3577 3667 3767 3721 suavis

2180 3774 2263 3822 est
2291 3776 2345 3821 et
2378 3764 2628 3835 quietus;
2665 3778 2787 3817 nam
2818 3773 3038 3831 pectora
3057 3776 3176 3830 qua
3198 3753 3764 3830 possides,dnleedine

2180 3868 2238 3915 ct
2275 3860 2542 3913 suavitate
2580 3866 2634 3912 et
2670 3853 3061 3924 tranquillitate
3104 3852 3299 3922 reples.
3343 3850 3577 3905 Econtra
3608 3863 3765 3901 amor

2183 3950 2364 4006 swcnli
2404 3959 2459 4003 et
2489 3948 2669 4003 carnis
2716 3944 2909 4001 anxius
2939 3952 3023 3999 est
3066 3951 3120 3997 ct
3147 3941 3513 4011 perturbatus,
3550 3938 3765 3992 animas

2184 4052 2332 4098 certe
2368 4057 2504 4112 quas
2532 4039 2853 4110 ingreditur,
2886 4038 3097 4107 quietas
3138 4050 3241 4089 non
3280 4033 3510 4105 patitur;
3544 4046 3765 4099 semper

2183 4135 2328 4189 enim
2376 4128 2779 4203 suspicionibus
2822 4139 2876 4184 et
2916 4127 3432 4198 perturbationibus,
3488 4124 3762 4192 variisque

2186 4227 2472 4282 timoribus
2499 4222 2751 4293 sollicitat
2786 4235 2901 4275 eas.
2943 4219 3022 4273 Tu
3055 4219 3237 4287 itaque
3265 4233 3325 4272 es
3354 4216 3639 4271 delectatio
3675 4230 3763 4270 rc-

2183 4329 2416 4384 ctorttm,
2455 4326 2509 4372 et
2546 4315 2771 4379 merito;
2802 4314 2955 4386 quies
2979 4312 3123 4367 enim
3147 4310 3324 4365 valida
3356 4319 3439 4364 est
3468 4308 3606 4375 apud
3633 4315 3685 4360 te
3707 4316 3767 4360 et

496 4433 641 4488 tuas,
657 4392 870 4492 “quibus
899 4424 965 4477 de
991 4392 1165 4476 morte
1193 4392 1389 4476 acterna
1424 4422 1632 4477 liberati
1666 4439 1871 4489 sumus,
1903 4424 2077 4480 molli-
2109 4430 2155 4489 ι)
2184 4402 2639 4475 ίιηβθτιυιί)³ι)ί¹ίδ
2669 4401 2798 4456 νῖιθ-
2840 4399 2939 4492 Qui
2966 4397 3216 4492 illlréllf"
3238 4405 3317 4492 leo.
3345 4396 3483 4451 bone
3512 4392 3761 4492 ῧξψίυθο

498 4515 597 4569 [lca
614 4530 707 4569 cor
728 4530 903 4567 meum
924 4514 1113 4567 durum
1126 4525 1177 4587 et
1198 4515 1483 4585 lapideum,
1506 4530 1725 4569 saxeum
1748 4524 1801 4569 et
1824 4515 2075 4582 ferreum,

500 4616 590 4659 tua
624 4604 989 4660 sacratissima
1032 4614 1085 4658 et
1113 4608 1313 4674 potenti
1354 4608 1628 4671 unctione,
1656 4616 1711 4660 et
1740 4606 1825 4661 fac
1868 4623 1952 4661 me
1982 4624 2079 4677 per

500 4697 678 4766 ignem
720 4697 1155 4766 cotnpnnctionis
1192 4712 1374 4751 coram
1412 4708 1464 4751 te
1491 4697 1636 4751 ιιιιιιιί
1682 4697 1812 4752 hora
1843 4698 2075 4752 hostiam

498 4790 677 4845 vivam
725 4788 860 4843 ﬁeri.
896 4789 1002 4844 Fac
1034 4803 1119 4845 tne
1147 4789 1197 4845 in
1226 4801 1314 4843 tuo
1336 4798 1623 4859 conspectu
1656 4804 1751 4843 cor
1783 4789 2074 4845 contritum

497 4889 555 4937 ct
612 4880 955 4936 humiliattnn
1015 4896 1227 4951 semper
1275 4881 1493 4944 habere,
1546 4896 1666 4935 cum
1720 4880 2075 4951 lacrymarmn

504 4973 852 5027 abundantia.
879 4974 984 5034 Fac
1006 4988 1090 5028 nte
1115 4990 1178 5028 ex
1212 4983 1302 5027 tuo
1323 4972 1416 5003 ¹²⁸³
1442 4970 1708 5027 desiderio
1734 4972 1857 5026 huic
1881 4972 2079 5027 mundo

507 5066 748 5125 btuditus
782 5068 1073 5135 exstingui,
1105 5077 1159 5121 et
1183 5065 1577 5120 transeuntium
1626 5081 1800 5119 rerum
1836 5064 2079 5119 oblivisci

504 5172 617 5227 pra:
645 5156 1013 5225 magnitudine
1047 5156 1258 5211 timoris
1296 5164 1350 5211 et
1381 5154 1582 5209 amoris
1623 5156 1717 5217 tui,
1751 5170 1918 5223 nSqne
1946 5154 2081 5207 adeo

2181 4499 2348 4553 intrat
2396 4496 2449 4550 in
2491 4493 2740 4563 gaudium
2787 4490 2994 4546 Domini
3023 4490 3104 4546 sui
3137 4488 3348 4562 (Matth.
3398 4504 3527 4554 xxv,
3555 4485 3667 4555 2|),
3705 4494 3764 4539 et

2183 4607 2289 4647 non
2347 4590 2555 4645 timebit
2608 4588 2858 4657 amplius,
2926 4582 3019 4638 sed
3072 4583 3290 4636 habebit
3335 4596 3393 4636 se
3442 4580 3641 4648 optime
3707 4579 3760 4631 in

2181 4682 2384 4749 Optimo
2424 4681 2561 4743 loco,
2598 4678 2827 4734 dicens:
2868 4676 2997 4729 "(re
3048 4673 3245 4742 requies
3271 4689 3385 4726 mea
3426 4672 3480 4725 in
3508 4667 3764 4723 sa’culum

2179 4772 2359 4826 δαναιῐὶ
2388 4789 2405 4826 :
2433 4772 2515 4825 hic
2545 4770 2808 4834 habitabo,
2829 4766 3075 4840 quoniam
3099 4764 3354 4834 elegieam
3374 4758 3545 4831 (Psal.
3570 4775 3765 4823 CXXXI,

2184 4866 2294 4935 Η).
2334 4864 2400 4919 Ει
2425 4863 2554 4919 illud
2588 4882 2601 4917 :
2638 4863 2889 4917 Dominus
2918 4859 3041 4927 regit
3073 4874 3153 4910 me
3174 4867 3222 4911 et
3253 4855 3382 4908 nihil
3404 4854 3531 4907 mihi
3552 4852 3715 4906 deerit
3743 4867 3762 4903 :

2182 4959 2234 5013 iu
2260 4943 2370 5009 loco
2408 4971 2616 5025 pascua:
2646 4954 2715 5005 ibi
2739 4969 2818 5005 me
2844 4949 3115 5005 collocavit
3149 4944 3320 5016 (Paul.
3349 4961 3484 5009 xm,
3516 4944 3587 5013 l).
3664 4972 3679 4977 ~

2256 5050 2435 5104 Dulcis
2449 5048 2683 5117 Christe,
2698 5045 2833 5099 boue
2846 5043 2989 5103 Jesn,
3010 5040 3154 5109 reple
3194 5053 3425 5107 semper,
3444 5051 3647 5107 qumso,
3664 5051 3766 5089 cor

2186 5144 2348 5214 259
2394 5156 2568 5196 meum
2600 5134 3019 5206 incxstinguibili
3045 5130 3333 5187 dilectione
3362 5138 3475 5194 tua,
3502 5126 3764 5181 continua

1805 5287 2033 5346 VAlll/E
2079 5278 2477 5340 LECTIONES.
2566 5294 2580 5313 ο

574 5410 666 5441 ¹²⁵⁶
696 5408 909 5464 Metuis
940 5408 1184 5460 laudibus
1236 5406 1356 5459 Sam
1409 5417 1453 5457 cl
1501 5404 1629 5471 Aug.
1680 5418 1761 5453 ιιιρ
1790 5402 1839 5453 in
1872 5400 1976 5455 tuis
2009 5399 2256 5471 laudibus
2336 5390 2807 5471 "“'__l_tila_tigaliilis
2848 5378 3400 5471 Sou_t._'.inl'rangibiﬁlis

3478 5375 3568 5407 ιιιο
3606 5374 3763 5430 Cano

502 5489 642 5536 terra
689 5446 1041 5551 λιιῖςῖψιζηιὶιι.
1088 5477 1226 5529 cwlo
1250 5446 1270 5459 Ι
1302 5476 1390 5506 “"9
1431 5446 1715 5540 Acceptior
1754 5487 1812 5525 es
1842 5472 1977 5538 Aug.
2021 5468 2345 5551 chariornesl
2420 5463 2509 5494 "5°
2550 5446 2646 5513 Tuu
2671 5461 2798 5551 mihi
2826 5454 3111 5537 amabilior
3139 5454 3281 5535 'Aug:
3447 5446 3763 5551 ﬁtjflgjps‘o

501 5552 637 5604 coelo
663 5561 716 5603 et
746 5540 997 5606 o'innibns
1033 5564 1152 5615 qua:
1178 5548 1227 5597 in
1266 5560 1329 5596 co
1352 5555 1467 5597 sunt
1500 5554 1549 5594 tu
1584 5540 2123 5615 mihi:ur‘rcptabilior

1638 5613 1727 5642 “’5‘
1770 5612 1839 5665 lix
1871 5619 1979 5665 toto
2020 5611 2151 5678 Aug.
2187 5623 2249 5663 ex
2296 5616 2384 5661 tuo

503 5628 612 5672 ιιιιιι
642 5622 809 5675 debeo
844 5621 987 5674 Sum.
1021 5629 1073 5673 cl
1110 5626 1369 5686 quantum
1398 5618 1561 5663 tit-twn

506 5691 655 5746 ﬁrma
690 5694 919 5750 hab-cant
949 5689 1090 5743 Sunt.
1124 5697 1169 5741 et
1208 5688 1338 5756 .lug.
1371 5687 1545 5735 intimi
1577 5686 1807 5739 habt-ant

2202 5514 2703 5589 im'1",,,mm..o..c
2737 5531 2867 5596 Aug.
2906 5528 3012 5580 imo
3050 5524 3150 5596 nisi
3190 5514 3397 5596 antore_
3447 5514 3763 5596 ""__9_"‘_"l-

2463 5585 2553 5635 ‘5”
2601 5602 2787 5673 lgnitia
2819 5585 2964 5653 30m.
3018 5603 3064 5649 et
3107 5595 3239 5660 Aug.
3294 5589 3457 5659 ignita
3536 5586 3625 5618 ’ππ
3667 5585 3758 5639 ιιι-
