4200 6234
441 185 544 239 897

1885 172 2289 250 onartoivss

3609 174 3716 232 898

447 293 819 351 recordatione
843 303 962 360 tua;
997 297 1138 352 adeo
1155 291 1589 347 utsmutl‘lamma
1607 305 1770 346 urens
1786 297 1928 344 totus
1946 304 2032 342 ar-
2062 291 2106 350 Α
2139 289 2405 352 deliciam,
2440 298 2489 342 te
2515 287 2784 350 trahente,
2812 294 2862 340 te
2891 284 3120 340 ducente
3147 298 3232 339 me
3258 291 3567 339 currentem
3600 288 3714 350 ⁸⁸⁵⁸,

447 387 603 460 deam
653 387 707 441 in
751 387 826 440 tui
871 386 1072 440 amoris
1114 383 1416 444 dulcedine,
1459 398 1615 452 quem
1655 390 1708 435 et
1739 379 1832 410 ¹²⁸⁶
1873 393 2027 446 aqua:

413 481 419 488 '
447 477 630 533 multa:
657 478 710 532 in
736 493 820 532 me
848 492 1124 546 nunquam
1147 475 1356 542 possint
1382 473 1749 543 exstinguere.
1781 471 1886 523 Fac
1916 484 2023 534 me,

417 552 757 624 'dulc'issime
804 568 1068 628 Domine.
1127 579 1315 619 amare
1381 573 1464 628 te,
1515 573 1569 618 et
1616 559 1888 617 desiderio
1936 568 2026 612 tuo

444 660 717 730 deponere
754 659 963 728 pondus
1003 657 1244 711 omnium
1290 655 1588 710 carnalium
1633 651 2024 708 desideriorum

442 760 498 803 et
525 759 865 804 terrenarum
903 745 1467 819 concupiscentiarum
1495 745 1874 817 gravissimam
1910 757 2026 796 sar-

443 840 642 903 cinam,
673 856 793 908 qua:
838 840 1156 910 impugnant
1196 848 1250 894 et
1280 846 1575 910 aggravant
1616 837 1868 891 miseram
1899 834 2021 887 ani-

445 946 588 986 mam
626 947 802 986 meam
846 949 860 985 :
897 941 955 986 ut
1005 939 1126 1001 post
1177 938 1228 983 te
1271 931 1522 999 expedite
1569 930 1622 982 in
1672 927 1882 979 odorem
1931 925 2021 955 “'7

454 1031 834 1090 unguentorum
877 1032 1083 1075 tuorum
1122 1036 1346 1076 currens
1376 1019 1550 1090 (Cant.
1587 1034 1625 1082 1,
1653 1019 1729 1085 3),
1761 1029 1929 1082 usque
1958 1015 2023 1070 ad

446 1117 551 1165 tua:
599 1111 1014 1181 pulchritudinis
1064 1111 1328 1166 visionem
1377 1108 1673 1163 efﬁcaciter
1723 1105 2021 1168 satiandus,

442 1202 767 1268 quantocius
806 1212 858 1256 te
887 1215 1106 1271 quoque
1146 1201 1282 1253 duce
1323 1213 1535 1252 merear
1564 1197 1864 1265 pervenire.
1911 1196 2023 1250 Duo

440 1293 584 1346 enim
616 1308 851 1357 amores,
883 1292 1021 1344 alter
1047 1291 1243 1352 bonus,
1275 1288 1418 1342 alter
1435 1287 1644 1352 malus;
1669 1287 1806 1342 alter
1827 1287 2020 1352 dulcis,

441 1381 581 1434 alter
612 1397 850 1445 amarus,
884 1395 990 1435 non
1021 1395 1081 1435 se
1110 1377 1271 1434 simul
1308 1377 1361 1431 in
1393 1393 1500 1431 uno
1531 1377 1752 1447 capiunt
1780 1387 2019 1446 pectore.

441 1471 509 1527 Et
538 1463 657 1526 ideo
686 1473 730 1527 si
765 1471 886 1541 quis
912 1480 1109 1542 prxter
1137 1479 1189 1525 te
1218 1468 1359 1523 aliud
1390 1467 1586 1540 diligit,
1614 1483 1718 1524 non
1741 1478 1824 1523 est
1845 1468 2022 1523 chari-

442 1571 526 1618 tas
568 1573 681 1628 tua,
712 1562 875 1626 Deus,
919 1563 970 1616 in
1003 1578 1090 1627 eo,
1134 1575 1289 1615 amor
1320 1557 1650 1624 dulcedinis,
1698 1569 1754 1614 et
1795 1559 2021 1614 dulcedo

2132 379 2286 433 trahe
2299 394 2360 434 os
2377 378 2613 433 sitientis
2631 388 2680 432 te
2710 377 2906 431 animae
2933 377 2986 430 in
3017 391 3250 447 superna
3275 374 3476 431 ﬂuenta
3502 384 3717 433 aeterna:

2127 469 2404 524 satietatis
2457 487 2469 522 :
2517 468 2625 522 imo
2670 469 2826 520 trahe
2871 482 2957 521 me
2991 468 3058 522 ad
3093 475 3143 521 te
3187 465 3391 521 fontem
3424 466 3623 533 vivum,
3658 476 3718 522 ut

2131 561 2252 616 inde
2285 562 2372 592 "“
2414 576 2511 632 pro
2537 571 2695 631 captu
2727 575 2846 614 meo
2876 560 3055 614 bibam
3089 561 3230 614 unde
3260 575 3475 629 semper
3510 561 3712 624 vivam,

2133 651 2270 706 Deus
2299 667 2472 716 meus,
2506 653 2613 705 vita
2641 667 2779 706 mea.
2805 649 2883 704 T11
2911 650 3053 704 enim
3076 651 3260 710 dixisti
3284 666 3379 705 ore
3412 661 3504 708 tuo
3524 662 3716 708 sancto
3807 709 3812 717 ,

2129 749 2184 794 et
2215 742 2496 795 hencdicto
2534 760 2548 795 :
2601 741 2662 797 Si
2704 743 2820 812 quis
2866 743 2998 807 sitit,
3047 743 3217 795 ueniat
3250 743 3319 795 atl
3351 759 3433 797 me
3475 754 3522 797 et
3573 744 3714 798 bibat

2129 831 2312 901 (Joan.
2339 847 2434 894 v11,
2459 832 2570 903 '57).
2603 834 2746 887 Fons
2771 835 2917 898 vitm,
2945 834 3009 887 da
3044 835 3248 888 sitienti
3277 835 3472 888 anima:
3499 849 3715 906 semper

2129 925 2315 979 bibere
2364 940 2430 979 ex
2480 933 2550 990 te,
2603 934 2661 978 ut
2707 926 3002 980 secundum
3048 936 3294 982 sanctam
3329 937 3384 983 et
3419 929 3712 984 vcridieam

2127 1015 2541 1086 promissionem
2605 1027 2771 1073 tuam.
2825 1018 2890 1070 de
2943 1029 3132 1073 ventre
3175 1035 3294 1073 meo
3339 1019 3511 1073 ﬂuant
3559 1035 3715 1090 aqua:

2127 1110 2269 1162 vit-.11.
2303 1107 2449 1162 Fons
2492 1105 2636 1169 vita),
2690 1105 2834 1174 reple
2879 1115 3109 1176 mentem
3157 1124 3329 1162 meam
3364 1119 3594 1164 torrente
3626 1125 3715 1164 vo-

2124 1198 2341 1268 luptatis
2391 1209 2496 1251 tua:
2543 1195 2718 1265 (Psal.
2766 1212 2931 1261 xxxv,
2973 1196 3050 1266 9),
3083 1206 3137 1250 et
3172 1197 3376 1258 inebria
3406 1216 3503 1256 cor
3531 1215 3710 1255 meum

2123 1291 2307 1346 sobria
2339 1289 2609 1344 ebrietate
2637 1288 2843 1341 amoris
2878 1287 2952 1341 tui
2981 1304 2997 1352 ;
3028 1296 3083 1341 ut
3112 1272 3401 1343 obli’visear
3427 1306 3546 1358 qua:
3572 1306 3715 1346 vana

2124 1387 2250 1434 sunt
2293 1387 2347 1433 et
2391 1388 2628 1441 terrena,
2696 1385 2752 1432 et
2799 1385 2850 1429 te
2900 1375 3074 1430 solum
3117 1375 3322 1446 jugiter
3369 1377 3594 1432 habeam
3655 1379 3711 1433 in

2125 1468 2388 1524 memoria
2416 1483 2553 1528 mea,
2580 1467 2731 1540 .sicut
2759 1468 3023 1536 scriptum
3071 1475 3155 1522 est
3183 1483 3197 1518 :
3235 1464 3441 1520 Memor
3468 1466 3548 1534 fui
3592 1465 3713 1533 Dei,

2121 1571 2169 1616 et
2191 1561 2479 1614 delectatus
2513 1575 2628 1612 sum
2657 1557 2831 1628 (Psal.
2865 1569 3043 1620 LXXVI,
3079 1558 3157 1630 4).

438 1653 668 1718 amoris,
701 1669 856 1708 amor
894 1671 999 1708 non
1043 1654 1317 1717 crucians,
1363 1653 1456 1708 sed
1507 1651 1812 1710 delectans;
1865 1665 2020 1704 amor
2054 1635 2095 1692 Β
2194 1653 2271 1706 Da
2301 1651 2435 1705 mihi
2470 1650 2734 1718 Spiritum
2763 1659 3019 1707 sanctum
3045 1659 3221 1717 tuum,
3250 1635 3411 1721 quem
3435 1649 3714 1721 signiﬁca.

436 1744 653 1799 sincere
682 1754 734 1799 et
763 1752 911 1798 caste
942 1757 1266 1812 permanens
1295 1743 1387 1774 ¹²⁵⁸
1419 1742 1472 1796 ἰιι
1503 1741 1759 1797 εωειιιιιηι
1801 1741 2017 1804 saeculi;

438 1848 594 1887 amor
620 1833 710 1902 qui
739 1847 954 1904 semper
975 1834 1154 1896 ardes,
1183 1848 1457 1904 nunquam
1481 1831 1870 1902 exstingueris.
1900 1831 2024 1882 Dul-

436 1923 517 1978 cis
539 1923 776 1991 Christe,
808 1927 948 1980 bone
964 1923 1115 1990 Iesu,
1132 1925 1391 1986 charitas,
1420 1925 1558 1978 Deus
1582 1938 1755 1988 meus,
1785 1921 2025 1976 accende

439 2030 526 2069 me
557 2024 731 2069 totum
764 2016 887 2086 igne
932 2026 1045 2080 tuo,
1078 2031 1264 2071 amore
1303 2001 1416 2082 tuo,
1454 2015 1720 2069 suavitate
1753 2022 1810 2069 et
1840 2013 2024 2071 dulce-

435 2107 565 2162 dine
596 2119 712 2173 tua,
747 2109 1088 2179 jucunditate
1109 2117 1166 2164 et
1210 2109 1571 2164 exsultatione
1600 2116 1714 2176 tua,
1749 2107 2023 2179 voluptate

433 2208 490 2254 ct
515 2201 952 2272 concupiscentia
979 2209 1084 2262 tua.
1123 2216 1244 2271 quae
1273 2210 1460 2256 sancta
1493 2209 1575 2256 est
1603 2210 1658 2256 et
1685 2201 1849 2269 bona,
1872 2211 2021 2258 casta

435 2300 490 2347 et
525 2294 749 2360 munda,
783 2294 1072 2365 tranquill-.1
1108 2302 1192 2349 est
1229 2303 1284 2349 et
1313 2308 1537 2359 secura;
1572 2302 1632 2349 ut
1662 2302 1807 2348 totus
1838 2294 2022 2349 dulce-

435 2388 562 2443 dine
586 2393 788 2443 amoris
812 2389 887 2443 tui
922 2389 1133 2460 plenus,
1169 2397 1315 2441 totus
1355 2386 1569 2442 ﬂamma
1600 2386 1887 2442 charitatis
1919 2397 2021 2441 tua:

435 2493 729 2534 succensus
751 2478 967 2549 diligam
995 2488 1046 2533 te
1072 2477 1239 2532 Deum
1266 2493 1443 2533 meum
1462 2493 1528 2533 ex
1552 2487 1664 2533 toto
1689 2478 1854 2533 corde
1875 2489 2018 2542 meo,

435 2571 670 2639 totisque
696 2570 944 2625 medullis
969 2571 1394 2640 praecordiorum
1429 2584 1694 2632 meorum,
1729 2568 1940 2622 habens
1969 2578 2022 2622 te

436 2657 490 2710 in
514 2660 695 2724 corde,
729 2657 784 2712 in
811 2674 926 2725 ore,
959 2669 1013 2713 et
1036 2675 1145 2730 pne
1187 2659 1363 2715 oculis
1401 2659 1540 2714 meis
1569 2672 1789 2733 semper
1817 2665 1876 2713 et
1904 2656 2023 2711 ubi-

435 2766 564 2819 que,
610 2753 681 2804 ita
727 2760 786 2805 ut
825 2752 1004 2806 nullus
1047 2760 1228 2823 pateat
1265 2752 1319 2806 in
1363 2767 1452 2807 me
1491 2750 1644 2806 locus
1698 2749 2024 2805 adulterinis

435 2844 731 2898 amoribus.
763 2845 927 2910 Audi,
955 2846 1096 2899 Deus
1129 2861 1303 2909 meus,
1351 2845 1498 2911 audi,
1529 2843 1709 2897 lumen
1745 2842 2019 2897 oculorum

435 2950 666 2988 meorum
684 2934 855 3006 (Psal.
875 2953 1084 3002 xxxvii,
1120 2937 1229 3008 II),
1259 2937 1384 2992 audi
1408 2953 1529 3007 qua:
1554 2947 1708 3008 peto;
1733 2944 1787 2991 et
1810 2937 1877 2991 da
1899 2951 2019 3033 qua:

436 3035 641 3096 petam,
681 3036 740 3082 ut
784 3029 1117 3083 audiasme.
1155 3027 1252 3083 Pie
1279 3037 1335 3082 et
1376 3025 2016 3082 misericordissime'Do-

438 3117 604 3182 mine,
634 3132 702 3171 ne
736 3115 989 3172 elliciaris
1013 3117 1141 3172 mihi
1169 3115 1521 3172 inexorabilis
1551 3126 1772 3186 propter
1793 3123 2017 3186 peccata

437 3220 580 3271 mea,
621 3208 716 3261 sed
755 3220 975 3276 prepter
1020 3208 1318 3261 bonitatem
1370 3217 1514 3258 tuam
1567 3206 1784 3276 suscipe
1829 3221 2021 3275 preces

437 3296 578 3351 servi
606 3298 704 3364 tui,
729 3307 785 3352 et
806 3297 872 3352 da
906 3298 1037 3352 mihi
1075 3295 1327 3352 eﬂcctum
1355 3296 1633 3366 petitionis
1659 3309 1793 3351 mea:
1835 3305 1890 3349 et
1931 3295 2023 3350 de-

438 3387 622 3444 siderii
669 3388 775 3444 mei
820 3389 1208 3453 intercedente,
1240 3399 1298 3444 et
1341 3397 1557 3453 orante,
1602 3396 1658 3444 et
1697 3388 2022 3457 impetrante

437 3479 673 3548 gloriosa
713 3480 923 3552 virgine
979 3479 1242 3552 genitrice
1278 3491 1367 3535 tua
1402 3479 1593 3545 Maria,
1623 3457 1842 3534 domina
1875 3493 2017 3546 mea,

438 3587 560 3627 cum
584 3574 836 3629 omnibus
864 3573 1069 3628 sanctis
1100 3573 1224 3627 tuis.
1257 3573 1452 3626 Amen.
2016 3561 2017 3564 “

927 3664 1183 3721 ORATIO
1221 3664 1383 3720 XVIII
1426 3663 1539 3717 "5’.

1027 3770 1097 3810 AD
1129 3770 1418 3809 ςιιιιιετυιι.

565 3847 730 3912 Quem
753 3863 918 3899 unum
949 3848 1113 3900 esurit
1142 3855 1189 3899 et
1209 3845 1318 3899 sitit
1348 3847 1527 3899 anima
1561 3843 1887 3899 Christiana.

510 3936 635 3992 Jesu
663 3938 910 4002 Domine,
937 3933 1064 3991 Jesu
1094 3937 1200 4006 pie,
1233 3936 1323 4006 qui
1359 3937 1496 3991 mori
1527 3937 1778 4007 dignatus
1799 3951 1859 3991 cs
1897 3945 2023 4006 pro-

439 4037 562 4099 pter
609 4037 830 4098 peccata
875 4037 1086 4093 nostra,
1122 4039 1178 4082 et
1209 4026 1555 4082 resurrexisti
1583 4035 1801 4096 propter
1822 4025 2023 4093 justiti-

435 4117 708 4173 cationem
741 4116 934 4182 uestri,
963 4132 1094 4186 rogo
1131 4126 1182 4170 te
1211 4131 1309 4186 per
1339 4115 1630 4186 gloriosam
1670 4113 2020 4169 resurrectio-

439 4223 561 4264 nem
605 4219 775 4273 tuam,
814 4210 1082 4265 ‘resuscita
1128 4224 1214 4263 me
1257 4211 1323 4263 de
1374 4207 1623 4278 sepulcro
1671 4207 1929 4262 vitiorum
1969 4215 2024 4261 et

2127 1745 2259 1799 bant
2289 1744 2597 1813 illm,aqn:e,
2634 1758 2771 1812 quas
2804 1743 3114 1820 sitientibus
3143 1745 3397 1799 daturum
3425 1752 3477 1799 te
3508 1744 3718 1815 promi-

2125 1849 2296 1890 seras.
2349 1833 2450 1900 Da,
2500 1850 2707 1904 qua-so,
2761 1844 2873 1890 toto
2915 1835 3187 1891 desiderio
3230 1845 3286 1890 et
3335 1837 3482 1890 omni
3531 1837 3715 1892 studio

2129 1929 2352 1984 tendere
2385 1944 2494 1999 quo
2535 1937 2587 1984 te
2620 1928 2934 1983 ascendisse
2975 1936 3099 1997 post
3142 1929 3600 1984 resurrectionem
3627 1926 3715 1985 die

2125 2017 2543 2089 quadragesimo
2573 2016 2872 2082 credimus,
2917 2024 2978 2071 ut
3005 2016 3057 2071 in
3090 2017 3341 2088 pricsenti
3368 2017 3586 2087 quidem
3615 2016 3717 2073 ιιιί-

2126 2109 2269 2165 scria
2303 2108 2423 2165 solo
2451 2118 2641 2163 tenear
2669 2123 2921 2178 corpore,
2964 2115 3141 2163 tecum
3174 2118 3356 2163 autem
3381 2108 3484 2163 sim
3510 2107 3718 2179 cogita-

2126 2204 2269 2258 tione
2289 2217 2504 2272 semper
2522 2212 2577 2256 et
2605 2201 2906 2267 aviditate;
2929 2210 2988 2255 ut
3017 2201 3089 2254 ibi
3108 2203 3176 2255 sit
3202 2218 3294 2255 cor
3320 2205 3515 2268 meuiu,
3550 2199 3638 2255 ubi
3657 2210 3715 2255 ιιι

2124 2311 2183 2351 es
2224 2295 2504 2350 thesaurus
2541 2292 2757 2364 (Matth.
2801 2309 2878 2360 v1,
2921 2293 3014 2364 2i)
3050 2309 3203 2348 meus
3248 2292 3627 2351 desiderabilis
3659 2295 3716 2348 et

2135 2385 2598 2457 incomparabilis,
2630 2384 2970 2455 nmltumque
3011 2385 3281 2440 amabilis.
3325 2383 3523 2440 lnhoc
3563 2383 3712 2439 enim

2127 2492 2324 2550 magno
2349 2475 2509 2544 hujus
2538 2477 2661 2530 vita:
2696 2473 2921 2540 diluvio,
2955 2475 3043 2529 ubi
3076 2476 3560 2540 circumstantibus
3600 2473 3716 2544 agi-

2129 2580 2310 2624 tamur
2350 2567 2628 2640 procellis,
2678 2577 2734 2624 et
2787 2566 3250 2635 non...invenietur
3294 2565 3401 2620 lida
3448 2566 3632 2632 statio,
3659 2573 3717 2621 et

2128 2659 2277 2715 locus
2313 2659 2658 2724 eminentior,
2683 2658 2780 2713 ubi
2813 2673 2909 2729 pes
2938 2658 3204 2713 columba:
3234 2656 3412 2712 valeat
3449 2647 3717 2728 aliq'uatc-

2127 2765 2228 2806 nus
2249 2744 2590 2820 requiescere
2610 2767 2624 2804 τ
2653 2765 2917 2818 nusquam
2945 2757 3058 2804 tuta
3081 2764 3214 2820 pax,
3236 2764 3499 2819 nusquam
3521 2763 3715 2805 secura

2124 2841 2312 2910 quies;
2362 2841 2560 2910 ubique
2613 2840 2752 2896 bella
2799 2849 2854 2894 et
2898 2841 3041 2904 lites,
3084 2840 3284 2909 ubique
3325 2840 3535 2905 hostes,
3579 2839 3714 2909 foris

2123 2948 2334 3002 pugnte,
2363 2933 2505 2986 intus
2542 2932 2752 2985 timores
2783 2930 2866 3003 (II
2894 2931 3020 2986 Cor.
3050 2947 3143 2996 v11,
3169 2932 3246 3003 5).
3282 2930 3346 2985 Et
3370 2926 3493 3001 quia
3535 2933 3710 2987 altera

2121 3038 2246 3095 pars
2273 3038 2460 3078 suums
2485 3022 2631 3088 cteli,
2661 3021 2833 3077 altera
2861 3031 3048 3087 teme;
3083 3038 3272 3091 corpus
3300 3025 3441 3092 quod
3469 3038 3710 3076 corrum-

2119 3117 2282 3184 pitur,
2311 3122 2562 3181 aggravat
2601 3111 2834 3164 animum
2865 3110 3021 3180 (Sap.
3057 3125 3134 3175 1x,
3183 3109 3294 3180 15).
3344 3109 3550 3178 Idcirco
3592 3111 3714 3165 ani-

2121 3221 2244 3260 mus
2273 3219 2444 3265 meus,
2472 3204 2651 3257 socius
2683 3211 2739 3256 et
2775 3202 2984 3256 amicus
3027 3217 3205 3264 meus,
3240 3200 3500 3271 fatigatus
3526 3203 3594 3256 de
3621 3201 3707 3256 via

2123 3295 2349 3350 veniens
2396 3293 2638 3365 languet,
2686 3301 2742 3347 et
2782 3291 2928 3362 jacet
2953 3291 3214 3346 discissus
3241 3301 3403 3361 atque
3435 3291 3714 3346 laceratus

2123 3388 2191 3443 ab
2216 3387 2305 3453 iis,
2325 3401 2464 3459 quas
2490 3385 2909 3455 pertransierat,
2928 3384 3261 3440 vanitatibus
3288 3403 3301 3438 :
3327 3386 3497 3439 esurit
3520 3394 3573 3438 et
3596 3385 3713 3440 sitit

2122 3479 2296 3544 valde,
2327 3489 2520 3536 etnon
2565 3476 2738 3533 habeo
2785 3476 2913 3544 quid
2965 3491 3161 3545 ponam
3210 3485 3334 3529 ante
3387 3475 3556 3539 illum,
3585 3476 3712 3546 quia

2120 3586 2322 3639 pauper
2349 3585 2468 3622 sum
2512 3577 2560 3622 et
2591 3568 2863 3621 mendicus
2892 3563 3067 3635 (I’sal.
3095 3579 3289 3628 χχιιι,
3320 3564 3431 3626 IS).
3465 3564 3567 3628 Tu,
3602 3563 3710 3618 Do-

2123 3659 2266 3715 mine
2289 3647 2432 3714 Deus
2468 3673 2646 3723 meus,
2677 3657 2828 3712 dives
2861 3655 3104 3710 omnium
3133 3656 3399 3709 bonorum
3423 3665 3479 3711 et
3509 3656 3709 3726 dapum
3743 3647 3747 3650 Α

2120 3764 2371 3820 superna:
2411 3746 2684 3804 satietatis
2720 3745 3133 3817 opulentissime
3181 3745 3433 3817 largitor,
3474 3747 3538 3803 da
3565 3746 3715 3802 lasso

2055 3891 2063 3899 .
2119 3841 2324 3905 cibum,
2374 3835 2566 3906 collige
2611 3836 2942 3905 dispersum,
2993 3834 3300 3906 redintegra
3341 3835 3591 3889 scissum.
3627 3831 3710 3889 Eu

2121 3939 2230 3986 stat
2277 3928 2346 3984 ad
2395 3927 2611 3992 ostium,
2662 3935 2710 3980 et
2762 3924 2940 3995 pulsat
2989 3922 3174 3993 (Apoc.
3206 3939 3292 3988 111,
3318 3922 3410 3994 20)
3438 3937 3452 3977 :
3483 3923 3712 4000 obsecro

2121 4039 2214 4092 per
2262 4023 2461 4077 viscera
2499 4019 2879 4074 misericordia:
2926 4029 3053 4082 tua’,
3098 4018 3289 4088 quibus
3342 4018 3566 4072 visitain
3618 4034 3719 4072 nos

2123 4113 2296 4167 oriens
2340 4128 2407 4166 ea:
2457 4111 2566 4165 alto
2613 4109 2768 4181 (Luc.
2797 4125 2838 4176 1,
2872 4108 2988 4178 78),
3031 4108 3182 4177 aperi
3227 4108 3469 4177 pulsanti
3511 4107 3722 4164 misero

2125 4221 2345 4260 manum
2380 4204 2601 4275 pietatis
2633 4211 2756 4266 tute,
2799 4210 2854 4254 et
2877 4199 3010 4267 iube
3041 4198 3376 4269 propitiabili
3402 4199 3722 4269 dignatione

439 4310 786 4373 peccatorum
820 4316 1064 4356 meorum
1099 4301 1364 4366 omnium,
1407 4311 1463 4354 et
1507 4300 1572 4353 da
1617 4299 1749 4352 mihi
1783 4299 2024 4368 quotidie
2059 4337 2102 4391 Β
2128 4308 2186 4352 ιιι
2214 4295 2554 4367 ingrediatur
2582 4292 2650 4348 ad
2693 4301 2768 4357 te,
2807 4290 3117 4360 requiescat
3147 4290 3198 4343 in
3232 4298 3303 4352 te,
3335 4289 3616 4345 reliciatur
3647 4292 3722 4346 de

438 4403 648 4464 partem
684 4395 737 4448 in
770 4395 1174 4449 resurrectione
1211 4396 1407 4464 prima,
1451 4403 1507 4447 ut
1535 4395 1587 4448 in
1624 4393 2022 4449 resurrectione

440 4497 530 4539 tua
575 4501 788 4540 merear
832 4489 1099 4542 veraciter
1138 4488 1418 4557 percipere
1454 4488 1777 4556 portionem.
1815 4485 2022 4540 Dulcis-

438 4576 597 4639 sime,
640 4576 1054 4644 benignissime,
1088 4576 1481 4642 amantissime,
1511 4576 1852 4641 charissime,
1893 4592 2017 4646 pre-

441 4667 755 4731 tiosissime,
801 4667 1280 4733 desideratissime,
1327 4668 1738 4734 amabilissime,
1778 4669 2023 4740 pulcher-

442 4759 594 4824 rime,
623 4759 913 4814 ascendisti
939 4760 991 4813 in
1020 4760 1214 4814 ccelum
1239 4777 1360 4816 cum
1393 4760 1664 4830 triumpho
1685 4761 1869 4832 gloria:
1895 4771 2017 4828 tute,

434 4864 494 4910 .ct
543 4856 698 4910 sedes
754 4855 821 4910 ad
873 4855 1154 4910 dexteram
1203 4855 1412 4920 Patris;
1471 4870 1565 4908 rex
1624 4857 2018 4924 potentissime,

444 4948 598 4999 trahe
631 4963 715 5001 me
741 4963 956 5002 sursum
987 4948 1053 5001 ad
1084 4957 1152 5013 te,
1187 4957 1244 5000 ut
1267 4963 1482 5003 curram
1519 4963 1631 5020 post
1661 4950 1781 5003 tein
1809 4950 2022 5003 odorem

442 5049 823 5107 unguentorum
868 5048 1078 5092 tuorum
1121 5039 1296 5108 (Cant.
1344 5057 1380 5103 1,
1426 5041 1506 5111 5),
1560 5057 1778 5096 currant
1817 5050 1871 5095 et
1914 5056 2022 5095 non

2131 4397 2182 4443 te
2204 4388 2326 4444 vivo
2349 4386 2667 4454 cmlesdque
2694 4398 2834 4454 pane
2860 4399 2872 4435 :
2903 4397 3010 4451 quo
3035 4381 3287 4445 satiatus,
3315 4380 3719 4452 resumptisque

2128 4481 2338 4538 viribus
2383 4480 2452 4536 ad
2495 4479 2775 4551 superiora
2807 4475 3169 4541 conscendat,
3205 4482 3264 4530 et
3309 4473 3376 4528 de
3423 4473 3527 4528 hac
3575 4471 3720 4526 valle

2129 4574 2493 4644 lacrymarum
2532 4586 2711 4641 penna
2749 4570 2924 4627 sancti
2963 4564 3220 4622 desiderii
3266 4573 3477 4636 raptus,
3509 4562 3576 4618 ad
3606 4577 3721 4618 cae.

2132 4668 2284 4722 lestia
2315 4682 2477 4737 regna
2511 4668 2720 4723 volitet.

2204 4763 2479 4826 Assumat,
2525 4761 2772 4826 Domine,
2812 4769 3081 4840 assumat,
3113 4771 3265 4829 rogo,
3307 4753 3532 4825 spiritus
3561 4767 3722 4819 meus

2130 4870 2360 4927 pennas,
2388 4865 2447 4910 ut
2468 4854 2684 4924 aquila),
2707 4861 2762 4908 et
2792 4852 2977 4907 volitet
3007 4861 3060 4906 et
3086 4866 3190 4905 non
3224 4847 3465 4910 deﬁciat;
3497 4843 3637 4898 volet
3660 4851 3717 4898 ct

2131 4949 2414 5022 perveniat
2448 4963 2618 5017 usque
2653 4946 2718 5001 ad
2758 4946 2996 4999 decorem
3043 4944 3232 4996 domus
3285 4950 3422 5004 tute,
3453 4949 3499 4992 et
3539 4937 3718 4990 locum

2136 5042 2474 5096 habitationis
2502 5041 2683 5094 aloria:
2731 5048 2837 5090 tua:
2871 5033 3048 5104 (Psal.
3083 5049 3207 5099 xxv,
3241 5033 3318 5103 8),
3349 5041 3407 5086 ut
3431 5030 3504 5084 ibi
3550 5041 3720 5097 super

1738 5183 1968 5258 VABIIE
2010 5183 2410 5240 LECTIONES.

519 5294 608 5324 ’πο
649 5295 817 5360 Quem
847 5301 899 5346 et
927 5295 1063 5363 Aug.
1103 5309 1262 5363 quam
1302 5305 1356 5349 et
1431 5295 1523 5326 ¹²³τ
1565 5295 1858 5364 Expeditus
1883 5295 2123 5349 inodore
2151 5293 2295 5347 Som.
2327 5295 2574 5364 expedite
2622 5294 2673 5347 in
2717 5292 2938 5364 odorem
2993 5290 3109 5364 Am?
3147 5288 3323 5364 Caste,
3386 5289 3714 5364 ηςιίηξξῐιίξξιε

448 5361 594 5416 Som.
631 5366 896 5433 Casteque
935 5361 1258 5432 permanens

1358 5366 1449 5396 ησο
1480 5345 2144 5420 ca?.‘.:.‘;.r2..;;.'sua.
2175 5345 2512 5429 sanasti:
2534 5345 2580 5415 et
2624 5345 2744 5416 2...;
2786 5362 2931 5415 Edit.
2967 5361 3026 5415 δ.
3059 5361 3275 5429 August.
3304 5345 3372 5429 in“
3386 5345 3484 5400 lib.
3515 5345 3702 5429 arena.

445 5433 722 5517 pag._248.
754 5417 824 5488 Ut.
857 5417 1064 5517 tempus
1102 5417 1853 5517 indultumgratim,utiliier
1869 5417 2127 5517 peragere
2148 5417 2334 5517 queas,
2368 5443 2420 5488 et
2445 5441 2510 5486 ad
2547 5448 2963 5517 verarupaccm,
2996 5417 3293 5517 perve'u‘ias.

447 5503 690 5578 oratione
739 5520 890 5578 mens
929 5505 1159 5578 humana
1188 5503 1456 5574 copiosius
1479 5503 1884 5578 cunipungitur,
1908 5507 1958 5561 si.
1982 5503 2033 5560 in
2070 5505 2252 5577 quiete
2287 5507 2517 5559 dicatur.

451 5571 539 5602 ““
583 5572 644 5627 Et
674 5575 795 5632 inde
823 5576 953 5643 Aug.
986 5591 1043 5626 ιιι
1071 5575 1194 5626 inde

2601 5504 2690 5534 ’πθ
2733 5495 2812 5559 ile
2839 5495 3138 5557 currentem
3169 5496 3303 5564 Aug.
3338 5506 3422 5546 me
3454 5495 3716 5543 currente
