4200 6214
480 200 588 269 839

836 210 894 266 8.
931 209 1227 267 ANSELMI
1266 205 1610 264 CANTUAR.
1650 205 1968 261 ARCIIIEP.
2009 205 2161 262 OPP.
2198 206 2371 261 PARS
2397 207 2457 262 ιι.

2566 196 2933 265 ΡΛΗίΕἲιιἘΤ.
2976 211 3061 267 ΕΤ
3101 213 3342 272 ASCET.
3624 222 3731 282 900

478 338 720 381 mensam
753 312 1067 378 refeciionis
1099 321 1297 376 civium
1328 318 1686 389 supernorum
1715 328 1967 388 pascatur
1994 319 2058 372 de
2089 324 2131 379 Α
2166 319 2283 371 est?
2314 318 2647 385 Dulcissimo,
2679 323 3069 387 amantissime.
3093 323 3497 397 benignissime,
3526 336 3728 396 charis.

476 410 702 472 occultis
734 414 838 468 tuis
861 416 916 466 in
940 413 1053 465 loco
1075 425 1284 482 pascunt
1308 404 1412 465 tua:
1438 411 1612 480 (Psal.
1642 426 1775 474 uti,
1799 410 1878 480 ἓ),
1898 407 2052 476 juxta

480 502 683 562 ﬂuenta
706 504 1017 575 plenissima
1052 520 1065 557 :
1097 506 1404 573 requiescat
1433 506 1485 558 in
1512 512 1581 567 te,
1603 504 1742 557 Deus
1766 516 1936 564 mens,
1963 516 2056 555 cor

480 610 679 658 meum,
708 608 803 647 cor
839 606 989 647 mare
1016 609 1292 664 maguum,
1319 591 1824 647 tutnens'iiuctilms.
1856 588 1935 641 Tu
1965 590 2053 657 qui

481 670 966 753 imperasti'tlentis
1023 694 1071 737 et
1111 686 1266 749 mari,
1315 678 1541 750 ct'facta
1569 690 1641 733 est
1697 674 2053 748 tranquillitas

476 790 667 843 magna
717 773 934 845 (Matth.
970 775 1228 842 vm,86),
1261 773 1383 825 veni
1414 781 1469 824 et
1493 772 1721 841 gradere
1752 787 1913 842 super
1955 768 2049 825 liii-

478 866 811 921 ctus‘cordis
838 866 969 929 mei;
1008 875 1065 916 ιιι
1093 862 1379 932 tranquilla
1412 872 1467 915 et
1494 876 1688 917 serena
1716 861 1848 916 fiant
1871 863 2051 917 omnia

481 972 621 1017 mea.
649 967 916 1026 quatenus
944 970 1108 1007 unum
1136 955 1334 1009 bonum
1367 968 1546 1008 meum
1576 954 1871 1023 amplectar
1901 963 1971 1019 te,
2000 962 2053 1007 et

479 1044 634 1101 dulce
682 1047 855 1098 lumen
905 1044 1178 1097 oculorum
1218 1058 1448 1097 meorum
1498 1043 1669 1113 (Psal.
1716 1058 1925 1108 xxmt,
1965 1045 2049 1115 ll)

479 1133 811 1202 contemplet-
834 1142 883 1193 te
905 1136 1021 1188 sine
1046 1135 1485 1189 tumultuantium
1505 1135 1889 1206 cogitationum
1912 1152 2050 1191 caeca

481 1224 728 1294 caligine.
778 1223 1086 1294 Confu’giat.
1120 1225 1370 1289 Domine,
1406 1241 1560 1280 meus
1587 1242 1721 1281 mea.
1747 1228 1840 1281 sub
1867 1228 2051 1280 umbra

476 1312 683 1367 alarum
718 1303 932 1369 tuarum
981 1313 1155 1385 (l’sal.
1207 1330 1320 1381 xvr,
1349 1316 1401 1385 8)
1430 1316 1498 1370 ab
1526 1315 1747 1370 testibus
1773 1316 2052 1385 cogitatio-

479 1420 605 1458 tzum
636 1405 797 1476 hujus
824 1407 1026 1471 szeculi,
1056 1416 1115 1460 ut
1145 1408 1197 1461 in
1226 1408 1303 1461 tui
1336 1408 1601 1479 refrigerii
1630 1417 2053 1478 temperamento

476 1497 761 1563 ahsconsa,
817 1497 1117 1553 la-tabunda
1168 1507 1354 1554 cantet
1402 1509 1472 1553 et’
1505 1500 1652 1553 dicat
1686 1518 1699 1553 :
1737 1498 1801 1553 In
1844 1517 1972 1570 pace
1999 1502 2051 1555 in

472 1589 697 1657 idipsunt
724 1590 983 1644 dormiam
1014 1600 1062 1644 et
1090 1593 1407 1659 requiescam
1445 1589 1618 1663 (l’sal.
1650 1607 1730 1658 tv,
1756 1591 1835 1665 ελ

2158 409 2308 470 sime,
2351 410 2762 477 pretiosissime,
2799 414 3273 483 desideratissime,
3316 421 3723 491 amabilissime.

2156 498 2541 565 pulcherrime,
2582 502 2800 569 quando
2838 511 2890 558 te
2934 505 3159 562 videbo?
3198 506 3428 574 Quando
3457 484 3727 584 apparebo

2155 599 2281 641 ante
2310 589 2503 643 faciem
2531 591 2719 644 tuam?
2746 591 2970 659 Quando
2992 596 3231 653 satiabor
3245 601 3312 654 de
3334 600 3729 671 pulchritudine

2157 680 2280 733 tua?
2309 680 2533 747 Quando
2574 681 2775 738 educes
2811 698 2897 740 me
2928 687 2994 740 de
3030 686 3130 742 hoc
3161 705 3384 748 carcere
3419 699 3724 765 tenebroso,

2154 781 2213 825 ut
2240 772 2501 827 conlilcar
2545 775 2749 831 nomini
2791 783 2907 842 tuo,
2941 775 3013 832 ita
3047 788 3106 833 ιιι
3139 780 3399 852 deinceps
3436 799 3543 840 non
3576 804 3726 845 como

2155 862 2398 931 pungar?
2437 861 2664 929 Quando
2697 867 2938 922 transibo
2980 866 3033 921 in
3080 867 3225 923 illam
3271 870 3642 931 admirabilem
3670 886 3724 931 et

2156 951 2575 1019 pulcherrimam
2608 955 2825 1009 domum
2866 965 3033 1024 tuam,
3066 961 3444 1031 uhi'personat
3468 982 3567 1022 ros
3592 969 3724 1024 licti-

2158 1040 2244 1094 tite
2284 1050 2338 1095 et
2376 1042 2741 1099 exsultationis
2770 1045 2823 1099 in
2851 1046 3201 1105 tabernaculis
3217 1052 3482 1122 justorunt
3505 1057 3720 1129 ."(I'sah

2154 1146 2322 1197 cxvu,
2355 1128 2467 1204 15.)
2503 1128 2647 1187 Beati
2683 1136 2772 1205 qui
2807 1134 3041 1191 habitant
3077 1140 3133 1193 in
3162 1142 3315 1195 domo
3336 1155 3451 1209 tua,
3487 1130 3723 1213 Domine,

2156 1223 2207 1273 in
2237 1222 2435 1277 sa'cula
2463 1225 2775 1278 circulorum
2801 1225 3091 1283 laudabunt
3114 1240 3165 1283 te
3186 1231 3357 1299 (Psal.
3389 1248 3613 1298 Lxxxm,
3644 1237 3720 1298 5i.

2158 1311 2327 1377 Beati,
2372 1323 2428 1366 et
2467 1328 2591 1368 vere
2623 1314 2786 1393 beati,
2817 1331 2954 1386 quos
2978 1317 3179 1389 elegisti
3221 1332 3268 1374 et
3312 1325 3638 1395 assumpsisti
3668 1328 3723 1384 in

2156 1399 2304 1453 illam
2335 1401 2609 1457 cmlcstem
2633 1403 3000 1462 luereditatcm
3031 1406 3200 1470 (Psal.
3228 1426 3375 1478 ωιτν,
3406 1409 3488 1484 li).

2224 1491 2364 1546 Ecce
2408 1494 2583 1547 sancti
2631 1495 2732 1560 tui,
2763 1496 3013 1564 Domine,
3056 1495 3254 1555 ﬂorent
3289 1510 3419 1575 ante
3464 1515 3540 1566 te.
3580 1505 3723 1561 sicut

2158 1580 2350 1637 lilium.
2396 1582 2689 1657 Replcntur
2733 1587 2879 1640 enim
2911 1588 2975 1642 ab
3013 1589 3250 1644 ubertate
3284 1591 3474 1648 domu
3505 1604 3634 1661 tum,
3673 1608 3719 1653 et

549 1680 813 1745 Dormiat,
846 1682 1095 1747 obsecro,
1136 1682 1364 1739 Domine
1416 1683 1559 1739 Deus
1601 1699 1778 1749 meus,
1819 1686 2049 1740 dormiat

2118 1668 2126 1715 ἶ
2156 1682 2380 1727 torrente
2403 1674 2678 1744 voluptatis
2719 1688 2823 1732 tute
2858 1688 3014 1748 potas
3038 1698 3147 1749 eos,
3170 1681 3418 1753 quoniam
3447 1692 3499 1739 tu
3522 1699 3575 1739 α
3603 1685 3721 1756 [ous

473 1772 736 1827 memoria
777 1788 897 1828 mea
936 1772 1003 1828 ab
1040 1774 1295 1829 omnibus
1337 1774 1429 1806 ¹²⁰²
1459 1790 1580 1845 qua:
1608 1777 1708 1831 sub
1739 1778 1877 1831 (σξιο
1906 1787 2049 1840 sunt,

477 1862 705 1933 vigilans
748 1870 818 1926 te,
851 1862 993 1917 sicut
1022 1862 1284 1932 scriptum
1333 1872 1452 1929 est;
1491 1863 1599 1934 Ego
1629 1865 1858 1931 dormio,
1891 1876 1939 1920 et
1965 1883 2053 1920 cor

473 1970 644 2009 mcum
669 1953 849 2023 vigilat
882 1951 1056 2023 (Cant.
1093 1969 1147 2021 v,
1175 1954 1255 2025 2).
1297 1953 1381 2010 Sit
1412 1963 1550 2021 tuta,
1591 1943 1661 2010 sit
1707 1970 1921 2027 semper
1967 1974 2053 2013 sc-

475 2058 607 2098 tnra
638 2044 738 2099 sub
776 2034 969 2113 pennis
998 2045 1353 2113 protectiunis
1382 2053 1485 2099 tua:
1510 2044 1691 2098 anima
1735 2060 1877 2109 mea,
1908 2044 2050 2102 Deus

476 2147 652 2193 nteus.
682 2132 897 2190 Maneat
932 2134 984 2187 in
1019 2144 1090 2198 te,
1120 2144 1172 2188 ct
1214 2134 1464 2189 foveatur
1504 2150 1719 2205 semper
1749 2151 1777 2189 a
1807 2144 1878 2190 te.
1908 2135 2049 2190 Con-'

473 2223 761 2295 temptetur
792 2232 844 2277 te
896 2222 949 2276 in
988 2224 1186 2285 mentis
1237 2220 1486 2289 excessu,
1530 2232 1589 2278 et
1632 2232 1815 2279 cantet
1862 2224 2045 2280 laudes

472 2323 593 2368 tuus
632 2314 685 2368 in
717 2312 1071 2383 jubilatioue;
1111 2322 1167 2368 et
1196 2312 1311 2369 haec
1339 2314 1512 2369 dulcia
1545 2315 1684 2371 bona
1718 2326 1804 2370 tua
1832 2317 1941 2371 sint
1970 2317 2045 2371 in-

469 2414 550 2458 ter
574 2406 673 2460 hos
707 2406 952 2461 turbines
991 2407 1290 2462 consolatio
1317 2422 1436 2461 mea
1471 2406 1713 2471 interim,
1749 2408 1923 2463 donec
1954 2416 2043 2462 ve-

469 2496 615 2549 niam
645 2497 712 2547 ad
740 2505 788 2549 tc
815 2511 1002 2565 pacem
1027 2513 1235 2566 veram,
1262 2502 1349 2554 ubi
1381 2515 1485 2553 non
1508 2507 1591 2553 est
1613 2508 2040 2567 arcus,scutmn,

468 2584 678 2655 gladius
705 2595 759 2639 et
784 2586 1005 2658 bellum,
1032 2590 1127 2643 sed
1152 2574 1235 2645 est
1255 2605 1465 2649 summa
1494 2600 1546 2644 et
1582 2599 1727 2643 recta
1752 2592 2042 2656 securitas,

468 2684 525 2728 et
576 2690 767 2730 secura
827 2677 1210 2746 tranquillitas,
1272 2680 1576 2749 tranquilla
1605 2664 1937 2748 jucisnditas,
1977 2691 2043 2736 -ει

463 2766 700 2835 jucunda
732 2766 988 2833 felicitas,
1022 2778 1077 2823 et
1111 2769 1237 2823 felix
1277 2769 1574 2835 arternitas,
1605 2780 1659 2824 et
1688 2779 1892 2825 interna
1920 2771 2044 2828 bea-

470 2855 666 2919 titudo,
698 2863 751 2908 et
782 2856 939 2909 beata
976 2858 1048 2911 tui
1086 2858 1242 2922 visio,
1272 2868 1327 2913 et
1360 2858 1602 2914 laudatio
1636 2858 1691 2913 in
1721 2860 1917 2914 sarcula
1942 2877 2043 2916 sac—

466 2945 732 3000 culorum.
766 2948 961 3001 Amen.

838 3138 855 3151 ‘
935 3060 1099 3133 230
1136 3060 1395 3118 ORATIO
1433 3061 1575 3117 XIX.

1060 3168 1127 3206 AD
1162 3164 1451 3207 ειιιιιετωι.

470 3241 695 3307 Quando
720 3242 935 3297 dissolvi
969 3245 1116 3307 cupis
1140 3255 1188 3299 et
1229 3258 1339 3298 esse
1369 3259 1486 3296 cum
1513 3240 1718 3297 Christo
1756 3246 2039 3299 secundum

1012 3262 1032 3296 lt
1091 3262 1116 3298 s
1140 3262 1187 3299 et
1229 3262 1339 3298 esse
1369 3262 1486 3296 cum

1012 3262 1211 3375 ἐξείπω
1257 3313 1511 3382 Apostoli.

536 3399 755 3455 Christe
808 3402 1053 3469 Domine,
1102 3401 1278 3457 virtus
1334 3412 1387 3455 et
1423 3401 1689 3471 sapientia
1717 3402 1921 3470 Patris,
1952 3407 2043 3476 qui

465 3491 617 3555 ponis
643 3492 829 3544 nubent
852 3508 1129 3547 ascensura
1161 3502 1335 3558 tuum,
1360 3493 1451 3558 qui
1464 3494 1717 3547 ambulas
1740 3510 1899 3564 super
1920 3510 2043 3566 pem

468 3595 565 3633 nus
602 3589 887 3645 ventorum,
910 3581 1002 3651 qui
1026 3582 1162 3651 facis
1192 3580 1405 3651 angelos
1441 3590 1555 3634 tuos
1587 3584 1820 3651 spiritus,
1861 3594 1914 3639 et
1939 3588 2048 3639 nti-‘

464 3672 658 3723 nistros
684 3682 799 3724 tuos
826 3672 997 3741 ignem
1026 3681 1258 3727 urentem
1285 3670 1457 3743 (Psal.
1492 3687 1603 3736 Clll,
1624 3673 1700 3741 4),
1731 3674 1961 3732 obsecro
1983 3688 2040 3732 et

465 3759 934 3833 humiliter'rogo,
967 3763 1033 3816 da
1072 3770 1341 3831 praepetes
1375 3776 1580 3831 pennas
1624 3762 1769 3831 fidei,
1799 3766 1866 3819 da
1896 3766 2035 3822 cele-

464 3868 553 3905 res
580 3853 692 3908 alas
724 3856 1005 3920 virtutum,
1039 3855 1236 3924 quibus
1271 3856 1493 3910 evectus
1540 3865 1738 3911 aeterna
1782 3868 1836 3930 et
1871 3861 2036 3916 easie-

459 3940 561 3993 stia
596 3942 771 3995 valam
815 3940 1193 4011 contemplari.
1244 3941 1553 4007 Adhzereat,
1613 3960 1816 4013 quaeso,
1854 3951 2033 4006 anima

458 4046 572 4083 mea
591 4040 705 4098 post
731 4041 798 4097 te,
820 4040 873 4086 et
888 4030 1147 4101 suscipiat
1168 4031 1474 4085 medentem
1499 4042 1587 4086 tua
1609 4032 1780 4106 (I’sal.
1806 4052 1933 4102 Lxu,
1956 4040 2030 4106 9).

459 4116 715 4173 Suslollat
760 4136 845 4173 me
892 4135 1056 4190 super
1102 4119 1443 4174 altitudinem
1486 4132 1663 4189 terra},
1695 4127 1917 4182 etcibet
1949 4145 2034 4185 tne

455 4209 543 4264 illa
594 4212 806 4267 caelesti
855 4212 1196 4281 ltrcreditate,
1244 4214 1330 4268 cui
1387 4214 1625 4285 suspirat
1668 4222 2031 4289 peregrinatio

2157 1765 2286 1829 rita',
2320 1776 2368 1819 et
2394 1768 2447 1819 in
2480 1766 2675 1823 lumine
2698 1778 2788 1822 tuo
2829 1771 3009 1828 vident
3035 1772 3211 1829 lumen
3246 1773 3418 1845 (l’sal.
3448 1791 3613 1844 sur,
3636 1779 3721 1849 9).

2156 1872 2324 1926 usque
2350 1859 2483 1911 adeo
2512 1869 2571 1912 ut
2600 1860 2724 1930 ipsi,
2756 1861 3004 1918 videlicet
3026 1862 3210 1919 lumen
3242 1864 3602 1923 illuminatum
3626 1882 3721 1939 per

2156 1956 2206 2000 te
2241 1948 2405 2001 Deum
2436 1949 2852 2017 illuminantem,
2887 1952 3029 2008 sicut
3055 1954 3159 2019 sol,
3190 1954 3483 2029 ell'uigcaut
3508 1959 3563 2013 in
3591 1974 3722 2014 oon-

2110 2098 2115 2103 ,
2154 2045 2337 2104 specta
2368 2045 2477 2091 tuo.
2509 2036 2553 2093 0
2576 2040 2742 2108 quam
2774 2040 2933 2109 mira,
2965 2055 3127 2111 quam
3156 2044 3404 2115 pulchra,
3432 2060 3591 2115 quam
3625 2063 3717 2103 ae-

2150 2128 2439 2195 ceptabilia
2476 2138 2601 2191 sunt
2633 2130 2826 2188 domus
2864 2141 2967 2187 tua:
3001 2132 3330 2201 habitacula,
3360 2136 3586 2193 Domine
3610 2138 3717 2194 rin-

2152 2204 2355 2299 tutum_!
2375 2212 2708 2292 concupiscit
2730 2224 2931 2279 intrare
2952 2224 3006 2280 in
3025 2239 3086 2281 ea
3106 2227 3222 2282 hinc
3247 2212 3515 2299 peccatrix
3536 2229 3717 2285 anima

2151 2324 2289 2364 mea.
2310 2294 2578 2380 'Domine,
2626 2306 2789 2368 dilexi
2825 2317 3059 2370 decorem
3096 2294 3284 2371 domus
3316 2330 3442 2386 tute,
3471 2329 3517 2373 et
3548 2319 3720 2375 locum

2146 2401 2479 2479 habitationis
2503 2402 2689 2472 gloria:
2713 2414 2818 2457 tua!
2846 2401 3018 2474 (Psalt
3050 2421 3179 2483 xx‘v,
3217 2408 3294 2474 8).
3329 2405 3501 2464 Unam
3528 2412 3654 2478 petit
3681 2427 3714 2464 a

2148 2490 2391 2557 Domina,
2441 2504 2489 2547 et
2536 2494 2676 2549 hanc
2720 2498 3018 2566 requiram,
3059 2488 3446 2554 utin/labilem
3478 2502 3536 2556 in
3562 2501 3720 2556 domo

2154 2585 2359 2637 Domini
2402 2586 2639 2639 omnibus
2679 2587 2861 2642 diebus
2898 2590 3016 2643 tlitre
3057 2604 3186 2643 mete
3228 2587 3397 2660 (Psal.
3442 2606 3590 2658 xm,
3633 2592 3716 2664 4).

2150 2673 2601 2739 Quemadmodum
2628 2677 2887 2732 desiderat
2915 2694 3100 2734 centu:
3136 2679 3205 2735 ad
3241 2680 3409 2750 [ames
3433 2678 3715 2754 aquarum,

2148 2770 2221 2819 ita
2253 2766 2513 2821 desidera:
2532 2767 2709 2821 aninta
2738 2784 2849 2823 mea
2871 2770 2942 2822 ad
2967 2778 3039 2836 te,
3059 2768 3215 2837 Dens.
3242 2769 3465 2835 Quando
3490 2774 3715 2838 veniant,

2144 2868 2191 2909 et
2238 2854 2498 2925 apparebo
2543 2865 2664 2910 ante
2713 2857 2899 2925 facient
2947 2859 3144 2913 tuam?
3172 2857 3343 2927 (Psul.
3400 2875 3508 2923 xu,
3548 2858 3601 2925 2,
3632 2855 3712 2930 3.)

2147 2942 2375 3009 Quando
2402 2943 2596 2997 videbo
2616 2944 2781 2999 Deum
2806 2960 3005 3011 meinn,
3030 2961 3188 3015 quem
3220 2947 3332 3010 sitit
3362 2949 3540 3004 anima
3563 2951 3715 3004 mea?

2147 3032 2371 3097 Quando
2404 3031 2595 3086 videbo
2622 3047 2747 3087 eum
2775 3034 2826 3086 in
2853 3040 2997 3087 terra
3024 3033 3425 3091 viventiumiln
3449 3036 3548 3093 ista
3566 3037 3711 3092 enim

2149 3133 2291 3176 terra
2325 3122 2666 3177 morientium
2698 3123 2863 3178 videri
2900 3138 3004 3197 non
3036 3133 3214 3195 potest
3246 3127 3559 3183 mortalibus
3585 3144 3715 3184 ocn-

2147 3214 2236 3265 lis.
2266 3211 2404 3277 Quid
2439 3212 2635 3265 faciam
2665 3214 2828 3266 miser
2847 3228 2947 3283 ego
2969 3215 3545 3286 gravediueicompedis
3568 3234 3713 3274 mor-

2150 3304 2371 3357 talitatis
2399 3318 2531 3357 meze
2553 3303 2914 3358 constrictus?
2942 3304 3081 3371 Quid
3117 3304 3346 3361 faciam?
3375 3307 3510 3362 Dum
3533 3325 3712 3365 sumus

2144 3394 2201 3447 in
2230 3412 2461 3463 corpore,
2502 3397 2897 3464 peregrinamttr
2933 3412 2966 3449 α
3014 3395 3237 3450 Domino
3272 3396 3356 3469 (ΙΙ
3392 3395 3513 3453 Cor.
3542 3397 3706 3471 v,6);

2088 3506 2095 3515 ν
2144 3502 2248 3538 non
2282 3485 2529 3567 habemus
2570 3485 2653 3538 hic
2699 3495 2987 3540 manentem
3035 3488 3317 3555 ciuitatem,
3350 3489 3438 3543 sed
3468 3488 3704 3556 futuram

2142 3572 2457 3641 inquirimus
2496 3571 2681 3642 (Hebr.
2726 3590 2845 3639 xm,
2888 3574 2995 3644 14).
3031 3573 3228 3629 Noster
3259 3586 3440 3633 autem
3471 3577 3719 3651 tnunieio.

2140 3673 2298 3735 palus
2322 3664 2374 3718 in
2405 3665 2560 3720 emlis
2603 3674 2702 3719 est.
2755 3664 2869 3719 lien
2912 3668 3059 3731 mihi,
3102 3668 3225 3737 quia
3262 3667 3520 3723 incolatu
3561 3683 3706 3723 mens

2137 3754 2474 3825 prolongatus
2517 3765 2639 3809 est:
2674 3750 2903 3808 liabitaiii
2947 3773 3063 3809 cum
3109 3757 3463 3812 habitantibus
3512 3756 3708 3823 Cedor,

2138 3846 2357 3989 urvum
2388 3848 2561 3901 incola
2598 3848 2696 3914 fuit
2736 3848 2912 3901 animo
2942 3865 3055 3903 mea
3090 3847 3265 3920 (l’sal.
3293 3866 3439 3918 CXIX,
3471 3850 3547 3923 ὅ).
3574 3849 3707 3917 Quis

2138 3936 2203 3989 da
2242 3947 2277 3989 tl
2305 3936 2430 3987 mihi
2450 3951 2643 3989 pennas
2678 3938 2812 3989 sicut
2834 3938 3111 3989 columbae.
3141 3950 3188 3989 et
3210 3939 3410 3989 volabo.
3429 3951 3475 3989 et
3503 3943 3707 3989 unale-

2136 3936 2277 3989 daD'it
2305 3936 2430 3987 mihi
2447 3951 2643 4003 pennas
2678 3938 2812 3990 sicut
2834 3938 3111 4005 columbae,
3141 3950 3188 3994 et
3210 3939 3411 4006 volabo,
3429 3951 3475 3997 et
3503 3943 3707 4013 requie-

2135 4024 2322 4081 scam?
2368 4025 2541 4096 (Psal.
2593 4044 2702 4093 Ltv,
2752 4028 2829 4099 7.)
2876 4028 3015 4083 Nihil
3058 4031 3187 4084 mihi
3220 4039 3326 4087 tam
3359 4031 3513 4089 dulce
3540 4048 3702 4103 quam

2134 4134 2256 4173 cum
2300 4119 2527 4172 Domino
2568 4134 2686 4171 meo
2726 4133 2865 4173 esse.
2912 4119 3045 4173 Mihi
3082 4130 3254 4175 autem
3293 4121 3559 4178 adhaerere
3590 4116 3701 4178 Deo

2134 4210 2325 4261 bonum
2351 4217 2424 4260 est
2463 4205 2639 4275 (Psal.
2674 4222 2841 4271 Lxxu,
2884 4207 2996 4277 28).
3026 4208 3102 4261 Da
3137 4208 3291 4273 mihi,
3331 4207 3576 4274 Domine,
3607 4208 3705 4267 do-

457 4316 576 4355 tuea
608 4302 692 4355 dic
723 4317 789 4355 ac
827 4312 1007 4356 nocte.
1042 4303 1107 4356 Et
1147 4305 1271 4372 quia
1320 4306 1640 4361 moribunda
1684 4312 1920 4365 membra
1952 4314 2029 4366 vi-
2060 4322 2069 4381 ι

2136 4314 2236 4359 nec
2281 4300 2366 4352 his
2414 4298 2693 4368 fragilibus
2739 4299 2933 4353 assiste
2972 4299 3249 4362 membris,
3284 4299 3374 4354 tibi
3404 4297 3702 4365 adita-rere,

454 4405 637 4459 gorem
669 4392 862 4445 animte
891 4393 1140 4447 hebetant
1161 4435 1174 4459 ,

524 4478 722 4546 Disjice
747 4489 967 4533 terrente
994 4481 1207 4535 nebulas
1246 4491 1294 4535 et
1315 4483 1545 4553 pondera
1569 4486 1740 4551 molis,

524 4566 658 4622 Siste
698 4586 880 4637 vagam
908 4580 1153 4636 mentem,
1186 4589 1278 4640 per
1304 4573 1453 4626 devia
1485 4574 1649 4627 multa
1674 4586 1920 4642 ruentem,

524 4658 587 4711 Et
618 4659 686 4712 da
714 4659 966 4715 caelestem
1001 4672 1220 4717 mentem
1250 4665 1591 4719 conscendere
1611 4668 1804 4732 sedem,

449 4760 510 4801 ιιι
534 4766 785 4819 supremo
814 4752 1019 4810 lumine
1061 4756 1340 4823 irradiata,
1379 4767 1576 4812 terram
1604 4760 1883 4830 despiciat,
1908 4778 2018 4819 cce-

427 4833 557 4891 ~hnu
580 4843 825 4910 aspiciat,
854 4856 1071 4911 peccata
1101 4850 1302 4914 oderit,
1334 4849 1606 4919 justitiam
1650 4852 1856 4923 diligat.
1882 4853 2019 4922 Quid

449 4930 591 4980 cnitn
618 4930 908 4997 pulchrius,
937 4937 1133 5003 quidve
1157 4938 1387 5004 dulcius,
1417 4944 1577 5008 quam
1606 4941 1742 4996 inter
1768 4946 2021 4998 tenebras

449 5017 605 5086 hujus
648 5020 760 5074 rita:
789 5023 1088 5095 multasque
1114 5030 1505 5085 amaritudine-5
1528 5031 1722 5087 divinas
1751 5033 2017 5095 dulcedini

446 5109 678 5174 inhiare,
714 5120 767 5165 et
817 5123 1031 5171 actorum
1077 5118 1396 5174 beatitudini
1450 5122 1748 5191 suspirare,
1796 5122 2017 5194 illicqne
2058 5128 2069 5141 ‘

446 5202 619 5255 teneri
672 5214 852 5259 mente
895 5207 983 5261 ubi
1029 5223 1154 5263 vera
1197 5212 1381 5266 haberi
1423 5213 1615 5283 gaudia
1657 5216 2016 5270 certissimum

2133 4390 2274 4445 sicut
2302 4390 2562 4458 scriptum
2594 4398 2715 4445 est:
2753 4390 2856 4455 Qui
2878 4389 3110 4443 adharret
3145 4388 3389 4457 Domino,
3422 4405 3557 4446 unus
3595 4388 3703 4460 sisi.

2135 4482 2263 4534 ritus
2286 4488 2361 4533 est
2386 4496 2504 4533 cum
2524 4478 2652 4551 eo(l
2682 4477 2803 4532 Cor.
2836 4494 2909 4545 vt,
2942 4479 3049 4550 l7).
3312 4534 3317 4537 _

2201 4572 2389 4627 Prmbe
2414 4573 2565 4637 mihi,
2591 4586 2741 4640 roga,
2763 4570 3231 4641 contemplatimis
3255 4584 3477 4641 pennas,
3501 4569 3702 4641 quibus

2134 4663 2352 4719 indutus
2392 4662 2455 4716 ad
2501 4670 2553 4716 te
2586 4660 2805 4715 mlitem
2851 4675 3087 4714 sursum.
3120 4659 3188 4712 Et
3218 4659 3349 4730 quia
3377 4671 3535 4713 omne
3561 4658 3701 4713 sini-

2129 4766 2299 4811 strum
2345 4755 2595 4810 deorsum
2636 4752 2804 4821 jacet,
2855 4760 2976 4805 tene
3024 4759 3259 4807 mentem
3291 4766 3485 4819 meam,
3529 4765 3597 4804 ne
3627 4749 3699 4806 ad

2128 4849 2233 4901 ima
2261 4846 2558 4899 tenebrosm
2591 4844 2744 4897 vallis
2775 4848 3017 4907 corruat,
3058 4856 3127 4895 ne
3164 4840 3549 4897 interveniente
3576 4854 3697 4895 um-
3755 4836 3761 4846 ’

2128 4940 2223 4992 bra
2284 4946 2439 4991 terrae
2492 4950 2522 4989 a
2578 4944 2630 4989 te
2675 4951 2804 4990 vero
2842 4933 3065 5001 iustitia:
3106 4931 3245 5009 ‘Sule
3285 4940 3581 5003 separetur,
3637 4939 3695 4989 et

2124 5030 2354 5084 obducta
2400 5029 2739 5084 tenebrarum
2785 5027 2904 5099 [al.,
2932 5024 3164 5079 adducta
3198 5023 3562 5098 tenebrarum]
3598 5039 3697 5079 nc-

2126 5122 2248 5176 hula
2302 5123 2655 5192 prohibeatur
2706 5121 2815 5176 alta
2881 5119 3173 5185 respicere.
3228 5117 3430 5172 idcirco
3477 5132 3694 5173 sursum
3774 5135 3788 5148 ·

2118 5215 2289 5269 tendo
2318 5215 2383 5268 ad
2408 5215 2552 5282 pacis
2577 5215 2789 5284 gaudia,
2816 5210 3055 5277 lucisque
3078 5206 3446 5262 delectabilem
3467 5215 3520 5261 et
3539 5222 3692 5263 stre.
3723 5220 3731 5226 '

1721 5328 1951 5385 VARI/li
1990 5330 2391 5385 LECTIONES.

516 5428 605 5516 ης*
636 5433 883 5516 Dormiat
908 5438 1164 5516 memoria
1195 5453 1311 5516 mea
1342 5442 1407 5494 ab
1434 5444 1679 5516 omnibus
1702 5454 1806 5497 cte.
1837 5462 1996 5514 usque
2024 5446 2092 5498 ad
2114 5445 2375 5516 justitiam
2405 5443 2587 5512 diligat
2614 5458 2627 5497 :
2661 5444 2843 5516 desunt
2869 5445 2923 5516 in
2951 5441 3095 5516 Sent;
3125 5448 3170 5491 et
3193 5436 3393 5516 inﬁnita;
3421 5436 3686 5516 inf/“lli”

447 5498 516 5547 sic
549 5500 775 5583 legitur:
807 5508 1040 5583 dormiat
1073 5511 1329 5583 memoria
1360 5526 1475 5566 mea
1504 5514 1569 5566 ab
1603 5518 1850 5569 omnibus
1879 5498 2033 5569 nialis

445 5583 557 5631 qua:
587 5584 701 5625 sunt
728 5580 776 5627 in
801 5580 1032 5633 oratione
1058 5581 1311 5649 sequenti.

2076 5536 2087 5569 :
2114 5506 2470 5583 iniquitatem
2502 5506 2679 5581 "adiat,
2706 5513 2971 5583 justitiam
3002 5512 3207 5571 diligat.
3239 5506 3374 5572 Quid
3404 5508 3545 5563 cuitu
3578 5514 3683 5560 etc.
