4200 6256
370 182 494 258 ’θοι

1819 190 2231 251 ORATIONES.

3550 198 3659 255 903

398 314 676 369 nissituum
716 321 935 368 statum.
975 312 1121 367 Tene
1152 326 1247 366 cor
1289 326 1467 365 meum
1500 298 1660 363 manu
1700 319 1811 372 tua,
1844 309 1971 377 quia
2004 315 2046 372 Α
2078 303 2283 374 potenti
2330 304 2547 366 vit-tute,
2598 314 2652 358 et
2691 305 2769 359 sic
2804 306 2873 362 de
2899 309 3077 376 capite
3107 320 3229 363 meo
3277 288 3414 363 educ
3455 310 3675 385 aquam

386 408 517 467 (sine
566 415 614 457 te
647 405 714 457 ad
763 404 953 457 altiora
1005 420 1108 456 non
1166 403 1395 470 rapitur.
1447 401 1577 455 Illuc
1623 398 1842 465 festino,
1887 399 1979 452 ubi

403 509 616 549 summa
660 509 762 563 pax
807 503 1021 564 regnat,
1058 502 1110 546 et
1158 493 1305 562 jugis
1356 484 1724 560 tranquillitas
1775 490 1974 544 rutilat.

411 583 546 638 l'cne
589 592 645 638 ct
689 598 815 653 rege
863 584 1114 653 spiritum
1172 598 1377 646 meum,
1408 591 1460 636 et
1488 597 1707 649 aSSttme
1736 580 1884 634 illum
1924 590 1982 633 tu

400 676 694 730 secundum
733 675 1086 739 voluntatem,
1121 685 1179 728 ιιι
1211 684 1263 728 te
1300 674 1434 728 duce
1467 674 1721 728 ascendat
1749 673 1802 727 in
1834 672 1980 727 illam

403 766 674 836 regionem
728 766 1015 830 ubertatis,
1073 766 1159 819 ubi
1211 766 1390 834 pascis
1435 764 1599 819 Israel
1635 765 1685 819 in
1717 773 1977 818 aeternum

401 858 593 926 pabulo
613 857 879 921 veritatis,
895 864 954 909 ut
983 856 1053 910 ibi
1079 855 1160 910 vel
1188 856 1369 925 rapida
1394 855 1725 926 cogitatione
1747 856 1981 923 attingat

403 956 453 998 te
500 960 770 999 summam
829 943 1150 1014 sapientiam
1199 960 1362 1014 super
1408 943 1591 998 omnia
1643 950 1976 1004 manentem,

400 1047 595 1089 cuncta
652 1044 1047 1099 transeuntem,
1085 1044 1140 1088 et
1189 1035 1371 1088 omnia
1425 1034 1838 1104 gubernantem.
1871 1029 1980 1084 Sed

402 1125 647 1178 volitanti
682 1126 749 1178 ad
781 1135 835 1181 te
880 1127 1075 1180 anima-
1121 1125 1284 1179 multa
1331 1133 1456 1178 sunt
1487 1139 1607 1192 qua:
1637 1125 1978 1189 obstrepunt.

401 1214 557 1269 lassa
617 1224 731 1279 tuo,
778 1216 1024 1277 Domine,
1055 1215 1425 1269 conticescant
1455 1214 1585 1267 mibi
1622 1204 1826 1267 omnia.
1861 1211 1978 1281 ipsa

400 1305 501 1357 sibi
555 1305 735 1368 anima
792 1320 910 1357 mea
966 1303 1144 1369 sileat,
1188 1303 1369 1357 omnia
1403 1310 1772 1372 pertranseat,
1799 1301 1983 1356 omnia

401 1408 522 1465 qum
551 1402 735 1448 creata
768 1404 892 1449 sunt
919 1394 1265 1449 transcendat
1295 1409 1325 1447 a
1356 1410 1414 1449 se
1434 1404 1488 1447 et
1508 1394 1785 1463 perveniat
1812 1384 1877 1448 ad
1906 1403 1977 1456 te,

400 1496 565 1555 atque
591 1486 640 1540 in
673 1493 725 1539 te
754 1487 870 1541 solo
897 1486 1425 1542 Creatore-omnium
1455 1487 1641 1542 oc'ulos
1670 1486 1790 1541 ﬁdei
1828 1488 1976 1557 ligat,

402 1577 493 1630 tibi
524 1578 711 1641 inltiet,
738 1578 829 1634 tibi
854 1580 1115 1646 intendat,
1145 1588 1194 1633 te
1223 1580 1530 1645 meditetur,
1559 1588 1611 1635 te
1636 1579 1969 1650 contemple-

2082 397 2420 460 intmcnsam,
2450 404 2506 449 et
2539 397 2606 450 de
2645 396 2815 450 oculis
2859 399 2993 453 meis
3029 396 3217 453 verum
3254 396 3459 453 fontem
3491 398 3667 471 lacry-

2084 500 2295 539 marmn
2318 484 2522 555 jugiter
2558 474 2894 549 manantem,
2918 500 2983 541 es
3015 488 3181 543 nimio
3210 487 3406 543 affectu
3440 497 3495 544 et
3517 490 3663 544 desi-

2081 577 2234 632 derio
2269 576 2495 632 visionis
2522 562 2943 645 pulchritudinis
2976 585 3101 643 tum,
3135 589 3195 634 ut
3241 580 3449 650 lugeam
3485 580 3574 636 die
3603 596 3668 637 ac

2062 676 2260 734 nocte,
2294 666 2495 722 nullam
2531 667 2584 722 in
2618 668 2874 742 prmsenti
2909 669 3015 722 vita
3047 669 3311 739 recipiens
3340 669 3665 729 consolatio—

2082 773 2226 823 nem,
2260 758 2435 813 donec
2483 766 2535 812 te
2588 759 2639 812 in
2689 756 2896 813 cmlesti
2949 758 3188 833 thalamo
3233 775 3443 816 merear
3484 764 3671 821 videre

2081 848 2334 901 dilectum
2382 857 2437 902 et
2486 849 2915 919 pulcherrimum
2956 830 3231 918 'Sponsum
3264 865 3460 916 meum,
3497 836 3669 911 Deum

2080 947 2135 991 et
2164 932 2452 993 Dominum
2484 955 2687 1009 meum,
2719 951 2779 995 ut
2808 940 2879 994 ibi
2914 940 3101 995 videns
3139 942 3459 1013 gloriosam,
3483 946 3665 1013 admi-

2083 1028 2310 1083 rabilem
2340 1038 2393 1084 ct
2420 1029 2847 1098 pulcherrimam
2882 1031 3074 1085 facient
3109 1027 3278 1099 tuam,
3313 1034 3461 1088 omni
3490 1016 3669 1091 dulce-

2081 1120 2207 1173 dine
2262 1119 2496 1189 plenam,
2554 1136 2676 1175 cum
2727 1121 2794 1175 iis
2853 1136 2989 1190 quos
3042 1122 3273 1199 elegisti,
3329 1126 3670 1194 maiestatem

2084 1217 2227 1263 tuam
2277 1211 2501 1281 supplex
2554 1213 2800 1278 adorem,
2851 1223 2905 1267 et
2949 1213 3055 1267 illic
3097 1202 3312 1281 tandem
3354 1215 3566 1276 caelesti
3614 1226 3671 1268 et

2084 1301 2345 1374 inetTal.i_li
2430 1302 2671 1372 repletus
2743 1303 2919 1383 jxnbilo
3004 1314 3220 1383 a'tcrnze
3282 1305 3671 1363 exsultationis

2081 1392 2379 1445 exclamem
2410 1409 2533 1446 eum
2576 1379 2924 1464 diligentibus
2974 1402 3048 1459 te,
3098 1379 3323 1450 dicens:
3355 1396 3497 1452 Ecce
3524 1396 3670 1466 quod

2081 1481 2365 1550 concupivi
2399 1483 2510 1551 jam
2534 1472 2885 1553 video,iquod
2916 1486 3126 1563 speravi
3147 1485 3258 1553 jam
3280 1494 3440 1541 teneo
3461 1527 3476 1551 ,
3518 1487 3663 1557 quod

2083 1570 2387 1626 desideravi
2436 1571 2547 1639 jam
2577 1572 2774 1628 habeo.
2810 1574 2886 1628 llli
2922 1591 3157 1647 namque
3186 1577 3237 1629 in
3265 1576 3422 1631 ccelis
3445 1575 3671 1645 junctus
3712 1564 3731 1573 id

404 1676 511 1733 tur,
538 1678 588 1723 te
621 1669 725 1723 sibi
751 1680 875 1724 ante
905 1670 1095 1726 oculos
1130 1679 1316 1741 ponat,
1346 1681 1395 1726 ιυ
1424 1673 1524 1727 sub
1554 1674 1715 1726 corde
1738 1672 1979 1726 revolvat
2014 1668 2054 1724 Π
2083 1679 2202 1717 smn
2230 1679 2388 1731 quem
2419 1664 2471 1717 in
2506 1663 2666 1718 terris
2695 1666 2903 1733 positus
2940 1675 3049 1721 tota
3091 1668 3295 1721 virtute
3340 1668 3527 1733 dilexi,
3559 1676 3670 1724 tota

402 1776 588 1816 verum
642 1771 697 1817 et
741 1760 1013 1817 sumntum
1066 1765 1286 1830 bonum,
1334 1774 1387 1820 et
1434 1765 1690 1833 gaudium
1719 1765 1837 1819 sine
1874 1766 1978 1818 line

400 1857 734 1905 mansurum.

473 1941 652 1997 Multa:
680 1944 912 2013 denique
938 1952 1065 2000 sunt
1090 1946 1596 2015 contemplationes,
1634 1946 1830 2015 quibus
1855 1946 1977 1999 ani-

403 2048 491 2088 ma
528 2034 718 2089 devota
754 2036 848 2089 tibi
907 2036 1230 2091 mirabiliter
1276 2038 1539 2105 pascitur,
1588 2036 1682 2090 sed
1733 2036 1785 2089 in
1834 2035 1977 2090 nulla

404 2137 594 2191 earum
628 2123 699 2177 ita
743 2123 1042 2178 delectatur
1070 2133 1125 2179 et
1154 2125 1446 2193 requiescit
1476 2125 1659 2189 anima
1696 2138 1814 2179 mea
1839 2125 1978 2180 sicut

392 2215 457 2267 in
492 2224 565 2281 te,
596 2222 652 2268 et
684 2215 902 2287 quando
943 2222 996 2270 te
1026 2213 1199 2270 solum
1231 2214 1434 2285 c0gitat
1462 2224 1516 2269 et
1561 2198 1981 2283 contemplatur,

402 2303 573 2369 Quam
611 2319 803 2374 magna
851 2304 1141 2359 multitudo
1195 2304 1498 2360 dulcedinis
1550 2315 1675 2369 tuae,
1731 2305 1973 2368 Domine,

401 2410 565 2464 quam
615 2394 943 2449 mirabiliter
974 2395 1209 2464 inspiras
1247 2395 1501 2449 cordibus
1527 2403 1829 2448 amatorum
1861 2401 1977 2448 tut)-

408 2505 523 2544 rum
550 2490 564 2542 Ξ
590 2504 746 2558 quam
774 2490 907 2544 mira
938 2478 1180 2563 suavitas
1208 2489 1409 2543 amoris
1441 2474 1535 2550 tui,
1560 2502 1668 2556 quo
1690 2480 1977 2561 perfruun-

409 2589 497 2633 tur
528 2580 603 2634 illi
654 2580 746 2649 qui
796 2579 929 2633 nihil
979 2576 1171 2649 praeter
1196 2588 1244 2634 te
1270 2578 1519 2649 diligunt,
1546 2576 1680 2630 nihil
1706 2582 1975 2645 quaerunt,

406 2670 540 2724 nihil
568 2670 732 2725 etiam
765 2670 1011 2743 cogitare
1035 2668 1451 2740 concupiscunt!
1494 2667 1710 2743 Felices.
1732 2661 1978 2736 illi,'qni-

402 2760 505 2815 bus
555 2769 609 2815 tu
642 2760 789 2816 solus
826 2776 950 2831 spes
991 2776 1070 2826 es,
1099 2769 1154 2815 et
1182 2776 1343 2815 omne
1372 2776 1507 2830 Opus
1546 2774 1739 2823 eorum
1778 2760 1975 2814 cratim

402 2854 605 2908 Beatus
634 2856 727 2924 qui
770 2855 925 2909 sedet
968 2854 1247 2909 solitarius
1287 2862 1342 2908 et
1388 2860 1553 2917 tacet,
1587 2862 1643 2907 et
1676 2861 1786 2919 stat
1814 2868 1979 2921 super

404 2945 705 2999 custodiam
751 2960 905 3000 suam
931 2943 1135 3014 jngiter
1168 2944 1257 3000 die
1289 2959 1357 3009 ac,
1398 2953 1579 3008 nocte,
1612 2953 1672 2996 ut
1716 2942 1894 2996 adhuc
1925 2941 1975 2994 iu

406 3035 509 3090 hoc
562 3035 740 3106 fragili
798 3035 1123 3105 corpusculo
1188 3036 1396 3104 positus
1456 3034 1743 3105 praelibare
1801 3032 1981 3107 Valeat

402 3114 748 3194 aliquatenus
790 3126 1130 3180 dulcedinem
1196 3134 1365 3179 tuam.
1424 3124 1576 3194 Rogo
1639 3135 1689 3178 te
1741 3138 1839 3193 per
1890 3123 1979 3178 illa

405 3217 682 3274 salutifera
714 3217 934 3272 vulnera
968 3226 1079 3281 tua,
1126 3232 1246 3287 qua:
1277 3232 1468 3286 passus
1507 3231 1566 3270 es
1600 3215 1651 3268 in
1683 3229 1846 3271 cruce
1883 3231 1981 3284 pm

405 3308 579 3365 salute
610 3318 813 3375 nostra,
837 3323 867 3363 e
907 3308 1103 3377 quibus
1131 3297 1408 3362 emanavit
1434 3306 1523 3361 ills
1552 3305 1825 3375 pretiosus
1856 3322 1984 3361 san-

404 3400 526 3471 guis
567 3416 675 3470 quo
719 3415 906 3454 sumus
958 3399 1238 3469 redempti,
1284 3399 1508 3455 vulnera
1556 3400 1698 3458 hanc
1740 3400 1980 3455 animam

405 3504 580 3544 meam
609 3491 991 3560 peccatricem,
1016 3504 1113 3559 pro
1135 3504 1239 3559 qua
1268 3490 1431 3545 etiam
1464 3492 1598 3547 mori
1624 3492 1881 3562 dignatus
1898 3505 1979 3557 es,

406 3581 628 3637 vulnera
664 3600 782 3639 eam
823 3585 978 3654 igneo
1021 3594 1076 3638 et
1116 3585 1505 3654 potentissima:
1533 3585 1636 3639 telo
1670 3594 1772 3639 tua:
1800 3584 1980 3638 nimia:

405 3662 715 3740 charitatis.
775 3675 931 3732 Vivus
977 3674 1053 3732 est
1093 3680 1230 3732 enim
1277 3694 1445 3732 sermo
1470 3677 1567 3731 Dei
1605 3688 1651 3731 et
1682 3679 1881 3747 efﬁcax,
1931 3687 1977 3730 et

406 3768 781 3839 penetrabilior
811 3772 953 3823 omni
980 3770 1156 3839 gladio
1184 3770 1398 3839 ancipiti
1427 3768 1614 3840 (llebr.
1649 3785 1728 3835 tv,
1761 3769 1871 3839 12).
1898 3768 1976 3823 Tn

404 3862 600 3927 sagitta
648 3862 846 3922 electa,
902 3872 956 3914 et
1007 3861 1213 3929 gladius
1252 3861 1597 3916 acutissimus
1643 3861 1734 3931 qui
1785 3861 1980 3915 durum

406 3959 617 4002 scutum
650 3949 869 4002 humani
901 3950 1079 4003 cordis
1102 3958 1387 4021 penetrare
1423 3959 1511 4003 tua
1539 3950 1781 4019 potentia
1808 3948 1977 4015 vales,

407 4036 618 4107 confige
648 4053 745 4093 cor
785 4054 964 4092 meum
1008 4036 1191 4106 jaculo
1250 4038 1324 4091 tui
1374 4038 1594 4099 amoris,
1623 4047 1682 4092 ut
1710 4038 1856 4093 dicat
1886 4038 1979 4091 tibi

407 4128 587 4181 anima
619 4144 738 4184 mea
766 4147 779 4182 :
811 4128 1093 4183 Charitate
1123 4138 1210 4183 tua
1238 4127 1520 4183 vulnerata
1552 4146 1694 4195 sunt,
1726 4130 1796 4183 ita
1828 4138 1887 4183 ut
1914 4144 1979 4183 ex

404 4220 523 4289 ipso
555 4221 778 4275 vulnere
822 4208 1021 4277 amoris
1068 4222 1144 4277 ιιιί
1197 4224 1486 4279 uberrima:
1528 4221 1694 4276 lluant
1729 4220 1982 4292 lacryma:

2080 1752 2351 1805 charitate
2405 1746 2689 1821 amplexus
2734 1769 2879 1821 sum,
2918 1758 3005 1812 cui
3052 1766 3165 1813 toto
3216 1773 3402 1813 amore
3452 1760 3665 1827 inlaesi,

2081 1839 2254 1906 ipsum
2289 1838 2469 1904 laudo,
2510 1840 2773 1895 benedice
2816 1852 2977 1913 atque
3024 1845 3217 1899 adoro.
3272 1846 3374 1914 Qui
3430 1848 3565 1904 vivit
3612 1856 3666 1902 ct

2082 1940 2272 2000 regnat
2298 1930 2438 1987 Deus
2466 1930 2517 1984 in
2554 1932 2752 1987 san-ula
2779 1935 3127 1991 sznculorum.
3156 1936 3351 1991 Amen.

2506 2046 2664 2117 261
2708 2046 2965 2121 ORATIO
3001 2046 3101 2101 xx
3139 2048 3249 2102 ιω.

2673 2153 2741 2190 ΑΙ)
2770 2152 3075 2195 οιίιιιδτιδιι.
3664 2196 3668 2201 .

2058 2228 2161 2285 .Ad
2171 2228 2551 2294 accendendum
2564 2228 2616 2281 in
2630 2246 2683 2282 se
2694 2246 2922 2283 antorem
2939 2230 3055 2294 Dei,
3069 2240 3117 2283 et
3129 2230 3326 2284 Christi
3333 2231 3670 2289 desiderium.

2152 2320 2374 2374 Domine
2387 2317 2513 2374 Jesu
2538 2319 2773 2384 Clniste,
2800 2322 3096 2391 redemptio
3124 2337 3262 2385 mea,
3298 2322 3667 2391 misericordia

2080 2423 2220 2472 mea,
2257 2408 2405 2461 salus
2438 2416 2660 2471 mea,.te
2695 2407 2874 2473 laudo,
2907 2409 2999 2463 tibi
3034 2411 3238 2480 gratias
3268 2427 3390 2481 ago,
3416 2414 3681 2482 quamvis

2078 2495 2233 2551 valde
2280 2496 2511 2575 impares
2539 2496 2646 2560 tuis
2690 2497 2986 2561 beneficiis,
3016 2500 3265 2566 quamvis
3306 2499 3528 2556 multum
3563 2517 3665 2555 cx-

2081 2596 2262 2654 pertes
2274 2585 2448 2652 dignm
2460 2585 2763 2642 devotionis
2779 2587 2892 2653 ωδ,
2911 2589 3159 2658 quamvis
3172 2589 3334 2644 nimis
3347 2605 3560 2647 macrus
3573 2593 3666 2625 ¹¹³⁸

2083 2691 2112 2728 a
2138 2675 2440 2731 desiderata
2469 2676 2799 2748 pinguedine
2835 2678 3133 2735 dulcissimi
3168 2679 3259 2737 ,ιιιί
3290 2680 3537 2763 effectus.
3590 2691 3667 2741 la-

2084 2784 2206 2823 tnen
2230 2770 2631 2839 qualescunque
2657 2769 2868 2833 laudes,
2887 2762 3527 2843 qualesmtnqne'gratias
3552 2774 3666 2838 ηπ,
3710 2762 3717 2771 ”

2085 2876 2189 2914 non
2220 2861 2406 2930 quales
2431 2862 2543 2915 scio
2570 2876 2657 2916 me
2682 2862 2910 2927 debere;
2944 2863 3039 2919 sed
3069 2862 3211 2927 sicut
3236 2864 3659 2932 potestconari,
3684 2896 3687 2899 λ

2088 2951 2181 3004 tibi
2231 2951 2485 3021 persolvit
2514 2951 2715 3012 anima
2768 2966 2905 3005 mea.
2956 2949 3093 3019 Spes
3123 2952 3273 3007 cordi
3322 2952 3451 3017 nui,
3491 2953 3668 3009 virtus

2085 3042 2460 3113 animmmee,
2485 3040 2745 3095 attxilinm
2778 3040 3270 3109 infirmitatismrc,
3290 3042 3663 3112 eompleat""

2086 3143 2175 3187 ttta
2216 3132 2584 3201 potentissima
2622 3131 2921 3201 benignitas
2989 3132 3135 3201 quod
3164 3131 3257 3164 ¹¹⁶⁸
3283 3142 3513 3187 canatur
3538 3148 3659 3190 mea

2086 3216 2414 3288 tepidissima
2447 3218 2942 3275 imbecillitas.Vita
2968 3236 3108 3286 mea,
3137 3221 3257 3274 linis
3287 3220 3378 3253 “”
3405 3222 3665 3281 intentio-

2084 3315 2169 3369 nis
2193 3329 2345 3378 mete,
2366 3312 2483 3369 etsi
2500 3313 2735 3366 nondum
2761 3313 2931 3367 merui
2966 3324 3017 3367 te
3046 3322 3252 3367 tantum
3278 3313 3665 3383 “iﬁquantum

2084 3407 2295 3461 debitor
2346 3421 2494 3465 sum,
2543 3418 2754 3471 amare;
2794 3404 2997 3474 utique
3066 3403 3261 3462 saltem
3317 3404 3566 3460 desidero
3616 3415 3669 3459 te

2086 3505 2293 3551 tantum
2356 3510 2540 3550 amare
2600 3504 2861 3563 quantum
2934 3493 3669 3565 d-bcop“?‘..1‘lluminalio

2082 3606 2198 3643 mea
2230 3587 2401 3658 (Prol.
2444 3602 2593 3651 xxvi,
2624 3586 2699 3653 1),
2751 3596 2805 3639 ιιι
2839 3584 2990 3640 vides
3029 3585 3418 3661 conscientiam
3457 3598 3667 3650 meam;

2080 3680 2229 3750 quia,
2254 3678 2494 3741 Domine,
2524 3687 2644 3731 tmte
2667 3687 2716 3730 le
2745 3692 2898 3730 omne
2942 3676 3260 3730 desiderium
3300 3691 3493 3741 meum,
3525 3683 3581 3731 et
3610 3684 3666 3729 tu

2081 3770 2272 3832 donas,
2299 3769 2341 3824 si
2373 3767 2500 3837 quid
2547 3768 2683 3821 bene
2714 3765 2838 3820 τυιιρ
2858 3765 3039 3819 anima
3073 3780 3188 3820 utea
3227 3766 3337 3839 "f".
3372 3764 3428 3820 Si
3460 3764 3665 3827 bonum

2082 3869 2188 3926 est,
2216 3858 2461 3922 Domine,
2493 3856 2635 3927 quod
2680 3856 2951 3927 inspiras,
2976 3855 3086 3910 imo
3115 3856 3244 3925 quia
3276 3855 3473 3909 bmnnn
3499 3863 3584 3924 est
3609 3864 3670 3912 ut

2085 3959 2138 4004 te
2168 3948 2329 4004 velim
2351 3961 2558 4008 amare.
2588 3946 2652 4000 da
2678 3945 2822 4016 quod
2850 3960 2934 4000 me
2959 3944 3096 4001 facis
3118 3944 3272 4015 velle.
3302 3944 3376 3999 Da
3416 3954 3473 3999 ut
3494 3960 3667 4015 quan-

2089 4049 2198 4093 tnm
2230 4037 2413 4108 jubes,
2446 4044 2650 4090 tantum
2679 4044 2730 4090 te
2756 4027 2967 4094 merear
2997 4053 3201 4093 amare.
3226 4034 3440 4091 Laudes
3465 4045 3520 4091 et
3542 4049 3661 4105 gra-

2088 4131 2190 4184 tias
2235 4128 2329 4183 tibi
2360 4142 2462 4197 ago
2494 4143 2591 4199 pro
2626 4126 2900 4198 desiderio
2928 4130 3071 4197 quod
3120 4127 3415 4198 inspirasti.
3448 4125 3662 4181 Laudes

2084 4230 2139 4276 et
2164 4234 2352 4291 preces
2379 4218 2567 4282 offero,
2590 4234 2658 4275 ne
2682 4219 2774 4255 ¹²⁷⁸
2794 4207 2865 4275 sit
2894 4219 3023 4274 mihi
3050 4219 3249 4274 donum
3300 4204 3447 4273 tinnn
3496 4217 3669 4272 infru-

404 4311 493 4364 die
523 4327 587 4366 ac
616 4321 793 4366 nocte.
841 4312 1091 4381 Percute,
1144 4315 1391 4381 Domine,
1437 4312 1677 4383 percute,
1730 4312 1979 4377 obsecro,
2015 4335 2058 4390 ι)
2084 4308 2349 4381 ctuosum,
2384 4312 2524 4381 quod
2559 4320 2645 4365 tua
2682 4298 3109 4382 sponte'dedisti
3148 4313 3259 4365 ⁸³⁷⁸.
3288 4310 3495 4366 Perﬁce
3522 4308 3668 4381 quod

408 4400 549 4454 hanc
578 4400 922 4456 dnrissimam
957 4415 1191 4459 mentem
1226 4421 1399 4458 meam
1440 4405 1523 4475 pia
1564 4414 1620 4459 et
1656 4403 1829 4458 valida
1856 4418 1978 4457 cus-

404 4490 530 4561 pide
580 4492 886 4548 dilectionis
937 4502 1062 4562 tuae,
1104 4504 1155 4551 et
1207 4496 1367 4551 altius
1421 4496 1487 4550 ad
1530 4496 1722 4550 intima
1752 4505 1979 4565 penetra

2090 4404 2393 4474 incmpisu',
2423 4412 2480 4471 _et
2514 4401 2662 4475 dona
2708 4404 2849 4473 quod
2883 4420 2969 4459 me
3020 4406 3256 4476 benigne
3298 4400 3674 4470 praeveniendo

2036 4554 2037 4557 η
2079 4484 2417 4550 innneritum
2429 4485 2736 4549 desiderare
2748 4487 2920 4561 feciin
2956 4493 3246 4559 Converte,
3263 4492 3671 4564 benignissime,

1720 4626 1951 4681 VARl/E
1990 4626 2392 4701 LECTIONES.

478 4738 570 4769 ¹²⁸³
608 4736 813 4791 Collum
860 4746 933 4791 est
971 4755 1088 4791 cum
1146 4755 1273 4793 mss.
1337 4738 1469 4793 Tim.
1534 4738 1659 4792 267.
1734 4736 1869 4791 Vict.
1932 4736 2047 4791 RR.
2106 4737 2158 4790 '5.
2214 4748 2261 4792 et
2320 4736 2445 4791 KK.
2504 4736 2590 4792 16.
2663 4736 3012 4794 ϐονὺνίϐο.
3088 4739 3209 4792 Dee.
3280 4739 3346 4793 0.
3429 4739 3664 4796 Val-(ur.
3718 4780 3723 4785 ρ

407 4806 558 4879 If‘lor.
630 4805 923 4860 Carthasim
986 4809 1268 4861 Portarttm
1319 4823 1336 4859 :
1412 4825 1531 4861 cum
1593 4807 1733 4879 Edit.
1780 4806 2094 4879 Sontscap.
2159 4809 2275 4862 Ην
2322 4810 2461 4861 inter
2522 4808 2800 4879 Augustini
2866 4808 3257 4879 Merlitationes.
3344 4811 3424 4864 Ad
3484 4808 3668 4867 Iesum

407 4878 701 4948 Christum,
743 4893 863 4931 eum
916 4879 1257 4931 meditatione
1283 4879 1556 4932 Passionis
1584 4877 1896 4945 ciusdemet
1939 4878 2372 4933 Resurreetiovtis
2401 4894 2466 4932 ac
2488 4877 2852 4948 Ascensionis.
2909 4888 3008 4933 ms.
3056 4877 3189 4933 Tha.
3247 4880 3437 4948 Incipit
3477 4880 3666 4938 Oratio

407 4948 522 5020 sive
547 4947 818 5001 llleditatio
845 4948 910 5020 ad
931 4948 1337 5020 Διιρρεειιιιιξιιιιιιιιι
1371 4949 1459 5020 Dei
1492 4962 1731 5020 amorem
1760 4948 1811 5002 in
1842 4967 1923 5005 se.
1946 4965 2071 5020 nts_s.
2111 4947 2243 5001 Vict.
2275 4947 2364 5020 l6,
2403 4948 2565 5020 Corb.
2594 4959 2642 5003 et
2670 4947 2819 5002 Flor.
2852 4948 3127 5003 Meditatio
3158 4949 3223 5003 ad
3262 4947 3664 5007 :tccettdentlutn

409 5018 462 5069 in
494 5033 551 5070 se
579 5032 816 5070 amorem
850 5016 942 5069 Dei
987 5033 1084 5069 ms.
1114 5017 1251 5070 Vict.
1280 5018 1331 5070 5.
1364 5017 1550 5071 Oratio
1576 5020 1642 5071 ad
1678 5019 1974 5073 Christum.
2001 5018 2146 5073 Sam.
2185 5016 2361 5073 oratio
2385 5018 2575 5073 devota
2612 5021 2682 5073 de
2730 5020 3101 5074 recordatione
3150 5022 3415 5120 passionis
3468 5021 3668 5076 Christi

411 5086 502 5117 ηεξ
544 5086 798 5120 [ivno-~th
844 5087 1138 5120 daunlinnic
1185 5103 1288 5120 ηερ.
1360 5086 1470 5120 νει-ι
1524 5086 1750 5120 Ιήιριιηη
1810 5087 1907 5120 Uni
1940 5092 2021 5120 Ιιιρ
2078 5088 2203 5120 Nl...-
2254 5089 2510 5120 Πνηοινιρη
2541 5090 2713 5120 ,Ιῖηηω
2755 5091 3051 5120 Ληνιιίῖ...ιῖο
3131 5090 3146 5120 ι
3179 5090 3222 5120 68
3265 5091 3515 5120 ἔκηε-..-ζμ
3552 5108 3630 5120 ...η

411 5086 502 5117 ¹²⁶⁵
544 5086 799 5153 Expertes
843 5087 1140 5159 devotionis
1185 5103 1310 5140 mss.
1360 5086 1498 5159 Vict.
1524 5086 1772 5159 Carthus.
1810 5087 2041 5142 Vat-(uc.
2071 5088 2220 5143 Flor.
2251 5089 2511 5159 Expertes
2540 5090 2713 5159 digna:
2754 5091 3059 5145 devotionis
3131 5086 3222 5121 ³⁸³
3264 5091 3518 5155 Quamvis
3550 5108 3672 5143 tua-

408 5171 531 5229 cras
552 5172 671 5208 mss.
704 5158 948 5229 quamvis
970 5158 1130 5229 nimis
1156 5173 1363 5213 macrus
1439 5158 1528 5188 ¹¹⁶⁶
1569 5158 1771 5212 Tamen
1810 5160 2214 5228 qualescunque
2248 5158 2451 5227 gratias
2475 5158 2617 5213 mss.’
2643 5170 2826 5213 tamen
2845 5160 3248 5229 qualescunque
3284 5162 3487 5225 laudes,
3528 5176 3661 5228 qua-

408 5225 704 5297 lescunque
726 5227 929 5295 gratias
954 5244 1051 5279 ms.
1080 5226 1212 5279 Tlm.
1245 5229 1355 5280 Itwc
1377 5230 1522 5281 omit.
1602 5228 1690 5259 “‘7
1734 5225 1861 5297 mea:
1882 5225 2142 5297 compleat
2172 5225 2297 5282 mss.
2332 5245 2497 5295 meae,
2543 5230 2799 5283 auxilium
2850 5225 3185 5284 inﬁrmitatis
3226 5245 3355 5283 meae
3402 5225 3667 5296 compleat

413 5295 504 5327 ηδ’
545 5296 801 5364 Dignitas,
828 5310 935 5369 quo
964 5313 1097 5369 nisi.
1118 5299 1437 5369 benignitas,
1472 5299 1614 5366 quod
1653 5316 1749 5352 ms.
1782 5296 1964 5352 Curtlt.
1998 5295 2208 5354 bonitas
2239 5304 2293 5352 et
2320 5300 2647 5369 benignitas,
2677 5300 2821 5369 quod
2898 5301 2991 5332 “5’
3033 5302 3111 5355 Tu
3148 5301 3253 5354 vita
3284 5316 3422 5362 mea,
3452 5310 3504 5353 tu
3526 5295 3663 5352 linis

411 5381 536 5418 mss.
575 5369 680 5417 vita
716 5381 855 5427 mea,
888 5365 1010 5439 linis
1087 5366 1179 5397 "7°
1219 5365 1383 5422 Merui
1416 5365 1590 5439 tamen
1615 5384 1740 5423 mss.
1775 5370 1945 5423 merui
1988 5379 2039 5423 te
2064 5378 2267 5422 tantum
2346 5365 2555 5424 ""vTe
2577 5365 3052 5439 amaileqnantnm
3084 5371 3414 5439 debeomss.
3461 5380 3509 5423 te
3552 5376 3665 5420 tan-

412 5443 545 5495 tum,
579 5443 836 5502 quantum
868 5436 1057 5498 debeo,
1091 5453 1273 5492 amare
1349 5438 1438 5470 "7’
1482 5438 1602 5493 Vult
1628 5440 1960 5503 conscientia
1989 5456 2106 5495 mea
2137 5455 2260 5491 mss.
2288 5439 2402 5491 vult
2425 5440 2605 5492 anima
2634 5454 2750 5492 mea
2809 5436 2924 5471 ""3
2964 5441 3177 5495 Gratias
3201 5438 3387 5497 oli'ero.
3434 5456 3497 5490 ne
3532 5452 3660 5488 mss.

412 5503 614 5573 gnatias
652 5506 743 5558 tibi
770 5521 868 5574 ago
891 5521 986 5575 pro
1010 5508 1276 5629 delsitllerio
1305 5510 1445 5579 quod
1477 5510 1776 5581 inspirasti,
1810 5510 1992 5566 laudes
2013 5521 2065 5565 et
2090 5525 2276 5580 preces
2304 5509 2490 5577 θεῖοι-ο,
2526 5523 2591 5563 ne
2633 5517 2636 5521 ‘
2665 5510 2757 5581 ‘3”
2798 5511 2908 5565 Tua
2933 5521 3224 5582 spontanea
3251 5508 3443 5563 dedisti
3475 5506 3662 5559 volun-

418 5583 525 5627 tate
564 5592 681 5627 mss.
716 5584 799 5627 tua
832 5586 1019 5629 snonte
1049 5594 1129 5629 tet
1157 5580 1241 5629 isti

418 5583 525 5627 tate
564 5592 681 5627 mss.
716 5584 799 5627 tua
832 5586 1019 5644 Sponte
1049 5580 1241 5630 dedisti
