4200 6228
463 231 568 288 903

782 229 843 285 S.
875 227 1170 284 ANSELMI
1199 224 1547 283 CANTUAR.
1601 224 1924 281 ARCIIIEP.
1958 223 2105 282 OPP.
2147 222 2325 279 PARS
2354 224 2419 279 ll.
2471 256 2535 264 ρ-
2572 222 2939 281 ΡΛΒᾸΞΝΕΤ.
2984 226 3070 280 ET
3109 224 3349 282 ASCET.

3629 229 3737 289 903

464 360 645 402 meum
682 355 922 416 teporem
952 343 1043 391 "Z'
1074 344 1126 395 in
1158 342 1612 396 ferventissimum
1664 343 1739 397 tui
1781 355 2042 397 amorem.
2077 348 2123 405 Λ
2151 340 2393 409 erupisse
2421 338 2489 394 de
2518 340 2626 394 tuis
2664 338 3030 412 pudicissimis
3055 340 3245 406 oculis,
3275 357 3397 395 cum
3422 344 3737 403 attenderes

438 434 545 494 ~Ad
571 438 674 493 hoc
701 438 812 501 ηπ,
842 434 1287 497 clementissime,
1334 435 1506 490 tendit
1546 436 1661 490 lure
1696 434 1872 489 oratio
1901 449 2040 501 mea,

465 532 581 586 lucc
608 528 865 585 memoria
897 536 947 581 et
977 526 1260 582 meditatio
1302 526 1688 581 beneﬁciorum
1723 535 1956 589 tuorum,
1988 536 2046 578 ut

386 680 391 695 _
465 617 729 674 acceudas
759 614 811 668 in
842 630 928 668 me
972 614 1046 668 tui
1088 630 1329 671 amorem
1360 610 1484 667 “7".
1514 614 1626 668 Tua
1661 628 1766 678 me,
1797 613 2041 673 Domine.

464 706 674 763 bonitas
712 706 941 770 creavit,
985 715 1073 760 tua
1117 705 1482 761 misericordia
1513 713 1754 758 creatum
1781 703 2045 772 ali‘origio
2086 695 2094 701 ’

462 798 570 854 nali
628 809 851 870 peccato
904 800 1208 863 mandavit;
1255 806 1342 851 tua
1412 796 1671 867 patientia
1728 809 1847 868 post
1900 796 2043 851 illam

460 891 898 945 cmundationem
930 887 1022 919 “7‘
1080 885 1359 954 baptismi,
1416 887 1470 940 in
1526 882 1647 941 aliis
1697 896 2043 957 peccatorum

462 974 715 1035 sordibus
758 977 1055 1032 volutatum
1099 976 1190 1015 "7'
1231 977 1495 1031 hactenus
1522 977 1792 1041 toleravit,
1820 978 2045 1031 nutrivit

462 1079 520 1124 et
556 1067 908 1139 exSpectavit.
936 1051 1255 1137 Exspectas
1288 1077 1367 1132 tu,
1395 1067 1537 1123 bone
1579 1067 1827 1135 Domine,
1866 1084 2041 1123 meam

460 1160 852 1216 correctionem
875 1158 991 1223 ³⁸⁸⁸ς
1016 1168 1298 1229 exspectat
1328 1158 1506 1212 anima
1534 1175 1653 1214 mea
1683 1161 1750 1215 ad
1780 1154 2045 1216 sullicion-

460 1261 544 1306 ter
568 1250 1073 1320 pmuiteudum.““,
1106 1263 1162 1305 et
1183 1251 1248 1305 ad
1285 1251 1420 1307 bene
1440 1252 1759 1319 vivendum,
1788 1262 1891 1308 tuae
1922 1269 2047 1325 gra-

460 1345 548 1398 tiae
577 1341 1013 1412 inspirationcm.

532 1431 673 1489 Deus
696 1447 848 1489 meus
872 1432 986 1500 ιη’,
1011 1431 1238 1487 Creator
1258 1445 1429 1499 meus,
1456 1430 1714 1487 tolerator
1734 1440 1789 1487 et
1813 1431 2046 1486 nutritor

460 1536 634 1591 meus,
665 1531 772 1577 esto
801 1522 1018 1593 adjutor
1041 1538 1185 1577 utens
1222 1519 1397 1593 (Psal.
1422 1537 1571 1589 xxvi,
1595 1522 1673 1590 9),
1709 1530 1759 1576 te
1783 1522 1908 1577 sitio
1934 1522 2045 1587 ηδ’,

462 1622 516 1667 te
535 1613 735 1677 esurio,
763 1622 813 1666 te
830 1612 1098 1674 desidero,
1113 1611 1180 1664 ad
1201 1621 1251 1665 te
1270 1610 1414 1681 snspi
1424 1626 1505 1677 ro,
1522 1623 1572 1664 tc
1594 1610 1918 1681 concupisco
1932 1610 2044 1663 ¹¹⁸⁷⁵.

461 1704 531 1760 Ει
560 1706 695 1761 sicut
738 1705 972 1776 pupillus
1010 1704 1382 1775 benignissimi
1422 1703 1591 1774 patris
1635 1704 1860 1758 orbatus
1904 1712 2045 1773 pra:-

461 1782 659 1862 scutia,
711 1796 843 1852 lleus
887 1804 944 1851 et
984 1795 1196 1868 ejnlans
1247 1795 1585 1851 incessanter
1633 1795 1748 1864 ejus
1796 1796 2046 1852 dilectam

461 1890 654 1946 faciem
704 1898 817 1945 toto
864 1889 1025 1945 corde
1074 1888 1425 1960 amplectitur
1454 1889 1574 1945 :sic
1600 1897 1658 1943 et
1689 1903 1792 1960 ego
1822 1889 1914 1923 ηδε
1941 1903 2046 1942 non

462 1988 726 2048 quantum
750 1979 944 2043 debeo,
964 1977 1067 2047 sed
1078 1987 1342 2049 quantum
1361 1994 1523 2049 queo,
1550 1993 1760 2035 memor
1783 1977 2049 2049 passionis

463 2079 593 2135 tum,
624 2084 833 2125 memor
860 2068 1142 2139 alaparum
1174 2076 1412 2136 tuarum,
1443 2084 1653 2125 memor
1688 2067 2045 2141 ﬂagellorum,

461 2176 672 2217 memor
691 2161 889 2228 crucis,
915 2176 1125 2217 memor
1152 2161 1435 2215 vulnerum
1461 2161 1555 2192 ¹²⁸⁶
1579 2170 1816 2223 tuorum,
1842 2173 2049 2214 memor
2090 2180 2101 2191 ι

460 2250 696 2321 qualiter
717 2266 815 2322 pro
836 2267 921 2309 me
942 2251 1154 2307 occisus
1170 2266 1249 2317 es,
1268 2251 1506 2321 qualiter
1525 2250 1798 2315 conditus,
1813 2250 2048 2322 qualiter

461 2343 728 2414 sepultus,
772 2341 933 2397 simul
971 2356 1181 2405 memor
1207 2353 1309 2397 tuae
1340 2341 1587 2414 gloriosa:
1632 2341 2047 2397 resurrectionis

460 2442 513 2488 et
543 2431 878 2487 admirabilis
909 2432 1240 2487 ascensionis
1271 2447 1286 2486 τ
1322 2435 1437 2488 limc
1475 2431 1770 2487 indubitata
1808 2431 1912 2487 lide
1962 2440 2045 2487 tc-

465 2538 589 2589 ueo,
620 2519 794 2576 exsilii
825 2521 929 2576 mei
954 2536 1227 2577 mrumnas
1263 2519 1455 2587 defleo,
1489 2536 1650 2590 spero
1680 2520 1755 2575 tui
1783 2521 2046 2576 adventus

464 2612 636 2668 solam
665 2610 1113 2676 consolationem,
1139 2612 1304 2666 ardeo
1332 2611 1422 2643 ἠ’
1451 2612 1526 2666 tui
1549 2609 1729 2666 vultus
1755 2598 2044 2681 gloriosam

464 2700 995 2772 mutcmplationem.
1058 2700 1173 2756 lleu
1228 2701 1384 2765 mihi,
1433 2701 1523 2771 qui
1569 2700 1664 2732 ¹¹⁸⁸
1706 2700 1888 2755 videre
1935 2716 2043 2755 non

463 2794 617 2865 potui
651 2793 934 2850 Dominum
976 2793 1292 2861 angelorum
1340 2792 1680 2847 humiliatum
1725 2796 1791 2850 ad
1819 2807 2049 2849 conver-

462 2883 730 2938 sationem
780 2882 1079 2947 hominum,
1110 2888 1168 2935 ut
1200 2881 1447 2937 homines
1487 2883 1757 2941 exaltaret
1801 2884 1868 2938 ad
1891 2897 2045 2954 .con-

463 2972 823 3029 versationem
870 2970 1216 3042 angelorum,
1243 2960 1365 3026 cum
1394 2972 1536 3028 Deus
1572 2971 1811 3030 oli‘ensus
1850 2983 2044 3043 sponte

2151 430 2367 483 unicum
2426 429 2592 483 lilium
2646 438 2795 484 tuum
2852 429 3189 484 innocentem
3237 444 3421 484 coram
3471 441 3524 486 te
3551 433 3732 501 ligari,
3823 450 3837 464 '

2151 520 2408 588 ﬂagellari
2437 527 2492 573 et
2518 521 2783 593 mactari?
2809 519 2955 587 Quos
2990 519 3146 575 lletus
3186 522 3402 575 credam
3433 518 3528 553 ¹¹⁹¹¹
3553 525 3735 591 periti-

2149 609 2291 662 disse
2320 607 2620 676 piissimum
2649 618 2795 663 tuum
2823 610 3051 675 vultum,
3081 625 3201 665 cum
3229 610 3538 680 susciperes
3572 625 3731 667 eum-

2148 700 2270 753 dem
2302 698 2472 753 lilium
2504 709 2654 754 tuum
2692 701 2862 755 Deum
2894 710 2950 756 et
2983 703 3269 758 Dominum
3310 713 3460 758 tuum
3486 705 3538 759 in
3569 720 3737 763 cruce

2147 790 2266 844 sine
2306 790 2463 859 culpa
2493 792 2737 851 extendi.
2777 801 2832 846 et
2864 807 3086 847 carnem
3113 795 3181 848 de
3204 810 3368 852 carne
3397 809 3485 853 tua
3510 796 3588 852 ab
3633 798 3736 852 im-
3782 815 3786 820 '

2148 878 2251 947 piis
2296 878 2592 933 crudeliter
2629 879 2929 935 dissecari?
2972 879 3179 947 Quibus
3222 883 3547 955 singultibus
3585 888 3735 943 testia

2150 968 2308 1023 malio
2345 968 2692 1039 purissimum
2740 981 2925 1039 pectus
2956 983 3106 1027 tuim
3146 985 3402 1030 vexatum
3432 992 3574 1043 esse,
3605 989 3731 1035 cum

2152 1068 2204 1111 tu
2237 1060 2497 1119 audires:
2532 1060 2744 1125 Mulier,
2770 1079 2886 1117 erce
2921 1064 3066 1133 ﬁlius
3104 1076 3256 1133 tuus;
3297 1078 3349 1123 et
3398 1069 3736 1141 discipulus:

2152 1143 2287 1205 Ecce
2330 1164 2499 1206 mater
2531 1154 2663 1206 tua?
2687 1153 2869 1223 (Jama.
2912 1171 3022 1221 xix,
3054 1156 3170 1223 26.)
3207 1158 3340 1213 Cum
3373 1160 3650 1231 acciperes
3680 1162 3735 1217 in

2152 1243 2319 1317 lilium
2349 1245 2670 1315 discipulmn
2701 1248 2795 1279 ¹²⁹⁶
2824 1263 2921 1316 pro
2954 1250 3238 1321 magistro,
3262 1266 3478 1306 servum
3509 1269 3611 1324 pro
3633 1255 3738 1311 Do-

2152 1334 2335 1387 mino?
2362 1333 2583 1390 Utinam
2612 1352 2734 1391 cum
2792 1336 2950 1393 felice
2991 1338 3193 1410 Josepli
3238 1342 3519 1398 Dominum
3556 1332 3736 1401 mc’um

2150 1424 2216 1478 tle
2237 1420 2398 1480 cruce
2423 1427 2813 1496 deposuissem,
2844 1431 3181 1486 arozuatilnts
3224 1433 3583 1489 eondiv'sscm
3617 1435 3759 1501 ⁸⁸³⁷,α
3799 1466 3807 1472 ρ

2150 1515 2204 1568 in
2256 1515 2504 1583 sepulcro
2550 1517 2928 1583 collocassent,
2968 1530 3059 1574 aut
3105 1522 3295 1577 saltem
3332 1508 3445 1593 5?",
3476 1525 3735 1593 presccué

2151 1612 2237 1660 tus
2264 1605 2355 1644 "9’
2394 1621 2592 1672 essem,
2620 1615 2679 1662 ut
2726 1618 2874 1664 tanto
2910 1609 3083 1664 {itineri
3118 1626 3223 1665 non
3271 1613 3485 1667 deesset
3525 1613 3728 1684 aliquid

2153 1696 2258 1750 mei
2280 1698 2524 1768 obsequii
2544 1701 2556 1753 l
2579 1699 2796 1755 Utinam
2822 1717 2944 1757 cum
2966 1702 3141 1758 beatis
3168 1705 3485 1761 mulieribus
3508 1721 3735 1763 corusca
3803 1714 3810 1721 “

2153 1787 2362 1843 visione
2412 1789 2731 1862 angelorum
2779 1806 2956 1848 essem
3022 1794 3277 1861 territus,
3342 1804 3396 1851 et
3444 1796 3736 1852 audiisscm

2151 1872 2396 1935 nuntium
2444 1880 2736 1938 Dominicrc
2793 1886 3242 1952 resurrectionis,
3297 1886 3544 1941 nuntium
3600 1903 3735 1943 mea:

2149 1975 2553 2045 consolationis,
2602 1978 2849 2032 nuutimn
2900 1987 3005 2033 tam
3059 1988 3454 2050 exspectatura,
3487 1981 3735 2036 nuntium

2149 2072 2259 2118 tam
2298 2065 2695 2121 desideratum!
2724 2066 2965 2135 Utinam,
3015 2059 3596 2140 inquam,andiissem
3664 2085 3735 2126 ex

2148 2167 2244 2208 ore
2293 2156 2467 2227 angeli
2514 2170 2530 2211 :
2580 2155 2759 2213 Nolite
2812 2160 3010 2224 timere,
3059 2174 3156 2217 vos
3196 2176 3211 2216 :
3263 2161 3446 2215 Iesum
3496 2162 3765 2230 qutrritis’

2136 2244 2483 2312 truci/imum,
2519 2249 2770 2315 surrexit,
2814 2265 2917 2303 non
2959 2258 3034 2304 est
3056 2250 3140 2304 hic
3155 2250 3408 2322 .'(Mattlt.
3436 2266 3628 2319 xxvrtt,
3657 2238 3737 2323 5.)

2220 2324 2637 2406 Bcuignissime,
2692 2339 3045 2404 suavissime,
3088 2343 3469 2407 serenissime,
3520 2343 3736 2413 quando

2150 2425 2481 2482 restaurabis
2501 2428 2653 2491 mihi,
2678 2430 2803 2500 quia
2834 2446 2939 2484 non
2964 2429 3055 2463 "‘°
3080 2432 3185 2485 vidi
3217 2433 3362 2485 illam
3405 2434 3618 2486 beatam
3642 2432 3735 2465 ⁸³⁸⁵

2149 2521 2254 2569 tua:
2280 2514 2460 2577 caruis
2483 2516 2943 2589 incorruptionem
2961 2535 2976 2585 ;
2996 2520 3123 2590 quia
3149 2536 3253 2573 non
3288 2518 3360 2574 l‘ui
3388 2522 3734 2577 deosculatus

2149 2603 2264 2658 loca
2317 2605 2620 2672 vulnerum,
2650 2617 2706 2663 et
2748 2610 2950 2665 lixuras
2978 2610 3068 2643 “°'
3100 2611 3421 2685 clavorum;
3458 2613 3581 2683 quia
3627 2630 3733 2668 non

2150 2694 2383 2763 respersi
2408 2694 2662 2766 lacrymis
2688 2697 2866 2766 gaudii
2888 2701 3177 2757 cicatrices
3205 2710 3373 2757 testes
3402 2703 3513 2757 veri
3545 2717 3741 2774 corpo-

2116 2824 2119 2827 .
2152 2782 2227 2838 ris
2252 2783 2377 2838 l'“?
2403 2785 2770 2853 Admirabilis,
2822 2788 3230 2857 intestimahilis,
3277 2792 3739 2863 incomparabilis,

2146 2880 2357 2947 quando
2402 2880 2495 2914 ¹³⁰⁸
2522 2883 2894 2938 ronsolaberis
2927 2883 3101 2957 (Psal.
3147 2900 3335 2954 cxvm,
3393 2885 3505 2960 82),
3552 2896 3609 2942 et
3645 2887 3743 2921 ’⁸⁸⁵

2147 2985 2461 3040 compesces
2520 2988 2606 3028 me
2654 2990 2683 3027 a
2720 2974 2908 3031 dolore
2956 2978 3115 3032 meo?
3145 2977 3260 3034 Non
3304 2980 3451 3035 enim
3497 2980 3643 3051 rapit
3682 2982 3737 3036 in

460 3062 799 3119 moriebatur
820 3060 911 3094 ¹¹⁹⁹
936 3072 994 3116 ιιι
1015 3071 1266 3132 peccator
1286 3062 1511 3118 viveret.
1535 3062 1649 3118 Heu
1672 3064 1803 3119 mihi
1829 3065 1920 3135 qui
1948 3065 2042 3097 ¹²⁹⁸
2076 3088 2122 3149 c
2154 3075 2241 3116 me
2268 3060 2360 3093 ⁸³⁸⁸
2383 3061 2539 3117 dolor
2585 3078 2757 3133 meus,
2783 3066 3021 3136 quandiu
3056 3069 3376 3139 peregrinus
3405 3084 3527 3124 sum
3571 3085 3601 3136 a
3635 3070 3743 3126 Do-

461 3162 572 3209 tam
603 3150 928 3221 admirabili,
961 3160 1068 3205 tam
1100 3148 1457 3207 inaestimabili
1486 3152 1776 3221 pictati‘m
1806 3168 2047 3222 praesens

462 3246 849 3317 obstupescere
875 3258 982 3299 non
1014 3244 1220 3298 merui!
1253 3242 1380 3306 Cur,
1405 3258 1437 3297 ο
1466 3226 1647 3298 anima
1671 3259 1811 3309 mea,
1836 3254 1886 3298 te
1913 3259 2050 3313 pra:-

382 3334 383 3339 “
464 3345 675 3393 sentem
707 3350 813 3392 non
844 3335 1118 3391 transﬁxit
1150 3335 1240 3366 “9'
1268 3334 1477 3405 gladius
1504 3335 1703 3389 doloris
1729 3335 2045 3401 acutissimi;

464 3444 590 3485 cum
649 3428 795 3485 l'erre
842 3443 947 3483 non
993 3442 1184 3499 posses
1222 3426 1493 3481 vulnerari
1542 3424 1731 3480 lancea
1776 3424 1917 3480 latus
1971 3424 2045 3478 tui

465 3519 793 3585 Salvatoris,
822 3534 945 3575 cum
979 3519 1163 3575 videre
1205 3518 1455 3588 nequires
1489 3516 1677 3571 violari
1724 3515 1893 3571 clavis
1938 3529 2049 3569 ma-

464 3626 570 3666 nus
598 3618 655 3665 et
685 3610 849 3681 pedes
886 3609 962 3663 tui
1017 3595 1383 3689 plasmatoiis,
1407 3622 1531 3663 cum
1577 3605 1833 3662 horreres
1869 3604 2043 3662 ell'un-

462 3701 519 3756 di
552 3698 645 3733 ¹⁸⁹³
694 3699 1011 3769 sanguinem
1057 3699 1131 3754 tui
1190 3696 1611 3767 Redemptoris?
1664 3695 1775 3751 Cur
1821 3711 1928 3751 non
1985 3710 2047 3752 es

463 3789 732 3846 inebriata
766 3788 1129 3859 lacrymarum
1161 3787 1545 3850 amaritudine,
1560 3799 1683 3841 cum
1711 3784 1800 3840 ille
1833 3793 2047 3855 potare-

464 3890 555 3936 tur
580 3880 942 3936 amaritudine
971 3876 1141 3931 fellis?
1170 3876 1279 3930 Cur
1308 3890 1411 3929 non
1449 3890 1510 3930 es
1550 3888 1833 3944 compassa
1858 3876 2049 3929 castis-

463 3970 616 4025 sima:
630 3964 1204 4038 Virgini,dignissima:
1226 3964 1385 4018 matri
1408 3963 1525 4035 ejus
1545 3962 1943 4034 benigniSsiaizc
1959 3963 2050 3995 "9‘

464 4058 705 4114 Domina:
743 4066 869 4113 tuae.

535 4151 760 4207 Domina
788 4165 909 4207 mea
938 4146 1473 4213 misericordissima,
1500 4160 1638 4217 quos
1665 4144 1845 4201 fontes
1868 4144 2044 4201 dicam

2156 3149 2303 3203 mino
2326 3165 2465 3204 meo.
2495 3150 2607 3205 Heu
2636 3152 2787 3218 mihi,
2820 3154 3063 3221 Domine,
3088 3157 3190 3211 lien
3214 3156 3409 3213 anima?
3440 3158 3598 3214 mem!
3630 3158 3738 3215 ﬂe-

2152 3241 2389 3305 cessisti,
2425 3242 2735 3297 consolator
2775 3245 3083 3324 rimantem,
3133 3262 3237 3303 nec
3282 3248 3588 3305 valedixisti
3637 3249 3734 3285 ¹⁸⁰⁷

2154 3334 2309 3390 mihi.
2338 3335 2651 3407 Ingrediens
2676 3338 2791 3395 vias
2810 3348 2928 3395 tuas
2945 3340 3265 3399 benedisisti
3294 3345 3421 3410 tuis,
3448 3360 3551 3402 nec
3567 3345 3738 3401 adfui.

2150 3422 2389 3497 Elevatis
2414 3426 2663 3482 manibus
2690 3444 2717 3481 a
2745 3429 2887 3483 nube
2905 3440 3187 3501 susceptus
3216 3448 3276 3488 es
3302 3433 3355 3488 in
3390 3433 3612 3502 cm'um,
3639 3448 3741 3491 nec

2150 3514 2281 3569 vidi.
2312 3514 2499 3586 Augcli
2548 3518 2911 3587 promiserunt
2961 3530 3012 3576 te
3048 3523 3369 3590 rediturum,
3404 3540 3501 3578 nec
3530 3526 3735 3580 audivi.

2148 3604 2288 3672 Quid
2344 3606 2561 3661 dicam?
2612 3609 2742 3678 quid
2803 3610 3031 3667 faciam?
3057 3629 3165 3683 quo
3190 3610 3416 3669 vatla’m?
3465 3616 3554 3670 ubi
3609 3630 3737 3672 eum

2151 3712 2425 3767 quaeram;
2453 3698 2542 3753 tibi
2583 3699 2664 3753 vel
2700 3702 2915 3771 quando
2964 3704 3232 3759 inveniam
3267 3705 3393 3759 η’)θῖ
3418 3705 3588 3773 Quem
3646 3721 3740 3761 ro-

2151 3786 2322 3858 gabo?
2367 3787 2489 3856 quis
2537 3788 2806 3844 nuntiabit
2840 3789 3037 3845 dilecto
3078 3791 3201 3862 quia
3242 3809 3420 3847 amore
3459 3793 3729 3865 langueo.’

2152 3875 2390 3944 (Cant.v,
2416 3879 2495 3943 8.)
2532 3877 2729 3947 Defecit
2759 3878 3010 3947 gaudium
3035 3881 3207 3935 cordis
3230 3883 3359 3945 mei;
3384 3898 3558 3937 versus
3577 3892 3653 3937 est
3680 3883 3740 3937 in

2153 3963 2350 4016 lucum
2372 3966 2508 4018 risus
2549 3966 3011 4039 meus(Tltren.v,
3041 3970 3153 4040 15).
3192 3970 3388 4041 Defuit
3434 3988 3557 4026 caro
3596 3987 3739 4035 mea,

2083 4053 2127 4107 D
2152 4064 2198 4106 et
2226 4071 2319 4110 cor
2351 4072 2556 4123 meum;
2592 4056 2729 4111 Deus
2752 4060 2922 4113 cordis
2958 4061 3082 4125 mei,
3122 4069 3172 4115 et
3206 4078 3330 4132 pars
3366 4080 3476 4117 mea
3506 4061 3643 4116 Deus
3681 4062 3739 4116 in

2161 4159 2413 4201 azternum
2453 4145 2626 4218 (l’sal.
2661 4162 2828 4217 Lxxu,
2855 4150 2971 4222 26).
3008 4149 3200 4206 [ienuit
3255 4152 3517 4207 consolari
3552 4152 3739 4205 animo

1823 4279 2059 4335 vanus
2098 4243 2502 4337 LEterONEs.

534 4394 627 4427 “7'
668 4393 842 4449 Meum
903 4401 1173 4460 torporem
1227 4407 1353 4461 mss.
1405 4405 1595 4461 meum
1628 4400 1868 4461 teporem
1957 4388 2049 4461 “if?
2103 4392 2185 4443 Ad
2249 4394 2349 4446 hoc
2412 4391 2555 4444 enim
2613 4408 2737 4446 mss.
2795 4394 2965 4445 omitt.

1554 4458 1793 4514 Val-lus.
1857 4468 1906 4513 et
1968 4458 2119 4512 Flor.
2182 4468 2241 4514 nt
2301 4464 2592 4516 accendant
2661 4462 2715 4515 in
2786 4477 2873 4516 me
2940 4471 3086 4518 tuum
3142 4458 3383 4520 amorem
3459 4466 3551 4499 ³³⁷⁸
3610 4466 3739 4523 Post

464 4466 519 4520 in
576 4480 663 4519 me
725 4458 1002 4517 amorem'
1045 4477 1169 4513 mss.
1238 4458 1367 4513 Vict.
1430 4471 1479 4514 et

3045 4392 3133 4426 ’³⁷⁷
3198 4391 3269 4451 Ut
3320 4395 3408 4467 ιιιιί
3472 4395 3740 4467 accendas

459 4534 1083 4604 emuudalionemgmss.
1138 4540 1269 4604 post
1302 4530 1441 4584 illam
1496 4530 1933 4604 emundationem
2006 4530 2098 4562 “7'
2136 4529 2439 4604 lnvolutnm
2498 4548 2633 4604 mss.
2686 4532 2983 4604 volutatum
3032 4550 3131 4588 ms.
3189 4535 3437 4591 (Jan/ms.
3490 4536 3737 4604 voluptao

463 4618 576 4661 tum
652 4604 744 4636 ⁸⁸⁸⁸
785 4601 1436 4673 Dominecorrectionem
1467 4617 1591 4655 mss.
1621 4601 1844 4673 Domine
1870 4615 2045 4655 meam
2079 4602 2472 4673 correctionem
2548 4602 2758 4673 ""“Ad
2792 4603 3137 4673 peniteudum
3178 4620 3302 4658 mss.
3340 4607 3407 4659 ad
3457 4601 3729 4659 suﬂieieu-

464 4688 545 4731 tvr
575 4674 951 4745 pmnitendum
1018 4672 1111 4703 ¹⁸⁸²
1150 4671 1291 4727 Deus
1316 4685 1467 4725 meus
1494 4678 1625 4745 mss.‘
1658 4671 1880 4725 Domine
1912 4672 2434 4745 meus,ADeusgineu_s
2484 4688 2583 4728 ms.
2639 4670 2803 4745 Flor.
2841 4672 3067 4727 Domine
3108 4689 3281 4738 meus,
3322 4686 3536 4729 creator
3582 4689 3736 4745 meus

463 4739 759 4808 “'VMeus
794 4753 844 4797 te
868 4744 993 4798 sitio
1023 4760 1148 4797 mss.
1188 4756 1357 4813 meus,
1390 4750 1508 4795 esto
1534 4739 1751 4813 adjutor
1780 4756 1948 4805 meus,
1981 4751 2031 4796 te
2058 4742 2183 4795 sitio
2260 4742 2351 4773 "3‘
2392 4742 2457 4796 Et
2485 4743 2810 4811 concupisco
2839 4759 2965 4796 mss.
3014 4753 3065 4798 te
3103 4745 3429 4813 concupisco
3507 4745 3598 4776 "3'
3639 4742 3735 4799 Sic

464 4832 564 4883 ego
587 4833 709 4869 mss.
744 4815 821 4869 sic
847 4822 902 4867 et
926 4829 1024 4881 ego
1101 4814 1193 4845 ¹³³⁶
1232 4812 1437 4883 hlemor
1474 4811 1751 4883 vulnerum
1783 4828 1908 4865 mss.
1944 4826 2150 4865 memor
2191 4813 2391 4876 crucis,
2425 4828 2631 4883 memor
2664 4812 2955 4883 vulnerum
3032 4814 3122 4847 ³⁸⁸⁷
3165 4811 3436 4868 Ardenter
3477 4814 3731 4869 desidero

412 4920 415 4921 ν
465 4881 591 4939 mss.
618 4885 781 4940 ardeo
818 4885 891 4936 tui
915 4884 1091 4939 vultus
1124 4902 1222 4938 ms.
1269 4882 1397 4935 Vict.
1431 4881 1518 4935 lli.
1548 4883 1712 4936 ardeo
1738 4883 2053 4936 desiderans
2082 4883 2153 4935 tui
2193 4883 2371 4953 vultus
2448 4881 2673 4953 "salici
2702 4882 2829 4953 mihi
2861 4882 2985 4951 quia
3016 4899 3141 4938 mss.
3176 4884 3276 4937 lien
3312 4884 3440 4937 milii
3470 4884 3559 4953 qui
3637 4884 3733 4916 ³³⁸⁵

464 4958 717 5011 Ullensus
743 4955 1072 5007 moriebatur
1113 4973 1239 5009 mss.
1289 4952 1529 5007 oll'ensus
1553 4962 1748 5022 sponte
1776 4954 2109 5007 moriebatur
2149 4953 2241 4983 ¹²⁹⁰
2282 4952 2394 5006 lleu
2422 4952 2564 5022 quod
2601 4968 2723 5005 mss.
2754 4952 2857 5006 heu
2900 4954 3161 5021 milii-qni
3237 4954 3325 4984 “9'
3370 4952 3561 5008 Pietati
3604 4970 3731 5008 mss.

467 5032 667 5096 pietate
746 5025 834 5056 “9'
876 5024 949 5096 Te
974 5026 1269 5091 praesertim
1313 5024 1419 5078 non
1463 5023 1741 5096 transﬁgit
1774 5038 1899 5077 mss.
1928 5033 1980 5077 te
2013 5032 2331 5096 praesentem
2362 5037 2466 5096 non
2505 5022 2776 5096 translisit
2849 5023 2941 5053 ¹²⁹³
2981 5025 3111 5078 Cum
3160 5025 3409 5096 horreres
3437 5040 3495 5079 se
3524 5022 3730 5080 ell‘utnli

464 5090 589 5150 mss.
625 5099 770 5149 omit.
803 5111 861 5149 se
935 5090 1023 5124 “9"
1068 5097 1401 5165 Dignissimze
1442 5110 1566 5165 mss.
1614 5090 2026 5163 lienignissimse
2057 5094 2296 5165 Domina:
2371 5092 2650 5165 ‘l9'f‘Quos
2693 5090 2848 5147 ﬂetus
2874 5098 3105 5165 credam
3137 5110 3234 5147 ms.
3294 5092 3424 5147 Vict.
3472 5096 3555 5148 l6.
3591 5109 3732 5163 quos

465 5169 658 5221 tinctus
680 5168 1036 5235 lacrymarum
1064 5162 1237 5219 dicam
1280 5183 1375 5219 ms.
1439 5162 1667 5217 Val-(uc.
1701 5162 1838 5234 quos
1865 5165 2063 5217 ﬂuctus
2102 5163 2323 5235 credant
2399 5162 2490 5235 ’Ψ
2526 5164 2815 5231 Acciperes
2853 5164 3171 5235 discipulum
3201 5180 3324 5235 mss.
3358 5162 3641 5235 acciperes
3675 5165 3729 5218 in

467 5238 633 5291 lilium
668 5233 1013 5307 discipulum
1069 5237 1156 5267 ¹²⁹⁷
1197 5233 2070 5307 Condidisseinmss.coudiisscm
2148 5234 2239 5307 ‘_‘_°‘_’
2286 5233 2351 5288 Ut
2378 5234 2573 5307 saltem
2602 5234 3066 5307 mss._a_utsaltetn
3144 5234 3233 5265 ¹²⁹⁹
3278 5234 3368 5307 Vel
3396 5233 3722 5307 consecutus

464 5324 587 5361 mss.
625 5307 759 5363 Vict.
791 5304 838 5360 et
876 5304 968 5357 Val
997 5305 1102 5361 luc.
1134 5307 1301 5359 omitt.
1378 5304 1471 5336 ¹³⁰⁰
1513 5305 1667 5369 Mihi,
1699 5306 1787 5372 qui
1815 5320 1918 5359 non
1948 5321 2073 5359 mss.
2106 5304 2260 5369 mihi,
2299 5306 2385 5373 qui
2425 5318 2529 5373 non
2610 5304 2715 5373 ¹³⁰¹ν
2741 5304 3089 5373 llluthieatte
3139 5321 3265 5358 mss.
3311 5306 3454 5359 illaut
3508 5305 3729 5361 beatam

468 5379 558 5410 ⁸³⁰¹
599 5380 855 5433 Fixuram
887 5392 1010 5429 mss.
1054 5386 1109 5430 ct
1158 5376 1356 5429 lixuras
1431 5375 1524 5407 ’³⁸³
1561 5371 1858 5429 Cicatrices
1893 5376 2137 5444 corporis
2170 5375 2281 5427 veri
2318 5371 2445 5429 iuss.
2480 5372 2635 5427 Corb.
2682 5372 2811 5426 Vict.
2861 5371 3042 5426 Curtii.
3090 5384 3137 5428 et
3180 5373 3411 5429 Val-lue.
3440 5376 3727 5431 cicatrices

467 5458 631 5504 testes
669 5449 779 5501 veri
816 5448 1062 5515 corporis
1140 5446 1231 5476 ¹³⁰³
1270 5446 1683 5506 Inaestimabilis,
1709 5448 1924 5515 quando
1955 5462 2080 5499 mss.
2127 5445 2541 5509 itizestitnal-ilis,
2575 5445 3015 5515 incomparabilis
3040 5445 3258 5513 quando
3336 5446 3428 5476 ¹³⁰⁵
3467 5445 3727 5501 Consola-

467 5520 608 5574 beris
633 5530 687 5575 et
709 5536 833 5572 mss.
872 5514 1241 5575 consolaberis
1266 5532 1351 5570 me
1381 5524 1436 5568 et
1511 5515 1601 5545 ¹⁹⁰⁶
1639 5514 1797 5569 Cadit
1835 5533 1864 5570 a
1896 5531 1982 5569 me
2019 5531 2144 5568 mss.
2174 5515 2316 5584 capit
2342 5516 2392 5568 in
2424 5530 2509 5570 me
2586 5514 2677 5546 ¹³⁰⁷
2717 5514 2925 5566 Anima:
2950 5529 3081 5568 mea:
3114 5531 3213 5569 nec
3244 5516 3568 5571 valedisisti.
3595 5524 3741 5570 mss.‘

466 5590 588 5645 Vita:
624 5606 752 5643 mea:
776 5605 873 5643 nec
902 5588 1205 5641 valedixisti
1235 5585 1366 5640 mihi
1444 5586 1536 5618 ²³⁰⁸
1562 5585 1678 5657 μω
1709 5600 1831 5640 eum
1864 5601 2126 5656 quaeram,
2162 5585 2243 5637 vel
2281 5586 2496 5657 quando
2523 5585 2799 5657 inveniam
2824 5600 2945 5657 mss.
2976 5586 3063 5639 ubi
3094 5594 3149 5639 ct
3177 5589 3391 5657 quando
3420 5604 3541 5644 eum
3576 5601 3725 5657 (μιξε-

471 5673 607 5726 ram,
642 5662 727 5715 ubi
762 5660 845 5714 vel
874 5661 1089 5729 quando
1120 5660 1393 5713 inveniam
1425 5674 1520 5711 ms.
1562 5655 1788 5709 l'ollttc.
1829 5654 1916 5710 ubi
1943 5672 2063 5710 eum
2097 5671 2361 5726 quierant,
2394 5656 2481 5712 ubi
2512 5656 2592 5711 vel
2622 5654 2836 5724 quando
2872 5656 3147 5710 inveniam
3196 5654 3210 5657 “
3578 5691 3589 5698 ο

3740 5962 3753 5983 ἰ
3770 5984 3777 5989 .

3788 5994 3959 6035 9L“:

3600 6096 3633 6127 ,λ’
3650 6106 3681 6127 *Γ

3524 6211 4150 6228 m
