4200 6254
714 229 810 302 1111

1073 254 1129 308 S.
1169 253 1462 319 ANSELMI
1502 257 1846 313 CANTUAR.
1891 258 2208 314 ARCHlliP.
2242 259 2271 315 C

2357 263 2392 314 ⁵.
2426 252 2605 317 PARS
2643 264 2704 317 11.
2735 295 2763 304 -
2835 265 3202 331 ΡΑΠΑΞΝΕΤ.
3245 273 3333 328 ET
3371 275 3613 333 ASCET.

3853 271 3937 340 ita

714 365 981 434 remulco,
1009 383 1110 424 non
1139 386 1326 440 parum
1357 385 1421 426 oe
1447 375 1864 443 praesumptione
1886 391 2001 430 mea
2032 376 2283 438 formido,
2319 389 2358 446 Α
2392 374 2538 442 Jesu,
2561 368 2624 430 ’111
2659 386 2712 433 tu
2739 380 2909 446 vides,
2943 384 3136 451 sacpius
3171 394 3226 439 et
3255 389 3457 458 smpius
3493 392 3566 445 ita
3611 391 3772 461 facio,
3818 407 3867 452 et
3895 418 3936 453 in

710 467 766 512 et
797 447 1264 515 vehementissime
1300 463 1389 494 ’³⁸⁸
1416 465 1577 520 timeo
1609 480 1676 519 ne
1699 467 1763 519 ad
1793 467 1965 535 majus
2001 468 2282 537 judicium,

629 595 636 600 .
715 551 1672 622 majorisquejudiciidamnationem
1723 558 1852 611 mihi
1879 559 1968 622 sit,
2021 560 2164 627 qu‘od
2216 560 2282 613 ad

716 652 820 697 tam
849 643 1059 712 dignam
1089 658 1200 697 rem
1233 653 1340 699 tam
1383 647 1633 718 indiguus
1658 648 1913 704 accedere
1934 649 2122 703 audeo.
2157 649 2284 704 Scio

709 745 870 796 certe,
901 748 999 788 nec
1022 734 1086 789 de
1125 735 1224 790 hac
1248 753 1306 792 re
1351 738 1457 793 ullo
1510 739 1665 794 modo
1708 739 1893 794 dubito
1935 726 2089 806 quia,
2132 740 2174 795 si
2209 741 2282 795 ita

708 827 939 878 viverem
967 825 1107 881 sicut
1136 828 1223 882 ille
1250 829 1430 884 vivere
1451 829 1608 884 debet
1655 831 1746 899 qui
1773 830 1877 884 hoc
1923 831 2279 887 ministerium

653 917 658 926 ‘
706 917 836 986 agit,
861 917 1067 972 nullum
1095 919 1375 974 servitium
1413 919 1505 973 Dei
1541 919 1719 974 facere
1747 935 1960 991 possem
2017 922 2158 993 quod
2203 923 2280 977 sic

703 1006 835 1086 mihi
869 1009 1105 1078 proficuo
1127 1020 1294 1065 esset
1324 1019 1376 1065 et
1422 1011 1605 1067 saluti.
1647 1013 1754 1068 Sed
1805 1013 1946 1069 sicut
1982 1015 2277 1086 proficuum

704 1083 865 1165 esset,
899 1103 942 1156 si
971 1103 1076 1156 vita
1116 1104 1269 1172 digna
1300 1103 1584 1172 existeret,
1639 1106 1712 1160 ita
1761 1108 1935 1178 majus
1979 1109 2275 1180 periculum

703 1199 759 1246 et
791 1192 959 1260 major
982 1194 1254 1248 damnatio
1280 1195 1508 1252 infirnm
1561 1198 1754 1253 anima:
1787 1208 1842 1254 et
1893 1201 2130 1268 peccatis
2184 1202 2274 1231 ¹³⁶⁷

703 1287 814 1343 suis
838 1297 1073 1342 oneratae
1100 1289 1367 1354 imminet,
1393 1305 1513 1360 qure
1539 1302 1648 1346 tam
1675 1293 1890 1362 dignam
1918 1307 2029 1346 rem
2057 1292 2274 1362 indigna

701 1387 935 1435 tractare
966 1380 1146 1434 audet.
1181 1379 1318 1436 Vere
1350 1381 1422 1435 ita
1455 1391 1555 1448 est,
1601 1363 1656 1437 ei
1678 1383 1962 1452 plusquam
1999 1382 2102 1436 dici
2150 1399 2274 1451 pos-

699 1467 790 1532 sit,
818 1468 916 1523 ista
943 1467 1031 1525 res
1052 1470 1201 1524 utilis
1227 1480 1308 1524 est
1347 1480 1398 1524 et
1423 1471 1654 1526 salubris
1700 1471 1843 1527 bono
1874 1472 2162 1534 sacerdoti,
2196 1482 2268 1540 et,

696 1559 982 1632 plusquam
1006 1563 1110 1617 diei
1141 1563 1325 1632 possit,
1384 1560 1682 1631 periculosa
1737 1573 1820 1618 est
1867 1563 2006 1619 hanc
2055 1565 2271 1636 indigne

697 1654 974 1707 tractanti.
1001 1653 1138 1720 Quid
1167 1671 1292 1723 ergo
1324 1652 1501 1717 faciet,
1530 1653 1842 1710 dulcissime
1872 1654 2097 1711 Domine
2117 1655 2268 1724 Jesu,

2391 476 2495 520 tam
2523 468 2740 522 Sordidi)
2767 485 2912 535 vase,
2941 472 3024 527 vel
3067 475 3243 544 potius
3272 478 3325 532 in
3382 488 3492 536 tam
3539 485 3756 540 sordido
3799 491 3939 547 corde

2391 556 2482 588 ms
2526 574 2720 628 corpus
2773 568 2922 615 tuum
2978 572 3032 618 et
3083 568 3397 635 sanguinem
3454 574 3936 642 suscipio;verum

2385 647 2526 713 dico,
2551 665 2654 703 non
2682 651 2814 704 mihi
2842 657 3040 720 parco!
3072 655 3164 712 Sic
3197 659 3471 718 multoties
3498 664 3590 696 ”"
3615 665 3804 735 plenus
3823 684 3935 738 pec-

2385 738 2518 791 catis
2539 749 2593 792 et
2622 739 2994 808 iniquitatibus
3019 749 3085 802 ad
3107 750 3389 807 servitium
3417 758 3491 808 tui
3514 759 3700 814 altaris
3725 751 3934 830 accedo;

2382 826 2524 881 unde
2557 828 2782 892 multum
2811 832 3045 890 formido
3097 837 3189 870 ³³⁷⁰
3241 841 3312 896 ne
3346 844 3519 914 magis
3546 847 3612 900 ad
3663 826 3935 918 perniciem

2384 931 2545 986 quam
2577 919 2644 974 ad
2677 919 2910 976 salutem
2941 925 3072 980 mihi
3118 928 3191 984 sit
3221 930 3338 988 haec
3389 941 3757 1009 praesumptio,
3809 942 3936 1012 quod

2379 1011 2458 1066 sic
2485 1009 2658 1066 feteus
2682 1020 2736 1068 et
2764 1025 2959 1084 puteus
2988 1025 3096 1072 tam
3121 1023 3321 1077 munda
3350 1039 3690 1085 sacramenta
3744 1009 3930 1089 contin-

2379 1117 2505 1173 gere
2529 1117 2811 1172 praesumo.

2451 1194 2604 1249 Modo
2638 1198 2818 1252 veniat
2846 1197 3039 1269 aliquis
3077 1200 3272 1270 fidelis,
3319 1207 3409 1275 qui
3442 1207 3646 1278 Spiritu
3703 1213 3795 1268 Dei
3843 1213 3928 1284 ph

2379 1301 2480 1340 nus
2502 1288 2595 1352 sit,
2617 1297 2672 1370 et
2703 1289 2958 1345 miserum
2988 1294 3330 1350 sacerdotem
3382 1312 3482 1353 suo
3518 1301 3786 1370 spirituali
3818 1321 3938 1361 cou-

2375 1376 2499 1430 silio
2552 1366 2779 1434 instruat
2829 1380 2957 1450 quid
3006 1383 3058 1438 ei
3100 1383 3168 1439 sit
3222 1378 3432 1454 melius,
3464 1366 3658 1458 quidve
3713 1394 3937 1451 deterius

2373 1467 2650 1520 servitium
2701 1468 2888 1524 altaris
2945 1482 3166 1543 propter
3219 1473 3522 1544 hujusmodi
3567 1479 3936 1552 impedimenta

2372 1553 2665 1624 dimittere,
2694 1573 2763 1612 an
2804 1561 3486 1631 propterrefrenationem'
3525 1569 3813 1625 multarum
3848 1574 3939 1628 1111⁴

2371 1644 2660 1713 quitatum,
2710 1662 2834 1724 qua:
2871 1649 3110 1719 ejusdem
3161 1654 3366 1708 servitii
3421 1655 3705 1713 formidine
3753 1661 3939 1730 stt-pius

681 1743 786 1822 hii:
815 1751 936 1797 tuus
956 1744 1226 1807 sacerdos,
1261 1743 1368 1796 imo
1405 1743 1491 1798 hic
1517 1754 1770 1814 peccator
1797 1745 1924 1815 quid
1957 1747 2139 1815 faciet,
2172 1749 2270 1802 hu-
2305 1725 2345 1779 Β
2376 1737 2759 1806 Γθρτίιηυηῑυτι
2818 1740 3098 1803 servitium
3143 1741 3343 1800 facere.
3404 1745 3499 1801 Est
3530 1755 3710 1804 auleul
3747 1751 3815 1806 de
3841 1752 3938 1807 hoc

689 1831 777 1898 jus
805 1832 879 1884 tui
905 1833 1106 1887 servitii
1137 1847 1298 1886 onere
1329 1835 1620 1902 gravatus?
1645 1834 1816 1891 Nimis
1847 1838 1989 1892 enim
2013 1879 2015 1882 ι
2040 1853 2157 1893 sum
2189 1839 2268 1893 in-

695 1930 872 1975 certus
901 1922 1030 1990 quid
1060 1921 1187 1976 mihi
1239 1923 1312 1978 sit
1367 1924 1572 1990 utilius,
1606 1926 1903 1992 dimittere,
1953 1944 2020 1982 an
2068 1929 2278 1983 facere»

691 2011 796 2065 Sed
821 2021 998 2065 tamen
1029 2012 1072 2067 si
1097 2029 1162 2067 ex
1188 2021 1298 2068 toto
1323 2015 1558 2081 dimitto,
1595 2024 1718 2070 tunc
1750 2033 1936 2071 rursus
1965 2019 2125 2074 nimis
2157 2034 2272 2088 per-

693 2103 919 2158 timesco
953 2117 1018 2158 ne
1057 2106 1160 2159 sub
1207 2105 1366 2176 lmjus
1411 2106 1713 2164 formidinis
1770 2109 2058 2164 occasione
2101 2111 2266 2164 multa

608 2181 611 2184 ’
693 2194 832 2248 mala
864 2195 1133 2264 inultaun
1163 2207 1382 2267 peccata
1413 2199 1638 2253 audeam
1693 2200 1969 2264 inchoare,
1992 2201 2076 2254 vel
2104 2202 2266 2255 etiam

693 2296 1025 2354 perpetrare,
1055 2304 1174 2357 qua:
1202 2299 1422 2358 propter
1464 2287 1624 2357 hujus
1675 2291 1882 2346 servitii
1920 2292 2264 2348 formidinem

631 2427 639 2444 ,
689 2374 841 2443 prius
873 2390 975 2428 non
1004 2375 1264 2428 audebam
1299 2375 1380 2430 vel
1409 2378 1670 2446 cogitare.

760 2459 954 2519 Fateor
976 2450 1488 2536 quippeimultoties,
1522 2485 1644 2526 cum
1677 2471 1745 2526 ad
1775 2471 1933 2541 hujus
1960 2472 2122 2530 officii
2151 2491 2263 2530 ser-

687 2555 877 2611 vitium
895 2573 994 2612 me
1023 2573 1267 2628 praepara
1289 2569 1342 2616 ct
1371 2551 1438 2616 de
1459 2562 1618 2617 malis
1656 2563 1751 2596 ³³⁸⁸
1781 2580 1902 2633 quze
1951 2582 2039 2621 me
2072 2568 2264 2624 fecisse
2298 2567 2304 2576 ’

690 2662 1041 2718 recognosco,
1066 2650 1344 2719 angustius
1383 2659 1437 2707 et
1467 2651 1767 2709 districtius
1799 2656 1942 2709 intra
1979 2671 2062 2710 me
2087 2657 2262 2725 doleo,

688 2747 742 2796 et
765 2755 859 2795 cas
894 2757 1013 2810 qua:
1042 2749 1166 2798 tunc
1194 2739 1509 2812 perturbant
1555 2761 1722 2800 vanas
1780 2747 2144 2817 cogitationes
2173 2765 2265 2804 va-

685 2852 890 2907 nasque
913 2837 1298 2895 delectationes
1341 2841 1643 2910 expeditius
1674 2842 1766 2874 ’πθ
1801 2858 2014 2913 respuo,
2061 2853 2117 2899 et
2145 2854 2266 2915 post

683 2941 961 3000 peractum
998 2930 1297 2996 servitium,
1342 2931 1508 2986 multa
1540 2932 1678 2987 mala
1713 2933 1803 2970 ¹³⁶⁰
1835 2943 1996 3004 atque
2041 2945 2260 2999 peccata

684 3033 805 3086 qua:
838 3017 1033 3074 iterum
1059 3019 1359 3090 insurgunt,
1399 3035 1619 3090 propter
1642 3020 1882 3099 ejusdem
1913 3025 2118 3079 servitii
2149 3025 2260 3080 for-

685 3108 940 3183 Ioidinem
966 3110 1207 3170 timidius
1241 3112 1457 3183 recipio.
1506 3113 1638 3169 Cum
1672 3115 1775 3170 hoc
1821 3116 1894 3170 ita
1947 3116 2146 3183 creuit,
2193 3119 2260 3174 de
2289 3108 2330 3134 "

682 3190 919 3273 ejusdem
945 3202 1154 3276 servitii
1185 3204 1598 3274 prtesumptioue
1649 3206 1884 3277 aliquam
1930 3207 2260 3266 consolatio-

685 3309 808 3349 nem
834 3293 1025 3358 habeo,
1045 3293 1176 3364 quia
1206 3306 1425 3365 propter
1455 3296 1598 3351 illius
1642 3299 1958 3354 reverentia:
1989 3299 2258 3366 timorem,

687 3385 1080 3455 aliquantulum
1108 3385 1142 3438 'a
1185 3387 1422 3454 peccatis
1453 3389 1589 3442 meis
1637 3403 1852 3443 cessare
1893 3390 2258 3461 meintelligo.

685 3475 816 3540 Sed,
846 3474 1188 3529 omitissime
1236 3483 1291 3529 et
1344 3475 1850 3532 misericordissimc
1901 3477 2051 3544 Jcsu,
2102 3487 2160 3533 ut
2207 3489 2259 3534 tu

683 3567 967 3639 perspicis,
1013 3567 1083 3622 ita
1124 3567 1211 3598 ¹³⁶¹
1264 3567 1458 3637 saepius
1493 3583 1586 3622 cor
1638 3583 1814 3623 meum
1862 3570 2009 3624 omni
2058 3571 2258 3626 malitia

685 3659 926 3727 plenum,
957 3658 1306 3727 omniumque
1335 3658 1676 3726 iniquitatum
1727 3660 1964 3714 tenebris
2016 3661 2250 3715 ohcmea-

685 3763 799 3802 tum
836 3747 954 3812 ‘3“;
982 3756 1037 3799 ut
1067 3747 1164 3799 has
1184 3761 1373 3800 omnes
1397 3745 1712 3802 formidines
1736 3759 2061 3820 postponens
2084 3754 2258 3807 scien-

674 3825 872 3908 terque
925 3845 1043 3890 tuas
1100 3836 1486 3905 praeceptioncs
1529 3847 1882 3897 contemnens
1939 3842 2050 3907 ηδ’,
2094 3843 2253 3898 veluti

680 3939 892 3982 torrens
915 3924 1006 3993 qui
1031 3939 1220 3978 omnes
1251 3923 1448 3981 fetores
1489 3927 1540 3981 in
1570 3944 1630 3983 se
1671 3929 2022 3986 decurrentes
2071 3919 2253 4011 secum

682 4019 868 4082 trahit,
899 4027 954 4070 et
983 4015 1143 4070 modo
1171 4031 1385 4072 sursum
1433 4020 1590 4073 modo
1619 4020 1874 4076 deorsum
1922 4038 2106 4076 secum
2143 4028 2254 4075 vut—

679 4111 784 4175 vit,
814 4123 909 4162 cor
940 4122 1115 4160 meum
1144 4111 1265 4160 eum
1297 4107 1492 4163 misera
1523 4108 1699 4162 anima
1755 4125 1872 4164 mea
1927 4126 2116 4167 omnes
2167 4113 2257 4144 ‘3“

684 4195 1054 4253 imttmuditias
1086 4195 1381 4249 carnalium
1409 4196 1821 4252 delectatiomtm
1877 4200 2100 4270 recipiat
2132 4201 2251 4264 ’3”;

681 4299 738 4344 et
767 4286 920 4359 quasi
951 4302 1146 4357 porcus
1171 4288 1220 4341 iu
1254 4301 1429 4352 cauto,
1479 4289 1559 4344 sic
1593 4291 1643 4343 in
1695 4291 1909 4362 easdem
1961 4292 2258 4344 inimundi-

2373 1830 2454 1896 (ut
2477 1827 2864 1901 mihividctur)
2886 1832 3212 1900 expeditum.
3247 1841 3303 1888 et
3339 1834 3555 1891 salubre
3603 1838 3882 1894 consilium
3907 1858 3935 1894 a

2371 1919 2606 1986 peccatis
2633 1933 2868 1984 cessare,
2920 1929 2974 1976 et
3019 1923 3296 1979 servitium
3343 1926 3487 1995 quod
3533 1926 3642 1982 Deo
3686 1929 3939 1986 debemus

2373 2007 2624 2075 reddere;
2656 2024 2754 2064 nos
2783 2020 2964 2066 autem
3012 2013 3116 2067 etsi
3147 2013 3349 2085 indigni
3374 2031 3560 2071 sumus
3585 2019 3694 2074 Deo
3718 2020 3935 2086 set-vite,

2375 2099 2513 2154 D.us
2535 2115 2638 2172 imp
2668 2112 2749 2157 est
2772 2101 3022 2174 indignus
3052 2105 3275 2160 servitio
3289 2121 3402 2162 sum
3424 2118 3708 2176 creaturae;
3731 2112 3804 2166 de
3825 2112 3938 2169 aliis

2371 2191 2554 2245 nescio
2574 2193 2700 2263 quid
2731 2193 2830 2263 ipsi
2855 2197 3026 2266 magis
3046 2197 3270 2267 eligant,
3319 2199 3385 2254 de
3409 2215 3494 2254 me
3536 2191 3650 2259 scio
3676 2203 3804 2277 quia
3833 2218 3942 2259 ma»

2369 2283 2452 2351 gis
2484 2283 2603 2338 volo
2631 2283 2986 2352 Deo-servire,
3013 2295 3067 2342 et
3089 2288 3133 2344 si
3162 2304 3267 2344 non
3295 2303 3362 2353 ex
3397 2299 3508 2347 tuto
3533 2308 3620 2347 me
3663 2307 3884 2362 possunt
3908 2309 3936 2348 a

2370 2375 2575 2429 malitia
2604 2379 2836 2431 retinere
2865 2393 3027 2447 quam
3084 2391 3302 2450 propter
3350 2381 3690 2439 formidinem
3736 2386 3936 2455 peccati

2366 2464 2482 2533 ejus
2512 2467 2789 2521 servitium
2821 2468 3094 2524 dimittere
3132 2481 3186 2525 et
3217 2472 3269 2525 itt
3321 2457 3665 2541 petcatorum
3720 2477 3938 2531 damna-

2368 2555 2515 2610 tione
2548 2557 2794 2611 securius
2841 2544 3041 2625 jacere.
3083 2559 3271 2616 Melius
3303 2574 3388 2616 est
3421 2575 3480 2618 ut
3532 2580 3632 2621 nos
3692 2569 3938 2624 verberet

2363 2655 2584 2722 propter
2608 2646 2842 2716 aliquam
2867 2646 3216 2705 offensionem
3250 2652 3333 2706 sui
3384 2655 3610 2719 servitii,
3657 2665 3714 2710 et
3757 2668 3934 2714 tamen

2366 2753 2522 2792 suum
2546 2739 2819 2793 servitium
2844 2738 3122 2807 facientes,
3151 2757 3311 2811 quam
3342 2759 3438 2799 nos
3457 2746 3674 2802 damnet
3719 2759 3940 2818 propter

2369 2828 2618 2907 timoer
2663 2831 2872 2899 peccati
2913 2847 3068 2887 suum
3107 2847 3185 2888 set
3201 2835 3388 2890 vitium
3436 2835 3615 2892 facere
3669 2838 3936 2898 nolentes.

2366 2916 2629 2974 Iturucnsa
2655 2930 2738 2975 est
2765 2921 2908 2976 enim
2935 2922 3266 3007 ('jUSJiiclas,
3319 2927 3577 2982 immensa
3609 2929 3726 2998 ejus
3778 2931 3939 2986 mise—
3993 2994 4004 3003 ,

2367 3009 2618 3076 ricordia,
2649 3013 2740 3082 qui
2777 3013 2878 3068 etsi
2907 3015 3102 3069 viderit
3134 3031 3230 3070 nos
3254 3017 3394 3072 viam
3441 3033 3551 3074 suae
3599 3021 3938 3078 rectitudla'ts

2363 3100 2445 3154 vel
2475 3100 2828 3159 claudicando
2873 3105 3168 3173 ambulare,
3226 3111 3327 3162 etsi
3380 3109 3583 3181 saepius-
3610 3111 3846 3169 labendo
3888 3123 3940 3167 ct

2363 3185 2672 3260 relabendo,
2714 3211 2820 3249 non
2873 3205 3052 3252 tamen
3080 3195 3149 3251 ab
3177 3195 3416 3269 ejusdem
3463 3200 3564 3257 via:
3618 3204 3939 3260 rectitudine

2362 3284 2499 3339 velle
2526 3287 2810 3351 recedere;
2835 3287 2879 3341 si
2905 3302 3003 3342 nos
3032 3303 3143 3343 non
3168 3289 3434 3347 lassemur
3455 3292 3569 3358 "",
3600 3309 3708 3350 non
3737 3296 3835 3350 diu
3879 3310 3940 3352 se

2365 3373 2596 3428 retinere
2633 3375 2853 3443 peterit,
2879 3375 2972 3431 sed
3003 3387 3256 3432 conatum
3285 3391 3526 3435 nostrum
3550 3381 3857 3450 adjuvabit,
3887 3391 3939 3438 et

2364 3462 2555 3532 diriget
2585 3478 2825 3533 gressum
2868 3472 3112 3527 nostrum
3163 3467 3231 3520 ad
3283 3468 3426 3523 viam
3485 3469 3696 3529 salutis.
3728 3470 3939 3528 Tamen

2362 3553 2405 3608 si
2438 3563 2656 3622 peccata
2679 3555 2976 3624 sacerdotis
3021 3565 3146 3611 sunt
3173 3557 3498 3626 criminalia,
3542 3561 3728 3619 utilius
3774 3577 3860 3620 est
3885 3563 3937 3618 ei

2360 3644 2428 3697 ab
2459 3643 2822 3721 immolatione
2872 3645 3124 3701 sacrificii
3177 3648 3455 3704 humiliter
3506 3665 3723 3706 cessare
3770 3668 3933 3723 quam

2360 3745 2456 3800 per
2485 3719 2955 3800 pt'KBSuIttpliuttent
2988 3735 3334 3805 immolando,
3396 3739 3654 3810 majorem
3709 3723 3935 3797 danunt-

2359 3824 2559 3879 tionem
2586 3825 2883 3892 incurrere,
2910 3826 3083 3884 donec
3111 3829 3362 3886 inchoata
3392 3833 3473 3888 vel
3500 3841 3720 3902 peracta
3759 3833 3935 3904 paeni—

2360 3919 2544 3983 tentia,
2582 3917 2749 3987 possit
2788 3918 2854 3973 ad
2904 3918 3091 3976 altaris
3143 3915 3727 3998 servitium'securius
3775 3939 3938 3981 aocc-

2358 4009 2503 4063 dcre.
3657 4011 3676 4019 ”
3751 4019 3760 4027 ⁵
3867 4027 3879 4035 ·

2430 4100 2535 4154 Sed
2559 4115 2709 4165 ecce,
2729 4100 3036 4157 dulcissime
3059 4111 3114 4158 et
3155 4104 3663 4163 misericordissimc
3697 4109 3935 4166 Domino

2358 4190 2502 4252 Jcsu,
2537 4182 2708 4244 fateor
2750 4192 3023 4246 immensm
3053 4193 3280 4248 bonitati
3335 4205 3439 4250 tute
3495 4211 3580 4253 me
3602 4212 3725 4253 esse
3770 4199 3938 4254 nimis

2320 4303 2322 4312 ι
2359 4292 2715 4353 peccatore"),
2750 4284 2976 4354 plurima
3009 4301 3126 4354 qua:
3156 4283 3251 4340 tibi
3283 4287 3568 4354 displicent
3613 4288 3931 4352 facientem,

683 4382 784 4437 tias
812 4396 870 4436 se
902 4379 1099 4447 volvat,
1127 4389 1182 4435 et
1212 4380 1450 4435 revolvat
1479 4382 1591 4441 ‘3“.
1635 4383 1850 4448 Fateor,
1878 4398 1911 4437 o
1943 4382 2252 4438 misericor-

2357 4382 2618 4436 et‘tamcu
2646 4374 2718 4428 tui
2751 4375 2935 4430 altaris
2957 4377 3238 4431 servitium
3259 4375 3466 4455 )fa’cere
3493 4389 3933 4448 prmsumcntem.

679 4472 899 4527 dissiine
914 4470 1062 4537 Jesu,
1090 4486 1269 4526 coram
1301 4471 1582 4540 majestate
1615 4483 1702 4527 tua
1721 4473 2040 4543 iniquitates
2070 4490 2246 4536 meas;

681 4565 854 4630 fateor
900 4564 988 4595 ¹³⁶⁷
1020 4564 1385 4620 immunditias
1414 4579 1580 4632 meas,
1616 4567 1784 4621 fateor
1832 4567 2254 4622 immanissimas

681 4653 985 4725 superbias,
1013 4662 1069 4708 et
1104 4653 1348 4708 sordidas
1378 4655 1732 4723 cogitationes
1763 4672 1949 4720 meas,
1975 4673 2110 4725 quas
2160 4657 2252 4710 ah-

675 4741 820 4809 jecto
849 4742 1042 4796 timore
1070 4749 1161 4796 tuo
1187 4740 1475 4797 infeliciter
1506 4743 1648 4796 intus
1694 4744 2037 4811 amplectitur
2067 4745 2249 4797 infelix

681 4833 859 4888 anima
909 4848 1048 4887 mea.
1103 4831 1172 4886 Ut
1222 4843 1276 4886 tu
1335 4833 1506 4897 vides,
1559 4834 1974 4889 clementissime
2028 4837 2252 4889 Domine

2356 4465 2472 4520 Non
2495 4467 2638 4520 enim
2689 4482 2904 4538 possum
2956 4469 3022 4523 de
3073 4478 3164 4522 tua
3212 4469 3576 4524 misericorfia
3619 4471 3939 4540 desperare,

2357 4573 2460 4610 non
2493 4572 2730 4626 possmn,
2774 4573 2872 4612 nee
2900 4558 3028 4611 mihi
3062 4559 3298 4628 expedit,
3326 4559 3605 4614 servitium
3637 4560 3710 4613 ttti
3738 4560 3936 4615 altaris

2356 4650 2649 4713 dimittere,
2691 4658 2837 4702 tttttnt
2877 4664 3070 4718 emptis
3113 4659 3167 4703 et
3212 4650 3527 4719 sanguinein
3559 4664 3662 4705 non
3689 4663 3933 4710 sumere,

2355 4742 2495 4809 quod
2526 4757 2622 4808 pro
2661 4742 3022 4811 redemptione
3060 4757 3176 4795 mea
3206 4749 3433 4795 mortem
3478 4743 3736 4811 suscepit,
3764 4749 3824 4796 et
3845 4739 3936 4810 qui

2357 4846 2452 4899 pro
2482 4831 2797 4884 remissione
2821 4809 2980 4901 265
3012 4840 3356 4901 peccatorum
3392 4833 3459 4886 de
3495 4841 3590 4906 tuo
3618 4832 3793 4890 latere
3821 4831 3938 4886 lan-

1965 4953 2196 5047 vaiua:
2241 4987 2640 5046 LECTIONES.

754 5128 846 5161 ⁸⁸⁸⁸
885 5129 989 5184 Sed
1034 5128 1500 5183 vehementissime
1549 5143 1672 5179 mss.
1709 5124 1836 5180 Vict.
1891 5136 1936 5179 et
1979 5125 2203 5178 ναι-[ηε.
2247 5133 2299 5178 et
2332 5120 2802 5177 vehementissime

2049 5197 2138 5226 “5"
2159 5190 2875 5264 Cogitationes,expeditius
2901 5206 3027 5264 mss.
3069 5188 3200 5264 Vict.
3230 5202 3275 5243 et
3311 5189 3934 5264 ιζαι-Ιρςςτηᾳοεῐωιίοιισε

680 5209 731 5253 et
764 5201 998 5268 peccatis
1074 5200 1166 5230 ¹³⁸⁸
1193 5199 1267 5251 De
1295 5199 1448 5251 malis
1479 5214 1601 5268 "iss.
1643 5207 1695 5250 et
1723 5198 1795 5268 de
1820 5196 1972 5250 malis

2913 5120 3001 5150 ’³⁵⁷
3040 5119 3248 5172 Anima:
3282 5121 3517 5188 peccatis
3554 5111 3679 5176 uias.
3709 5123 3934 5188 anima},

681 5259 952 5338 variasque
979 5267 1362 5323 delectationes
1388 5267 1706 5334 expeditius
1761 5267 1852 5302 ¹³⁶⁰
1892 5266 2185 5319 Servitium
2218 5259 2352 5317 mala
2395 5279 2518 5338 mss.
2559 5260 2692 5313 Vict.
2733 5259 3209 5338 servitutunntulta
3243 5260 3381 5314 11111111
3455 5261 3544 5292 ¹³⁶¹
3586 5259 3664 5316 Ita
3701 5269 3795 5317 est
3823 5277 3925 5318 ius.

683 5338 817 5391 Tlm.
854 5332 921 5394 ita
963 5350 1016 5393 et
1091 5339 1180 5369 ¹³³²
1221 5332 1579 5399 Obcmcatum,
1608 5351 1793 5390 omnes
1832 5353 1955 5388 mss.
2000 5338 2354 5398 obcaecatum,
2385 5341 2442 5383 ιιι
2469 5332 2563 5384 has
2593 5345 2778 5384 omnes

2887 5330 2977 5360 ’³⁸³
3016 5330 3421 5410 Ροςιροηοηε...
3451 5339 3812 5395 contemnens
3831 5347 3934 5386 ω.

697 5408 824 5462 Vict.
851 5405 1206 5478 postp’oncs...
1236 5416 1551 5478 contemucs
1582 5405 1952 5478 __ff‘{_\l_olttit,
1983 5420 2173 5478 omnes
2202 5421 2325 5478 mss.
2361 5401 2525 5478 voluit
2571 5416 2665 5453 cor
2707 5415 2882 5478 meum
2938 5401 3289 5478 ρωπίᾳ-1891⁸11
3335 5403 3512 5478 anima
3546 5414 3687 5472 mea,
3739 5415 3938 5454 omms

686 5479 774 5510 ’³⁸⁸
814 5475 1023 5548 Recipit
1080 5495 1205 5531 uiss.
1256 5475 1480 5544 recipiat

686 5620 844 5672 toties
888 5635 982 5671 ms.
1038 5616 1192 5670 Corb.
1253 5615 1443 5668 omittit

695 5684 826 5741 Vict.
867 5697 912 5740 et
961 5686 1190 5740 Val-(uc.
1235 5701 1344 5744 non
1389 5683 1652 5740 lassemur

1578 5475 1667 5505 ¹³⁶⁶
1705 5476 1884 5530 Volvit
1925 5486 1982 5530 et
2017 5474 2242 5528 revolvit
2279 5489 2404 5525 mss.
2438 5469 2617 5523 volvat
2647 5477 2702 5521 et
2730 5469 2968 5523 revolvat

684 5548 855 5603 fateor
885 5535 1251 5603 immunditias
1295 5535 1464 5606 meas,
1496 5543 1664 5597 fateor
1737 5545 1827 5576 ³³⁵⁸
1869 5544 1962 5619 γει
1998 5544 2275 5619 potius_iu
2323 5550 2428 5594 tam
2465 5540 2694 5619 sordido
2724 5541 2885 5619 corde
2926 5556 3022 5592 ms.
3065 5535 3416 5619 Victa-omitti!

1555 5615 1644 5645 ¹³⁷⁰
1711 5608 2012 5681 Formido,
2073 5614 2213 5683 quod
2273 5629 2396 5666 mss.
2465 5608 2599 5662 'I'hu.
2673 5608 2897 5664 formido
2956 5625 3022 5662 ne

3069 5468 3157 5538 tam
3195 5469 3339 5524 Meas
3372 5470 3542 5524 fateor
3586 5469 3710 5523 που.
3757 5481 3934 5538 menti,

3516 5537 3609 5571 ¹⁸⁶⁹
3646 5537 3742 5594 Sic
3763 5543 3770 5560 ‘
3791 5537 3936 5596 mel-’-

3150 5609 3234 5640 ”“
3302 5607 3415 5665 Non
3472 5608 3738 5666 lassemus
3799 5623 3934 5728 tu?»

3843 5831 3860 5840 -

3887 5857 3902 5870 ο

3821 5889 3838 5900 Ο

3619 5965 3622 5968 ’
3825 5975 3836 5984 θ
3859 5959 3880 5996 ’ἐ
3919 5969 3956 5992 η.-

3731 6039 3744 6060 ῃ
3799 6025 3802 6028 .
3921 6027 3924 6030 .

3631 6087 3640 6100 α
3665 6093 3690 6106 ._-.

3577 6119 3632 6155 «εει
