  <div class='ocr_page' id='page_1' title='image "/cluster/home/n/w/nwhite01/storage/ocr_20150623/158/uva.x000829800/458.png"; bbox 0 0 4200 6206; ppageno 0'>
   <div class='ocr_carea' id='block_1_1' title="bbox 284 373 390 429">
    <p class='ocr_par' dir='ltr' id='par_1_1' title="bbox 284 373 390 429">
     <span class='ocr_line' id='line_1_1' title="bbox 284 373 390 429; baseline 0.019 -2"><span class='ocrx_word' id='word_1_1' title='bbox 284 373 390 429; x_wconf 62' lang='grc' dir='ltr'><strong>θὶς</strong></span> 
     </span>
    </p>
   </div>
   <div class='ocr_carea' id='block_1_2' title="bbox 1650 350 2068 433">
    <p class='ocr_par' dir='ltr' id='par_1_2' title="bbox 1650 350 2068 433">
     <span class='ocr_line' id='line_1_2' title="bbox 1650 350 2068 433; baseline -0.007 -1"><span class='ocrx_word' id='word_1_2' title='bbox 1650 350 2068 433; x_wconf 66' lang='lat' dir='ltr'><strong>enartoxes.</strong></span> 
     </span>
    </p>
   </div>
   <div class='ocr_carea' id='block_1_3' title="bbox 3405 369 3513 426">
    <p class='ocr_par' dir='ltr' id='par_1_3' title="bbox 3405 369 3513 426">
     <span class='ocr_line' id='line_1_3' title="bbox 3405 369 3513 426; baseline -0.037 0"><span class='ocrx_word' id='word_1_3' title='bbox 3405 369 3513 426; x_wconf 78' lang='lat' dir='ltr'><strong>9H</strong></span> 
     </span>
    </p>
   </div>
   <div class='ocr_carea' id='block_1_4' title="bbox 275 465 3514 568">
    <p class='ocr_par' dir='ltr' id='par_1_4' title="bbox 275 465 3514 568">
     <span class='ocr_line' id='line_1_4' title="bbox 275 465 3514 568; baseline -0.001 -29"><span class='ocrx_word' id='word_1_4' title='bbox 275 501 381 540; x_wconf 9' lang='lat' dir='ltr'><strong>seca</strong></span> <span class='ocrx_word' id='word_1_5' title='bbox 411 465 593 542; x_wconf 77' lang='lat' dir='ltr'><strong>militis</strong></span> <span class='ocrx_word' id='word_1_6' title='bbox 619 494 802 557; x_wconf 83' lang='lat' dir='ltr'><strong>aperto</strong></span> <span class='ocrx_word' id='word_1_7' title='bbox 830 503 952 543; x_wconf 89' lang='lat' dir='ltr'><strong>cum</strong></span> <span class='ocrx_word' id='word_1_8' title='bbox 987 504 1122 557; x_wconf 79' lang='lat' dir='ltr'><strong>aqua</strong></span> <span class='ocrx_word' id='word_1_9' title='bbox 1177 488 1341 544; x_wconf 80' lang='lat' dir='ltr'><strong>exivit</strong></span> <span class='ocrx_word' id='word_1_10' title='bbox 1374 489 1554 559; x_wconf 83' lang='lat' dir='ltr'><strong>(Joan.</strong></span> <span class='ocrx_word' id='word_1_11' title='bbox 1583 505 1697 568; x_wconf 60' lang='lat' dir='ltr'><strong>arx.</strong></span> <span class='ocrx_word' id='word_1_12' title='bbox 1729 491 1840 558; x_wconf 64' lang='grc'><strong>54).</strong></span> <span class='ocrx_word' id='word_1_13' title='bbox 1874 496 1918 551; x_wconf 74' lang='grc' dir='ltr'><strong>Α</strong></span> <span class='ocrx_word' id='word_1_14' title='bbox 1952 487 2148 542; x_wconf 88' lang='lat' dir='ltr'><strong>habere</strong></span> <span class='ocrx_word' id='word_1_15' title='bbox 2198 487 2479 552; x_wconf 84' lang='lat' dir='ltr'><strong>virtutem,</strong></span> <span class='ocrx_word' id='word_1_16' title='bbox 2531 495 2588 541; x_wconf 90' lang='lat' dir='ltr'><strong>ut</strong></span> <span class='ocrx_word' id='word_1_17' title='bbox 2645 502 2740 556; x_wconf 89' lang='lat' dir='ltr'><strong>per</strong></span> <span class='ocrx_word' id='word_1_18' title='bbox 2797 471 3045 555; x_wconf 82' lang='lat' dir='ltr'><strong>magnam</strong></span> <span class='ocrx_word' id='word_1_19' title='bbox 3093 481 3514 568; x_wconf 73' lang='lat' dir='ltr'><strong>misericordiam</strong></span> 
     </span>
    </p>
   </div>
   <div class='ocr_carea' id='block_1_5' title="bbox 297 565 1843 648">
    <p class='ocr_par' dir='ltr' id='par_1_5' title="bbox 297 565 1843 648">
     <span class='ocr_line' id='line_1_5' title="bbox 297 565 1843 648; baseline -0.001 -19"><span class='ocrx_word' id='word_1_20' title='bbox 297 575 350 630; x_wconf 89' lang='lat' dir='ltr'><strong>Si</strong></span> <span class='ocrx_word' id='word_1_21' title='bbox 375 574 619 644; x_wconf 83' lang='lat' dir='ltr'><strong>indignus</strong></span> <span class='ocrx_word' id='word_1_22' title='bbox 644 591 786 643; x_wconf 89' lang='lat' dir='ltr'><strong>sum,</strong></span> <span class='ocrx_word' id='word_1_23' title='bbox 815 578 973 633; x_wconf 84' lang='lat' dir='ltr'><strong>sicuti</strong></span> <span class='ocrx_word' id='word_1_24' title='bbox 1005 594 1148 643; x_wconf 85' lang='lat' dir='ltr'><strong>sum,</strong></span> <span class='ocrx_word' id='word_1_25' title='bbox 1174 587 1229 631; x_wconf 91' lang='lat' dir='ltr'><strong>et</strong></span> <span class='ocrx_word' id='word_1_26' title='bbox 1268 595 1365 648; x_wconf 84' lang='lat' dir='ltr'><strong>ego</strong></span> <span class='ocrx_word' id='word_1_27' title='bbox 1387 565 1599 645; x_wconf 42' lang='lat' dir='ltr'><strong>fateor,“</strong></span> <span class='ocrx_word' id='word_1_28' title='bbox 1619 579 1843 632; x_wconf 83' lang='lat' dir='ltr'><strong>verbera</strong></span> 
     </span>
    </p>
   </div>
   <div class='ocr_carea' id='block_1_6' title="bbox 289 667 1844 740">
    <p class='ocr_par' dir='ltr' id='par_1_6' title="bbox 289 667 1844 740">
     <span class='ocr_line' id='line_1_6' title="bbox 289 667 1844 740; baseline 0 -22"><span class='ocrx_word' id='word_1_29' title='bbox 289 676 390 727; x_wconf 76' lang='lat' dir='ltr'><strong>nte,</strong></span> <span class='ocrx_word' id='word_1_30' title='bbox 418 667 642 720; x_wconf 82' lang='lat' dir='ltr'><strong>emenda</strong></span> <span class='ocrx_word' id='word_1_31' title='bbox 669 671 726 721; x_wconf 73' lang='lat' dir='ltr'><strong>et</strong></span> <span class='ocrx_word' id='word_1_32' title='bbox 751 669 978 736; x_wconf 70' lang='lat' dir='ltr'><strong>eorr’pe,</strong></span> <span class='ocrx_word' id='word_1_33' title='bbox 1007 677 1060 737; x_wconf 86' lang='lat' dir='ltr'><strong>et</strong></span> <span class='ocrx_word' id='word_1_34' title='bbox 1089 668 1271 722; x_wconf 88' lang='lat' dir='ltr'><strong>tandiu</strong></span> <span class='ocrx_word' id='word_1_35' title='bbox 1317 669 1518 740; x_wconf 84' lang='lat' dir='ltr'><strong>castiga</strong></span> <span class='ocrx_word' id='word_1_36' title='bbox 1573 677 1720 720; x_wconf 90' lang='lat' dir='ltr'><strong>tuum</strong></span> <span class='ocrx_word' id='word_1_37' title='bbox 1758 680 1844 718; x_wconf 89' lang='lat' dir='ltr'><strong>sa-</strong></span> 
     </span>
    </p>
   </div>
   <div class='ocr_carea' id='block_1_7' title="bbox 290 758 1847 828">
    <p class='ocr_par' dir='ltr' id='par_1_7' title="bbox 290 758 1847 828">
     <span class='ocr_line' id='line_1_7' title="bbox 290 758 1847 828; baseline -0.003 -16"><span class='ocrx_word' id='word_1_38' title='bbox 290 758 583 824; x_wconf 77' lang='lat' dir='ltr'><strong>cerdotem,</strong></span> <span class='ocrx_word' id='word_1_39' title='bbox 624 758 730 814; x_wconf 92' lang='lat' dir='ltr'><strong>imo</strong></span> <span class='ocrx_word' id='word_1_40' title='bbox 766 769 910 814; x_wconf 89' lang='lat' dir='ltr'><strong>tuum</strong></span> <span class='ocrx_word' id='word_1_41' title='bbox 953 767 1323 828; x_wconf 88' lang='lat' dir='ltr'><strong>peccatorem,</strong></span> <span class='ocrx_word' id='word_1_42' title='bbox 1357 761 1526 814; x_wconf 87' lang='lat' dir='ltr'><strong>donec</strong></span> <span class='ocrx_word' id='word_1_43' title='bbox 1561 758 1736 813; x_wconf 91' lang='lat' dir='ltr'><strong>omnis</strong></span> <span class='ocrx_word' id='word_1_44' title='bbox 1760 772 1847 808; x_wconf 89' lang='lat' dir='ltr'><strong>ru-</strong></span> 
     </span>
    </p>
   </div>
   <div class='ocr_carea' id='block_1_8' title="bbox 287 846 1844 920">
    <p class='ocr_par' dir='ltr' id='par_1_8' title="bbox 287 846 1844 920">
     <span class='ocr_line' id='line_1_8' title="bbox 287 846 1844 920; baseline -0.003 -18"><span class='ocrx_word' id='word_1_45' title='bbox 287 847 406 916; x_wconf 79' lang='lat' dir='ltr'><strong>bigo</strong></span> <span class='ocrx_word' id='word_1_46' title='bbox 429 846 636 916; x_wconf 81' lang='lat' dir='ltr'><strong>peccati</strong></span> <span class='ocrx_word' id='word_1_47' title='bbox 680 849 893 902; x_wconf 82' lang='lat' dir='ltr'><strong>recedat</strong></span> <span class='ocrx_word' id='word_1_48' title='bbox 929 864 956 901; x_wconf 91' lang='lat' dir='ltr'><strong>a</strong></span> <span class='ocrx_word' id='word_1_49' title='bbox 1002 864 1108 913; x_wconf 90' lang='lat' dir='ltr'><strong>me,</strong></span> <span class='ocrx_word' id='word_1_50' title='bbox 1157 864 1275 918; x_wconf 66' lang='lat' dir='ltr'><strong>quae</strong></span> <span class='ocrx_word' id='word_1_51' title='bbox 1324 865 1422 920; x_wconf 86' lang='lat' dir='ltr'><strong>per</strong></span> <span class='ocrx_word' id='word_1_52' title='bbox 1471 860 1576 904; x_wconf 91' lang='lat' dir='ltr'><strong>tam</strong></span> <span class='ocrx_word' id='word_1_53' title='bbox 1626 847 1844 915; x_wconf 87' lang='lat' dir='ltr'><strong>longum</strong></span> 
     </span>
    </p>
   </div>
   <div class='ocr_carea' id='block_1_9' title="bbox 285 936 1845 1005">
    <p class='ocr_par' dir='ltr' id='par_1_9' title="bbox 285 936 1845 1005">
     <span class='ocr_line' id='line_1_9' title="bbox 285 936 1845 1005; baseline 0.003 -18"><span class='ocrx_word' id='word_1_54' title='bbox 285 944 493 1004; x_wconf 89' lang='lat' dir='ltr'><strong>tempus</strong></span> <span class='ocrx_word' id='word_1_55' title='bbox 524 949 590 990; x_wconf 79' lang='lat' dir='ltr'><strong>ex</strong></span> <span class='ocrx_word' id='word_1_56' title='bbox 615 949 803 1005; x_wconf 84' lang='lat' dir='ltr'><strong>magna</strong></span> <span class='ocrx_word' id='word_1_57' title='bbox 825 937 1027 994; x_wconf 82' lang='lat' dir='ltr'><strong>incuria</strong></span> <span class='ocrx_word' id='word_1_58' title='bbox 1062 940 1303 996; x_wconf 85' lang='lat' dir='ltr'><strong>indurata</strong></span> <span class='ocrx_word' id='word_1_59' title='bbox 1354 951 1436 996; x_wconf 90' lang='lat' dir='ltr'><strong>est</strong></span> <span class='ocrx_word' id='word_1_60' title='bbox 1485 941 1540 995; x_wconf 91' lang='lat' dir='ltr'><strong>in</strong></span> <span class='ocrx_word' id='word_1_61' title='bbox 1587 936 1845 992; x_wconf 81' lang='lat' dir='ltr'><strong>lateribus</strong></span> 
     </span>
    </p>
   </div>
   <div class='ocr_carea' id='block_1_10' title="bbox 283 1024 1844 1100">
    <p class='ocr_par' dir='ltr' id='par_1_10' title="bbox 283 1024 1844 1100">
     <span class='ocr_line' id='line_1_10' title="bbox 283 1024 1844 1100; baseline 0.003 -24"><span class='ocrx_word' id='word_1_62' title='bbox 283 1025 473 1078; x_wconf 77' lang='lat' dir='ltr'><strong>anima:</strong></span> <span class='ocrx_word' id='word_1_63' title='bbox 498 1039 652 1079; x_wconf 71' lang='lat' dir='ltr'><strong>mem.</strong></span> <span class='ocrx_word' id='word_1_64' title='bbox 679 1024 908 1093; x_wconf 80' lang='lat' dir='ltr'><strong>Fateor,</strong></span> <span class='ocrx_word' id='word_1_65' title='bbox 927 1027 1120 1095; x_wconf 88' lang='lat' dir='ltr'><strong>fateor,</strong></span> <span class='ocrx_word' id='word_1_66' title='bbox 1151 1039 1402 1100; x_wconf 80' lang='lat' dir='ltr'><strong>peccator</strong></span> <span class='ocrx_word' id='word_1_67' title='bbox 1428 1045 1569 1095; x_wconf 90' lang='lat' dir='ltr'><strong>sum,</strong></span> <span class='ocrx_word' id='word_1_68' title='bbox 1619 1029 1844 1080; x_wconf 87' lang='lat' dir='ltr'><strong>immun-</strong></span> 
     </span>
    </p>
   </div>
   <div class='ocr_carea' id='block_1_11' title="bbox 281 1115 1839 1188">
    <p class='ocr_par' dir='ltr' id='par_1_11' title="bbox 281 1115 1839 1188">
     <span class='ocr_line' id='line_1_11' title="bbox 281 1115 1839 1188; baseline 0.003 -20"><span class='ocrx_word' id='word_1_69' title='bbox 281 1116 380 1168; x_wconf 80' lang='lat' dir='ltr'><strong>dus</strong></span> <span class='ocrx_word' id='word_1_70' title='bbox 405 1129 544 1180; x_wconf 87' lang='lat' dir='ltr'><strong>sum,</strong></span> <span class='ocrx_word' id='word_1_71' title='bbox 574 1115 824 1188; x_wconf 86' lang='lat' dir='ltr'><strong>indignus</strong></span> <span class='ocrx_word' id='word_1_72' title='bbox 852 1135 991 1185; x_wconf 87' lang='lat' dir='ltr'><strong>sum,</strong></span> <span class='ocrx_word' id='word_1_73' title='bbox 1023 1129 1077 1174; x_wconf 84' lang='lat' dir='ltr'><strong>et</strong></span> <span class='ocrx_word' id='word_1_74' title='bbox 1107 1129 1282 1177; x_wconf 88' lang='lat' dir='ltr'><strong>tamen</strong></span> <span class='ocrx_word' id='word_1_75' title='bbox 1314 1138 1420 1177; x_wconf 88' lang='lat' dir='ltr'><strong>non</strong></span> <span class='ocrx_word' id='word_1_76' title='bbox 1453 1121 1644 1177; x_wconf 82' lang='lat' dir='ltr'><strong>recedo</strong></span> <span class='ocrx_word' id='word_1_77' title='bbox 1689 1136 1717 1174; x_wconf 89' lang='lat' dir='ltr'><strong>a</strong></span> <span class='ocrx_word' id='word_1_78' title='bbox 1768 1127 1839 1182; x_wconf 94' lang='lat' dir='ltr'><strong>te,</strong></span> 
     </span>
    </p>
   </div>
   <div class='ocr_carea' id='block_1_12' title="bbox 281 1205 1843 1280">
    <p class='ocr_par' dir='ltr' id='par_1_12' title="bbox 281 1205 1843 1280">
     <span class='ocr_line' id='line_1_12' title="bbox 281 1205 1843 1280; baseline 0.002 -20"><span class='ocrx_word' id='word_1_79' title='bbox 281 1205 588 1263; x_wconf 83' lang='lat' dir='ltr'><strong>dulcissime</strong></span> <span class='ocrx_word' id='word_1_80' title='bbox 619 1206 744 1264; x_wconf 71' lang='lat' dir='ltr'><strong>Iesu</strong></span> <span class='ocrx_word' id='word_1_81' title='bbox 771 1208 1017 1276; x_wconf 84' lang='lat' dir='ltr'><strong>Christe;</strong></span> <span class='ocrx_word' id='word_1_82' title='bbox 1060 1212 1194 1267; x_wconf 89' lang='lat' dir='ltr'><strong>velis</strong></span> <span class='ocrx_word' id='word_1_83' title='bbox 1243 1212 1369 1280; x_wconf 88' lang='lat' dir='ltr'><strong>quid</strong></span> <span class='ocrx_word' id='word_1_84' title='bbox 1421 1211 1574 1273; x_wconf 85' lang='lat' dir='ltr'><strong>velis,</strong></span> <span class='ocrx_word' id='word_1_85' title='bbox 1627 1226 1732 1264; x_wconf 88' lang='lat' dir='ltr'><strong>non</strong></span> <span class='ocrx_word' id='word_1_86' title='bbox 1763 1209 1843 1264; x_wconf 90' lang='lat' dir='ltr'><strong>di-</strong></span> 
     </span>
    </p>
   </div>
   <div class='ocr_carea' id='block_1_13' title="bbox 279 1294 1841 1368">
    <p class='ocr_par' dir='ltr' id='par_1_13' title="bbox 279 1294 1841 1368">
     <span class='ocr_line' id='line_1_13' title="bbox 279 1294 1841 1368; baseline 0.002 -20"><span class='ocrx_word' id='word_1_87' title='bbox 279 1294 432 1350; x_wconf 88' lang='lat' dir='ltr'><strong>mitto</strong></span> <span class='ocrx_word' id='word_1_88' title='bbox 458 1304 530 1360; x_wconf 89' lang='lat' dir='ltr'><strong>te,</strong></span> <span class='ocrx_word' id='word_1_89' title='bbox 553 1298 652 1351; x_wconf 88' lang='lat' dir='ltr'><strong>etsi</strong></span> <span class='ocrx_word' id='word_1_90' title='bbox 679 1298 888 1355; x_wconf 83' lang='lat' dir='ltr'><strong>infirma</strong></span> <span class='ocrx_word' id='word_1_91' title='bbox 927 1316 1111 1368; x_wconf 79' lang='lat' dir='ltr'><strong>manu,</strong></span> <span class='ocrx_word' id='word_1_92' title='bbox 1147 1302 1342 1356; x_wconf 81' lang='lat' dir='ltr'><strong>tenebo</strong></span> <span class='ocrx_word' id='word_1_93' title='bbox 1393 1310 1462 1356; x_wconf 91' lang='lat' dir='ltr'><strong>te.</strong></span> <span class='ocrx_word' id='word_1_94' title='bbox 1519 1300 1632 1354; x_wconf 85' lang='lat' dir='ltr'><strong>Non</strong></span> <span class='ocrx_word' id='word_1_95' title='bbox 1691 1313 1841 1355; x_wconf 87' lang='lat' dir='ltr'><strong>rece-</strong></span> 
     </span>
    </p>
   </div>
   <div class='ocr_carea' id='block_1_14' title="bbox 275 1387 1840 1462">
    <p class='ocr_par' dir='ltr' id='par_1_14' title="bbox 275 1387 1840 1462">
     <span class='ocr_line' id='line_1_14' title="bbox 275 1387 1840 1462; baseline 0.001 -22"><span class='ocrx_word' id='word_1_96' title='bbox 275 1387 372 1440; x_wconf 88' lang='lat' dir='ltr'><strong>des</strong></span> <span class='ocrx_word' id='word_1_97' title='bbox 392 1403 421 1440; x_wconf 89' lang='lat' dir='ltr'><strong>a</strong></span> <span class='ocrx_word' id='word_1_98' title='bbox 447 1403 551 1454; x_wconf 91' lang='lat' dir='ltr'><strong>me,</strong></span> <span class='ocrx_word' id='word_1_99' title='bbox 576 1390 746 1449; x_wconf 82' lang='lat' dir='ltr'><strong>donec</strong></span> <span class='ocrx_word' id='word_1_100' title='bbox 791 1389 860 1446; x_wconf 88' lang='lat' dir='ltr'><strong>ab</strong></span> <span class='ocrx_word' id='word_1_101' title='bbox 887 1392 1033 1446; x_wconf 88' lang='lat' dir='ltr'><strong>omni</strong></span> <span class='ocrx_word' id='word_1_102' title='bbox 1077 1392 1396 1462; x_wconf 79' lang='lat' dir='ltr'><strong>contagione</strong></span> <span class='ocrx_word' id='word_1_103' title='bbox 1432 1392 1634 1460; x_wconf 82' lang='lat' dir='ltr'><strong>peccati</strong></span> <span class='ocrx_word' id='word_1_104' title='bbox 1667 1389 1840 1444; x_wconf 87' lang='lat' dir='ltr'><strong>absol-</strong></span> 
     </span>
    </p>
   </div>
   <div class='ocr_carea' id='block_1_15' title="bbox 274 1479 1840 1558">
    <p class='ocr_par' dir='ltr' id='par_1_15' title="bbox 274 1479 1840 1558">
     <span class='ocr_line' id='line_1_15' title="bbox 274 1479 1840 1558; baseline 0.004 -30"><span class='ocrx_word' id='word_1_105' title='bbox 274 1491 404 1543; x_wconf 83' lang='lat' dir='ltr'><strong>vas;</strong></span> <span class='ocrx_word' id='word_1_106' title='bbox 435 1487 490 1533; x_wconf 87' lang='lat' dir='ltr'><strong>et</strong></span> <span class='ocrx_word' id='word_1_107' title='bbox 519 1479 598 1534; x_wconf 89' lang='lat' dir='ltr'><strong>sic</strong></span> <span class='ocrx_word' id='word_1_108' title='bbox 620 1493 840 1536; x_wconf 81' lang='lat' dir='ltr'><strong>carnem</strong></span> <span class='ocrx_word' id='word_1_109' title='bbox 863 1490 1008 1536; x_wconf 91' lang='lat' dir='ltr'><strong>tuam</strong></span> <span class='ocrx_word' id='word_1_110' title='bbox 1040 1481 1279 1550; x_wconf 84' lang='lat' dir='ltr'><strong>quotidie</strong></span> <span class='ocrx_word' id='word_1_111' title='bbox 1323 1482 1758 1558; x_wconf 84' lang='lat' dir='ltr'><strong>manducantem,</strong></span> <span class='ocrx_word' id='word_1_112' title='bbox 1786 1489 1840 1534; x_wconf 83' lang='lat' dir='ltr'><strong>et</strong></span> 
     </span>
    </p>
   </div>
   <div class='ocr_carea' id='block_1_16' title="bbox 271 1569 1840 1644">
    <p class='ocr_par' dir='ltr' id='par_1_16' title="bbox 271 1569 1840 1644">
     <span class='ocr_line' id='line_1_16' title="bbox 271 1569 1840 1644; baseline 0.001 -22"><span class='ocrx_word' id='word_1_113' title='bbox 271 1569 589 1639; x_wconf 81' lang='lat' dir='ltr'><strong>sanguinem</strong></span> <span class='ocrx_word' id='word_1_114' title='bbox 619 1579 766 1625; x_wconf 90' lang='lat' dir='ltr'><strong>tuttm</strong></span> <span class='ocrx_word' id='word_1_115' title='bbox 812 1571 1106 1638; x_wconf 81' lang='lat' dir='ltr'><strong>bibentem,</strong></span> <span class='ocrx_word' id='word_1_116' title='bbox 1147 1582 1356 1644; x_wconf 67' lang='lat' dir='ltr'><strong>tumque</strong></span> <span class='ocrx_word' id='word_1_117' title='bbox 1398 1572 1656 1628; x_wconf 81' lang='lat' dir='ltr'><strong>voluntati</strong></span> <span class='ocrx_word' id='word_1_118' title='bbox 1699 1571 1840 1642; x_wconf 85' lang='lat' dir='ltr'><strong>jugi—</strong></span> 
     </span>
    </p>
   </div>
   <div class='ocr_carea' id='block_1_17' title="bbox 273 1660 1836 1733">
    <p class='ocr_par' dir='ltr' id='par_1_17' title="bbox 273 1660 1836 1733">
     <span class='ocr_line' id='line_1_17' title="bbox 273 1660 1836 1733; baseline 0.003 -22"><span class='ocrx_word' id='word_1_119' title='bbox 273 1667 358 1712; x_wconf 89' lang='lat' dir='ltr'><strong>ter</strong></span> <span class='ocrx_word' id='word_1_120' title='bbox 398 1660 775 1727; x_wconf 77' lang='lat' dir='ltr'><strong>inhaerentem,</strong></span> <span class='ocrx_word' id='word_1_121' title='bbox 821 1671 910 1716; x_wconf 90' lang='lat' dir='ltr'><strong>tua</strong></span> <span class='ocrx_word' id='word_1_122' title='bbox 954 1672 1220 1733; x_wconf 72' lang='lat' dir='ltr'><strong>prtecepta</strong></span> <span class='ocrx_word' id='word_1_123' title='bbox 1271 1663 1486 1719; x_wconf 82' lang='lat' dir='ltr'><strong>assidue</strong></span> <span class='ocrx_word' id='word_1_124' title='bbox 1529 1663 1836 1727; x_wconf 82' lang='lat' dir='ltr'><strong>facientem,</strong></span> 
     </span>
    </p>
   </div>
   <div class='ocr_carea' id='block_1_18' title="bbox 271 1753 1835 1823">
    <p class='ocr_par' dir='ltr' id='par_1_18' title="bbox 271 1753 1835 1823">
     <span class='ocr_line' id='line_1_18' title="bbox 271 1753 1835 1823; baseline 0.005 -24"><span class='ocrx_word' id='word_1_125' title='bbox 271 1761 357 1800; x_wconf 87' lang='lat' dir='ltr'><strong>me</strong></span> <span class='ocrx_word' id='word_1_126' title='bbox 377 1756 501 1816; x_wconf 89' lang='lat' dir='ltr'><strong>post</strong></span> <span class='ocrx_word' id='word_1_127' title='bbox 520 1759 745 1809; x_wconf 87' lang='lat' dir='ltr'><strong>mortem</strong></span> <span class='ocrx_word' id='word_1_128' title='bbox 769 1753 949 1806; x_wconf 87' lang='lat' dir='ltr'><strong>carnis</strong></span> <span class='ocrx_word' id='word_1_129' title='bbox 969 1754 1234 1823; x_wconf 81' lang='lat' dir='ltr'><strong>perducas</strong></span> <span class='ocrx_word' id='word_1_130' title='bbox 1265 1753 1334 1810; x_wconf 87' lang='lat' dir='ltr'><strong>ad</strong></span> <span class='ocrx_word' id='word_1_131' title='bbox 1363 1769 1541 1808; x_wconf 82' lang='lat' dir='ltr'><strong>veram</strong></span> <span class='ocrx_word' id='word_1_132' title='bbox 1586 1753 1835 1818; x_wconf 84' lang='lat' dir='ltr'><strong>salutem,</strong></span> 
     </span>
    </p>
   </div>
   <div class='ocr_carea' id='block_1_19' title="bbox 1951 563 3514 642">
    <p class='ocr_par' dir='ltr' id='par_1_19' title="bbox 1951 563 3514 642">
     <span class='ocr_line' id='line_1_19' title="bbox 1951 563 3514 642; baseline -0.002 -14"><span class='ocrx_word' id='word_1_133' title='bbox 1951 585 2097 629; x_wconf 89' lang='lat' dir='ltr'><strong>tuam</strong></span> <span class='ocrx_word' id='word_1_134' title='bbox 2142 575 2375 631; x_wconf 81' lang='lat' dir='ltr'><strong>retineas</strong></span> <span class='ocrx_word' id='word_1_135' title='bbox 2428 576 2669 631; x_wconf 87' lang='lat' dir='ltr'><strong>furorem</strong></span> <span class='ocrx_word' id='word_1_136' title='bbox 2719 590 2927 637; x_wconf 87' lang='lat' dir='ltr'><strong>meum,</strong></span> <span class='ocrx_word' id='word_1_137' title='bbox 2985 573 3077 642; x_wconf 90' lang='lat' dir='ltr'><strong>qui</strong></span> <span class='ocrx_word' id='word_1_138' title='bbox 3123 586 3208 626; x_wconf 91' lang='lat' dir='ltr'><strong>me</strong></span> <span class='ocrx_word' id='word_1_139' title='bbox 3253 563 3420 625; x_wconf 79' lang='lat' dir='ltr'><strong>trahit</strong></span> <span class='ocrx_word' id='word_1_140' title='bbox 3448 572 3514 625; x_wconf 89' lang='lat' dir='ltr'><strong>ad</strong></span> 
     </span>
    </p>
   </div>
   <div class='ocr_carea' id='block_1_20' title="bbox 1949 661 3514 735">
    <p class='ocr_par' dir='ltr' id='par_1_20' title="bbox 1949 661 3514 735">
     <span class='ocr_line' id='line_1_20' title="bbox 1949 661 3514 735; baseline 0.001 -16"><span class='ocrx_word' id='word_1_141' title='bbox 1949 674 2246 735; x_wconf 89' lang='lat' dir='ltr'><strong>peccatum,</strong></span> <span class='ocrx_word' id='word_1_142' title='bbox 2295 677 2350 722; x_wconf 92' lang='lat' dir='ltr'><strong>et</strong></span> <span class='ocrx_word' id='word_1_143' title='bbox 2393 667 2690 722; x_wconf 82' lang='lat' dir='ltr'><strong>confundas</strong></span> <span class='ocrx_word' id='word_1_144' title='bbox 2729 675 2781 721; x_wconf 90' lang='lat' dir='ltr'><strong>et</strong></span> <span class='ocrx_word' id='word_1_145' title='bbox 2823 667 3070 720; x_wconf 90' lang='lat' dir='ltr'><strong>destruas</strong></span> <span class='ocrx_word' id='word_1_146' title='bbox 3115 677 3275 718; x_wconf 90' lang='lat' dir='ltr'><strong>omne</strong></span> <span class='ocrx_word' id='word_1_147' title='bbox 3315 661 3514 720; x_wconf 85' lang='lat' dir='ltr'><strong>malum</strong></span> 
     </span>
    </p>
   </div>
   <div class='ocr_carea' id='block_1_21' title="bbox 1949 753 3507 826">
    <p class='ocr_par' dir='ltr' id='par_1_21' title="bbox 1949 753 3507 826">
     <span class='ocr_line' id='line_1_21' title="bbox 1949 753 3507 826; baseline 0.001 -20"><span class='ocrx_word' id='word_1_148' title='bbox 1949 755 2292 820; x_wconf 86' lang='lat' dir='ltr'><strong>desiderium,</strong></span> <span class='ocrx_word' id='word_1_149' title='bbox 2325 757 2465 825; x_wconf 86' lang='lat' dir='ltr'><strong>quod</strong></span> <span class='ocrx_word' id='word_1_150' title='bbox 2490 753 2752 826; x_wconf 74' lang='lat' dir='ltr'><strong>pervertit</strong></span> <span class='ocrx_word' id='word_1_151' title='bbox 2786 756 2838 810; x_wconf 90' lang='lat' dir='ltr'><strong>iu</strong></span> <span class='ocrx_word' id='word_1_152' title='bbox 2871 770 2954 809; x_wconf 90' lang='lat' dir='ltr'><strong>me</strong></span> <span class='ocrx_word' id='word_1_153' title='bbox 2992 754 3084 788; x_wconf 78' lang='grc'><strong>¹⁸⁷⁹</strong></span> <span class='ocrx_word' id='word_1_154' title='bbox 3109 769 3321 809; x_wconf 85' lang='lat' dir='ltr'><strong>onmem</strong></span> <span class='ocrx_word' id='word_1_155' title='bbox 3353 754 3507 810; x_wconf 83' lang='lat' dir='ltr'><strong>recti-</strong></span> 
     </span>
    </p>
   </div>
   <div class='ocr_carea' id='block_1_22' title="bbox 1951 846 3034 911">
    <p class='ocr_par' dir='ltr' id='par_1_22' title="bbox 1951 846 3034 911">
     <span class='ocr_line' id='line_1_22' title="bbox 1951 846 3034 911; baseline 0.012 -13"><span class='ocrx_word' id='word_1_156' title='bbox 1951 846 2148 900; x_wconf 88' lang='lat' dir='ltr'><strong>tudinis</strong></span> <span class='ocrx_word' id='word_1_157' title='bbox 2173 862 2409 902; x_wconf 87' lang='lat' dir='ltr'><strong>sensum.</strong></span> <span class='ocrx_word' id='word_1_158' title='bbox 3026 903 3034 911; x_wconf 89' lang='lat'><strong>.</strong></span> 
     </span>
    </p>
   </div>
   <div class='ocr_carea' id='block_1_23' title="bbox 1989 933 3511 1004">
    <p class='ocr_par' dir='ltr' id='par_1_23' title="bbox 1989 933 3511 1004">
     <span class='ocr_line' id='line_1_23' title="bbox 1989 933 3511 1004; baseline 0.003 -17"><span class='ocrx_word' id='word_1_159' title='bbox 1989 965 1992 970; x_wconf 96' lang='lat'><strong><em>-</em></strong></span> <span class='ocrx_word' id='word_1_160' title='bbox 2017 934 2337 1004; x_wconf 85' lang='lat' dir='ltr'><strong>Aliquando,</strong></span> <span class='ocrx_word' id='word_1_161' title='bbox 2363 933 2570 994; x_wconf 84' lang='lat' dir='ltr'><strong>amator</strong></span> <span class='ocrx_word' id='word_1_162' title='bbox 2599 938 2874 994; x_wconf 85' lang='lat' dir='ltr'><strong>hominum</strong></span> <span class='ocrx_word' id='word_1_163' title='bbox 2919 940 3008 972; x_wconf 66' lang='lat'><strong>&quot;3°</strong></span> <span class='ocrx_word' id='word_1_164' title='bbox 3036 941 3195 1004; x_wconf 85' lang='lat' dir='ltr'><strong>Deus,</strong></span> <span class='ocrx_word' id='word_1_165' title='bbox 3225 953 3346 994; x_wconf 89' lang='lat' dir='ltr'><strong>eum</strong></span> <span class='ocrx_word' id='word_1_166' title='bbox 3392 944 3511 994; x_wconf 82' lang='lat' dir='ltr'><strong>stu-</strong></span> 
     </span>
    </p>
   </div>
   <div class='ocr_carea' id='block_1_24' title="bbox 1947 1023 3513 1097">
    <p class='ocr_par' dir='ltr' id='par_1_24' title="bbox 1947 1023 3513 1097">
     <span class='ocr_line' id='line_1_24' title="bbox 1947 1023 3513 1097; baseline 0.001 -19"><span class='ocrx_word' id='word_1_167' title='bbox 1947 1023 2152 1078; x_wconf 87' lang='lat' dir='ltr'><strong>diosius</strong></span> <span class='ocrx_word' id='word_1_168' title='bbox 2171 1023 2261 1056; x_wconf 76' lang='grc'><strong>¹³⁸⁸</strong></span> <span class='ocrx_word' id='word_1_169' title='bbox 2281 1024 2478 1094; x_wconf 72' lang='lat' dir='ltr'><strong>cogito.</strong></span> <span class='ocrx_word' id='word_1_170' title='bbox 2503 1035 2558 1080; x_wconf 89' lang='lat' dir='ltr'><strong>et</strong></span> <span class='ocrx_word' id='word_1_171' title='bbox 2588 1025 2726 1080; x_wconf 88' lang='lat' dir='ltr'><strong>male</strong></span> <span class='ocrx_word' id='word_1_172' title='bbox 2756 1027 2846 1059; x_wconf 71' lang='grc'><strong>⁸³³·</strong></span> <span class='ocrx_word' id='word_1_173' title='bbox 2873 1043 2990 1097; x_wconf 67' lang='lat' dir='ltr'><strong>qum</strong></span> <span class='ocrx_word' id='word_1_174' title='bbox 3019 1027 3291 1082; x_wconf 89' lang='lat' dir='ltr'><strong>multoties</strong></span> <span class='ocrx_word' id='word_1_175' title='bbox 3323 1024 3426 1080; x_wconf 86' lang='lat' dir='ltr'><strong>feci</strong></span> <span class='ocrx_word' id='word_1_176' title='bbox 3455 1031 3513 1082; x_wconf 85' lang='lat' dir='ltr'><strong>et</strong></span> 
     </span>
    </p>
   </div>
   <div class='ocr_carea' id='block_1_25' title="bbox 1946 1112 3507 1182">
    <p class='ocr_par' dir='ltr' id='par_1_25' title="bbox 1946 1112 3507 1182">
     <span class='ocr_line' id='line_1_25' title="bbox 1946 1112 3507 1182; baseline 0.001 -16"><span class='ocrx_word' id='word_1_177' title='bbox 1946 1112 2121 1166; x_wconf 90' lang='lat' dir='ltr'><strong>adhuc</strong></span> <span class='ocrx_word' id='word_1_178' title='bbox 2147 1112 2312 1167; x_wconf 86' lang='lat' dir='ltr'><strong>miser</strong></span> <span class='ocrx_word' id='word_1_179' title='bbox 2339 1121 2392 1166; x_wconf 91' lang='lat' dir='ltr'><strong>et</strong></span> <span class='ocrx_word' id='word_1_180' title='bbox 2417 1122 2670 1182; x_wconf 89' lang='lat' dir='ltr'><strong>peccator</strong></span> <span class='ocrx_word' id='word_1_181' title='bbox 2697 1112 2872 1168; x_wconf 88' lang='lat' dir='ltr'><strong>facere</strong></span> <span class='ocrx_word' id='word_1_182' title='bbox 2901 1130 3011 1170; x_wconf 90' lang='lat' dir='ltr'><strong>non</strong></span> <span class='ocrx_word' id='word_1_183' title='bbox 3052 1115 3250 1178; x_wconf 86' lang='lat' dir='ltr'><strong>desisto</strong></span> <span class='ocrx_word' id='word_1_184' title='bbox 3285 1114 3351 1168; x_wconf 90' lang='lat' dir='ltr'><strong>ad</strong></span> <span class='ocrx_word' id='word_1_185' title='bbox 3391 1129 3507 1168; x_wconf 89' lang='lat' dir='ltr'><strong>me-</strong></span> 
     </span>
    </p>
   </div>
   <div class='ocr_carea' id='block_1_26' title="bbox 1945 1203 3571 1275">
    <p class='ocr_par' dir='ltr' id='par_1_26' title="bbox 1945 1203 3571 1275">
     <span class='ocr_line' id='line_1_26' title="bbox 1945 1203 3571 1275; baseline 0 -17"><span class='ocrx_word' id='word_1_186' title='bbox 1945 1206 2171 1258; x_wconf 87' lang='lat' dir='ltr'><strong>moriam</strong></span> <span class='ocrx_word' id='word_1_187' title='bbox 2216 1205 2438 1268; x_wconf 89' lang='lat' dir='ltr'><strong>reduco,</strong></span> <span class='ocrx_word' id='word_1_188' title='bbox 2487 1212 2540 1257; x_wconf 85' lang='lat' dir='ltr'><strong>et</strong></span> <span class='ocrx_word' id='word_1_189' title='bbox 2587 1204 2874 1272; x_wconf 85' lang='lat' dir='ltr'><strong>diligenter</strong></span> <span class='ocrx_word' id='word_1_190' title='bbox 2900 1205 3112 1260; x_wconf 90' lang='lat' dir='ltr'><strong>intueor</strong></span> <span class='ocrx_word' id='word_1_191' title='bbox 3151 1205 3388 1275; x_wconf 85' lang='lat' dir='ltr'><strong>qualiter</strong></span> <span class='ocrx_word' id='word_1_192' title='bbox 3417 1203 3508 1236; x_wconf 83' lang='grc'><strong>¹⁸³⁸</strong></span> <span class='ocrx_word' id='word_1_193' title='bbox 3552 1233 3571 1253; x_wconf 78' lang='grc' dir='ltr'><strong><em>ο</em></strong></span> 
     </span>
    </p>
   </div>
   <div class='ocr_carea' id='block_1_27' title="bbox 1944 1291 3509 1362">
    <p class='ocr_par' dir='ltr' id='par_1_27' title="bbox 1944 1291 3509 1362">
     <span class='ocr_line' id='line_1_27' title="bbox 1944 1291 3509 1362; baseline 0.003 -17"><span class='ocrx_word' id='word_1_194' title='bbox 1944 1293 2141 1356; x_wconf 88' lang='lat' dir='ltr'><strong>vivam,</strong></span> <span class='ocrx_word' id='word_1_195' title='bbox 2170 1293 2404 1362; x_wconf 84' lang='lat' dir='ltr'><strong>qualiter</strong></span> <span class='ocrx_word' id='word_1_196' title='bbox 2449 1293 2562 1362; x_wconf 90' lang='lat' dir='ltr'><strong>ipsa</strong></span> <span class='ocrx_word' id='word_1_197' title='bbox 2596 1291 2734 1346; x_wconf 89' lang='lat' dir='ltr'><strong>mala</strong></span> <span class='ocrx_word' id='word_1_198' title='bbox 2780 1306 2898 1361; x_wconf 70' lang='lat' dir='ltr'><strong>qua:</strong></span> <span class='ocrx_word' id='word_1_199' title='bbox 2923 1291 3022 1346; x_wconf 92' lang='lat' dir='ltr'><strong>feci</strong></span> <span class='ocrx_word' id='word_1_200' title='bbox 3067 1304 3122 1346; x_wconf 87' lang='lat' dir='ltr'><strong>et</strong></span> <span class='ocrx_word' id='word_1_201' title='bbox 3151 1295 3327 1349; x_wconf 87' lang='lat' dir='ltr'><strong>adlmc</strong></span> <span class='ocrx_word' id='word_1_202' title='bbox 3371 1294 3509 1349; x_wconf 86' lang='lat' dir='ltr'><strong>facio</strong></span> 
     </span>
    </p>
   </div>
   <div class='ocr_carea' id='block_1_28' title="bbox 1940 1381 3510 1455">
    <p class='ocr_par' dir='ltr' id='par_1_28' title="bbox 1940 1381 3510 1455">
     <span class='ocr_line' id='line_1_28' title="bbox 1940 1381 3510 1455; baseline 0.003 -18"><span class='ocrx_word' id='word_1_203' title='bbox 1940 1386 2212 1454; x_wconf 83' lang='lat' dir='ltr'><strong>plangam,</strong></span> <span class='ocrx_word' id='word_1_204' title='bbox 2243 1385 2388 1455; x_wconf 84' lang='lat' dir='ltr'><strong>quod</strong></span> <span class='ocrx_word' id='word_1_205' title='bbox 2424 1384 2677 1442; x_wconf 88' lang='lat' dir='ltr'><strong>sacerdos</strong></span> <span class='ocrx_word' id='word_1_206' title='bbox 2717 1384 2890 1450; x_wconf 90' lang='lat' dir='ltr'><strong>dicor,</strong></span> <span class='ocrx_word' id='word_1_207' title='bbox 2917 1381 3009 1438; x_wconf 66' lang='lat' dir='ltr'><strong>sed</strong></span> <span class='ocrx_word' id='word_1_208' title='bbox 3051 1383 3279 1448; x_wconf 75' lang='lat' dir='ltr'><strong>officium</strong></span> <span class='ocrx_word' id='word_1_209' title='bbox 3327 1400 3510 1441; x_wconf 79' lang='lat' dir='ltr'><strong>sacer-</strong></span> 
     </span>
    </p>
   </div>
   <div class='ocr_carea' id='block_1_29' title="bbox 1942 1471 3510 1542">
    <p class='ocr_par' dir='ltr' id='par_1_29' title="bbox 1942 1471 3510 1542">
     <span class='ocr_line' id='line_1_29' title="bbox 1942 1471 3510 1542; baseline 0.002 -16"><span class='ocrx_word' id='word_1_210' title='bbox 1942 1472 2082 1526; x_wconf 86' lang='lat' dir='ltr'><strong>dotis</strong></span> <span class='ocrx_word' id='word_1_211' title='bbox 2129 1472 2380 1542; x_wconf 83' lang='lat' dir='ltr'><strong>operibus</strong></span> <span class='ocrx_word' id='word_1_212' title='bbox 2412 1472 2588 1542; x_wconf 85' lang='lat' dir='ltr'><strong>dignis</strong></span> <span class='ocrx_word' id='word_1_213' title='bbox 2636 1485 2740 1525; x_wconf 90' lang='lat' dir='ltr'><strong>non</strong></span> <span class='ocrx_word' id='word_1_214' title='bbox 2785 1471 3004 1542; x_wconf 90' lang='lat' dir='ltr'><strong>impleo,</strong></span> <span class='ocrx_word' id='word_1_215' title='bbox 3053 1473 3296 1540; x_wconf 86' lang='lat' dir='ltr'><strong>quamvis</strong></span> <span class='ocrx_word' id='word_1_216' title='bbox 3341 1481 3393 1526; x_wconf 92' lang='lat' dir='ltr'><strong>et</strong></span> <span class='ocrx_word' id='word_1_217' title='bbox 3444 1473 3510 1529; x_wconf 87' lang='lat' dir='ltr'><strong>de</strong></span> 
     </span>
    </p>
   </div>
   <div class='ocr_carea' id='block_1_30' title="bbox 1926 1561 3512 1633">
    <p class='ocr_par' dir='ltr' id='par_1_30' title="bbox 1926 1561 3512 1633">
     <span class='ocr_line' id='line_1_30' title="bbox 1926 1561 3512 1633; baseline 0.002 -17"><span class='ocrx_word' id='word_1_218' title='bbox 1926 1562 2124 1618; x_wconf 85' lang='lat' dir='ltr'><strong>multis</strong></span> <span class='ocrx_word' id='word_1_219' title='bbox 2162 1562 2283 1632; x_wconf 79' lang='lat' dir='ltr'><strong>aliis</strong></span> <span class='ocrx_word' id='word_1_220' title='bbox 2334 1577 2452 1631; x_wconf 69' lang='lat' dir='ltr'><strong>qua:</strong></span> <span class='ocrx_word' id='word_1_221' title='bbox 2505 1561 2635 1628; x_wconf 90' lang='lat' dir='ltr'><strong>feci,</strong></span> <span class='ocrx_word' id='word_1_222' title='bbox 2691 1562 2916 1618; x_wconf 89' lang='lat' dir='ltr'><strong>multum</strong></span> <span class='ocrx_word' id='word_1_223' title='bbox 2973 1563 3385 1633; x_wconf 82' lang='lat' dir='ltr'><strong>pertimescam,</strong></span> <span class='ocrx_word' id='word_1_224' title='bbox 3444 1566 3512 1619; x_wconf 84' lang='lat' dir='ltr'><strong>de</strong></span> 
     </span>
    </p>
   </div>
   <div class='ocr_carea' id='block_1_31' title="bbox 1939 1652 3511 1731">
    <p class='ocr_par' dir='ltr' id='par_1_31' title="bbox 1939 1652 3511 1731">
     <span class='ocr_line' id='line_1_31' title="bbox 1939 1652 3511 1731; baseline 0.001 -24"><span class='ocrx_word' id='word_1_225' title='bbox 1939 1652 2098 1723; x_wconf 86' lang='lat' dir='ltr'><strong>hujus</strong></span> <span class='ocrx_word' id='word_1_226' title='bbox 2121 1652 2281 1707; x_wconf 85' lang='lat' dir='ltr'><strong>ollicii</strong></span> <span class='ocrx_word' id='word_1_227' title='bbox 2312 1653 2608 1722; x_wconf 78' lang='lat' dir='ltr'><strong>dignitate,</strong></span> <span class='ocrx_word' id='word_1_228' title='bbox 2639 1667 2800 1722; x_wconf 89' lang='lat' dir='ltr'><strong>quam</strong></span> <span class='ocrx_word' id='word_1_229' title='bbox 2847 1653 3098 1725; x_wconf 84' lang='lat' dir='ltr'><strong>indignus</strong></span> <span class='ocrx_word' id='word_1_230' title='bbox 3129 1663 3313 1731; x_wconf 90' lang='lat' dir='ltr'><strong>porto,</strong></span> <span class='ocrx_word' id='word_1_231' title='bbox 3349 1670 3511 1725; x_wconf 88' lang='lat' dir='ltr'><strong>super</strong></span> 
     </span>
    </p>
   </div>
   <div class='ocr_carea' id='block_1_32' title="bbox 1938 1738 3512 1810">
    <p class='ocr_par' dir='ltr' id='par_1_32' title="bbox 1938 1738 3512 1810">
     <span class='ocr_line' id='line_1_32' title="bbox 1938 1738 3512 1810; baseline 0.003 -15"><span class='ocrx_word' id='word_1_232' title='bbox 1938 1739 2120 1795; x_wconf 91' lang='lat' dir='ltr'><strong>omnia</strong></span> <span class='ocrx_word' id='word_1_233' title='bbox 2150 1754 2269 1808; x_wconf 74' lang='lat' dir='ltr'><strong>qure</strong></span> <span class='ocrx_word' id='word_1_234' title='bbox 2298 1739 2429 1793; x_wconf 89' lang='lat' dir='ltr'><strong>mihi</strong></span> <span class='ocrx_word' id='word_1_235' title='bbox 2459 1738 2678 1794; x_wconf 87' lang='lat' dir='ltr'><strong>evenire</strong></span> <span class='ocrx_word' id='word_1_236' title='bbox 2721 1749 2944 1810; x_wconf 89' lang='lat' dir='ltr'><strong>possunt</strong></span> <span class='ocrx_word' id='word_1_237' title='bbox 2988 1741 3218 1796; x_wconf 87' lang='lat' dir='ltr'><strong>formido</strong></span> <span class='ocrx_word' id='word_1_238' title='bbox 3272 1742 3384 1795; x_wconf 63' lang='lat'><strong>‘3“.</strong></span> <span class='ocrx_word' id='word_1_239' title='bbox 3417 1743 3512 1800; x_wconf 77' lang='lat' dir='ltr'><strong>Est</strong></span> 
     </span>
    </p>
   </div>
   <div class='ocr_carea' id='block_1_33' title="bbox 266 1827 1834 1906">
    <p class='ocr_par' dir='ltr' id='par_1_33' title="bbox 266 1834 1834 1906">
     <span class='ocr_line' id='line_1_33' title="bbox 266 1834 1834 1906; baseline 0.006 -19"><span class='ocrx_word' id='word_1_240' title='bbox 266 1834 483 1891; x_wconf 85' lang='lat' dir='ltr'><strong>scilicet</strong></span> <span class='ocrx_word' id='word_1_241' title='bbox 505 1837 572 1891; x_wconf 88' lang='lat' dir='ltr'><strong>ad</strong></span> <span class='ocrx_word' id='word_1_242' title='bbox 605 1846 656 1892; x_wconf 92' lang='lat' dir='ltr'><strong>te</strong></span> <span class='ocrx_word' id='word_1_243' title='bbox 677 1853 862 1894; x_wconf 91' lang='lat' dir='ltr'><strong>verum</strong></span> <span class='ocrx_word' id='word_1_244' title='bbox 894 1841 1261 1906; x_wconf 88' lang='lat' dir='ltr'><strong>Sacerdotem,</strong></span> <span class='ocrx_word' id='word_1_245' title='bbox 1283 1842 1374 1898; x_wconf 89' lang='lat' dir='ltr'><strong>ubi</strong></span> <span class='ocrx_word' id='word_1_246' title='bbox 1406 1857 1525 1897; x_wconf 92' lang='lat' dir='ltr'><strong>cum</strong></span> <span class='ocrx_word' id='word_1_247' title='bbox 1579 1842 1701 1897; x_wconf 90' lang='lat' dir='ltr'><strong>aliis</strong></span> <span class='ocrx_word' id='word_1_248' title='bbox 1750 1857 1834 1897; x_wconf 88' lang='lat' dir='ltr'><strong>sa-</strong></span> 
     </span>
    </p>
   </div>
   <div class='ocr_carea' id='block_1_34' title="bbox 1934 1827 3505 1906">
    <p class='ocr_par' dir='ltr' id='par_1_34' title="bbox 1939 1827 3505 1902">
     <span class='ocr_line' id='line_1_34' title="bbox 1939 1827 3505 1902; baseline 0.005 -21"><span class='ocrx_word' id='word_1_249' title='bbox 1939 1836 2119 1882; x_wconf 90' lang='lat' dir='ltr'><strong>autem</strong></span> <span class='ocrx_word' id='word_1_250' title='bbox 2167 1827 2325 1896; x_wconf 89' lang='lat' dir='ltr'><strong>hujus</strong></span> <span class='ocrx_word' id='word_1_251' title='bbox 2380 1827 2540 1884; x_wconf 75' lang='lat' dir='ltr'><strong>ollicii</strong></span> <span class='ocrx_word' id='word_1_252' title='bbox 2587 1829 2854 1900; x_wconf 77' lang='lat' dir='ltr'><strong>dignitas,</strong></span> <span class='ocrx_word' id='word_1_253' title='bbox 2911 1831 3191 1902; x_wconf 89' lang='lat' dir='ltr'><strong>plusquam</strong></span> <span class='ocrx_word' id='word_1_254' title='bbox 3247 1834 3505 1889; x_wconf 59' lang='lat' dir='ltr'><strong>aestimari</strong></span> 
     </span>
    </p>
   </div>
   <div class='ocr_carea' id='block_1_35' title="bbox 266 1925 1838 2002">
    <p class='ocr_par' dir='ltr' id='par_1_35' title="bbox 266 1925 1838 2002">
     <span class='ocr_line' id='line_1_35' title="bbox 266 1925 1838 2002; baseline 0.005 -26"><span class='ocrx_word' id='word_1_255' title='bbox 266 1925 606 1992; x_wconf 84' lang='lat' dir='ltr'><strong>cerdotihus,</strong></span> <span class='ocrx_word' id='word_1_256' title='bbox 633 1928 740 1982; x_wconf 90' lang='lat' dir='ltr'><strong>tuis</strong></span> <span class='ocrx_word' id='word_1_257' title='bbox 766 1929 1012 1984; x_wconf 88' lang='lat' dir='ltr'><strong>videlicet</strong></span> <span class='ocrx_word' id='word_1_258' title='bbox 1039 1931 1317 1995; x_wconf 87' lang='lat' dir='ltr'><strong>membris,</strong></span> <span class='ocrx_word' id='word_1_259' title='bbox 1340 1946 1438 2002; x_wconf 87' lang='lat' dir='ltr'><strong>ego</strong></span> <span class='ocrx_word' id='word_1_260' title='bbox 1467 1947 1682 2001; x_wconf 91' lang='lat' dir='ltr'><strong>quoque</strong></span> <span class='ocrx_word' id='word_1_261' title='bbox 1712 1939 1838 1984; x_wconf 91' lang='lat' dir='ltr'><strong>tunc</strong></span> 
     </span>
    </p>
   </div>
   <div class='ocr_carea' id='block_1_36' title="bbox 264 2018 1840 2092">
    <p class='ocr_par' dir='ltr' id='par_1_36' title="bbox 264 2018 1840 2092">
     <span class='ocr_line' id='line_1_36' title="bbox 264 2018 1840 2092; baseline 0.004 -26"><span class='ocrx_word' id='word_1_262' title='bbox 264 2028 374 2067; x_wconf 86' lang='lat' dir='ltr'><strong>non</strong></span> <span class='ocrx_word' id='word_1_263' title='bbox 396 2024 672 2084; x_wconf 88' lang='lat' dir='ltr'><strong>peccator,</strong></span> <span class='ocrx_word' id='word_1_264' title='bbox 709 2018 806 2074; x_wconf 85' lang='lat' dir='ltr'><strong>sed</strong></span> <span class='ocrx_word' id='word_1_265' title='bbox 830 2018 1022 2085; x_wconf 74' lang='lat' dir='ltr'><strong>dignus</strong></span> <span class='ocrx_word' id='word_1_266' title='bbox 1041 2018 1292 2077; x_wconf 83' lang='lat' dir='ltr'><strong>sacerdos</strong></span> <span class='ocrx_word' id='word_1_267' title='bbox 1341 2030 1395 2076; x_wconf 89' lang='lat' dir='ltr'><strong>et</strong></span> <span class='ocrx_word' id='word_1_268' title='bbox 1426 2021 1642 2092; x_wconf 86' lang='lat' dir='ltr'><strong>dignum</strong></span> <span class='ocrx_word' id='word_1_269' title='bbox 1672 2035 1840 2075; x_wconf 88' lang='lat' dir='ltr'><strong>mem—</strong></span> 
     </span>
    </p>
   </div>
   <div class='ocr_carea' id='block_1_37' title="bbox 264 2101 1840 2178">
    <p class='ocr_par' dir='ltr' id='par_1_37' title="bbox 264 2101 1840 2178">
     <span class='ocr_line' id='line_1_37' title="bbox 264 2101 1840 2178; baseline 0.005 -24"><span class='ocrx_word' id='word_1_270' title='bbox 264 2101 425 2158; x_wconf 87' lang='lat' dir='ltr'><strong>brum</strong></span> <span class='ocrx_word' id='word_1_271' title='bbox 476 2108 722 2177; x_wconf 88' lang='lat' dir='ltr'><strong>corporis</strong></span> <span class='ocrx_word' id='word_1_272' title='bbox 766 2110 864 2174; x_wconf 91' lang='lat' dir='ltr'><strong>tui,</strong></span> <span class='ocrx_word' id='word_1_273' title='bbox 919 2119 971 2166; x_wconf 93' lang='lat' dir='ltr'><strong>te</strong></span> <span class='ocrx_word' id='word_1_274' title='bbox 1017 2109 1251 2176; x_wconf 87' lang='lat' dir='ltr'><strong>laudem,</strong></span> <span class='ocrx_word' id='word_1_275' title='bbox 1297 2119 1351 2166; x_wconf 90' lang='lat' dir='ltr'><strong>te</strong></span> <span class='ocrx_word' id='word_1_276' title='bbox 1389 2109 1692 2177; x_wconf 75' lang='lat' dir='ltr'><strong>gloriﬁcent</strong></span> <span class='ocrx_word' id='word_1_277' title='bbox 1743 2123 1840 2178; x_wconf 87' lang='lat' dir='ltr'><strong>per</strong></span> 
     </span>
    </p>
   </div>
   <div class='ocr_carea' id='block_1_38' title="bbox 261 2198 1506 2255">
    <p class='ocr_par' dir='ltr' id='par_1_38' title="bbox 261 2198 1506 2255">
     <span class='ocr_line' id='line_1_38' title="bbox 261 2198 1506 2255; baseline 0.012 -10"><span class='ocrx_word' id='word_1_278' title='bbox 261 2201 469 2250; x_wconf 60' lang='lat' dir='ltr'><strong>interna</strong></span> <span class='ocrx_word' id='word_1_279' title='bbox 498 2198 711 2254; x_wconf 72' lang='lat' dir='ltr'><strong>secula.</strong></span> <span class='ocrx_word' id='word_1_280' title='bbox 747 2199 942 2255; x_wconf 76' lang='lat' dir='ltr'><strong>Amen.</strong></span> <span class='ocrx_word' id='word_1_281' title='bbox 1501 2216 1506 2219; x_wconf 80' lang='lat'>&#39;</span> 
     </span>
    </p>
   </div>
   <div class='ocr_carea' id='block_1_39' title="bbox 744 2308 1360 2368">
    <p class='ocr_par' dir='ltr' id='par_1_39' title="bbox 744 2308 1360 2368">
     <span class='ocr_line' id='line_1_39' title="bbox 744 2308 1360 2368; baseline 0 -3"><span class='ocrx_word' id='word_1_282' title='bbox 744 2308 1002 2368; x_wconf 73' lang='lat' dir='ltr'><strong>ORATIO</strong></span> <span class='ocrx_word' id='word_1_283' title='bbox 1039 2310 1208 2366; x_wconf 74' lang='lat' dir='ltr'><strong>XXVI</strong></span> <span class='ocrx_word' id='word_1_284' title='bbox 1247 2311 1360 2365; x_wconf 81' lang='grc'><strong>¹⁸⁷³.</strong></span> 
     </span>
    </p>
   </div>
   <div class='ocr_carea' id='block_1_40' title="bbox 855 2415 1244 2458">
    <p class='ocr_par' dir='ltr' id='par_1_40' title="bbox 855 2415 1244 2458">
     <span class='ocr_line' id='line_1_40' title="bbox 855 2415 1244 2458; baseline 0.003 -4"><span class='ocrx_word' id='word_1_285' title='bbox 855 2417 923 2454; x_wconf 78' lang='grc' dir='ltr'><strong>ΔΙ)</strong></span> <span class='ocrx_word' id='word_1_286' title='bbox 959 2415 1244 2458; x_wconf 69' lang='grc' dir='ltr'><strong>οιηιιετωι.</strong></span> 
     </span>
    </p>
   </div>
   <div class='ocr_carea' id='block_1_41' title="bbox 261 2507 1838 2584">
    <p class='ocr_par' dir='ltr' id='par_1_41' title="bbox 261 2507 1838 2584">
     <span class='ocr_line' id='line_1_41' title="bbox 261 2507 1838 2584; baseline 0.005 -24"><span class='ocrx_word' id='word_1_287' title='bbox 261 2507 397 2562; x_wconf 78' lang='lat' dir='ltr'><strong>Cum</strong></span> <span class='ocrx_word' id='word_1_288' title='bbox 439 2511 991 2584; x_wconf 49' lang='lat' dir='ltr'><strong>secerdgsdiligenter</strong></span> <span class='ocrx_word' id='word_1_289' title='bbox 1029 2513 1403 2583; x_wconf 71' lang='lat' dir='ltr'><strong>confemplalur</strong></span> <span class='ocrx_word' id='word_1_290' title='bbox 1428 2530 1584 2584; x_wconf 79' lang='lat' dir='ltr'><strong>quam</strong></span> <span class='ocrx_word' id='word_1_291' title='bbox 1633 2516 1838 2569; x_wconf 83' lang='lat' dir='ltr'><strong>miseri-</strong></span> 
     </span>
    </p>
   </div>
   <div class='ocr_carea' id='block_1_42' title="bbox 331 2579 1851 2660">
    <p class='ocr_par' dir='ltr' id='par_1_42' title="bbox 331 2579 1851 2660">
     <span class='ocr_line' id='line_1_42' title="bbox 331 2579 1851 2660; baseline 0.005 -30"><span class='ocrx_word' id='word_1_292' title='bbox 331 2579 565 2660; x_wconf 44' lang='lat' dir='ltr'><strong>corr-liter</strong></span> <span class='ocrx_word' id='word_1_293' title='bbox 603 2579 918 2660; x_wconf 56' lang='lat' dir='ltr'><strong>{ledetttptor</strong></span> <span class='ocrx_word' id='word_1_294' title='bbox 957 2591 1130 2660; x_wconf 69' lang='lat' dir='ltr'><strong>uoster</strong></span> <span class='ocrx_word' id='word_1_295' title='bbox 1171 2579 1416 2660; x_wconf 60' lang='lat' dir='ltr'><strong>naturam</strong></span> <span class='ocrx_word' id='word_1_296' title='bbox 1440 2579 1634 2646; x_wconf 58' lang='lat' dir='ltr'><strong>&#39;nostrt&#39;</strong></span> <span class='ocrx_word' id='word_1_297' title='bbox 1685 2584 1851 2660; x_wconf 33' lang='lat' dir='ltr'><strong>limit.</strong></span> 
     </span>
    </p>
   </div>
   <div class='ocr_carea' id='block_1_43' title="bbox 333 2648 1314 2721">
    <p class='ocr_par' dir='ltr' id='par_1_43' title="bbox 333 2648 1314 2721">
     <span class='ocr_line' id='line_1_43' title="bbox 333 2648 1314 2721; baseline 0.005 -22"><span class='ocrx_word' id='word_1_298' title='bbox 333 2648 476 2701; x_wconf 80' lang='lat' dir='ltr'><strong>unde</strong></span> <span class='ocrx_word' id='word_1_299' title='bbox 496 2664 590 2702; x_wconf 78' lang='lat' dir='ltr'><strong>nos</strong></span> <span class='ocrx_word' id='word_1_300' title='bbox 611 2648 754 2717; x_wconf 77' lang='lat' dir='ltr'><strong>fecit,</strong></span> <span class='ocrx_word' id='word_1_301' title='bbox 778 2648 872 2718; x_wconf 73' lang='lat' dir='ltr'><strong>pro</strong></span> <span class='ocrx_word' id='word_1_302' title='bbox 901 2651 1044 2706; x_wconf 75' lang='lat' dir='ltr'><strong>nobis</strong></span> <span class='ocrx_word' id='word_1_303' title='bbox 1072 2652 1314 2721; x_wconf 71' lang='lat' dir='ltr'><strong>suscepit.</strong></span> 
     </span>
    </p>
   </div>
   <div class='ocr_carea' id='block_1_44' title="bbox 333 2732 1836 2804">
    <p class='ocr_par' dir='ltr' id='par_1_44' title="bbox 333 2732 1836 2804">
     <span class='ocr_line' id='line_1_44' title="bbox 333 2732 1836 2804; baseline 0.003 -14"><span class='ocrx_word' id='word_1_304' title='bbox 333 2733 563 2790; x_wconf 85' lang='lat' dir='ltr'><strong>Summe</strong></span> <span class='ocrx_word' id='word_1_305' title='bbox 600 2732 886 2800; x_wconf 83' lang='lat' dir='ltr'><strong>Sacerdos,</strong></span> <span class='ocrx_word' id='word_1_306' title='bbox 908 2748 965 2792; x_wconf 91' lang='lat' dir='ltr'><strong>et</strong></span> <span class='ocrx_word' id='word_1_307' title='bbox 1003 2735 1173 2804; x_wconf 88' lang='lat' dir='ltr'><strong>major</strong></span> <span class='ocrx_word' id='word_1_308' title='bbox 1206 2739 1419 2794; x_wconf 82' lang='lat' dir='ltr'><strong>caeteris</strong></span> <span class='ocrx_word' id='word_1_309' title='bbox 1465 2740 1836 2796; x_wconf 86' lang='lat' dir='ltr'><strong>sacerdotibus</strong></span> 
     </span>
    </p>
   </div>
   <div class='ocr_carea' id='block_1_45' title="bbox 260 2825 1830 2896">
    <p class='ocr_par' dir='ltr' id='par_1_45' title="bbox 260 2825 1830 2896">
     <span class='ocr_line' id='line_1_45' title="bbox 260 2825 1830 2896; baseline 0.003 -16"><span class='ocrx_word' id='word_1_310' title='bbox 260 2826 496 2881; x_wconf 82' lang='lat' dir='ltr'><strong>Doutine</strong></span> <span class='ocrx_word' id='word_1_311' title='bbox 522 2825 648 2882; x_wconf 84' lang='lat' dir='ltr'><strong>Jesu</strong></span> <span class='ocrx_word' id='word_1_312' title='bbox 677 2827 910 2896; x_wconf 85' lang='lat' dir='ltr'><strong>Christe,</strong></span> <span class='ocrx_word' id='word_1_313' title='bbox 946 2829 1032 2884; x_wconf 91' lang='lat' dir='ltr'><strong>cui</strong></span> <span class='ocrx_word' id='word_1_314' title='bbox 1071 2831 1311 2886; x_wconf 68' lang='lat' dir='ltr'><strong>adhaeret</strong></span> <span class='ocrx_word' id='word_1_315' title='bbox 1350 2831 1526 2885; x_wconf 90' lang='lat' dir='ltr'><strong>omnis</strong></span> <span class='ocrx_word' id='word_1_316' title='bbox 1558 2833 1830 2896; x_wconf 87' lang='lat' dir='ltr'><strong>sacerdos,</strong></span> 
     </span>
    </p>
   </div>
   <div class='ocr_carea' id='block_1_46' title="bbox 257 2916 1832 2989">
    <p class='ocr_par' dir='ltr' id='par_1_46' title="bbox 257 2916 1832 2989">
     <span class='ocr_line' id='line_1_46' title="bbox 257 2916 1832 2989; baseline 0.003 -19"><span class='ocrx_word' id='word_1_317' title='bbox 257 2916 371 2970; x_wconf 86' lang='lat' dir='ltr'><strong>imo</strong></span> <span class='ocrx_word' id='word_1_318' title='bbox 412 2916 593 2972; x_wconf 86' lang='lat' dir='ltr'><strong>omnis</strong></span> <span class='ocrx_word' id='word_1_319' title='bbox 633 2917 976 2974; x_wconf 85' lang='lat' dir='ltr'><strong>Christianus</strong></span> <span class='ocrx_word' id='word_1_320' title='bbox 1021 2919 1110 2989; x_wconf 85' lang='lat' dir='ltr'><strong>qui</strong></span> <span class='ocrx_word' id='word_1_321' title='bbox 1148 2920 1389 2976; x_wconf 88' lang='lat' dir='ltr'><strong>ambulat</strong></span> <span class='ocrx_word' id='word_1_322' title='bbox 1434 2935 1616 2975; x_wconf 90' lang='lat' dir='ltr'><strong>coram</strong></span> <span class='ocrx_word' id='word_1_323' title='bbox 1667 2929 1718 2975; x_wconf 90' lang='lat' dir='ltr'><strong>te</strong></span> <span class='ocrx_word' id='word_1_324' title='bbox 1776 2921 1832 2975; x_wconf 84' lang='lat' dir='ltr'><strong>in</strong></span> 
     </span>
    </p>
   </div>
   <div class='ocr_carea' id='block_1_47' title="bbox 257 3007 1831 3079">
    <p class='ocr_par' dir='ltr' id='par_1_47' title="bbox 257 3007 1831 3079">
     <span class='ocr_line' id='line_1_47' title="bbox 257 3007 1831 3079; baseline 0.003 -19"><span class='ocrx_word' id='word_1_325' title='bbox 257 3007 521 3072; x_wconf 80' lang='lat' dir='ltr'><strong>veritate,</strong></span> <span class='ocrx_word' id='word_1_326' title='bbox 545 3009 768 3064; x_wconf 89' lang='lat' dir='ltr'><strong>auribus</strong></span> <span class='ocrx_word' id='word_1_327' title='bbox 794 3010 1010 3079; x_wconf 88' lang='lat' dir='ltr'><strong>pietatis</strong></span> <span class='ocrx_word' id='word_1_328' title='bbox 1037 3018 1141 3064; x_wconf 77' lang='lat' dir='ltr'><strong>tuae</strong></span> <span class='ocrx_word' id='word_1_329' title='bbox 1165 3008 1286 3063; x_wconf 84' lang='lat' dir='ltr'><strong>audi</strong></span> <span class='ocrx_word' id='word_1_330' title='bbox 1320 3023 1502 3063; x_wconf 88' lang='lat' dir='ltr'><strong>vocem</strong></span> <span class='ocrx_word' id='word_1_331' title='bbox 1535 3011 1708 3063; x_wconf 86' lang='lat' dir='ltr'><strong>meam</strong></span> <span class='ocrx_word' id='word_1_332' title='bbox 1727 3051 1742 3077; x_wconf 97' lang='lat'><strong>,</strong></span> <span class='ocrx_word' id='word_1_333' title='bbox 1776 3021 1831 3065; x_wconf 89' lang='lat' dir='ltr'><strong>et</strong></span> 
     </span>
    </p>
   </div>
   <div class='ocr_carea' id='block_1_48' title="bbox 255 3097 1824 3164">
    <p class='ocr_par' dir='ltr' id='par_1_48' title="bbox 255 3097 1824 3164">
     <span class='ocr_line' id='line_1_48' title="bbox 255 3097 1824 3164; baseline 0.002 -15"><span class='ocrx_word' id='word_1_334' title='bbox 255 3097 305 3149; x_wconf 75' lang='grc' dir='ltr'><strong>εἰ</strong></span> <span class='ocrx_word' id='word_1_335' title='bbox 331 3105 482 3150; x_wconf 89' lang='lat' dir='ltr'><strong>recte</strong></span> <span class='ocrx_word' id='word_1_336' title='bbox 502 3110 716 3164; x_wconf 88' lang='lat' dir='ltr'><strong>precor,</strong></span> <span class='ocrx_word' id='word_1_337' title='bbox 746 3097 940 3151; x_wconf 84' lang='lat' dir='ltr'><strong>exaudi</strong></span> <span class='ocrx_word' id='word_1_338' title='bbox 965 3098 1263 3153; x_wconf 88' lang='lat' dir='ltr'><strong>orationetn</strong></span> <span class='ocrx_word' id='word_1_339' title='bbox 1297 3112 1505 3162; x_wconf 88' lang='lat' dir='ltr'><strong>meam;</strong></span> <span class='ocrx_word' id='word_1_340' title='bbox 1539 3112 1642 3151; x_wconf 90' lang='lat' dir='ltr'><strong>non</strong></span> <span class='ocrx_word' id='word_1_341' title='bbox 1682 3099 1824 3152; x_wconf 88' lang='lat' dir='ltr'><strong>enim</strong></span> 
     </span>
    </p>
   </div>
   <div class='ocr_carea' id='block_1_49' title="bbox 253 3183 1826 3258">
    <p class='ocr_par' dir='ltr' id='par_1_49' title="bbox 253 3183 1826 3258">
     <span class='ocr_line' id='line_1_49' title="bbox 253 3183 1826 3258; baseline 0.003 -21"><span class='ocrx_word' id='word_1_342' title='bbox 253 3184 402 3249; x_wconf 89' lang='lat' dir='ltr'><strong>volo,</strong></span> <span class='ocrx_word' id='word_1_343' title='bbox 449 3183 760 3241; x_wconf 87' lang='lat' dir='ltr'><strong>dulcissime</strong></span> <span class='ocrx_word' id='word_1_344' title='bbox 800 3183 981 3250; x_wconf 85' lang='lat' dir='ltr'><strong>Pater,</strong></span> <span class='ocrx_word' id='word_1_345' title='bbox 1026 3186 1224 3256; x_wconf 88' lang='lat' dir='ltr'><strong>aliquid</strong></span> <span class='ocrx_word' id='word_1_346' title='bbox 1254 3195 1306 3242; x_wconf 90' lang='lat' dir='ltr'><strong>te</strong></span> <span class='ocrx_word' id='word_1_347' title='bbox 1348 3203 1569 3258; x_wconf 86' lang='lat' dir='ltr'><strong>rogare,</strong></span> <span class='ocrx_word' id='word_1_348' title='bbox 1601 3188 1740 3258; x_wconf 84' lang='lat' dir='ltr'><strong>quod</strong></span> <span class='ocrx_word' id='word_1_349' title='bbox 1771 3189 1826 3242; x_wconf 82' lang='lat' dir='ltr'><strong>in</strong></span> 
     </span>
    </p>
   </div>
   <div class='ocr_carea' id='block_1_50' title="bbox 255 3272 1829 3348">
    <p class='ocr_par' dir='ltr' id='par_1_50' title="bbox 255 3272 1829 3348">
     <span class='ocr_line' id='line_1_50' title="bbox 255 3272 1829 3348; baseline 0.003 -21"><span class='ocrx_word' id='word_1_350' title='bbox 255 3273 507 3342; x_wconf 83' lang='lat' dir='ltr'><strong>rogando</strong></span> <span class='ocrx_word' id='word_1_351' title='bbox 541 3272 755 3342; x_wconf 88' lang='lat' dir='ltr'><strong>tejuste</strong></span> <span class='ocrx_word' id='word_1_352' title='bbox 777 3272 1258 3342; x_wconf 71' lang='lat' dir='ltr'><strong>possit&#39;oll’endere.</strong></span> <span class='ocrx_word' id='word_1_353' title='bbox 1285 3276 1355 3332; x_wconf 83' lang='lat' dir='ltr'><strong>Et</strong></span> <span class='ocrx_word' id='word_1_354' title='bbox 1379 3276 1424 3330; x_wconf 92' lang='lat' dir='ltr'><strong>si</strong></span> <span class='ocrx_word' id='word_1_355' title='bbox 1455 3276 1630 3345; x_wconf 88' lang='lat' dir='ltr'><strong>aliqua</strong></span> <span class='ocrx_word' id='word_1_356' title='bbox 1665 3277 1829 3348; x_wconf 78' lang='lat' dir='ltr'><strong>insci-</strong></span> 
     </span>
    </p>
   </div>
   <div class='ocr_carea' id='block_1_51' title="bbox 256 3360 1829 3432">
    <p class='ocr_par' dir='ltr' id='par_1_51' title="bbox 256 3360 1829 3432">
     <span class='ocr_line' id='line_1_51' title="bbox 256 3360 1829 3432; baseline 0.003 -17"><span class='ocrx_word' id='word_1_357' title='bbox 256 3361 336 3415; x_wconf 87' lang='lat' dir='ltr'><strong>tia</strong></span> <span class='ocrx_word' id='word_1_358' title='bbox 372 3360 492 3426; x_wconf 59' lang='lat'><strong>‘9&quot;,</strong></span> <span class='ocrx_word' id='word_1_359' title='bbox 522 3361 607 3416; x_wconf 88' lang='lat' dir='ltr'><strong>vel</strong></span> <span class='ocrx_word' id='word_1_360' title='bbox 640 3361 843 3416; x_wconf 89' lang='lat' dir='ltr'><strong>carnali</strong></span> <span class='ocrx_word' id='word_1_361' title='bbox 888 3361 983 3412; x_wconf 61' lang='grc' dir='ltr'><strong>ίὲτδ</strong></span> <span class='ocrx_word' id='word_1_362' title='bbox 1026 3362 1320 3428; x_wconf 80' lang='lat' dir='ltr'><strong>voluntate,</strong></span> <span class='ocrx_word' id='word_1_363' title='bbox 1367 3365 1506 3432; x_wconf 85' lang='lat' dir='ltr'><strong>quod</strong></span> <span class='ocrx_word' id='word_1_364' title='bbox 1547 3365 1618 3418; x_wconf 88' lang='lat' dir='ltr'><strong>sit</strong></span> <span class='ocrx_word' id='word_1_365' title='bbox 1643 3374 1829 3419; x_wconf 89' lang='lat' dir='ltr'><strong>contra</strong></span> 
     </span>
    </p>
   </div>
   <div class='ocr_carea' id='block_1_52' title="bbox 256 3451 1832 3522">
    <p class='ocr_par' dir='ltr' id='par_1_52' title="bbox 256 3451 1832 3522">
     <span class='ocr_line' id='line_1_52' title="bbox 256 3451 1832 3522; baseline 0.001 -14"><span class='ocrx_word' id='word_1_366' title='bbox 256 3451 498 3508; x_wconf 81' lang='lat' dir='ltr'><strong>salutem</strong></span> <span class='ocrx_word' id='word_1_367' title='bbox 531 3451 724 3506; x_wconf 61' lang='lat' dir='ltr'><strong>anima;</strong></span> <span class='ocrx_word' id='word_1_368' title='bbox 754 3467 906 3518; x_wconf 64' lang='lat' dir='ltr'><strong>metu,</strong></span> <span class='ocrx_word' id='word_1_369' title='bbox 959 3452 1160 3522; x_wconf 83' lang='lat' dir='ltr'><strong>aliquid</strong></span> <span class='ocrx_word' id='word_1_370' title='bbox 1195 3462 1246 3508; x_wconf 92' lang='lat' dir='ltr'><strong>te</strong></span> <span class='ocrx_word' id='word_1_371' title='bbox 1292 3468 1479 3522; x_wconf 85' lang='lat' dir='ltr'><strong>rogare</strong></span> <span class='ocrx_word' id='word_1_372' title='bbox 1527 3454 1678 3520; x_wconf 82' lang='lat' dir='ltr'><strong>volo,</strong></span> <span class='ocrx_word' id='word_1_373' title='bbox 1729 3457 1832 3510; x_wconf 88' lang='lat' dir='ltr'><strong>hoc</strong></span> 
     </span>
    </p>
   </div>
   <div class='ocr_carea' id='block_1_53' title="bbox 254 3542 1831 3615">
    <p class='ocr_par' dir='ltr' id='par_1_53' title="bbox 254 3542 1831 3615">
     <span class='ocr_line' id='line_1_53' title="bbox 254 3542 1831 3615; baseline 0.003 -19"><span class='ocrx_word' id='word_1_374' title='bbox 254 3556 426 3612; x_wconf 79' lang='lat' dir='ltr'><strong>super</strong></span> <span class='ocrx_word' id='word_1_375' title='bbox 458 3542 666 3603; x_wconf 87' lang='lat' dir='ltr'><strong>omnia,</strong></span> <span class='ocrx_word' id='word_1_376' title='bbox 716 3543 1215 3597; x_wconf 84' lang='lat' dir='ltr'><strong>misericordissime</strong></span> <span class='ocrx_word' id='word_1_377' title='bbox 1255 3545 1510 3609; x_wconf 88' lang='lat' dir='ltr'><strong>Domine,</strong></span> <span class='ocrx_word' id='word_1_378' title='bbox 1547 3560 1738 3615; x_wconf 89' lang='lat' dir='ltr'><strong>precor</strong></span> <span class='ocrx_word' id='word_1_379' title='bbox 1764 3561 1831 3600; x_wconf 90' lang='lat' dir='ltr'><strong>ne</strong></span> 
     </span>
    </p>
   </div>
   <div class='ocr_carea' id='block_1_54' title="bbox 256 3631 1830 3702">
    <p class='ocr_par' dir='ltr' id='par_1_54' title="bbox 256 3631 1830 3702">
     <span class='ocr_line' id='line_1_54' title="bbox 256 3631 1830 3702; baseline 0.003 -18"><span class='ocrx_word' id='word_1_380' title='bbox 256 3631 312 3685; x_wconf 90' lang='lat' dir='ltr'><strong>in</strong></span> <span class='ocrx_word' id='word_1_381' title='bbox 361 3631 668 3699; x_wconf 89' lang='lat' dir='ltr'><strong>hujusmodi</strong></span> <span class='ocrx_word' id='word_1_382' title='bbox 717 3632 1069 3700; x_wconf 85' lang='lat' dir='ltr'><strong>petitionibus</strong></span> <span class='ocrx_word' id='word_1_383' title='bbox 1118 3648 1203 3687; x_wconf 88' lang='lat' dir='ltr'><strong>me</strong></span> <span class='ocrx_word' id='word_1_384' title='bbox 1243 3649 1475 3702; x_wconf 89' lang='lat' dir='ltr'><strong>unquam</strong></span> <span class='ocrx_word' id='word_1_385' title='bbox 1507 3635 1635 3689; x_wconf 87' lang='lat' dir='ltr'><strong>velis</strong></span> <span class='ocrx_word' id='word_1_386' title='bbox 1666 3651 1830 3689; x_wconf 82' lang='lat' dir='ltr'><strong>exau-</strong></span> 
     </span>
    </p>
   </div>
   <div class='ocr_carea' id='block_1_55' title="bbox 254 3720 1825 3792">
    <p class='ocr_par' dir='ltr' id='par_1_55' title="bbox 254 3720 1825 3792">
     <span class='ocr_line' id='line_1_55' title="bbox 254 3720 1825 3792; baseline 0.001 -16"><span class='ocrx_word' id='word_1_387' title='bbox 254 3722 395 3776; x_wconf 89' lang='lat' dir='ltr'><strong>dire.</strong></span> <span class='ocrx_word' id='word_1_388' title='bbox 430 3720 604 3783; x_wconf 82' lang='lat' dir='ltr'><strong>Nosti,</strong></span> <span class='ocrx_word' id='word_1_389' title='bbox 635 3732 690 3778; x_wconf 92' lang='lat' dir='ltr'><strong>et</strong></span> <span class='ocrx_word' id='word_1_390' title='bbox 719 3723 854 3778; x_wconf 88' lang='lat' dir='ltr'><strong>bene</strong></span> <span class='ocrx_word' id='word_1_391' title='bbox 900 3723 1041 3779; x_wconf 88' lang='lat' dir='ltr'><strong>nosti</strong></span> <span class='ocrx_word' id='word_1_392' title='bbox 1088 3723 1203 3787; x_wconf 74' lang='lat'><strong>“7&#39;,</strong></span> <span class='ocrx_word' id='word_1_393' title='bbox 1234 3723 1616 3792; x_wconf 80' lang='lat' dir='ltr'><strong>benignissime</strong></span> <span class='ocrx_word' id='word_1_394' title='bbox 1655 3724 1825 3788; x_wconf 87' lang='lat' dir='ltr'><strong>Deus,</strong></span> 
     </span>
    </p>
   </div>
   <div class='ocr_carea' id='block_1_56' title="bbox 253 3811 1829 3885">
    <p class='ocr_par' dir='ltr' id='par_1_56' title="bbox 253 3811 1829 3885">
     <span class='ocr_line' id='line_1_56' title="bbox 253 3811 1829 3885; baseline 0.005 -22"><span class='ocrx_word' id='word_1_395' title='bbox 253 3813 483 3880; x_wconf 85' lang='lat' dir='ltr'><strong>quantis</strong></span> <span class='ocrx_word' id='word_1_396' title='bbox 531 3812 888 3878; x_wconf 89' lang='lat' dir='ltr'><strong>illusionibus,</strong></span> <span class='ocrx_word' id='word_1_397' title='bbox 937 3811 1153 3882; x_wconf 86' lang='lat' dir='ltr'><strong>quantis</strong></span> <span class='ocrx_word' id='word_1_398' title='bbox 1201 3812 1562 3881; x_wconf 82' lang='lat' dir='ltr'><strong>vanitatibus,</strong></span> <span class='ocrx_word' id='word_1_399' title='bbox 1613 3815 1829 3885; x_wconf 81' lang='lat' dir='ltr'><strong>quantis</strong></span> 
     </span>
    </p>
   </div>
   <div class='ocr_carea' id='block_1_57' title="bbox 260 3902 1829 3973">
    <p class='ocr_par' dir='ltr' id='par_1_57' title="bbox 260 3902 1829 3973">
     <span class='ocr_line' id='line_1_57' title="bbox 260 3902 1829 3973; baseline -0.001 -15"><span class='ocrx_word' id='word_1_400' title='bbox 260 3903 574 3958; x_wconf 88' lang='lat' dir='ltr'><strong>carnalium</strong></span> <span class='ocrx_word' id='word_1_401' title='bbox 596 3903 990 3957; x_wconf 84' lang='lat' dir='ltr'><strong>desideriorum</strong></span> <span class='ocrx_word' id='word_1_402' title='bbox 1017 3902 1399 3971; x_wconf 87' lang='lat' dir='ltr'><strong>voluptatibus,</strong></span> <span class='ocrx_word' id='word_1_403' title='bbox 1423 3904 1638 3973; x_wconf 90' lang='lat' dir='ltr'><strong>quantis</strong></span> <span class='ocrx_word' id='word_1_404' title='bbox 1661 3919 1829 3960; x_wconf 84' lang='lat' dir='ltr'><strong>saecu-</strong></span> 
     </span>
    </p>
   </div>
   <div class='ocr_carea' id='block_1_58' title="bbox 253 3992 1831 4063">
    <p class='ocr_par' dir='ltr' id='par_1_58' title="bbox 253 3992 1831 4063">
     <span class='ocr_line' id='line_1_58' title="bbox 253 3992 1831 4063; baseline 0.003 -17"><span class='ocrx_word' id='word_1_405' title='bbox 253 3992 459 4047; x_wconf 88' lang='lat' dir='ltr'><strong>larium</strong></span> <span class='ocrx_word' id='word_1_406' title='bbox 495 3992 848 4062; x_wconf 89' lang='lat' dir='ltr'><strong>cupiditatum</strong></span> <span class='ocrx_word' id='word_1_407' title='bbox 870 3992 1286 4062; x_wconf 89' lang='lat' dir='ltr'><strong>appetitionibus</strong></span> <span class='ocrx_word' id='word_1_408' title='bbox 1311 3993 1400 4025; x_wconf 82' lang='grc'>³³⁷⁶</span> <span class='ocrx_word' id='word_1_409' title='bbox 1426 3995 1571 4049; x_wconf 90' lang='lat' dir='ltr'><strong>omni</strong></span> <span class='ocrx_word' id='word_1_410' title='bbox 1601 3997 1751 4063; x_wconf 89' lang='lat' dir='ltr'><strong>hora,</strong></span> <span class='ocrx_word' id='word_1_411' title='bbox 1776 4007 1831 4050; x_wconf 91' lang='lat' dir='ltr'><strong>et</strong></span> 
     </span>
    </p>
   </div>
   <div class='ocr_carea' id='block_1_59' title="bbox 249 4063 1866 4138">
    <p class='ocr_par' dir='ltr' id='par_1_59' title="bbox 249 4063 1866 4138">
     <span class='ocr_line' id='line_1_59' title="bbox 249 4063 1866 4138; baseline 0.002 -3"><span class='ocrx_word' id='word_1_412' title='bbox 249 4081 377 4136; x_wconf 88' lang='lat' dir='ltr'><strong>sine</strong></span> <span class='ocrx_word' id='word_1_413' title='bbox 403 4072 810 4135; x_wconf 87' lang='lat' dir='ltr'><strong>intermissione</strong></span> <span class='ocrx_word' id='word_1_414' title='bbox 836 4081 1145 4136; x_wconf 85' lang='lat' dir='ltr'><strong>vulneretur</strong></span> <span class='ocrx_word' id='word_1_415' title='bbox 1165 4063 1370 4135; x_wconf 55' lang='lat' dir='ltr'><strong>&quot;infelis</strong></span> <span class='ocrx_word' id='word_1_416' title='bbox 1404 4082 1616 4137; x_wconf 89' lang='lat' dir='ltr'><strong>animus</strong></span> <span class='ocrx_word' id='word_1_417' title='bbox 1654 4097 1826 4138; x_wconf 89' lang='lat' dir='ltr'><strong>meus.</strong></span> <span class='ocrx_word' id='word_1_418' title='bbox 1862 4093 1866 4097; x_wconf 78' lang='lat'><strong>‘</strong></span> 
     </span>
    </p>
   </div>
   <div class='ocr_carea' id='block_1_60' title="bbox 251 4154 1825 4238">
    <p class='ocr_par' dir='ltr' id='par_1_60' title="bbox 251 4154 1825 4238">
     <span class='ocr_line' id='line_1_60' title="bbox 251 4154 1825 4238; baseline 0.001 -14"><span class='ocrx_word' id='word_1_419' title='bbox 251 4154 632 4224; x_wconf 62' lang='lat' dir='ltr'><strong>Et&#39;multoties</strong></span> <span class='ocrx_word' id='word_1_420' title='bbox 657 4169 834 4223; x_wconf 85' lang='lat' dir='ltr'><strong>evenit</strong></span> <span class='ocrx_word' id='word_1_421' title='bbox 863 4178 922 4222; x_wconf 92' lang='lat' dir='ltr'><strong>ut</strong></span> <span class='ocrx_word' id='word_1_422' title='bbox 967 4179 1019 4223; x_wconf 92' lang='lat' dir='ltr'><strong>tu</strong></span> <span class='ocrx_word' id='word_1_423' title='bbox 1070 4169 1204 4238; x_wconf 89' lang='lat' dir='ltr'><strong>ipse,</strong></span> <span class='ocrx_word' id='word_1_424' title='bbox 1251 4168 1537 4224; x_wconf 88' lang='lat' dir='ltr'><strong>ducissime</strong></span> <span class='ocrx_word' id='word_1_425' title='bbox 1576 4169 1825 4234; x_wconf 89' lang='lat' dir='ltr'><strong>Domine,</strong></span> 
     </span>
    </p>
   </div>
   <div class='ocr_carea' id='block_1_61' title="bbox 249 4258 1824 4331">
    <p class='ocr_par' dir='ltr' id='par_1_61' title="bbox 249 4258 1824 4331">
     <span class='ocr_line' id='line_1_61' title="bbox 249 4258 1824 4331; baseline 0.004 -20"><span class='ocrx_word' id='word_1_426' title='bbox 249 4258 533 4331; x_wconf 83' lang='lat' dir='ltr'><strong>perspicis</strong></span> <span class='ocrx_word' id='word_1_427' title='bbox 570 4259 685 4325; x_wconf 60' lang='lat'><strong>‘3&quot;,</strong></span> <span class='ocrx_word' id='word_1_428' title='bbox 706 4259 829 4328; x_wconf 90' lang='lat' dir='ltr'><strong>quia</strong></span> <span class='ocrx_word' id='word_1_429' title='bbox 869 4260 912 4314; x_wconf 88' lang='lat' dir='ltr'><strong>si</strong></span> <span class='ocrx_word' id='word_1_430' title='bbox 939 4275 1023 4315; x_wconf 90' lang='lat' dir='ltr'><strong>me</strong></span> <span class='ocrx_word' id='word_1_431' title='bbox 1054 4264 1390 4331; x_wconf 88' lang='lat' dir='ltr'><strong>permitteres</strong></span> <span class='ocrx_word' id='word_1_432' title='bbox 1418 4263 1496 4319; x_wconf 92' lang='lat' dir='ltr'><strong>ire</strong></span> <span class='ocrx_word' id='word_1_433' title='bbox 1532 4264 1824 4320; x_wconf 88' lang='lat' dir='ltr'><strong>secundum</strong></span> 
     </span>
    </p>
   </div>
   <div class='ocr_carea' id='block_1_62' title="bbox 251 4348 1824 4422">
    <p class='ocr_par' dir='ltr' id='par_1_62' title="bbox 251 4348 1824 4422">
     <span class='ocr_line' id='line_1_62' title="bbox 251 4348 1824 4422; baseline 0.003 -20"><span class='ocrx_word' id='word_1_434' title='bbox 251 4363 438 4403; x_wconf 86' lang='lat' dir='ltr'><strong>meam</strong></span> <span class='ocrx_word' id='word_1_435' title='bbox 489 4348 776 4418; x_wconf 87' lang='lat' dir='ltr'><strong>pessimam</strong></span> <span class='ocrx_word' id='word_1_436' title='bbox 822 4348 913 4394; x_wconf 65' lang='lat'><strong>“7!</strong></span> <span class='ocrx_word' id='word_1_437' title='bbox 960 4349 1323 4416; x_wconf 88' lang='lat' dir='ltr'><strong>voluntatem,</strong></span> <span class='ocrx_word' id='word_1_438' title='bbox 1356 4360 1525 4406; x_wconf 89' lang='lat' dir='ltr'><strong>totum</strong></span> <span class='ocrx_word' id='word_1_439' title='bbox 1563 4353 1824 4422; x_wconf 89' lang='lat' dir='ltr'><strong>meipsum</strong></span> 
     </span>
    </p>
   </div>
   <div class='ocr_carea' id='block_1_63' title="bbox 1940 1917 3508 1988">
    <p class='ocr_par' dir='ltr' id='par_1_63' title="bbox 1940 1917 3508 1988">
     <span class='ocr_line' id='line_1_63' title="bbox 1940 1917 3508 1988; baseline 0.004 -18"><span class='ocrx_word' id='word_1_440' title='bbox 1940 1917 2131 1985; x_wconf 85' lang='lat' dir='ltr'><strong>possit,</strong></span> <span class='ocrx_word' id='word_1_441' title='bbox 2177 1932 2369 1988; x_wconf 86' lang='lat' dir='ltr'><strong>magna</strong></span> <span class='ocrx_word' id='word_1_442' title='bbox 2393 1926 2449 1973; x_wconf 87' lang='lat' dir='ltr'><strong>et</strong></span> <span class='ocrx_word' id='word_1_443' title='bbox 2490 1918 2938 1975; x_wconf 71' lang='lat' dir='ltr'><strong>inazstimabiliter</strong></span> <span class='ocrx_word' id='word_1_444' title='bbox 2967 1923 3074 1976; x_wconf 91' lang='lat' dir='ltr'><strong>Deo</strong></span> <span class='ocrx_word' id='word_1_445' title='bbox 3103 1933 3158 1977; x_wconf 91' lang='lat' dir='ltr'><strong>et</strong></span> <span class='ocrx_word' id='word_1_446' title='bbox 3199 1923 3508 1978; x_wconf 85' lang='lat' dir='ltr'><strong>hominibus</strong></span> 
     </span>
    </p>
   </div>
   <div class='ocr_carea' id='block_1_64' title="bbox 1940 2006 3508 2074">
    <p class='ocr_par' dir='ltr' id='par_1_64' title="bbox 1940 2006 3508 2074">
     <span class='ocr_line' id='line_1_64' title="bbox 1940 2006 3508 2074; baseline 0.003 -13"><span class='ocrx_word' id='word_1_447' title='bbox 1940 2007 2139 2074; x_wconf 88' lang='lat' dir='ltr'><strong>chara,</strong></span> <span class='ocrx_word' id='word_1_448' title='bbox 2185 2006 2228 2064; x_wconf 89' lang='lat' dir='ltr'><strong>si</strong></span> <span class='ocrx_word' id='word_1_449' title='bbox 2271 2007 2526 2064; x_wconf 88' lang='lat' dir='ltr'><strong>sacerdos</strong></span> <span class='ocrx_word' id='word_1_450' title='bbox 2559 2008 2632 2062; x_wconf 91' lang='lat' dir='ltr'><strong>ita</strong></span> <span class='ocrx_word' id='word_1_451' title='bbox 2673 2008 2806 2062; x_wconf 86' lang='lat' dir='ltr'><strong>vivit</strong></span> <span class='ocrx_word' id='word_1_452' title='bbox 2843 2011 2984 2064; x_wconf 88' lang='lat' dir='ltr'><strong>sicut</strong></span> <span class='ocrx_word' id='word_1_453' title='bbox 3013 2011 3102 2066; x_wconf 90' lang='lat' dir='ltr'><strong>ille</strong></span> <span class='ocrx_word' id='word_1_454' title='bbox 3139 2012 3318 2067; x_wconf 81' lang='lat' dir='ltr'><strong>vivere</strong></span> <span class='ocrx_word' id='word_1_455' title='bbox 3347 2010 3508 2068; x_wconf 85' lang='lat' dir='ltr'><strong>debet</strong></span> 
     </span>
    </p>
   </div>
   <div class='ocr_carea' id='block_1_65' title="bbox 1940 2096 3508 2171">
    <p class='ocr_par' dir='ltr' id='par_1_65' title="bbox 1940 2096 3508 2171">
     <span class='ocr_line' id='line_1_65' title="bbox 1940 2096 3508 2171; baseline 0.003 -21"><span class='ocrx_word' id='word_1_456' title='bbox 1940 2096 2032 2166; x_wconf 86' lang='lat' dir='ltr'><strong>qui</strong></span> <span class='ocrx_word' id='word_1_457' title='bbox 2062 2097 2221 2168; x_wconf 89' lang='lat' dir='ltr'><strong>hujus</strong></span> <span class='ocrx_word' id='word_1_458' title='bbox 2249 2097 2411 2152; x_wconf 89' lang='lat' dir='ltr'><strong>ollicii</strong></span> <span class='ocrx_word' id='word_1_459' title='bbox 2443 2113 2630 2152; x_wconf 89' lang='lat' dir='ltr'><strong>curam</strong></span> <span class='ocrx_word' id='word_1_460' title='bbox 2674 2099 2833 2169; x_wconf 87' lang='lat' dir='ltr'><strong>gerit.</strong></span> <span class='ocrx_word' id='word_1_461' title='bbox 2863 2099 3026 2156; x_wconf 85' lang='lat' dir='ltr'><strong>Porto</strong></span> <span class='ocrx_word' id='word_1_462' title='bbox 3058 2110 3235 2154; x_wconf 83' lang='lat' dir='ltr'><strong>autem</strong></span> <span class='ocrx_word' id='word_1_463' title='bbox 3279 2116 3380 2171; x_wconf 90' lang='lat' dir='ltr'><strong>ego</strong></span> <span class='ocrx_word' id='word_1_464' title='bbox 3407 2118 3508 2155; x_wconf 77' lang='lat' dir='ltr'><strong>nu-</strong></span> 
     </span>
    </p>
   </div>
   <div class='ocr_carea' id='block_1_66' title="bbox 1939 2177 3508 2256">
    <p class='ocr_par' dir='ltr' id='par_1_66' title="bbox 1939 2177 3508 2256">
     <span class='ocr_line' id='line_1_66' title="bbox 1939 2177 3508 2256; baseline 0.005 -16"><span class='ocrx_word' id='word_1_465' title='bbox 1939 2201 2059 2241; x_wconf 82' lang='lat' dir='ltr'><strong>men</strong></span> <span class='ocrx_word' id='word_1_466' title='bbox 2088 2185 2246 2255; x_wconf 82' lang='lat' dir='ltr'><strong>hujus</strong></span> <span class='ocrx_word' id='word_1_467' title='bbox 2291 2187 2603 2256; x_wconf 77' lang='lat' dir='ltr'><strong>dignitatis,</strong></span> <span class='ocrx_word' id='word_1_468' title='bbox 2632 2189 2724 2244; x_wconf 87' lang='lat' dir='ltr'><strong>sed</strong></span> <span class='ocrx_word' id='word_1_469' title='bbox 2768 2177 2949 2245; x_wconf 73' lang='lat' dir='ltr'><strong>infelix</strong></span> <span class='ocrx_word' id='word_1_470' title='bbox 2999 2191 3106 2244; x_wconf 90' lang='lat' dir='ltr'><strong>vita</strong></span> <span class='ocrx_word' id='word_1_471' title='bbox 3144 2205 3260 2246; x_wconf 89' lang='lat' dir='ltr'><strong>mea</strong></span> <span class='ocrx_word' id='word_1_472' title='bbox 3301 2190 3414 2245; x_wconf 86' lang='lat' dir='ltr'><strong>fere</strong></span> <span class='ocrx_word' id='word_1_473' title='bbox 3450 2191 3508 2249; x_wconf 86' lang='lat' dir='ltr'><strong>in</strong></span> 
     </span>
    </p>
   </div>
   <div class='ocr_carea' id='block_1_67' title="bbox 1939 2265 3508 2354">
    <p class='ocr_par' dir='ltr' id='par_1_67' title="bbox 1939 2265 3508 2354">
     <span class='ocr_line' id='line_1_67' title="bbox 1939 2265 3508 2354; baseline 0.002 -20"><span class='ocrx_word' id='word_1_474' title='bbox 1939 2278 2188 2334; x_wconf 88' lang='lat' dir='ltr'><strong>onmibus</strong></span> <span class='ocrx_word' id='word_1_475' title='bbox 2224 2278 2574 2354; x_wconf 81' lang='lat' dir='ltr'><strong>contradicit,</strong></span> <span class='ocrx_word' id='word_1_476' title='bbox 2605 2278 2745 2334; x_wconf 89' lang='lat' dir='ltr'><strong>male</strong></span> <span class='ocrx_word' id='word_1_477' title='bbox 2791 2265 3020 2350; x_wconf 77' lang='lat' dir='ltr'><strong>agendo,</strong></span> <span class='ocrx_word' id='word_1_478' title='bbox 3069 2281 3228 2350; x_wconf 88' lang='lat' dir='ltr'><strong>hujus</strong></span> <span class='ocrx_word' id='word_1_479' title='bbox 3271 2282 3508 2337; x_wconf 83' lang='lat' dir='ltr'><strong>nominis</strong></span> 
     </span>
    </p>
   </div>
   <div class='ocr_carea' id='block_1_68' title="bbox 1938 2369 3516 2440">
    <p class='ocr_par' dir='ltr' id='par_1_68' title="bbox 1938 2369 3516 2440">
     <span class='ocr_line' id='line_1_68' title="bbox 1938 2369 3516 2440; baseline 0.003 -16"><span class='ocrx_word' id='word_1_480' title='bbox 1938 2369 2206 2440; x_wconf 82' lang='lat' dir='ltr'><strong>dignitati.</strong></span> <span class='ocrx_word' id='word_1_481' title='bbox 2249 2369 2344 2425; x_wconf 82' lang='lat' dir='ltr'><strong>Est</strong></span> <span class='ocrx_word' id='word_1_482' title='bbox 2383 2369 2528 2425; x_wconf 88' lang='lat' dir='ltr'><strong>enim</strong></span> <span class='ocrx_word' id='word_1_483' title='bbox 2569 2384 2664 2425; x_wconf 87' lang='lat' dir='ltr'><strong>cor</strong></span> <span class='ocrx_word' id='word_1_484' title='bbox 2707 2386 2883 2425; x_wconf 89' lang='lat' dir='ltr'><strong>meum</strong></span> <span class='ocrx_word' id='word_1_485' title='bbox 2922 2371 3276 2436; x_wconf 87' lang='lat' dir='ltr'><strong>immundum,</strong></span> <span class='ocrx_word' id='word_1_486' title='bbox 3314 2387 3516 2429; x_wconf 79' lang='lat' dir='ltr'><strong>omnes-</strong></span> 
     </span>
    </p>
   </div>
   <div class='ocr_carea' id='block_1_69' title="bbox 1938 2461 3500 2530">
    <p class='ocr_par' dir='ltr' id='par_1_69' title="bbox 1938 2461 3500 2530">
     <span class='ocr_line' id='line_1_69' title="bbox 1938 2461 3500 2530; baseline 0.003 -15"><span class='ocrx_word' id='word_1_487' title='bbox 1938 2475 2132 2515; x_wconf 88' lang='lat' dir='ltr'><strong>sensus</strong></span> <span class='ocrx_word' id='word_1_488' title='bbox 2159 2461 2406 2530; x_wconf 90' lang='lat' dir='ltr'><strong>corporis</strong></span> <span class='ocrx_word' id='word_1_489' title='bbox 2435 2461 2538 2514; x_wconf 89' lang='lat' dir='ltr'><strong>mei</strong></span> <span class='ocrx_word' id='word_1_490' title='bbox 2573 2461 2870 2528; x_wconf 87' lang='lat' dir='ltr'><strong>immundi,</strong></span> <span class='ocrx_word' id='word_1_491' title='bbox 2902 2471 2956 2518; x_wconf 87' lang='lat' dir='ltr'><strong>et</strong></span> <span class='ocrx_word' id='word_1_492' title='bbox 2986 2463 3067 2518; x_wconf 89' lang='lat' dir='ltr'><strong>sic</strong></span> <span class='ocrx_word' id='word_1_493' title='bbox 3101 2463 3248 2518; x_wconf 90' lang='lat' dir='ltr'><strong>intus</strong></span> <span class='ocrx_word' id='word_1_494' title='bbox 3285 2473 3339 2518; x_wconf 91' lang='lat' dir='ltr'><strong>et</strong></span> <span class='ocrx_word' id='word_1_495' title='bbox 3367 2463 3500 2521; x_wconf 85' lang='lat' dir='ltr'><strong>foris</strong></span> 
     </span>
    </p>
   </div>
   <div class='ocr_carea' id='block_1_70' title="bbox 1934 2549 3504 2624">
    <p class='ocr_par' dir='ltr' id='par_1_70' title="bbox 1934 2549 3504 2624">
     <span class='ocr_line' id='line_1_70' title="bbox 1934 2549 3504 2624; baseline 0.004 -21"><span class='ocrx_word' id='word_1_496' title='bbox 1934 2549 2034 2588; x_wconf 67' lang='grc'><strong>³³⁸⁸</strong></span> <span class='ocrx_word' id='word_1_497' title='bbox 2065 2560 2206 2604; x_wconf 91' lang='lat' dir='ltr'><strong>totus</strong></span> <span class='ocrx_word' id='word_1_498' title='bbox 2233 2550 2538 2605; x_wconf 90' lang='lat' dir='ltr'><strong>immundus</strong></span> <span class='ocrx_word' id='word_1_499' title='bbox 2566 2563 2672 2603; x_wconf 93' lang='lat' dir='ltr'><strong>non</strong></span> <span class='ocrx_word' id='word_1_500' title='bbox 2699 2549 2914 2605; x_wconf 87' lang='lat' dir='ltr'><strong>invenio</strong></span> <span class='ocrx_word' id='word_1_501' title='bbox 2944 2552 2995 2605; x_wconf 92' lang='lat' dir='ltr'><strong>in</strong></span> <span class='ocrx_word' id='word_1_502' title='bbox 3040 2561 3152 2607; x_wconf 92' lang='lat' dir='ltr'><strong>toto</strong></span> <span class='ocrx_word' id='word_1_503' title='bbox 3192 2569 3277 2608; x_wconf 86' lang='lat' dir='ltr'><strong>me</strong></span> <span class='ocrx_word' id='word_1_504' title='bbox 3299 2552 3504 2624; x_wconf 77' lang='lat' dir='ltr'><strong>aliquid</strong></span> 
     </span>
    </p>
   </div>
   <div class='ocr_carea' id='block_1_71' title="bbox 1938 2631 3504 2711">
    <p class='ocr_par' dir='ltr' id='par_1_71' title="bbox 1938 2631 3504 2711">
     <span class='ocr_line' id='line_1_71' title="bbox 1938 2631 3504 2711; baseline 0.004 -21"><span class='ocrx_word' id='word_1_505' title='bbox 1938 2638 2217 2702; x_wconf 79' lang='lat' dir='ltr'><strong>mundum,</strong></span> <span class='ocrx_word' id='word_1_506' title='bbox 2249 2637 2341 2692; x_wconf 89' lang='lat' dir='ltr'><strong>ubi</strong></span> <span class='ocrx_word' id='word_1_507' title='bbox 2386 2636 2612 2692; x_wconf 89' lang='lat' dir='ltr'><strong>honeste</strong></span> <span class='ocrx_word' id='word_1_508' title='bbox 2637 2645 2690 2691; x_wconf 89' lang='lat' dir='ltr'><strong>et</strong></span> <span class='ocrx_word' id='word_1_509' title='bbox 2734 2638 2876 2693; x_wconf 91' lang='lat' dir='ltr'><strong>sicut</strong></span> <span class='ocrx_word' id='word_1_510' title='bbox 2913 2639 3066 2696; x_wconf 86' lang='lat' dir='ltr'><strong>decet</strong></span> <span class='ocrx_word' id='word_1_511' title='bbox 3111 2641 3309 2710; x_wconf 92' lang='lat' dir='ltr'><strong>possim</strong></span> <span class='ocrx_word' id='word_1_512' title='bbox 3349 2631 3504 2711; x_wconf 69' lang='lat' dir='ltr'><strong>repoo</strong></span> 
     </span>
    </p>
   </div>
   <div class='ocr_carea' id='block_1_72' title="bbox 1937 2727 3504 2806">
    <p class='ocr_par' dir='ltr' id='par_1_72' title="bbox 1937 2727 3504 2806">
     <span class='ocr_line' id='line_1_72' title="bbox 1937 2727 3504 2806; baseline 0.003 -24"><span class='ocrx_word' id='word_1_513' title='bbox 1937 2742 2067 2783; x_wconf 88' lang='lat' dir='ltr'><strong>nere</strong></span> <span class='ocrx_word' id='word_1_514' title='bbox 2089 2741 2283 2798; x_wconf 89' lang='lat' dir='ltr'><strong>corpus</strong></span> <span class='ocrx_word' id='word_1_515' title='bbox 2311 2728 2667 2783; x_wconf 89' lang='lat' dir='ltr'><strong>Dominicum.</strong></span> <span class='ocrx_word' id='word_1_516' title='bbox 2706 2727 2762 2806; x_wconf 65' lang='lat' dir='ltr'><strong>in</strong></span> <span class='ocrx_word' id='word_1_517' title='bbox 2794 2731 3003 2800; x_wconf 78' lang='lat' dir='ltr'><strong>magnis</strong></span> <span class='ocrx_word' id='word_1_518' title='bbox 3033 2731 3214 2800; x_wconf 89' lang='lat' dir='ltr'><strong>itaque</strong></span> <span class='ocrx_word' id='word_1_519' title='bbox 3241 2731 3504 2802; x_wconf 83' lang='lat' dir='ltr'><strong>angustiis</strong></span> 
     </span>
    </p>
   </div>
   <div class='ocr_carea' id='block_1_73' title="bbox 1937 2819 3500 2889">
    <p class='ocr_par' dir='ltr' id='par_1_73' title="bbox 1937 2819 3500 2889">
     <span class='ocr_line' id='line_1_73' title="bbox 1937 2819 3500 2889; baseline 0.002 -14"><span class='ocrx_word' id='word_1_520' title='bbox 1937 2819 2290 2885; x_wconf 85' lang='lat' dir='ltr'><strong>constitutus,</strong></span> <span class='ocrx_word' id='word_1_521' title='bbox 2320 2827 2374 2874; x_wconf 90' lang='lat' dir='ltr'><strong>et</strong></span> <span class='ocrx_word' id='word_1_522' title='bbox 2405 2819 2532 2889; x_wconf 90' lang='lat' dir='ltr'><strong>quid</strong></span> <span class='ocrx_word' id='word_1_523' title='bbox 2559 2819 2900 2888; x_wconf 90' lang='lat' dir='ltr'><strong>potissimum</strong></span> <span class='ocrx_word' id='word_1_524' title='bbox 2928 2822 3061 2877; x_wconf 89' lang='lat' dir='ltr'><strong>mihi</strong></span> <span class='ocrx_word' id='word_1_525' title='bbox 3100 2823 3171 2876; x_wconf 89' lang='lat' dir='ltr'><strong>sit</strong></span> <span class='ocrx_word' id='word_1_526' title='bbox 3199 2822 3500 2878; x_wconf 79' lang='lat' dir='ltr'><strong>faciendum</strong></span> 
     </span>
    </p>
   </div>
   <div class='ocr_carea' id='block_1_74' title="bbox 1935 2907 3498 2992">
    <p class='ocr_par' dir='ltr' id='par_1_74' title="bbox 1935 2907 3498 2992">
     <span class='ocr_line' id='line_1_74' title="bbox 1935 2907 3498 2992; baseline 0.003 -29"><span class='ocrx_word' id='word_1_527' title='bbox 1935 2911 2142 2975; x_wconf 89' lang='lat' dir='ltr'><strong>nescio,</strong></span> <span class='ocrx_word' id='word_1_528' title='bbox 2166 2912 2269 2965; x_wconf 88' lang='lat' dir='ltr'><strong>huc</strong></span> <span class='ocrx_word' id='word_1_529' title='bbox 2297 2911 2547 2979; x_wconf 86' lang='lat' dir='ltr'><strong>illucque,</strong></span> <span class='ocrx_word' id='word_1_530' title='bbox 2575 2907 2732 2965; x_wconf 89' lang='lat' dir='ltr'><strong>modo</strong></span> <span class='ocrx_word' id='word_1_531' title='bbox 2763 2911 2866 2965; x_wconf 92' lang='lat' dir='ltr'><strong>hoc</strong></span> <span class='ocrx_word' id='word_1_532' title='bbox 2893 2913 3050 2967; x_wconf 85' lang='lat' dir='ltr'><strong>modo</strong></span> <span class='ocrx_word' id='word_1_533' title='bbox 3076 2913 3202 2968; x_wconf 92' lang='lat' dir='ltr'><strong>illud</strong></span> <span class='ocrx_word' id='word_1_534' title='bbox 3234 2914 3498 2992; x_wconf 79' lang='lat' dir='ltr'><strong>cogitans,</strong></span> 
     </span>
    </p>
   </div>
   <div class='ocr_carea' id='block_1_75' title="bbox 1934 3001 3494 3073">
    <p class='ocr_par' dir='ltr' id='par_1_75' title="bbox 1934 3001 3494 3073">
     <span class='ocr_line' id='line_1_75' title="bbox 1934 3001 3494 3073; baseline 0.001 -17"><span class='ocrx_word' id='word_1_535' title='bbox 1934 3016 2021 3056; x_wconf 88' lang='lat' dir='ltr'><strong>me</strong></span> <span class='ocrx_word' id='word_1_536' title='bbox 2049 3001 2827 3073; x_wconf 73' lang='lat' dir='ltr'><strong>circumferodiligentiusque</strong></span> <span class='ocrx_word' id='word_1_537' title='bbox 2863 3017 3077 3057; x_wconf 90' lang='lat' dir='ltr'><strong>omnem</strong></span> <span class='ocrx_word' id='word_1_538' title='bbox 3109 3002 3494 3057; x_wconf 88' lang='lat' dir='ltr'><strong>conscientiam</strong></span> 
     </span>
    </p>
   </div>
   <div class='ocr_carea' id='block_1_76' title="bbox 1937 3089 3496 3160">
    <p class='ocr_par' dir='ltr' id='par_1_76' title="bbox 1937 3089 3496 3160">
     <span class='ocr_line' id='line_1_76' title="bbox 1937 3089 3496 3160; baseline 0.003 -18"><span class='ocrx_word' id='word_1_539' title='bbox 1937 3104 2110 3157; x_wconf 76' lang='lat' dir='ltr'><strong>meam</strong></span> <span class='ocrx_word' id='word_1_540' title='bbox 2143 3089 2386 3157; x_wconf 87' lang='lat' dir='ltr'><strong>revolvo,</strong></span> <span class='ocrx_word' id='word_1_541' title='bbox 2423 3090 2466 3144; x_wconf 91' lang='lat' dir='ltr'><strong>si</strong></span> <span class='ocrx_word' id='word_1_542' title='bbox 2509 3089 2651 3146; x_wconf 90' lang='lat' dir='ltr'><strong>forte</strong></span> <span class='ocrx_word' id='word_1_543' title='bbox 2695 3089 2910 3160; x_wconf 88' lang='lat' dir='ltr'><strong>aliquod</strong></span> <span class='ocrx_word' id='word_1_544' title='bbox 2957 3091 3496 3146; x_wconf 84' lang='lat' dir='ltr'><strong>consiliumsalnbre</strong></span> 
     </span>
    </p>
   </div>
   <div class='ocr_carea' id='block_1_77' title="bbox 1934 3179 3500 3250">
    <p class='ocr_par' dir='ltr' id='par_1_77' title="bbox 1934 3179 3500 3250">
     <span class='ocr_line' id='line_1_77' title="bbox 1934 3179 3500 3250; baseline -0.001 -15"><span class='ocrx_word' id='word_1_545' title='bbox 1934 3181 2232 3237; x_wconf 83' lang='lat' dir='ltr'><strong>invenirem</strong></span> <span class='ocrx_word' id='word_1_546' title='bbox 2260 3181 2400 3250; x_wconf 88' lang='lat' dir='ltr'><strong>quod</strong></span> <span class='ocrx_word' id='word_1_547' title='bbox 2430 3180 2496 3234; x_wconf 89' lang='lat' dir='ltr'><strong>ad</strong></span> <span class='ocrx_word' id='word_1_548' title='bbox 2527 3179 2759 3250; x_wconf 86' lang='lat' dir='ltr'><strong>aliquam</strong></span> <span class='ocrx_word' id='word_1_549' title='bbox 2783 3180 3009 3234; x_wconf 87' lang='lat' dir='ltr'><strong>salutem</strong></span> <span class='ocrx_word' id='word_1_550' title='bbox 3034 3180 3125 3213; x_wconf 67' lang='lat'><strong>“9°</strong></span> <span class='ocrx_word' id='word_1_551' title='bbox 3149 3181 3342 3244; x_wconf 72' lang='lat' dir='ltr'><strong>animae</strong></span> <span class='ocrx_word' id='word_1_552' title='bbox 3364 3181 3500 3244; x_wconf 85' lang='lat' dir='ltr'><strong>mihi.</strong></span> 
     </span>
    </p>
   </div>
   <div class='ocr_carea' id='block_1_78' title="bbox 1932 3269 3497 3340">
    <p class='ocr_par' dir='ltr' id='par_1_78' title="bbox 1932 3269 3497 3340">
     <span class='ocr_line' id='line_1_78' title="bbox 1932 3269 3497 3340; baseline -0.002 -13"><span class='ocrx_word' id='word_1_553' title='bbox 1932 3286 2054 3327; x_wconf 87' lang='lat' dir='ltr'><strong>esse</strong></span> <span class='ocrx_word' id='word_1_554' title='bbox 2083 3271 2459 3340; x_wconf 82' lang='lat' dir='ltr'><strong>intelligerem.</strong></span> <span class='ocrx_word' id='word_1_555' title='bbox 2493 3269 2684 3326; x_wconf 85' lang='lat' dir='ltr'><strong>Omnia</strong></span> <span class='ocrx_word' id='word_1_556' title='bbox 2727 3285 2856 3340; x_wconf 83' lang='lat' dir='ltr'><strong>ergo</strong></span> <span class='ocrx_word' id='word_1_557' title='bbox 2886 3285 3004 3339; x_wconf 82' lang='lat' dir='ltr'><strong>quae</strong></span> <span class='ocrx_word' id='word_1_558' title='bbox 3033 3284 3158 3340; x_wconf 86' lang='lat' dir='ltr'><strong>erga</strong></span> <span class='ocrx_word' id='word_1_559' title='bbox 3191 3285 3274 3325; x_wconf 91' lang='lat' dir='ltr'><strong>me</strong></span> <span class='ocrx_word' id='word_1_560' title='bbox 3303 3285 3497 3340; x_wconf 87' lang='lat' dir='ltr'><strong>gerun-</strong></span> 
     </span>
    </p>
   </div>
   <div class='ocr_carea' id='block_1_79' title="bbox 1934 3361 3500 3433">
    <p class='ocr_par' dir='ltr' id='par_1_79' title="bbox 1934 3361 3500 3433">
     <span class='ocr_line' id='line_1_79' title="bbox 1934 3361 3500 3433; baseline 0.002 -17"><span class='ocrx_word' id='word_1_561' title='bbox 1934 3373 2042 3430; x_wconf 85' lang='lat' dir='ltr'><strong>tur,</strong></span> <span class='ocrx_word' id='word_1_562' title='bbox 2070 3363 2533 3431; x_wconf 87' lang='lat' dir='ltr'><strong>circumspiciens,</strong></span> <span class='ocrx_word' id='word_1_563' title='bbox 2564 3371 2619 3417; x_wconf 91' lang='lat' dir='ltr'><strong>et</strong></span> <span class='ocrx_word' id='word_1_564' title='bbox 2648 3361 2760 3416; x_wconf 87' lang='lat' dir='ltr'><strong>fere</strong></span> <span class='ocrx_word' id='word_1_565' title='bbox 2788 3363 2918 3416; x_wconf 90' lang='lat' dir='ltr'><strong>nihil</strong></span> <span class='ocrx_word' id='word_1_566' title='bbox 2951 3372 3042 3416; x_wconf 93' lang='lat' dir='ltr'><strong>aut</strong></span> <span class='ocrx_word' id='word_1_567' title='bbox 3071 3378 3259 3433; x_wconf 89' lang='lat' dir='ltr'><strong>parum</strong></span> <span class='ocrx_word' id='word_1_568' title='bbox 3293 3362 3417 3418; x_wconf 91' lang='lat' dir='ltr'><strong>boni</strong></span> <span class='ocrx_word' id='word_1_569' title='bbox 3443 3364 3500 3419; x_wconf 77' lang='lat' dir='ltr'><strong>in.</strong></span> 
     </span>
    </p>
   </div>
   <div class='ocr_carea' id='block_1_80' title="bbox 1935 3451 3556 3531">
    <p class='ocr_par' dir='ltr' id='par_1_80' title="bbox 1935 3451 3556 3531">
     <span class='ocr_line' id='line_1_80' title="bbox 1935 3451 3556 3531; baseline -0.001 -23"><span class='ocrx_word' id='word_1_570' title='bbox 1935 3463 2046 3508; x_wconf 89' lang='lat' dir='ltr'><strong>toto</strong></span> <span class='ocrx_word' id='word_1_571' title='bbox 2074 3468 2160 3509; x_wconf 90' lang='lat' dir='ltr'><strong>me</strong></span> <span class='ocrx_word' id='word_1_572' title='bbox 2191 3454 2488 3518; x_wconf 85' lang='lat' dir='ltr'><strong>inveniens,</strong></span> <span class='ocrx_word' id='word_1_573' title='bbox 2535 3453 2636 3508; x_wconf 86' lang='lat' dir='ltr'><strong>hoc</strong></span> <span class='ocrx_word' id='word_1_574' title='bbox 2678 3452 2940 3506; x_wconf 90' lang='lat' dir='ltr'><strong>tantillum</strong></span> <span class='ocrx_word' id='word_1_575' title='bbox 2973 3451 3096 3507; x_wconf 91' lang='lat' dir='ltr'><strong>boni</strong></span> <span class='ocrx_word' id='word_1_576' title='bbox 3142 3453 3213 3507; x_wconf 87' lang='lat' dir='ltr'><strong>ibi</strong></span> <span class='ocrx_word' id='word_1_577' title='bbox 3256 3454 3341 3506; x_wconf 82' lang='lat' dir='ltr'><strong>vix</strong></span> <span class='ocrx_word' id='word_1_578' title='bbox 3383 3454 3500 3507; x_wconf 63' lang='lat' dir='ltr'><strong>ani.</strong></span> <span class='ocrx_word' id='word_1_579' title='bbox 3553 3528 3556 3531; x_wconf 88' lang='lat'><em>_</em></span> 
     </span>
    </p>
   </div>
   <div class='ocr_carea' id='block_1_81' title="bbox 1933 3539 3498 3613">
    <p class='ocr_par' dir='ltr' id='par_1_81' title="bbox 1933 3539 3498 3613">
     <span class='ocr_line' id='line_1_81' title="bbox 1933 3539 3498 3613; baseline -0.001 -14"><span class='ocrx_word' id='word_1_580' title='bbox 1933 3546 2213 3609; x_wconf 77' lang='lat' dir='ltr'><strong>mad&#39;verti,</strong></span> <span class='ocrx_word' id='word_1_581' title='bbox 2243 3546 2287 3600; x_wconf 91' lang='lat' dir='ltr'><strong>si</strong></span> <span class='ocrx_word' id='word_1_582' title='bbox 2314 3554 2492 3599; x_wconf 86' lang='lat' dir='ltr'><strong>tamen</strong></span> <span class='ocrx_word' id='word_1_583' title='bbox 2523 3546 2720 3599; x_wconf 91' lang='lat' dir='ltr'><strong>bonum</strong></span> <span class='ocrx_word' id='word_1_584' title='bbox 2752 3543 2946 3598; x_wconf 89' lang='lat' dir='ltr'><strong>debeat</strong></span> <span class='ocrx_word' id='word_1_585' title='bbox 2973 3543 3078 3598; x_wconf 91' lang='lat' dir='ltr'><strong>dici</strong></span> <span class='ocrx_word' id='word_1_586' title='bbox 3118 3542 3259 3613; x_wconf 87' lang='lat' dir='ltr'><strong>quod</strong></span> <span class='ocrx_word' id='word_1_587' title='bbox 3301 3539 3498 3598; x_wconf 75' lang='lat' dir='ltr'><strong>bonum</strong></span> 
     </span>
    </p>
   </div>
   <div class='ocr_carea' id='block_1_82' title="bbox 1930 3632 3504 3705">
    <p class='ocr_par' dir='ltr' id='par_1_82' title="bbox 1930 3632 3504 3705">
     <span class='ocr_line' id='line_1_82' title="bbox 1930 3632 3504 3705; baseline -0.001 -18"><span class='ocrx_word' id='word_1_588' title='bbox 1930 3636 2072 3703; x_wconf 73' lang='lat' dir='ltr'><strong>quod</strong></span> <span class='ocrx_word' id='word_1_589' title='bbox 2102 3649 2201 3704; x_wconf 87' lang='lat' dir='ltr'><strong>ego</strong></span> <span class='ocrx_word' id='word_1_590' title='bbox 2230 3640 2333 3688; x_wconf 77' lang='lat' dir='ltr'><strong>n‘on</strong></span> <span class='ocrx_word' id='word_1_591' title='bbox 2362 3633 2537 3688; x_wconf 87' lang='lat' dir='ltr'><strong>habeo</strong></span> <span class='ocrx_word' id='word_1_592' title='bbox 2572 3633 2682 3698; x_wconf 75' lang='grc'>³⁸⁸⁷,</span> <span class='ocrx_word' id='word_1_593' title='bbox 2716 3635 2768 3688; x_wconf 90' lang='lat' dir='ltr'><strong>in</strong></span> <span class='ocrx_word' id='word_1_594' title='bbox 2794 3633 3073 3705; x_wconf 90' lang='lat' dir='ltr'><strong>alio,_cum</strong></span> <span class='ocrx_word' id='word_1_595' title='bbox 3106 3634 3284 3696; x_wconf 72' lang='lat' dir='ltr'><strong>habet,</strong></span> <span class='ocrx_word' id='word_1_596' title='bbox 3315 3632 3504 3704; x_wconf 77' lang='lat' dir='ltr'><strong>diligo.</strong></span> 
     </span>
    </p>
   </div>
   <div class='ocr_carea' id='block_1_83' title="bbox 1928 3721 3640 3810">
    <p class='ocr_par' dir='ltr' id='par_1_83' title="bbox 1928 3721 3640 3810">
     <span class='ocr_line' id='line_1_83' title="bbox 1928 3721 3640 3810; baseline 0.001 -33"><span class='ocrx_word' id='word_1_597' title='bbox 1928 3734 2000 3787; x_wconf 89' lang='lat' dir='ltr'><strong>et,</strong></span> <span class='ocrx_word' id='word_1_598' title='bbox 2031 3738 2153 3776; x_wconf 90' lang='lat' dir='ltr'><strong>cum</strong></span> <span class='ocrx_word' id='word_1_599' title='bbox 2181 3736 2285 3776; x_wconf 91' lang='lat' dir='ltr'><strong>non</strong></span> <span class='ocrx_word' id='word_1_600' title='bbox 2308 3721 2554 3799; x_wconf 85' lang='lat' dir='ltr'><strong>habeam,</strong></span> <span class='ocrx_word' id='word_1_601' title='bbox 2581 3721 2862 3776; x_wconf 85' lang='lat' dir='ltr'><strong>humiliter</strong></span> <span class='ocrx_word' id='word_1_602' title='bbox 2888 3735 2973 3774; x_wconf 91' lang='lat' dir='ltr'><strong>me</strong></span> <span class='ocrx_word' id='word_1_603' title='bbox 2995 3737 3101 3776; x_wconf 92' lang='lat' dir='ltr'><strong>non</strong></span> <span class='ocrx_word' id='word_1_604' title='bbox 3129 3721 3331 3776; x_wconf 88' lang='lat' dir='ltr'><strong>habere</strong></span> <span class='ocrx_word' id='word_1_605' title='bbox 3352 3735 3594 3800; x_wconf 38' lang='lat' dir='ltr'><strong>recc...“</strong></span> <span class='ocrx_word' id='word_1_606' title='bbox 3624 3799 3640 3810; x_wconf 35' lang='grc' dir='ltr'><strong>ε</strong></span> 
     </span>
    </p>
   </div>
   <div class='ocr_carea' id='block_1_84' title="bbox 1932 3811 3494 3883">
    <p class='ocr_par' dir='ltr' id='par_1_84' title="bbox 1932 3811 3494 3883">
     <span class='ocr_line' id='line_1_84' title="bbox 1932 3811 3494 3883; baseline 0.002 -18"><span class='ocrx_word' id='word_1_607' title='bbox 1932 3828 2154 3883; x_wconf 79' lang='lat' dir='ltr'><strong>gnoseo,</strong></span> <span class='ocrx_word' id='word_1_608' title='bbox 2210 3812 2352 3880; x_wconf 87' lang='lat' dir='ltr'><strong>quod</strong></span> <span class='ocrx_word' id='word_1_609' title='bbox 2401 3821 2737 3880; x_wconf 88' lang='lat' dir='ltr'><strong>peccatorem</strong></span> <span class='ocrx_word' id='word_1_610' title='bbox 2791 3818 2848 3865; x_wconf 88' lang='lat' dir='ltr'><strong>et</strong></span> <span class='ocrx_word' id='word_1_611' title='bbox 2899 3811 3156 3873; x_wconf 86' lang='lat' dir='ltr'><strong>miserum</strong></span> <span class='ocrx_word' id='word_1_612' title='bbox 3213 3812 3494 3882; x_wconf 89' lang='lat' dir='ltr'><strong>plusquam</strong></span> 
     </span>
    </p>
   </div>
   <div class='ocr_carea' id='block_1_85' title="bbox 1930 3895 3494 3970">
    <p class='ocr_par' dir='ltr' id='par_1_85' title="bbox 1930 3895 3494 3970">
     <span class='ocr_line' id='line_1_85' title="bbox 1930 3895 3494 3970; baseline 0.001 -14"><span class='ocrx_word' id='word_1_613' title='bbox 1930 3904 2092 3956; x_wconf 79' lang='lat' dir='ltr'><strong>alium</strong></span> <span class='ocrx_word' id='word_1_614' title='bbox 2125 3902 2419 3970; x_wconf 88' lang='lat' dir='ltr'><strong>quemlibet</strong></span> <span class='ocrx_word' id='word_1_615' title='bbox 2443 3916 2530 3958; x_wconf 88' lang='lat' dir='ltr'><strong>me</strong></span> <span class='ocrx_word' id='word_1_616' title='bbox 2554 3915 2676 3956; x_wconf 84' lang='lat' dir='ltr'><strong>esse</strong></span> <span class='ocrx_word' id='word_1_617' title='bbox 2697 3903 2876 3965; x_wconf 90' lang='lat' dir='ltr'><strong>credo,</strong></span> <span class='ocrx_word' id='word_1_618' title='bbox 2911 3912 2964 3957; x_wconf 90' lang='lat' dir='ltr'><strong>et</strong></span> <span class='ocrx_word' id='word_1_619' title='bbox 2994 3911 3169 3957; x_wconf 88' lang='lat' dir='ltr'><strong>tamen</strong></span> <span class='ocrx_word' id='word_1_620' title='bbox 3199 3903 3265 3957; x_wconf 88' lang='lat' dir='ltr'><strong>de</strong></span> <span class='ocrx_word' id='word_1_621' title='bbox 3285 3895 3494 3959; x_wconf 70' lang='lat' dir='ltr'><strong>miSeri-</strong></span> 
     </span>
    </p>
   </div>
   <div class='ocr_carea' id='block_1_86' title="bbox 1933 3990 3532 4062">
    <p class='ocr_par' dir='ltr' id='par_1_86' title="bbox 1933 3990 3532 4062">
     <span class='ocr_line' id='line_1_86' title="bbox 1933 3990 3532 4062; baseline 0.003 -16"><span class='ocrx_word' id='word_1_622' title='bbox 1933 3993 2118 4047; x_wconf 86' lang='lat' dir='ltr'><strong>cordia</strong></span> <span class='ocrx_word' id='word_1_623' title='bbox 2153 3991 2244 4044; x_wconf 90' lang='lat' dir='ltr'><strong>Dei</strong></span> <span class='ocrx_word' id='word_1_624' title='bbox 2274 3990 2656 4059; x_wconf 88' lang='lat' dir='ltr'><strong>omnipotentis</strong></span> <span class='ocrx_word' id='word_1_625' title='bbox 2688 4007 2793 4057; x_wconf 85' lang='lat' dir='ltr'><strong>non</strong></span> <span class='ocrx_word' id='word_1_626' title='bbox 2843 3991 3090 4062; x_wconf 90' lang='lat' dir='ltr'><strong>despero.</strong></span> <span class='ocrx_word' id='word_1_627' title='bbox 3135 3991 3310 4047; x_wconf 83' lang='lat' dir='ltr'><strong>Credo</strong></span> <span class='ocrx_word' id='word_1_628' title='bbox 3348 3993 3532 4057; x_wconf 60' lang='lat' dir='ltr'><strong>enimj</strong></span> 
     </span>
    </p>
   </div>
   <div class='ocr_carea' id='block_1_87' title="bbox 1930 4082 3492 4154">
    <p class='ocr_par' dir='ltr' id='par_1_87' title="bbox 1930 4082 3492 4154">
     <span class='ocr_line' id='line_1_87' title="bbox 1930 4082 3492 4154; baseline 0.004 -19"><span class='ocrx_word' id='word_1_629' title='bbox 1930 4082 2074 4152; x_wconf 89' lang='lat' dir='ltr'><strong>quod</strong></span> <span class='ocrx_word' id='word_1_630' title='bbox 2101 4082 2174 4136; x_wconf 91' lang='lat' dir='ltr'><strong>illi</strong></span> <span class='ocrx_word' id='word_1_631' title='bbox 2199 4083 2283 4136; x_wconf 93' lang='lat' dir='ltr'><strong>cui</strong></span> <span class='ocrx_word' id='word_1_632' title='bbox 2313 4097 2444 4137; x_wconf 89' lang='lat' dir='ltr'><strong>cura</strong></span> <span class='ocrx_word' id='word_1_633' title='bbox 2473 4083 2574 4137; x_wconf 91' lang='lat' dir='ltr'><strong>fuit</strong></span> <span class='ocrx_word' id='word_1_634' title='bbox 2614 4097 2719 4147; x_wconf 91' lang='lat' dir='ltr'><strong>me,</strong></span> <span class='ocrx_word' id='word_1_635' title='bbox 2751 4098 2872 4137; x_wconf 88' lang='lat' dir='ltr'><strong>cum</strong></span> <span class='ocrx_word' id='word_1_636' title='bbox 2898 4099 3004 4137; x_wconf 90' lang='lat' dir='ltr'><strong>non</strong></span> <span class='ocrx_word' id='word_1_637' title='bbox 3037 4098 3241 4146; x_wconf 87' lang='lat' dir='ltr'><strong>essem,</strong></span> <span class='ocrx_word' id='word_1_638' title='bbox 3293 4084 3492 4154; x_wconf 82' lang='lat' dir='ltr'><strong>facere,</strong></span> 
     </span>
    </p>
   </div>
   <div class='ocr_carea' id='block_1_88' title="bbox 1930 4159 3494 4240">
    <p class='ocr_par' dir='ltr' id='par_1_88' title="bbox 1930 4159 3494 4240">
     <span class='ocr_line' id='line_1_88' title="bbox 1930 4159 3494 4240; baseline 0.002 -13"><span class='ocrx_word' id='word_1_639' title='bbox 1930 4183 1984 4228; x_wconf 86' lang='lat' dir='ltr'><strong>et</strong></span> <span class='ocrx_word' id='word_1_640' title='bbox 2015 4159 2190 4227; x_wconf 88' lang='lat' dir='ltr'><strong>adhuc</strong></span> <span class='ocrx_word' id='word_1_641' title='bbox 2216 4188 2346 4226; x_wconf 91' lang='lat' dir='ltr'><strong>cura</strong></span> <span class='ocrx_word' id='word_1_642' title='bbox 2372 4183 2456 4228; x_wconf 90' lang='lat' dir='ltr'><strong>est</strong></span> <span class='ocrx_word' id='word_1_643' title='bbox 2483 4173 2614 4230; x_wconf 91' lang='lat' dir='ltr'><strong>mihi</strong></span> <span class='ocrx_word' id='word_1_644' title='bbox 2644 4186 2706 4226; x_wconf 87' lang='lat' dir='ltr'><strong>ea</strong></span> <span class='ocrx_word' id='word_1_645' title='bbox 2736 4186 2854 4240; x_wconf 79' lang='lat' dir='ltr'><strong>qua:</strong></span> <span class='ocrx_word' id='word_1_646' title='bbox 2876 4174 2941 4225; x_wconf 88' lang='lat' dir='ltr'><strong>ad</strong></span> <span class='ocrx_word' id='word_1_647' title='bbox 2984 4171 3139 4240; x_wconf 86' lang='lat' dir='ltr'><strong>hujus</strong></span> <span class='ocrx_word' id='word_1_648' title='bbox 3180 4173 3303 4229; x_wconf 65' lang='lat' dir='ltr'><strong>vitae</strong></span> <span class='ocrx_word' id='word_1_649' title='bbox 3339 4188 3494 4230; x_wconf 87' lang='lat' dir='ltr'><strong>usum</strong></span> 
     </span>
    </p>
   </div>
   <div class='ocr_carea' id='block_1_89' title="bbox 1930 4260 3488 4331">
    <p class='ocr_par' dir='ltr' id='par_1_89' title="bbox 1930 4260 3488 4331">
     <span class='ocr_line' id='line_1_89' title="bbox 1930 4260 3488 4331; baseline 0 -14"><span class='ocrx_word' id='word_1_650' title='bbox 1930 4271 2056 4317; x_wconf 86' lang='lat' dir='ltr'><strong>sunt</strong></span> <span class='ocrx_word' id='word_1_651' title='bbox 2102 4262 2429 4326; x_wconf 88' lang='lat' dir='ltr'><strong>necessaria,</strong></span> <span class='ocrx_word' id='word_1_652' title='bbox 2478 4275 2578 4330; x_wconf 89' lang='lat' dir='ltr'><strong>pro</strong></span> <span class='ocrx_word' id='word_1_653' title='bbox 2628 4261 2999 4315; x_wconf 86' lang='lat' dir='ltr'><strong>misericordia</strong></span> <span class='ocrx_word' id='word_1_654' title='bbox 3043 4277 3138 4316; x_wconf 89' lang='lat' dir='ltr'><strong>sua</strong></span> <span class='ocrx_word' id='word_1_655' title='bbox 3189 4260 3488 4331; x_wconf 89' lang='lat' dir='ltr'><strong>providere,</strong></span> 
     </span>
    </p>
   </div>
   <div class='ocr_carea' id='block_1_90' title="bbox 1929 4349 3488 4419">
    <p class='ocr_par' dir='ltr' id='par_1_90' title="bbox 1929 4349 3488 4419">
     <span class='ocr_line' id='line_1_90' title="bbox 1929 4349 3488 4419; baseline 0.001 -14"><span class='ocrx_word' id='word_1_656' title='bbox 1929 4366 2060 4405; x_wconf 88' lang='lat' dir='ltr'><strong>cura</strong></span> <span class='ocrx_word' id='word_1_657' title='bbox 2098 4350 2171 4403; x_wconf 91' lang='lat' dir='ltr'><strong>illi</strong></span> <span class='ocrx_word' id='word_1_658' title='bbox 2214 4351 2445 4419; x_wconf 87' lang='lat' dir='ltr'><strong>erit-pro</strong></span> <span class='ocrx_word' id='word_1_659' title='bbox 2475 4349 2675 4419; x_wconf 89' lang='lat' dir='ltr'><strong>pietate</strong></span> <span class='ocrx_word' id='word_1_660' title='bbox 2714 4365 2809 4404; x_wconf 91' lang='lat' dir='ltr'><strong>sua</strong></span> <span class='ocrx_word' id='word_1_661' title='bbox 2851 4350 2982 4406; x_wconf 88' lang='lat' dir='ltr'><strong>mihi</strong></span> <span class='ocrx_word' id='word_1_662' title='bbox 3013 4351 3142 4406; x_wconf 88' lang='lat' dir='ltr'><strong>dare</strong></span> <span class='ocrx_word' id='word_1_663' title='bbox 3179 4351 3354 4406; x_wconf 87' lang='lat' dir='ltr'><strong>adhuc</strong></span> <span class='ocrx_word' id='word_1_664' title='bbox 3387 4351 3488 4406; x_wconf 84' lang='lat' dir='ltr'><strong>ali-</strong></span> 
     </span>
    </p>
   </div>
   <div class='ocr_carea' id='block_1_91' title="bbox 249 4435 3492 4535">
    <p class='ocr_par' dir='ltr' id='par_1_91' title="bbox 249 4435 3492 4535">
     <span class='ocr_line' id='line_1_91' title="bbox 249 4435 3492 4535; baseline 0.003 -47"><span class='ocrx_word' id='word_1_665' title='bbox 249 4435 304 4488; x_wconf 91' lang='lat' dir='ltr'><strong>in</strong></span> <span class='ocrx_word' id='word_1_666' title='bbox 359 4449 616 4503; x_wconf 85' lang='lat' dir='ltr'><strong>magnam</strong></span> <span class='ocrx_word' id='word_1_667' title='bbox 666 4444 1007 4502; x_wconf 79' lang='lat' dir='ltr'><strong>peccatorum</strong></span> <span class='ocrx_word' id='word_1_668' title='bbox 1055 4440 1363 4510; x_wconf 78' lang='lat' dir='ltr'><strong>voraginem</strong></span> <span class='ocrx_word' id='word_1_669' title='bbox 1403 4442 1820 4512; x_wconf 69' lang='lat' dir='ltr'><strong>prrecipitarem.</strong></span> <span class='ocrx_word' id='word_1_670' title='bbox 1858 4482 1903 4535; x_wconf 67' lang='grc' dir='ltr'><strong>Β</strong></span> <span class='ocrx_word' id='word_1_671' title='bbox 1931 4440 2072 4511; x_wconf 90' lang='lat' dir='ltr'><strong>quod</strong></span> <span class='ocrx_word' id='word_1_672' title='bbox 2104 4440 2300 4494; x_wconf 91' lang='lat' dir='ltr'><strong>bonum</strong></span> <span class='ocrx_word' id='word_1_673' title='bbox 2327 4455 2464 4510; x_wconf 90' lang='lat' dir='ltr'><strong>opus</strong></span> <span class='ocrx_word' id='word_1_674' title='bbox 2492 4440 2694 4508; x_wconf 88' lang='lat' dir='ltr'><strong>facere,</strong></span> <span class='ocrx_word' id='word_1_675' title='bbox 2725 4442 2807 4496; x_wconf 89' lang='lat' dir='ltr'><strong>vel</strong></span> <span class='ocrx_word' id='word_1_676' title='bbox 2836 4441 3048 4508; x_wconf 88' lang='lat' dir='ltr'><strong>saltem,</strong></span> <span class='ocrx_word' id='word_1_677' title='bbox 3077 4443 3120 4498; x_wconf 91' lang='lat' dir='ltr'><strong>si</strong></span> <span class='ocrx_word' id='word_1_678' title='bbox 3152 4457 3256 4497; x_wconf 92' lang='lat' dir='ltr'><strong>non</strong></span> <span class='ocrx_word' id='word_1_679' title='bbox 3286 4457 3353 4497; x_wconf 81' lang='lat' dir='ltr'><strong>ex</strong></span> <span class='ocrx_word' id='word_1_680' title='bbox 3378 4451 3492 4500; x_wconf 91' lang='lat' dir='ltr'><strong>toto</strong></span> 
     </span>
    </p>
   </div>
   <div class='ocr_carea' id='block_1_92' title="bbox 249 4525 1824 4601">
    <p class='ocr_par' dir='ltr' id='par_1_92' title="bbox 249 4525 1824 4601">
     <span class='ocr_line' id='line_1_92' title="bbox 249 4525 1824 4601; baseline 0.006 -22"><span class='ocrx_word' id='word_1_681' title='bbox 249 4525 553 4594; x_wconf 78' lang='lat' dir='ltr'><strong>Propterea</strong></span> <span class='ocrx_word' id='word_1_682' title='bbox 583 4535 654 4590; x_wconf 91' lang='lat' dir='ltr'><strong>te,</strong></span> <span class='ocrx_word' id='word_1_683' title='bbox 678 4525 987 4582; x_wconf 88' lang='lat' dir='ltr'><strong>dulcissime</strong></span> <span class='ocrx_word' id='word_1_684' title='bbox 1008 4527 1187 4596; x_wconf 88' lang='lat' dir='ltr'><strong>Pater,</strong></span> <span class='ocrx_word' id='word_1_685' title='bbox 1212 4546 1362 4601; x_wconf 87' lang='lat' dir='ltr'><strong>rogo,</strong></span> <span class='ocrx_word' id='word_1_686' title='bbox 1382 4532 1505 4601; x_wconf 93' lang='lat' dir='ltr'><strong>quia</strong></span> <span class='ocrx_word' id='word_1_687' title='bbox 1529 4533 1642 4588; x_wconf 90' lang='lat' dir='ltr'><strong>scio</strong></span> <span class='ocrx_word' id='word_1_688' title='bbox 1663 4533 1824 4589; x_wconf 87' lang='lat' dir='ltr'><strong>nimis</strong></span> 
     </span>
    </p>
   </div>
   <div class='ocr_carea' id='block_1_93' title="bbox 246 4620 1826 4692">
    <p class='ocr_par' dir='ltr' id='par_1_93' title="bbox 246 4620 1826 4692">
     <span class='ocr_line' id='line_1_93' title="bbox 246 4620 1826 4692; baseline 0.006 -23"><span class='ocrx_word' id='word_1_689' title='bbox 246 4630 337 4672; x_wconf 89' lang='lat' dir='ltr'><strong>me</strong></span> <span class='ocrx_word' id='word_1_690' title='bbox 357 4629 484 4671; x_wconf 85' lang='lat' dir='ltr'><strong>esse</strong></span> <span class='ocrx_word' id='word_1_691' title='bbox 500 4627 837 4686; x_wconf 85' lang='lat' dir='ltr'><strong>peccatorem</strong></span> <span class='ocrx_word' id='word_1_692' title='bbox 856 4626 908 4673; x_wconf 90' lang='lat' dir='ltr'><strong>ct</strong></span> <span class='ocrx_word' id='word_1_693' title='bbox 930 4620 1184 4675; x_wconf 87' lang='lat' dir='ltr'><strong>adversus</strong></span> <span class='ocrx_word' id='word_1_694' title='bbox 1200 4629 1473 4692; x_wconf 83' lang='lat' dir='ltr'><strong>peceatum</strong></span> <span class='ocrx_word' id='word_1_695' title='bbox 1490 4625 1687 4679; x_wconf 90' lang='lat' dir='ltr'><strong>nullam</strong></span> <span class='ocrx_word' id='word_1_696' title='bbox 1715 4623 1826 4680; x_wconf 88' lang='lat' dir='ltr'><strong>fere</strong></span> 
     </span>
    </p>
   </div>
   <div class='ocr_carea' id='block_1_94' title="bbox 1933 4530 3488 4599">
    <p class='ocr_par' dir='ltr' id='par_1_94' title="bbox 1933 4530 3488 4599">
     <span class='ocr_line' id='line_1_94' title="bbox 1933 4530 3488 4599; baseline 0.004 -15"><span class='ocrx_word' id='word_1_697' title='bbox 1933 4541 2121 4596; x_wconf 89' lang='lat' dir='ltr'><strong>totum,</strong></span> <span class='ocrx_word' id='word_1_698' title='bbox 2157 4530 2372 4599; x_wconf 88' lang='lat' dir='ltr'><strong>aliquod</strong></span> <span class='ocrx_word' id='word_1_699' title='bbox 2405 4531 2605 4586; x_wconf 89' lang='lat' dir='ltr'><strong>bonum</strong></span> <span class='ocrx_word' id='word_1_700' title='bbox 2629 4531 2836 4585; x_wconf 89' lang='lat' dir='ltr'><strong>valeam</strong></span> <span class='ocrx_word' id='word_1_701' title='bbox 2877 4532 3158 4598; x_wconf 91' lang='lat' dir='ltr'><strong>inchoare,</strong></span> <span class='ocrx_word' id='word_1_702' title='bbox 3187 4540 3260 4597; x_wconf 89' lang='lat' dir='ltr'><strong>et,</strong></span> <span class='ocrx_word' id='word_1_703' title='bbox 3305 4534 3347 4588; x_wconf 85' lang='lat' dir='ltr'><strong>si</strong></span> <span class='ocrx_word' id='word_1_704' title='bbox 3381 4548 3488 4591; x_wconf 84' lang='lat' dir='ltr'><strong>non</strong></span> 
     </span>
    </p>
   </div>
   <div class='ocr_carea' id='block_1_95' title="bbox 1934 4620 3208 4692">
    <p class='ocr_par' dir='ltr' id='par_1_95' title="bbox 1934 4620 3208 4692">
     <span class='ocr_line' id='line_1_95' title="bbox 1934 4620 3208 4692; baseline 0.004 -18"><span class='ocrx_word' id='word_1_705' title='bbox 1934 4635 1999 4674; x_wconf 78' lang='lat' dir='ltr'><strong>ex</strong></span> <span class='ocrx_word' id='word_1_706' title='bbox 2031 4627 2221 4690; x_wconf 75' lang='lat' dir='ltr'><strong>t‘oto,a</strong></span> <span class='ocrx_word' id='word_1_707' title='bbox 2252 4620 2406 4675; x_wconf 88' lang='lat' dir='ltr'><strong>malis</strong></span> <span class='ocrx_word' id='word_1_708' title='bbox 2435 4620 2520 4674; x_wconf 92' lang='lat' dir='ltr'><strong>vel</strong></span> <span class='ocrx_word' id='word_1_709' title='bbox 2548 4620 2938 4692; x_wconf 73' lang='lat' dir='ltr'><strong>aliquantulum</strong></span> <span class='ocrx_word' id='word_1_710' title='bbox 2973 4637 3208 4679; x_wconf 86' lang='lat' dir='ltr'><strong>cessare.</strong></span> 
     </span>
    </p>
   </div>
   <div class='ocr_carea' id='block_1_96' title="bbox 1523 4751 2207 4828">
    <p class='ocr_par' dir='ltr' id='par_1_96' title="bbox 1523 4751 2207 4828">
     <span class='ocr_line' id='line_1_96' title="bbox 1523 4751 2207 4828; baseline -0.003 -20"><span class='ocrx_word' id='word_1_711' title='bbox 1523 4752 1768 4824; x_wconf 67' lang='lat' dir='ltr'><strong>vanus</strong></span> <span class='ocrx_word' id='word_1_712' title='bbox 1806 4751 2207 4828; x_wconf 77' lang='lat' dir='ltr'><strong>LECTIONES.</strong></span> 
     </span>
    </p>
   </div>
   <div class='ocr_carea' id='block_1_97' title="bbox 323 4858 3488 4938">
    <p class='ocr_par' dir='ltr' id='par_1_97' title="bbox 323 4858 3488 4938">
     <span class='ocr_line' id='line_1_97' title="bbox 323 4858 3488 4938; baseline 0.004 -25"><span class='ocrx_word' id='word_1_713' title='bbox 323 4862 421 4938; x_wconf 50' lang='lat'><strong>“3’</strong></span> <span class='ocrx_word' id='word_1_714' title='bbox 460 4858 664 4938; x_wconf 55' lang='lat' dir='ltr'><strong>collata</strong></span> <span class='ocrx_word' id='word_1_715' title='bbox 686 4869 760 4913; x_wconf 84' lang='lat' dir='ltr'><strong>est</strong></span> <span class='ocrx_word' id='word_1_716' title='bbox 775 4876 892 4914; x_wconf 85' lang='lat' dir='ltr'><strong>cum</strong></span> <span class='ocrx_word' id='word_1_717' title='bbox 921 4878 1060 4938; x_wconf 82' lang='lat' dir='ltr'><strong>mss._</strong></span> <span class='ocrx_word' id='word_1_718' title='bbox 1082 4859 1211 4915; x_wconf 68' lang='lat' dir='ltr'><strong>Vict.</strong></span> <span class='ocrx_word' id='word_1_719' title='bbox 1244 4862 1291 4916; x_wconf 88' lang='lat' dir='ltr'><strong><em>K</em></strong></span> <span class='ocrx_word' id='word_1_720' title='bbox 1300 4863 1368 4917; x_wconf 85' lang='grc' dir='ltr'><strong>Κ.</strong></span> <span class='ocrx_word' id='word_1_721' title='bbox 1406 4864 1490 4938; x_wconf 69' lang='lat' dir='ltr'><strong>Hi.</strong></span> <span class='ocrx_word' id='word_1_722' title='bbox 1522 4863 1678 4938; x_wconf 79' lang='lat' dir='ltr'><strong>Corb.</strong></span> <span class='ocrx_word' id='word_1_723' title='bbox 1702 4864 2201 4938; x_wconf 17' lang='lat' dir='ltr'><strong>Al60._7el_Val—luc.</strong></span> <span class='ocrx_word' id='word_1_724' title='bbox 2225 4868 2279 4920; x_wconf 85' lang='lat' dir='ltr'><strong>in</strong></span> <span class='ocrx_word' id='word_1_725' title='bbox 2309 4869 2428 4923; x_wconf 82' lang='lat' dir='ltr'><strong>aliis</strong></span> <span class='ocrx_word' id='word_1_726' title='bbox 2463 4870 2601 4936; x_wconf 74' lang='lat' dir='ltr'><strong>enim</strong></span> <span class='ocrx_word' id='word_1_727' title='bbox 2633 4887 2758 4924; x_wconf 74' lang='lat' dir='ltr'><strong>mra.</strong></span> <span class='ocrx_word' id='word_1_728' title='bbox 2789 4886 2893 4924; x_wconf 81' lang='lat' dir='ltr'><strong>non</strong></span> <span class='ocrx_word' id='word_1_729' title='bbox 2925 4871 3196 4938; x_wconf 84' lang='lat' dir='ltr'><strong>reperitur.</strong></span> <span class='ocrx_word' id='word_1_730' title='bbox 3223 4868 3358 4928; x_wconf 62' lang='lat' dir='ltr'><strong>Cum</strong></span> <span class='ocrx_word' id='word_1_731' title='bbox 3386 4874 3488 4929; x_wconf 66' lang='lat' dir='ltr'><strong>Sit-.-</strong></span> 
     </span>
    </p>
   </div>
   <div class='ocr_carea' id='block_1_98' title="bbox 245 4929 3481 5014">
    <p class='ocr_par' dir='ltr' id='par_1_98' title="bbox 245 4929 3481 5014">
     <span class='ocr_line' id='line_1_98' title="bbox 245 4929 3481 5014; baseline 0.004 -28"><span class='ocrx_word' id='word_1_732' title='bbox 245 4929 776 5014; x_wconf 49' lang='lat' dir='ltr'><strong>cerdosdiligenter</strong></span> <span class='ocrx_word' id='word_1_733' title='bbox 787 4930 1191 5014; x_wconf 69' lang='lat' dir='ltr'><strong>contemplatur</strong></span> <span class='ocrx_word' id='word_1_734' title='bbox 1215 4935 1820 5014; x_wconf 45' lang='lat' dir='ltr'><strong>qtta&#39;mnmiserico’rditer</strong></span> <span class='ocrx_word' id='word_1_735' title='bbox 1845 4936 2170 5014; x_wconf 63' lang='lat' dir='ltr'><strong>[ledemptor</strong></span> <span class='ocrx_word' id='word_1_736' title='bbox 2193 4929 2660 5014; x_wconf 72' lang='lat' dir='ltr'><strong>npst_er_ttaturatn_</strong></span> <span class='ocrx_word' id='word_1_737' title='bbox 2702 4941 2869 5014; x_wconf 81' lang='lat' dir='ltr'><strong>nostri</strong></span> <span class='ocrx_word' id='word_1_738' title='bbox 2899 4929 3009 4992; x_wconf 80' lang='lat' dir='ltr'><strong>limi</strong></span> <span class='ocrx_word' id='word_1_739' title='bbox 3040 4940 3299 5014; x_wconf 76' lang='lat' dir='ltr'><strong>undenos</strong></span> <span class='ocrx_word' id='word_1_740' title='bbox 3325 4942 3481 5014; x_wconf 80' lang='lat' dir='ltr'><strong>fecit,</strong></span> 
     </span>
    </p>
   </div>
   <div class='ocr_carea' id='block_1_99' title="bbox 244 4997 3480 5081">
    <p class='ocr_par' dir='ltr' id='par_1_99' title="bbox 244 4997 3480 5081">
     <span class='ocr_line' id='line_1_99' title="bbox 244 4997 3480 5081; baseline 0.005 -28"><span class='ocrx_word' id='word_1_741' title='bbox 244 5015 353 5081; x_wconf 77' lang='lat' dir='ltr'><strong>pro</strong></span> <span class='ocrx_word' id='word_1_742' title='bbox 380 4998 542 5076; x_wconf 71' lang='lat' dir='ltr'><strong>nobis</strong></span> <span class='ocrx_word' id='word_1_743' title='bbox 561 4997 949 5081; x_wconf 27' lang='lat' dir='ltr'><strong>suscepithms:</strong></span> <span class='ocrx_word' id='word_1_744' title='bbox 981 4997 1112 5081; x_wconf 76' lang='lat' dir='ltr'><strong>Vict.</strong></span> <span class='ocrx_word' id='word_1_745' title='bbox 1135 5010 1190 5081; x_wconf 68' lang='lat' dir='ltr'><strong>ut</strong></span> <span class='ocrx_word' id='word_1_746' title='bbox 1218 4997 1273 5054; x_wconf 69' lang='lat' dir='ltr'><strong>in</strong></span> <span class='ocrx_word' id='word_1_747' title='bbox 1297 5001 1487 5081; x_wconf 67' lang='lat' dir='ltr'><strong>Editis.</strong></span> <span class='ocrx_word' id='word_1_748' title='bbox 1516 5005 1824 5081; x_wconf 38' lang='lat' dir='ltr'><strong>ms.‘_Corb._</strong></span> <span class='ocrx_word' id='word_1_749' title='bbox 1842 5002 2026 5081; x_wconf 71' lang='lat' dir='ltr'><strong>Oratio</strong></span> <span class='ocrx_word' id='word_1_750' title='bbox 2051 4997 2350 5081; x_wconf 66' lang='lat' dir='ltr'><strong>sacerdotis</strong></span> <span class='ocrx_word' id='word_1_751' title='bbox 2384 5006 2452 5081; x_wconf 90' lang='lat' dir='ltr'><strong>in_</strong></span> <span class='ocrx_word' id='word_1_752' title='bbox 2475 5007 2905 5081; x_wconf 66' lang='lat' dir='ltr'><strong>consideratione</strong></span> <span class='ocrx_word' id='word_1_753' title='bbox 2940 5024 3050 5081; x_wconf 64' lang='lat' dir='ltr'><strong>suae</strong></span> <span class='ocrx_word' id='word_1_754' title='bbox 3079 4997 3480 5081; x_wconf 64' lang='lat' dir='ltr'><strong>indignationis:</strong></span> 
     </span>
    </p>
   </div>
   <div class='ocr_carea' id='block_1_100' title="bbox 243 5062 3482 5145">
    <p class='ocr_par' dir='ltr' id='par_1_100' title="bbox 243 5062 3482 5145">
     <span class='ocr_line' id='line_1_100' title="bbox 243 5062 3482 5145; baseline 0.004 -19"><span class='ocrx_word' id='word_1_755' title='bbox 243 5062 302 5126; x_wconf 68' lang='grc' dir='ltr'><strong>ἒςι</strong></span> <span class='ocrx_word' id='word_1_756' title='bbox 334 5062 1016 5145; x_wconf 68' lang='lat' dir='ltr'><strong>hujusoﬂieiidignitatis:</strong></span> <span class='ocrx_word' id='word_1_757' title='bbox 1049 5069 1188 5145; x_wconf 79' lang='lat' dir='ltr'><strong>etde</strong></span> <span class='ocrx_word' id='word_1_758' title='bbox 1228 5072 1570 5145; x_wconf 70' lang='lat' dir='ltr'><strong>perceptione</strong></span> <span class='ocrx_word' id='word_1_759' title='bbox 1603 5071 1857 5145; x_wconf 81' lang='lat' dir='ltr'><strong>Corporis</strong></span> <span class='ocrx_word' id='word_1_760' title='bbox 1899 5081 1966 5145; x_wconf 79' lang='lat' dir='ltr'><strong>et</strong></span> <span class='ocrx_word' id='word_1_761' title='bbox 1983 5067 2272 5145; x_wconf 82' lang='lat' dir='ltr'><strong>Sanguinis</strong></span> <span class='ocrx_word' id='word_1_762' title='bbox 2305 5075 2511 5130; x_wconf 87' lang='lat' dir='ltr'><strong>Domini</strong></span> <span class='ocrx_word' id='word_1_763' title='bbox 2614 5076 2791 5131; x_wconf 77' lang='lat' dir='ltr'><strong>&quot;&quot;Et</strong></span> <span class='ocrx_word' id='word_1_764' title='bbox 2841 5079 2881 5130; x_wconf 91' lang='lat' dir='ltr'><strong>si</strong></span> <span class='ocrx_word' id='word_1_765' title='bbox 2936 5062 3482 5145; x_wconf 26' lang='lat' dir='ltr'><strong>aliquandaﬂinis‘citia</strong></span> 
     </span>
    </p>
   </div>
   <div class='ocr_carea' id='block_1_101' title="bbox 241 5133 3563 5217">
    <p class='ocr_par' dir='ltr' id='par_1_101' title="bbox 241 5133 3563 5217">
     <span class='ocr_line' id='line_1_101' title="bbox 241 5133 3563 5217; baseline 0.007 -30"><span class='ocrx_word' id='word_1_766' title='bbox 241 5155 349 5217; x_wconf 48' lang='lat' dir='ltr'><strong>me:</strong></span> <span class='ocrx_word' id='word_1_767' title='bbox 377 5133 543 5217; x_wconf 56' lang='lat' dir='ltr'><strong>gerit.</strong></span> <span class='ocrx_word' id='word_1_768' title='bbox 571 5146 628 5217; x_wconf 66' lang='lat' dir='ltr'><strong>et</strong></span> <span class='ocrx_word' id='word_1_769' title='bbox 655 5133 908 5216; x_wconf 65' lang='lat' dir='ltr'><strong>sialiqua</strong></span> <span class='ocrx_word' id='word_1_770' title='bbox 931 5137 1142 5217; x_wconf 60' lang='lat' dir='ltr'><strong>inscitia</strong></span> <span class='ocrx_word' id='word_1_771' title='bbox 1171 5133 1617 5217; x_wconf 41' lang='grc' dir='ltr'><strong>ηώκγᾳὶτιηερθι</strong></span> <span class='ocrx_word' id='word_1_772' title='bbox 1658 5133 1726 5217; x_wconf 56' lang='grc' dir='ltr'><strong>δί’</strong></span> <span class='ocrx_word' id='word_1_773' title='bbox 1747 5143 1922 5217; x_wconf 65' lang='lat' dir='ltr'><strong>aliqua</strong></span> <span class='ocrx_word' id='word_1_774' title='bbox 1954 5133 2241 5217; x_wconf 54' lang='lat' dir='ltr'><strong>inscientia</strong></span> <span class='ocrx_word' id='word_1_775' title='bbox 2309 5145 2404 5217; x_wconf 61' lang='lat' dir='ltr'><strong>“&#39;f.</strong></span> <span class='ocrx_word' id='word_1_776' title='bbox 2434 5145 2524 5217; x_wconf 69' lang='lat' dir='ltr'><strong>Vel</strong></span> <span class='ocrx_word' id='word_1_777' title='bbox 2554 5146 2716 5217; x_wconf 76' lang='lat' dir='ltr'><strong>etiam</strong></span> <span class='ocrx_word' id='word_1_778' title='bbox 2740 5146 2940 5199; x_wconf 88' lang='lat' dir='ltr'><strong>carnali</strong></span> <span class='ocrx_word' id='word_1_779' title='bbox 2987 5133 3109 5199; x_wconf 64' lang='lat' dir='ltr'><strong>nias.</strong></span> <span class='ocrx_word' id='word_1_780' title='bbox 3163 5133 3246 5204; x_wconf 86' lang='lat' dir='ltr'><strong>vel</strong></span> <span class='ocrx_word' id='word_1_781' title='bbox 3275 5133 3482 5212; x_wconf 51' lang='lat' dir='ltr'><strong>’c’iriié&#39;ti</strong></span> <span class='ocrx_word' id='word_1_782' title='bbox 3521 5205 3525 5208; x_wconf 86' lang='lat'><strong>.</strong></span> <span class='ocrx_word' id='word_1_783' title='bbox 3558 5173 3563 5177; x_wconf 74' lang='lat'>&#39;</span> 
     </span>
    </p>
   </div>
   <div class='ocr_carea' id='block_1_102' title="bbox 246 5204 3478 5282">
    <p class='ocr_par' dir='ltr' id='par_1_102' title="bbox 246 5204 3478 5282">
     <span class='ocr_line' id='line_1_102' title="bbox 246 5204 3478 5282; baseline 0.004 -23"><span class='ocrx_word' id='word_1_784' title='bbox 246 5206 344 5240; x_wconf 77' lang='grc'><strong>⁸³⁷⁸</strong></span> <span class='ocrx_word' id='word_1_785' title='bbox 375 5204 794 5282; x_wconf 60' lang='lat' dir='ltr'><strong>NgstiDomine</strong></span> <span class='ocrx_word' id='word_1_786' title='bbox 827 5204 1158 5282; x_wconf 29' lang='lat' dir='ltr'><strong>’mssscorb.</strong></span> <span class='ocrx_word' id='word_1_787' title='bbox 1183 5217 1231 5261; x_wconf 83' lang='lat' dir='ltr'><strong>et</strong></span> <span class='ocrx_word' id='word_1_788' title='bbox 1282 5207 1524 5282; x_wconf 80' lang='lat' dir='ltr'><strong>Val-luc._</strong></span> <span class='ocrx_word' id='word_1_789' title='bbox 1564 5213 1732 5264; x_wconf 66' lang='grc' dir='ltr'><strong>σηιξη.</strong></span> <span class='ocrx_word' id='word_1_790' title='bbox 1766 5204 1988 5267; x_wconf 66' lang='grc' dir='ltr'><strong>ῡοῖιιὶιιθ</strong></span> <span class='ocrx_word' id='word_1_791' title='bbox 2091 5212 2188 5245; x_wconf 76' lang='grc'><strong>⁸³⁷⁸</strong></span> <span class='ocrx_word' id='word_1_792' title='bbox 2210 5213 2560 5267; x_wconf 71' lang='lat' dir='ltr'><strong>Sarcularium</strong></span> <span class='ocrx_word' id='word_1_793' title='bbox 2599 5207 2945 5282; x_wconf 81' lang='lat' dir='ltr'><strong>cupiditatum</strong></span> <span class='ocrx_word' id='word_1_794' title='bbox 2987 5225 3043 5269; x_wconf 89' lang='lat' dir='ltr'><strong>et</strong></span> <span class='ocrx_word' id='word_1_795' title='bbox 3078 5204 3478 5274; x_wconf 57' lang='lat' dir='ltr'><strong>Ecclesiastica:</strong></span> 
     </span>
    </p>
   </div>
   <div class='ocr_carea' id='block_1_103' title="bbox 244 5274 3476 5354">
    <p class='ocr_par' dir='ltr' id='par_1_103' title="bbox 244 5274 3476 5354">
     <span class='ocr_line' id='line_1_103' title="bbox 244 5274 3476 5354; baseline 0.004 -26"><span class='ocrx_word' id='word_1_796' title='bbox 244 5291 380 5354; x_wconf 11' lang='lat' dir='ltr'><strong>rum,</strong></span> <span class='ocrx_word' id='word_1_797' title='bbox 404 5274 728 5354; x_wconf 66' lang='lat' dir='ltr'><strong>dignitatum</strong></span> <span class='ocrx_word' id='word_1_798' title='bbox 773 5274 1185 5354; x_wconf 61' lang='lat' dir='ltr'><strong>appetitionihus</strong></span> <span class='ocrx_word' id='word_1_799' title='bbox 1206 5279 1702 5354; x_wconf 38' lang='lat' dir='ltr'><strong>mss-saecularium</strong></span> <span class='ocrx_word' id='word_1_800' title='bbox 1735 5282 2515 5354; x_wconf 10' lang='lat' dir='ltr'><strong>voluptatum,appetitionibus</strong></span> <span class='ocrx_word' id='word_1_801' title='bbox 2544 5299 2641 5335; x_wconf 81' lang='lat' dir='ltr'><strong>ms.</strong></span> <span class='ocrx_word' id='word_1_802' title='bbox 2671 5274 2917 5338; x_wconf 46' lang='lat' dir='ltr'><strong>&quot;Val-(uc.</strong></span> <span class='ocrx_word' id='word_1_803' title='bbox 2960 5286 3295 5340; x_wconf 64' lang='lat' dir='ltr'><strong>saecularium</strong></span> <span class='ocrx_word' id='word_1_804' title='bbox 3325 5288 3476 5354; x_wconf 85' lang='lat' dir='ltr'><strong>cupi-</strong></span> 
     </span>
    </p>
   </div>
   <div class='ocr_carea' id='block_1_104' title="bbox 242 5342 3475 5433">
    <p class='ocr_par' dir='ltr' id='par_1_104' title="bbox 242 5342 3475 5433">
     <span class='ocr_line' id='line_1_104' title="bbox 242 5342 3475 5433; baseline 0.002 -33"><span class='ocrx_word' id='word_1_805' title='bbox 242 5342 926 5433; x_wconf 53' lang='lat' dir='ltr'><strong>ditatnulappetitionibus</strong></span> <span class='ocrx_word' id='word_1_806' title='bbox 1118 5344 1510 5433; x_wconf 39' lang='lat' dir='ltr'><strong>Permittis-patr:</strong></span> <span class='ocrx_word' id='word_1_807' title='bbox 1547 5348 1700 5404; x_wconf 86' lang='lat' dir='ltr'><strong>Corb.</strong></span> <span class='ocrx_word' id='word_1_808' title='bbox 1732 5342 1996 5433; x_wconf 74' lang='lat' dir='ltr'><strong>prospicis</strong></span> <span class='ocrx_word' id='word_1_809' title='bbox 2070 5342 2373 5433; x_wconf 54' lang='lat' dir='ltr'><strong>&quot;73&#39;Meam</strong></span> <span class='ocrx_word' id='word_1_810' title='bbox 2407 5351 2600 5433; x_wconf 76' lang='lat' dir='ltr'><strong>malam</strong></span> <span class='ocrx_word' id='word_1_811' title='bbox 2649 5369 2777 5433; x_wconf 75' lang='lat' dir='ltr'><strong>mss.</strong></span> <span class='ocrx_word' id='word_1_812' title='bbox 2817 5369 2989 5433; x_wconf 57' lang='lat' dir='ltr'><strong>meum</strong></span> <span class='ocrx_word' id='word_1_813' title='bbox 3019 5358 3322 5433; x_wconf 60' lang='lat' dir='ltr'><strong>pessimam</strong></span> <span class='ocrx_word' id='word_1_814' title='bbox 3386 5342 3475 5433; x_wconf 44' lang='grc' dir='ltr'><strong>ἤδη</strong></span> 
     </span>
    </p>
   </div>
   <div class='ocr_carea' id='block_1_105' title="bbox 245 5413 3474 5491">
    <p class='ocr_par' dir='ltr' id='par_1_105' title="bbox 245 5413 3474 5491">
     <span class='ocr_line' id='line_1_105' title="bbox 245 5413 3474 5491; baseline 0.006 -28"><span class='ocrx_word' id='word_1_815' title='bbox 245 5413 526 5469; x_wconf 77' lang='lat' dir='ltr'><strong>Pervenit</strong></span> <span class='ocrx_word' id='word_1_816' title='bbox 556 5413 606 5491; x_wconf 84' lang='lat' dir='ltr'><strong>in</strong></span> <span class='ocrx_word' id='word_1_817' title='bbox 644 5428 730 5491; x_wconf 70' lang='lat' dir='ltr'><strong>me</strong></span> <span class='ocrx_word' id='word_1_818' title='bbox 763 5414 1084 5491; x_wconf 44' lang='lat' dir='ltr'><strong>manentia.</strong></span> <span class='ocrx_word' id='word_1_819' title='bbox 1117 5413 1168 5491; x_wconf 74' lang='lat' dir='ltr'><strong>in</strong></span> <span class='ocrx_word' id='word_1_820' title='bbox 1198 5413 1284 5470; x_wconf 82' lang='lat' dir='ltr'><strong>me</strong></span> <span class='ocrx_word' id='word_1_821' title='bbox 1322 5485 1334 5491; x_wconf 87' lang='lat'>_</span> <span class='ocrx_word' id='word_1_822' title='bbox 1357 5417 1449 5491; x_wconf 60' lang='lat' dir='ltr'><strong>f3“</strong></span> <span class='ocrx_word' id='word_1_823' title='bbox 1471 5418 1692 5491; x_wconf 84' lang='lat' dir='ltr'><strong>Amator</strong></span> <span class='ocrx_word' id='word_1_824' title='bbox 1734 5413 2008 5491; x_wconf 84' lang='lat' dir='ltr'><strong>hominum</strong></span> <span class='ocrx_word' id='word_1_825' title='bbox 2053 5437 2177 5491; x_wconf 67' lang='lat' dir='ltr'><strong>mss.</strong></span> <span class='ocrx_word' id='word_1_826' title='bbox 2224 5421 2514 5491; x_wconf 86' lang='lat' dir='ltr'><strong>plasmator</strong></span> <span class='ocrx_word' id='word_1_827' title='bbox 2545 5422 2820 5477; x_wconf 89' lang='lat' dir='ltr'><strong>hominum</strong></span> <span class='ocrx_word' id='word_1_828' title='bbox 2898 5424 2985 5455; x_wconf 83' lang='grc'>¹⁸⁸¹</span> <span class='ocrx_word' id='word_1_829' title='bbox 3013 5413 3139 5477; x_wconf 80' lang='lat' dir='ltr'><strong>Cum</strong></span> <span class='ocrx_word' id='word_1_830' title='bbox 3185 5425 3474 5483; x_wconf 89' lang='lat' dir='ltr'><strong>studiosius</strong></span> 
     </span>
    </p>
   </div>
   <div class='ocr_carea' id='block_1_106' title="bbox 242 5481 3477 5560">
    <p class='ocr_par' dir='ltr' id='par_1_106' title="bbox 242 5481 3477 5560">
     <span class='ocr_line' id='line_1_106' title="bbox 242 5481 3477 5560; baseline 0.002 -23"><span class='ocrx_word' id='word_1_831' title='bbox 242 5493 532 5560; x_wconf 60' lang='lat' dir='ltr'><strong>mss:_cunt</strong></span> <span class='ocrx_word' id='word_1_832' title='bbox 561 5482 829 5560; x_wconf 60' lang='lat' dir='ltr'><strong>studiosus</strong></span> <span class='ocrx_word' id='word_1_833' title='bbox 1018 5482 1205 5560; x_wconf 75' lang='lat' dir='ltr'><strong>Cogito</strong></span> <span class='ocrx_word' id='word_1_834' title='bbox 1230 5485 1367 5560; x_wconf 81' lang='lat' dir='ltr'><strong>mala</strong></span> <span class='ocrx_word' id='word_1_835' title='bbox 1397 5503 1521 5540; x_wconf 78' lang='lat' dir='ltr'><strong>mas.</strong></span> <span class='ocrx_word' id='word_1_836' title='bbox 1554 5489 1728 5560; x_wconf 83' lang='lat' dir='ltr'><strong>cogito</strong></span> <span class='ocrx_word' id='word_1_837' title='bbox 1765 5499 1818 5544; x_wconf 91' lang='lat' dir='ltr'><strong>et</strong></span> <span class='ocrx_word' id='word_1_838' title='bbox 1852 5489 1988 5560; x_wconf 82' lang='lat' dir='ltr'><strong>mala</strong></span> <span class='ocrx_word' id='word_1_839' title='bbox 2057 5489 2170 5560; x_wconf 13' lang='lat'><strong>7”&quot;,</strong></span> <span class='ocrx_word' id='word_1_840' title='bbox 2191 5481 2481 5558; x_wconf 78' lang='lat' dir='ltr'><strong>Diligenter</strong></span> <span class='ocrx_word' id='word_1_841' title='bbox 2526 5492 2757 5560; x_wconf 88' lang='lat' dir='ltr'><strong>qualiter</strong></span> <span class='ocrx_word' id='word_1_842' title='bbox 2786 5509 2908 5545; x_wconf 72' lang='lat' dir='ltr'><strong>mss.</strong></span> <span class='ocrx_word' id='word_1_843' title='bbox 2947 5491 3226 5559; x_wconf 87' lang='lat' dir='ltr'><strong>diligenter</strong></span> <span class='ocrx_word' id='word_1_844' title='bbox 3263 5481 3477 5556; x_wconf 49' lang='lat' dir='ltr'><strong>intueor</strong></span> 
     </span>
    </p>
   </div>
   <div class='ocr_carea' id='block_1_107' title="bbox 242 5547 3476 5628">
    <p class='ocr_par' dir='ltr' id='par_1_107' title="bbox 242 5547 3476 5628">
     <span class='ocr_line' id='line_1_107' title="bbox 242 5547 3476 5628; baseline 0.006 -26"><span class='ocrx_word' id='word_1_845' title='bbox 242 5549 492 5628; x_wconf 71' lang='lat' dir='ltr'><strong>qualiter</strong></span> <span class='ocrx_word' id='word_1_846' title='bbox 511 5549 878 5628; x_wconf 61' lang='lat' dir='ltr'><strong>m§._Val—Iu_c.</strong></span> <span class='ocrx_word' id='word_1_847' title='bbox 905 5547 1221 5628; x_wconf 53' lang='grc' dir='ltr'><strong>ρἰἰεςείιίμῐξ</strong></span> <span class='ocrx_word' id='word_1_848' title='bbox 1243 5555 1454 5628; x_wconf 75' lang='lat' dir='ltr'><strong>intueor</strong></span> <span class='ocrx_word' id='word_1_849' title='bbox 1492 5547 1722 5627; x_wconf 66' lang='lat' dir='ltr'><strong>qualiter</strong></span> <span class='ocrx_word' id='word_1_850' title='bbox 1824 5558 1916 5592; x_wconf 68' lang='grc'>¹³³⁶</span> <span class='ocrx_word' id='word_1_851' title='bbox 1941 5559 2102 5613; x_wconf 88' lang='lat' dir='ltr'><strong>Valde</strong></span> <span class='ocrx_word' id='word_1_852' title='bbox 2150 5547 2378 5613; x_wconf 73' lang='lat' dir='ltr'><strong>formido</strong></span> <span class='ocrx_word' id='word_1_853' title='bbox 2422 5576 2520 5612; x_wconf 82' lang='lat' dir='ltr'><strong>ms.</strong></span> <span class='ocrx_word' id='word_1_854' title='bbox 2543 5547 2783 5620; x_wconf 59' lang='lat' dir='ltr'><strong>&#39;omitlit,</strong></span> <span class='ocrx_word' id='word_1_855' title='bbox 2817 5561 2967 5613; x_wconf 88' lang='lat' dir='ltr'><strong>valde</strong></span> <span class='ocrx_word' id='word_1_856' title='bbox 3041 5547 3133 5592; x_wconf 57' lang='grc' dir='ltr'><strong>ἣν</strong></span> <span class='ocrx_word' id='word_1_857' title='bbox 3163 5547 3476 5622; x_wconf 39' lang='lat' dir='ltr'><strong>Interius—et</strong></span> 
     </span>
    </p>
   </div>
   <div class='ocr_carea' id='block_1_108' title="bbox 244 5619 3475 5697">
    <p class='ocr_par' dir='ltr' id='par_1_108' title="bbox 244 5619 3475 5697">
     <span class='ocr_line' id='line_1_108' title="bbox 244 5619 3475 5697; baseline 0.005 -23"><span class='ocrx_word' id='word_1_858' title='bbox 244 5620 542 5697; x_wconf 51' lang='lat' dir='ltr'><strong>forisnmas.</strong></span> <span class='ocrx_word' id='word_1_859' title='bbox 563 5619 709 5697; x_wconf 62' lang='lat' dir='ltr'><strong>intus</strong></span> <span class='ocrx_word' id='word_1_860' title='bbox 735 5628 790 5670; x_wconf 90' lang='lat' dir='ltr'><strong>et</strong></span> <span class='ocrx_word' id='word_1_861' title='bbox 820 5619 950 5697; x_wconf 76' lang='lat' dir='ltr'><strong>foris</strong></span> <span class='ocrx_word' id='word_1_862' title='bbox 1024 5619 1115 5648; x_wconf 75' lang='grc'><strong>⁸³⁸⁸</strong></span> <span class='ocrx_word' id='word_1_863' title='bbox 1140 5622 1222 5697; x_wconf 55' lang='lat' dir='ltr'><strong>{id</strong></span> <span class='ocrx_word' id='word_1_864' title='bbox 1242 5624 1468 5680; x_wconf 90' lang='lat' dir='ltr'><strong>salutem</strong></span> <span class='ocrx_word' id='word_1_865' title='bbox 1501 5619 1624 5697; x_wconf 61' lang='lat' dir='ltr'><strong>inse.</strong></span> <span class='ocrx_word' id='word_1_866' title='bbox 1668 5630 1733 5682; x_wconf 90' lang='lat' dir='ltr'><strong>ad</strong></span> <span class='ocrx_word' id='word_1_867' title='bbox 1761 5630 1989 5697; x_wconf 88' lang='lat' dir='ltr'><strong>aliquam</strong></span> <span class='ocrx_word' id='word_1_868' title='bbox 2022 5629 2245 5682; x_wconf 89' lang='lat' dir='ltr'><strong>salutem</strong></span> <span class='ocrx_word' id='word_1_869' title='bbox 2324 5629 2412 5660; x_wconf 78' lang='grc'><strong>⁸³⁸⁷</strong></span> <span class='ocrx_word' id='word_1_870' title='bbox 2439 5629 2556 5684; x_wconf 83' lang='lat' dir='ltr'><strong>Dici</strong></span> <span class='ocrx_word' id='word_1_871' title='bbox 2585 5631 2725 5696; x_wconf 87' lang='lat' dir='ltr'><strong>quod</strong></span> <span class='ocrx_word' id='word_1_872' title='bbox 2768 5619 2962 5681; x_wconf 90' lang='lat' dir='ltr'><strong>bonum</strong></span> <span class='ocrx_word' id='word_1_873' title='bbox 2989 5643 3088 5696; x_wconf 87' lang='lat' dir='ltr'><strong>ego</strong></span> <span class='ocrx_word' id='word_1_874' title='bbox 3129 5645 3250 5683; x_wconf 91' lang='lat' dir='ltr'><strong>cum</strong></span> <span class='ocrx_word' id='word_1_875' title='bbox 3301 5619 3475 5693; x_wconf 69' lang='lat' dir='ltr'><strong>habeo</strong></span> 
     </span>
    </p>
   </div>
   <div class='ocr_carea' id='block_1_109' title="bbox 245 5684 3216 5766">
    <p class='ocr_par' dir='ltr' id='par_1_109' title="bbox 245 5684 3216 5766">
     <span class='ocr_line' id='line_1_109' title="bbox 245 5684 3216 5766; baseline 0.004 -26"><span class='ocrx_word' id='word_1_876' title='bbox 245 5693 345 5742; x_wconf 62' lang='lat' dir='ltr'><strong>me.</strong></span> <span class='ocrx_word' id='word_1_877' title='bbox 370 5685 530 5745; x_wconf 63' lang='grc' dir='ltr'><strong>ϐοή.</strong></span> <span class='ocrx_word' id='word_1_878' title='bbox 561 5684 684 5754; x_wconf 87' lang='lat' dir='ltr'><strong>dici,</strong></span> <span class='ocrx_word' id='word_1_879' title='bbox 715 5687 852 5757; x_wconf 86' lang='lat' dir='ltr'><strong>quod</strong></span> <span class='ocrx_word' id='word_1_880' title='bbox 883 5704 979 5759; x_wconf 84' lang='lat' dir='ltr'><strong>ego</strong></span> <span class='ocrx_word' id='word_1_881' title='bbox 1004 5702 1110 5742; x_wconf 83' lang='lat' dir='ltr'><strong>non</strong></span> <span class='ocrx_word' id='word_1_882' title='bbox 1141 5689 1309 5765; x_wconf 79' lang='lat' dir='ltr'><strong>habeo</strong></span> <span class='ocrx_word' id='word_1_883' title='bbox 1335 5712 1455 5748; x_wconf 81' lang='lat' dir='ltr'><strong>mss.</strong></span> <span class='ocrx_word' id='word_1_884' title='bbox 1503 5695 1632 5750; x_wconf 77' lang='lat' dir='ltr'><strong>Vict.</strong></span> <span class='ocrx_word' id='word_1_885' title='bbox 1661 5710 1706 5750; x_wconf 83' lang='lat' dir='ltr'><strong>et</strong></span> <span class='ocrx_word' id='word_1_886' title='bbox 1750 5684 1975 5752; x_wconf 50' lang='lat' dir='ltr'><strong>Veli/uc.</strong></span> <span class='ocrx_word' id='word_1_887' title='bbox 2012 5698 2116 5753; x_wconf 89' lang='lat' dir='ltr'><strong>dici</strong></span> <span class='ocrx_word' id='word_1_888' title='bbox 2148 5699 2285 5766; x_wconf 86' lang='lat' dir='ltr'><strong>quod</strong></span> <span class='ocrx_word' id='word_1_889' title='bbox 2330 5699 2549 5763; x_wconf 86' lang='lat' dir='ltr'><strong>bonum,</strong></span> <span class='ocrx_word' id='word_1_890' title='bbox 2577 5684 2717 5766; x_wconf 63' lang='lat' dir='ltr'><strong>q&#39;uod</strong></span> <span class='ocrx_word' id='word_1_891' title='bbox 2761 5711 2856 5764; x_wconf 74' lang='lat' dir='ltr'><strong>ego</strong></span> <span class='ocrx_word' id='word_1_892' title='bbox 2888 5711 2992 5754; x_wconf 85' lang='lat' dir='ltr'><strong>non</strong></span> <span class='ocrx_word' id='word_1_893' title='bbox 3023 5684 3216 5760; x_wconf 74' lang='lat' dir='ltr'><strong>habeo</strong></span> 
     </span>
    </p>
   </div>
  </div>
