4200 6242
587 386 692 442 1ῑῦ

897 341 902 354 ’
942 387 1001 446 s.
1040 384 1339 446 nasum
1372 375 1722 448 mutuae.
1759 387 2074 451 ARCIHEP.
2117 391 2159 450 o

2258 429 2270 445 .
2313 391 2492 451 PARS
2525 392 2590 450 ll.
2610 425 2676 436 -—
2701 391 3070 451 PAREN—ET.
3114 389 3202 453 ET
3233 393 3480 454 ASCET.

3731 395 3832 455 916

519 515 523 520 '
603 487 608 525 ἶ
658 459 756 558 Est
797 502 944 559 enim
992 503 1132 559 Deus
1177 504 1296 574 pius
1331 505 1421 538 ³³⁸⁸
1462 517 1519 562 et
1568 510 1897 574 misericors.
1931 519 1988 566 et
2021 508 2165 564 nullo
2195 513 2241 568 Α
2273 510 2418 566 nullo
2447 511 2758 582 srparahat,
2784 511 3106 567 intolerabili
3133 509 3318 568 dolore
3363 511 3715 583 adiciebatur.
3747 515 3830 581 Et,

589 595 754 650 modo
780 606 1086 652 creaturam
1140 612 1294 669 suam
1333 602 1561 669 perdere
1603 603 1822 669 volens,
1854 605 1946 659 sed
1993 605 2166 660 modis

587 683 842 741 erunibus
863 692 923 739 ut
950 685 1015 738 ad
1040 686 1300 755 pietatem
1329 707 1482 745 suam
1506 693 1715 758 redeat,
1737 693 2166 748 misericorditer

589 758 817 828 mancus
847 772 959 828 ‘m.
994 775 1267 842 Quantum
1293 795 1425 836 vero
1454 787 1606 837 suam
1631 791 1934 837 creaturam
1956 782 2165 852 diligat,

590 871 850 930 quantum
882 865 1086 923 invitus
1111 883 1230 924 eam
1253 871 1460 941 perdat,
1485 871 1538 925 in
1559 871 1661 927 hoc
1680 872 1952 927 veraciter
1975 881 2163 927 osten-

586 954 690 1018 dit,
717 973 844 1012 eum
877 958 969 991 "’°
992 960 1058 1016 de
1087 961 1228 1017 calo
1257 961 1310 1016 in
1358 972 1561 1017 terram
1601 962 1897 1029 descendit,
1924 979 2045 1019 cum
2076 964 2164 1019 ille

589 1047 684 1116 qui
729 1047 850 1104 sine
889 1049 1046 1106 initio
1088 1059 1228 1117 erat,
1273 1051 1486 1107 initium
1525 1064 1628 1122 [me
1665 1066 1852 1111 amore
1901 1063 2162 1112 creaturae

594 1133 798 1192 habere
824 1138 1015 1204 voluit,
1043 1139 1341 1212 limumque
1363 1143 1507 1199 unde
1539 1159 1640 1201 nos
1657 1143 1788 1201 fecit
1813 1161 1912 1218 pro
1953 1147 2163 1202 redem~

590 1222 776 1300 ptione
822 1241 1005 1285 nostra
1037 1235 1354 1304 assumpsit,
1380 1243 1434 1290 et
1479 1236 1652 1306 ipsum
1705 1237 1917 1304 limum,
1956 1239 2165 1293 scilicet

587 1314 1006 1388 carrienI'suam,
1036 1337 1197 1392 quam
1237 1341 1335 1395 pro
1365 1327 1520 1380 nobis
1539 1329 1849 1404 assumpsit,
1878 1337 2161 1399 postquam

586 1419 685 1480 per
738 1412 1043 1480 passionem
1094 1414 1274 1478 erucis
1323 1415 1375 1471 in
1424 1416 1592 1487 ipsius
1633 1419 1813 1473 crucis
1867 1432 1960 1475 ara
2025 1421 2163 1476 bene

587 1510 810 1556 excocta
860 1512 976 1570 est,
1021 1504 1176 1564 nobis
1220 1506 1289 1562 ad
1340 1509 1779 1566 manducandum
1824 1513 2054 1582 porrigit
2109 1520 2164 1567 et

586 1588 757 1658 ipsius
808 1591 988 1647 carnis
1051 1596 1313 1666 sanguine
1378 1595 1620 1666 ejusdem
1677 1601 1858 1656 crucis
1905 1601 2160 1658 torculari

584 1695 846 1750 expresso
874 1683 1000 1738 dum
1029 1670 1127 1741 nos
1155 1697 1325 1756 potat,
1351 1690 1496 1746 sitim
1519 1692 1712 1748 animai
1730 1701 1929 1749 nostrae
1957 1696 2162 1750 exstin-

586 1772 721 1842 guit.
752 1772 902 1829 Hanc
930 1787 1109 1831 autem
1143 1794 1364 1835 carnem
1395 1775 1565 1837 nostri
1615 1782 1994 1856 Redemptoris
2036 1803 2159 1842 cum

586 1867 980 1924 manducamus
1034 1864 1088 1925 et
1142 1874 1467 1941 sanguinem
1523 1874 1790 1942 bibimus,
1838 1884 1975 1933 cum
2029 1877 2159 1932 limo

499 1957 508 1971 '
582 1967 770 2014 nostro
814 1961 1124 2028 miscemus,
1169 1975 1224 2019 et
1253 1965 1320 2020 de
1348 1965 1451 2022 hoc
1483 1967 1638 2037 quasi
1683 1968 1774 2000 ¹⁸⁹⁸
1810 1970 2160 2040 emplastrum

584 2049 846 2105 facientes
877 2062 1189 2124 nostraeque-
1210 2057 1406 2112 animte
1438 2057 1845 2115 infirmitatibus
1879 2061 1968 2092 ""
1995 2077 2161 2131 appo-

583 2147 811 2206 nentes,
860 2141 903 2196 si
943 2143 1102 2213 digne
1137 2146 1436 2211 sumimus,
1465 2163 1625 2202 omne
1653 2149 1898 2217 protinus
1925 2151 2068 2218 quod
2091 2152 2158 2206 ad

582 2231 945 2287 damnationis
975 2235 1274 2304 periculum
1302 2251 1399 2292 nos
1427 2238 1689 2306 pertrahit
1719 2256 1784 2293 ex
1813 2240 2157 2297 interioribus

547 2372 555 2381 ,,
582 2322 775 2376 aninue
801 2333 999 2378 nostra:
1018 2324 1424 2394 projicimus.‘0
1448 2327 1710 2382 immensa
1740 2329 1950 2383 Domini
1985 2331 2154 2386 nostri

577 2409 631 2462 J.
655 2410 717 2465 C.
744 2411 944 2480 pietas!
977 2429 1010 2467 ο
1033 2414 1348 2472 admiranda
1377 2426 1431 2471 et
1457 2416 1740 2474 iueﬂ‘abilis
1761 2420 2151 2476 misericordia!

576 2499 637 2555 Si
665 2501 866 2572 aliquis
890 2514 1082 2574 potens
1111 2507 1293 2572 homo,
1321 2524 1442 2562 cmn
1473 2525 1666 2580 magno
1694 2512 1952 2566 comitatu
1980 2513 2156 2568 homi-

577 2607 707 2646 num
732 2608 982 2662 pergens,
1029 2595 1167 2650 forte
1191 2595 1345 2664 juxta
1380 2598 1520 2652 viam
1548 2614 1643 2669 per
1674 2616 1838 2671 quam
1877 2603 2155 2667 transiret,

586 2683 641 2736 in
668 2683 848 2754 aliquo
871 2676 1028 2740 cceno
1072 2687 1303 2756 aliquem
1344 2702 1634 2760 pauperem
1667 2683 1976 2746 immersam
2008 2692 2157 2748 vide-

581 2783 686 2836 ret,
711 2775 800 2845 qui
823 2789 883 2830 se
906 2792 1004 2845 per
1047 2778 1280 2849 seipsum
1317 2780 1464 2834 nullo
1486 2783 1646 2837 modo
1667 2784 1956 2838 extrahere
1977 2796 2158 2853 posset

581 2865 649 2918 de
694 2865 785 2919 illo
819 2880 976 2922 emno
1021 2868 1074 2920 in
1117 2884 1224 2938 quo
1268 2869 1556 2926 inlinemus
1600 2880 1771 2935 esset,
1807 2873 2157 2931 miseratione

576 2967 759 3015 motus
794 2959 1041 3014 eumdem
1072 2975 1360 3029 pauperem
1389 2978 1484 3032 per
1505 2963 1737 3032 seipsum
1773 2964 1839 3018 de
1868 2963 1958 3018 illo
2000 2980 2155 3020 cteno

576 3049 914 3114 extraheret,
958 3050 1085 3104 nulli
1131 3051 1350 3106 dubium
1405 3054 1534 3123 quin
1587 3055 1893 3125 hujusmodi
1947 3072 2154 3127 magna:

578 3141 968 3196 misericordia:
995 3157 1305 3213 magnmque
1333 3145 1549 3213 pietatis
1580 3148 1646 3199 ah
1675 3148 1926 3202 omnibus
1960 3148 2152 3217 praedi-
2181 3178 2227 3239 ο

576 3241 816 3298 uaretur,
847 3233 1056 3303 magnis
1100 3233 1349 3290 laudibus
1389 3237 1458 3290 ab
1493 3239 1746 3294 omnibus
1794 3249 2000 3294 rectum
2029 3254 2153 3294 sen-

578 3339 698 3377 sum
729 3322 1070 3382 habentibus
1112 3326 1484 3381 extolleretur.
1531 3328 1598 3382 Et
1640 3339 1841 3397 quanto
1885 3331 1987 3384 hoc
2022 3345 2156 3398 opus

582 3414 967 3468 niiscricordie
1015 3431 1111 3484 pro
1155 3424 1391 3486 paupere
1440 3425 1494 3471 et
1539 3419 1697 3488 inope
1731 3419 1968 3485 fecisset,
2008 3430 2156 3475 tanto

577 3504 700 3572 plus
741 3504 861 3573 pius
909 3516 962 3560 et
1012 3505 1324 3562 misericors
1360 3507 1611 3564 omnibus
1657 3509 1760 3578 piis
1796 3518 1850 3563 et
1888 3511 2159 3567 veraciter

580 3593 906 3649 Christianis
953 3605 1268 3668 appareret.
1319 3596 1456 3662 Quid
1510 3613 1674 3670 ergo.
1726 3600 1852 3669 quid
1898 3602 2155 3656 mstimari

562 3687 738 3750 ,debet
764 3686 828 3739 de
855 3701 1042 3756 magna
1075 3687 1286 3744 Domini
1333 3689 1503 3742 nostri
1545 3687 1670 3744 Jesu
1702 3691 1902 3744 Christi
1932 3693 2152 3760 pietate,

575 3779 646 3834 de
676 3766 928 3831 incﬂ'abili
964 3777 1079 3844 ejus
1104 3778 1476 3833 misericordia
1507 3787 1560 3834 et
1588 3780 1874 3846 charitate,
1910 3783 2001 3851 qui
2029 3797 2151 3836 cum

575 3870 694 3938 ipse
723 3867 841 3922 sine
871 3866 1025 3921 initio
1057 3867 1145 3932 sit,
1177 3875 1231 3920 et
1265 3867 1492 3922 mortale
1519 3869 1731 3924 initium
1772 3879 1828 3925 et
1855 3873 2154 3928 mortalita-

578 3971 685 4012 tem
718 3958 948 4024 sumpsit
978 3971 1076 4026 pro
1103 3973 1360 4026 paupere,
1389 3966 1443 4012 et
1483 3957 1624 4014 ultra
1663 3961 1877 4014 modum
1917 3977 2154 4030 paupere

577 4057 631 4101 et
656 4048 836 4116 inope,
867 4056 923 4099 ut
951 4047 1097 4100 illum
1137 4050 1448 4103 extraheret
1489 4051 1555 4103 de
1598 4049 1970 4104 sordidissimo
2000 4068 2155 4107 corno

576 4139 811 4208 peccati,
862 4139 913 4191 in
953 4153 1059 4206 quo
1107 4139 1343 4207 seipsum
1396 4140 1866 4195 immerserat."”
1893 4143 2058 4197 miser
2102 4154 2156 4199 et

575 4231 799 4285 infeiix?
828 4229 1030 4284 Praeter
1073 4231 1196 4294 hoc,
1231 4231 1396 4285 miser
1439 4232 1528 4263 ””
1557 4233 1720 4287 homo
1751 4243 1952 4288 tantam
1981 4233 2157 4287 infeli-

576 4321 795 4375 citatem
843 4320 1168 4389 patiebatur,
1215 4322 1398 4391 sicque
1428 4322 1711 4379 infeliciter
1740 4326 1792 4380 in
1832 4326 1961 4394 ipsis
1999 4341 2156 4380 vora-

576 4412 790 4482 ginibus
836 4422 1050 4465 aeterna:
1093 4414 1406 4482 perditionis
1438 4425 1557 4469 erat
1587 4417 1904 4483 immersus,
1946 4420 2154 4488 magnis

2269 604 2312 658 si
2363 605 2564 660 diutius
2597 605 2909 663 diﬂ‘erretur
2947 608 3089 678 quod
3141 608 3209 663 ab
3253 607 3434 678 aliquo
3486 608 3834 667 misericorde

2268 693 2559 762 aliquando
2603 695 2975 752 misericordia
3019 699 3067 754 ei
3121 713 3225 754 non
3261 697 3690 768 impenderetur,
3723 699 3832 766 jam

2267 782 2335 836 ab
2365 783 2497 852 ipsis
2535 784 2770 838 miseriis
2813 795 3028 844 reterns:
3062 782 3379 857 perditionis
3417 791 3836 859 irreparahiliter

2267 880 2594 926 moreretur.
2622 872 2781 928 Venit
2809 873 2899 906 ²⁸⁹⁸
2928 876 3238 932 misericors
3259 879 3486 933 Creator
3515 875 3833 934 iueﬂabilem
3863 884 3867 886 ⁷

2265 961 2522 1030 pietatem
2569 963 2776 1020 habens
2805 965 2873 1020 ad
2928 965 3072 1020 hunc
3101 981 3234 1035 pecc
3272 978 3442 1022 torem
3481 969 3534 1022 in
3572 969 3684 1023 luto
3710 985 3834 1038 pce-

2265 1062 2508 1108 eatorum
2553 1052 2862 1124 jacentem;
2910 1071 3017 1112 non
3075 1059 3389 1128 exspoliaus
3423 1075 3488 1115 se
3528 1060 3837 1115 indumento

2264 1143 2455 1214 glorize
2476 1160 2612 1213 suae,
2633 1147 2806 1203 induit
2835 1162 3040 1218 pannos
3069 1150 3297 1205 miseriae
3325 1160 3541 1206 nostrae.
3575 1151 3838 1222 Venitque

2266 1233 2410 1288 velut
2456 1236 2844 1292 mundissimae
2888 1237 2982 1292 Sol
3026 1253 3122 1308 per
3168 1239 3313 1308 ipsos
3354 1241 3588 1310 fetores,
3639 1242 3836 1297 nullam

2268 1332 2446 1378 tamen
2497 1326 3012 1381 contaminationcm
3047 1327 3238 1384 fetoris
3275 1331 3507 1400 patiens,
3556 1347 3724 1402 usque
3769 1333 3838 1388 ad

2265 1413 2436 1481 ipsum
2474 1413 2734 1469 miserunt
2759 1425 3137 1486 peccatorcm,
3177 1435 3409 1491 eumque
3437 1421 3504 1477 ab
3544 1423 3673 1493 ipsis
3709 1425 3840 1479 feto-

2264 1503 2417 1558 ribus
2455 1513 2762 1575 cxtergeus,
2817 1509 2988 1562 tenuit
3016 1524 3115 1579 per
3155 1510 3470 1578 brachium,
3517 1514 3751 1568 extraxit
3783 1515 3836 1568 iu

2262 1595 2502 1666 planum.
2536 1597 2853 1653 Extractum
2882 1613 3012 1655 vero
3041 1602 3106 1656 de
3147 1601 3263 1656 lacu
3296 1605 3520 1658 miseria:
3553 1614 3600 1657 et
3631 1595 3694 1658 de
3727 1604 3837 1659 luto

2261 1685 2407 1756 fwcis
2445 1686 2615 1756 (Paul.
2640 1704 2838 1756 xxxix,
2865 1690 2946 1761 5),
2987 1690 3187 1744 cibavit
3221 1708 3356 1761 pane
3397 1692 3664 1761 sapientia
3696 1694 3841 1745 sutu-

2262 1780 2391 1834 taris
2423 1778 2612 1850 (Eccli.
2638 1795 2724 1846 xv,
2752 1782 2829 1852 '5),
2859 1791 2913 1838 et
2932 1792 3054 1853 post
3076 1783 3212 1848 lucc,
3235 1784 3347 1852 ipsa
3373 1797 3470 1837 sua
3493 1799 3655 1838 carne
3675 1799 3837 1853 quam

2261 1884 2360 1939 pro
2403 1869 2520 1939 ejus
2552 1871 2922 1942 redemptione
2965 1880 3295 1941 susceperat,
3337 1882 3392 1928 et
3433 1887 3532 1927 suo
3579 1873 3842 1943 samnitio

2261 1962 2351 2032 qui
2381 1977 2477 2031 pro
2502 1959 2818 2017 remissione
2857 1972 3204 2029 peccatorum
3229 1963 3385 2017 fusus
3403 1971 3511 2025 cst,
3544 1962 3742 2017 cibavit
3781 1971 3838 2018 et

2261 2054 2492 2122 potavit;
2522 2063 2576 2108 et
2603 2053 2683 2108 sic
2717 2051 3075 2108 refocillatum
3118 2052 3186 2107 ab
3215 2052 3348 2122 ipsis
3382 2053 3688 2122 doloribus,
3715 2053 3836 2121 qui.

2259 2145 2360 2199 bus
2389 2154 2498 2216 tam
2539 2144 2776 2212 graviter
2821 2143 3139 2210 vexabatur,
3182 2133 3468 2214 mitigavit.
3510 2140 3634 2196 Ηωο
3659 2152 3840 2216 autem

2260 2249 2389 2290 caro
2433 2251 2595 2303 quam
2648 2235 2696 2288 ei
2748 2235 2815 2288 ad
2865 2233 3297 2289 manducandum
3343 2231 3491 2287 dedit
3542 2235 3608 2287 de
3643 2242 3839 2286 natura

2258 2327 2495 2397 ejusdem
2526 2325 2636 2380 limi
2665 2325 2765 2380 fuit
2795 2326 2936 2380 unde
2965 2326 3198 2395 primum
3235 2324 3504 2377 hominem
3529 2324 3840 2393 plasnt:.vi‘,

2259 2435 2417 2488 quem
2443 2418 2509 2471 ad
2559 2418 2843 2486 imaginem
2872 2429 2925 2471 et
2955 2416 3360 2470 similitudinem
3402 2432 3552 2470 suam
3594 2416 3841 2479 creavit;

2260 2523 2422 2576 quam
2471 2507 2906 2570 similitudinem,
2945 2523 3108 2575 quam
3143 2507 3255 2576 ipse
3297 2505 3503 2576 primus
3555 2505 3717 2568 home
3745 2504 3845 2536 ¹³¹δ⁶

2259 2614 2357 2669 per
2385 2613 2537 2653 suam
2567 2597 2778 2667 culpam
2809 2597 3152 2666 deliguravit,
3187 2611 3282 2666 per
3313 2596 3494 2650 carnis
3519 2610 3628 2650 Sua:
3656 2607 3841 2646 come-

2259 2688 2488 2743 stionem
2538 2689 2651 2754 ¹³⁹⁷,
2695 2697 3006 2755 rectam-que
3051 2686 3206 2740 ﬁdem
3248 2685 3313 2738 ad
3368 2685 3632 2754 integrum
3662 2683 3840 2736 refor-

2257 2781 2456 2845 mavit;
2489 2779 2628 2832 hanc
2672 2793 2802 2832 vero
2837 2792 3076 2839 carnem,
3106 2775 3188 2829 vel
3237 2773 3410 2843 lmjusI
3439 2775 3550 2828 limi
3587 2784 3842 2828 naturam

2255 2881 2541 2941 postquam
2585 2868 2835 2924 Christus
2884 2882 3076 2938 passus
3118 2876 3200 2921 est
3233 2866 3285 2920 in
3330 2882 3514 2930 cruce,
3551 2875 3841 2936 postquam

2257 2962 2555 3017 resurrexit
2579 2962 2735 3016 tertia
2767 2961 2874 3025 die,
2913 2959 2979 3013 ad
3004 2959 3167 3014 cmlos
3190 2968 3434 3030 portans,
3459 2958 3526 3013 ad
3556 2958 3840 3012 dexteram

2255 3055 2432 3111 Patris
2465 3054 2772 3117 collocavit,
2794 3053 2953 3121 eique
2973 3050 3395 3120 dominationem
3422 3063 3584 3120 super
3617 3047 3845 3116 angelos

2255 3157 2310 3202 et
2336 3145 2691 3218 archangelos
2715 3144 2955 3199 donavit.
2985 3143 3123 3196 Ecce
3143 3139 3322 3206 limus,
3353 3140 3442 3210 qui
3465 3154 3561 3210 per
3583 3149 3841 3193 naturam

2257 3257 2409 3296 suam
2440 3241 2492 3294 in
2532 3248 2675 3294 terra
2703 3251 2917 3305 semper
2939 3235 3198 3297 adhzeret,
3223 3249 3252 3286 a
3272 3232 3628 3302 Redemptum
3651 3240 3845 3287 nostro

2259 3329 2312 3382 in
2354 3330 2491 3382 etnlo
2524 3335 2791 3396 portatus,
2832 3325 3005 3392 ipsum
3046 3321 3138 3353 ¹³⁹⁸
3174 3321 3371 3374 εωιιηιι
3410 3330 3463 3373 et
3500 3318 3678 3371 omnia
3716 3333 3846 3387 qua:

2261 3417 2312 3471 in
2343 3433 2409 3471 eo
2440 3425 2566 3471 sunt
2592 3415 2692 3470 sub
2719 3413 2956 3469 dominio
2986 3427 3084 3465 suo
3116 3411 3297 3464 habet.
3330 3410 3409 3463 Ad
3453 3424 3609 3478 quem
3643 3407 3839 3463 limum

2259 3526 2419 3565 nemo
2456 3509 2627 3564 ﬁdelis
2666 3515 2847 3577 potest
2876 3504 2961 3560 vel
3000 3504 3198 3574 poterit
3229 3503 3540 3564 ascendere,
3577 3501 3678 3555 nisi
3709 3516 3839 3556 eum

2257 3603 2409 3672 prius
2459 3609 2612 3655 curet
2657 3601 2709 3654 in
2758 3608 2900 3653 terra
2943 3597 3236 3650 salubriter
3284 3595 3566 3650 comedere
3614 3594 3844 3663 ejusque

2255 3693 2570 3762 sanguinem
2614 3690 2823 3744 bibere.
2871 3688 3040 3756 Hujus
3087 3687 3270 3741 carnis
3317 3695 3374 3741 et
3414 3686 3699 3756 sanguinis
3738 3701 3843 3755 ego

2257 3781 2651 3850 qualiscunque
2705 3779 2952 3833 minister
3001 3788 3056 3832 et
3110 3777 3394 3841 sacerdos,
3443 3777 3569 3830 dum
3630 3783 3841 3830 tantam

2255 3876 2512 3943 pietatem
2547 3879 2816 3938 tantmque
2843 3869 3062 3937 pietatis
3091 3868 3431 3924 dulcedinem
3459 3865 3841 3935 Redemptoris

2256 3962 2428 4017 nostri
2476 3977 2604 4032 erga
2654 3969 2959 4014 creaturam
3015 3973 3167 4013 suam
3222 3953 3532 4027 conspicio,
3589 3955 3655 4010 de
3718 3955 3842 4025 ejus

2259 4055 2523 4108 immensa
2560 4053 2799 4106 bonitate
2841 4066 2947 4104 non
2988 4049 3187 4105 diﬁido.
3237 4047 3508 4104 Succurre
3543 4062 3701 4118 ergo,
3734 4046 3842 4102 Do-

2260 4143 2405 4198 mine
2429 4139 2553 4195 Jesu
2584 4128 2816 4202 Christe,
2856 4134 3113 4193 succurre
3143 4146 3234 4192 tuo
3275 4134 3574 4200 sacerdoti,
3619 4135 3869 4205 indulge.

2258 4233 2375 4300 ejus
2422 4231 2658 4300 peccatis
2708 4239 2870 4297 atque
2919 4228 3162 4290 delictis,
3213 4234 3272 4278 ut
3315 4226 3472 4296 digne
3520 4225 3725 4309 valeam
3759 4228 3838 4281 tui

2259 4324 2502 4393 corporis
2529 4332 2584 4377 et
2607 4321 2884 4391 sanguinis
2915 4319 3228 4389 mysterium
3259 4318 3566 4378 celebrare,
3596 4326 3650 4370 et
3673 4318 3838 4385 digne

2259 4415 2544 4470 celebrans
2575 4412 2817 4480 corporis
2851 4409 2926 4478 tui
2956 4418 3009 4462 ct
3057 4405 3333 4476 sanguinis
3361 4405 3639 4460 veritatem
3672 4405 3841 4470 digne

578 4505 845 4575 angustiis
889 4496 1224 4574 magnisque
1251 4508 1526 4564 doloribus
1574 4510 1733 4564 famis
1777 4521 1831 4566 et
1879 4513 1996 4566 sitis
2039 4523 2156 4568 erat
2189 4510 2232 4563 D
2258 4503 2542 4558 comedere
2581 4508 2628 4551 υ·
2678 4501 2882 4566 bibere,
2913 4507 2965 4553 et
3011 4498 3089 4551 sic
3136 4511 3302 4564 usque
3349 4497 3400 4548 in
3441 4494 3598 4549 line'n
3629 4495 3838 4566 Jugilcl‘

575 4611 886 4666 oppressus.
915 4597 992 4649 Ex
1015 4613 1116 4650 una
1143 4599 1304 4670 igitur
1331 4609 1480 4666 parte
1504 4599 1893 4653 intolerabilem
1923 4600 2150 4655 fetorem

573 4689 744 4754 comi,
777 4689 829 4742 in
857 4704 963 4757 quo
985 4697 1102 4742 erat
1131 4689 1437 4752 immersus,
1463 4691 1694 4758 patiens,
1726 4692 1890 4760 266
1912 4706 1974 4746 ex
2002 4701 2152 4759 parte

574 4782 778 4846 altera,
834 4780 923 4848 qui
973 4778 1091 4848 ejus
1140 4779 1372 4835 miseria:
1423 4791 1477 4835 et
1526 4781 1692 4836 dolori
1755 4791 2153 4852 compatcretur

577 4873 776 4929 mdium
810 4873 1105 4937 inveniens,
1151 4887 1258 4930 tam
1289 4891 1352 4930 ex
1389 4874 1576 4929 fetenti
1608 4891 1764 4929 emno
1790 4876 1842 4929 in
1873 4891 1978 4945 quo
2004 4876 2148 4945 jace-

573 4966 667 5021 bat
710 4983 866 5036 quam
918 4986 982 5026 ex
1036 4969 1412 5041 desperatione
1468 4969 1851 5024 consolationis
1906 4984 2065 5039 quam
2118 4985 2147 5022 a

2258 4609 2642 4666 perseverem,
2673 4593 2738 4643 ad
2770 4599 2821 4643 lc
2849 4598 2967 4659 post
3007 4596 3233 4640 mortem
3260 4584 3437 4638 carnis
3465 4583 3663 4636 valeant
3709 4599 3837 4653 per.

2257 4693 2460 4755 venire,
2495 4691 2603 4754 ubi,
2633 4705 2736 4743 non
2768 4689 2862 4756 por
2888 4685 3189 4750 intervalla,
3221 4685 3357 4738 sicut
3389 4684 3566 4747 modo,
3597 4684 3688 4736 sed
3712 4683 3836 4735 sine

2258 4780 2653 4838 intermissione
2694 4792 2815 4829 cum
2861 4775 3062 4827 sanctis
3106 4772 3357 4826 omnibus
3410 4781 3459 4823 te
3508 4771 3680 4836 ipsum
3737 4771 3832 4837 qui

2255 4874 2457 4927 veritas
2491 4881 2545 4924 ct
2575 4871 2679 4923 vita
2727 4884 2784 4921 cs
2831 4866 3030 4934 possim
3081 4863 3362 4918 comedere
3404 4872 3456 4917 et
3505 4861 3688 4916 bibere
3733 4860 3834 4893 ‘3”

2251 4967 2438 5022 Amen.

1861 5123 2090 5178 \‘Alile
2134 5120 2532 5177 LECTIONES.

654 5267 745 5297 ’³⁸
771 5265 863 5317 list
882 5266 1021 5316 euim
1041 5265 1444 5331 Dcaspiusmss.
1464 5274 1541 5319 est
1563 5265 1705 5319 enim
1731 5263 1846 5333 pius
1923 5266 2011 5296 ‘3”
2039 5263 2257 5316 Moncns
2281 5278 2377 5313 ms.
2403 5261 2532 5333 Vict.
2552 5273 2772 5333 movens
2804 5257 2937 5333 __”°°
2959 5254 3288 5333 Ostenditur.
3308 5267 3426 5305 cum
3447 5267 3566 5330 "1“,-
3587 5248 3829 5327 οδιοηςάίί

570 5352 694 5392 cum
774 5334 861 5365 ¹³⁹¹
900 5336 973 5388 De
1002 5335 1100 5386 hoc
1134 5351 1342 5402 quoque
1372 5353 1496 5390 mss.
1526 5337 1591 5389 de
1630 5336 1729 5388 hoc
1761 5336 1912 5400 quasi

2029 5335 2117 5364 “’9'
2155 5333 2468 5398 Nostrisquc
2517 5328 2920 5383 iniirtnitatilnts
2954 5344 3076 5398 mss.
3126 5332 3430 5398 nostrmque
3478 5320 3670 5373 animae
3697 5318 3828 5398 "in:

570 5383 971 5461 ῧῖίίῖίιεδιίὺηξ⁷
1002 5383 1098 5433 ἡδί
1630 5383 1976 5459 iitiittérserat
2055 5403 2142 5432 ‘3‘”
2169 5383 2395 5469 Propter
2426 5403 2524 5473 hoc
2579 5401 2909 5473 Iniset'_mss.
2963 5397 3127 5473 ontitt.
3159 5404 3378 5462 pmmc-P
3418 5392 3519 5470 [‘90
3559 5383 3830 5473 ἠδ’,νῖιιζ

573 5477 680 5534 lac.
715 5484 911 5544 praeter
942 5476 1042 5527 hoc
1068 5475 1230 5526 miser
1305 5475 1390 5506 "9“
1421 5477 1572 5527 Venit
1597 5489 1723 5543 ergo
1752 5491 1874 5527 mss.
1901 5477 2065 5528 omitl.
2092 5489 2220 5538 ergo
2298 5473 2386 5500 “9°
2415 5472 2583 5536 Quam
2619 5470 2732 5536 ipse
2763 5470 2921 5521 homo
2939 5470 3087 5531 prius
3110 5481 3240 5543 nias.
3270 5471 3828 5559 tllt::tat:9l|p.8|c‘l:l‘I-Iilllliﬂ

572 5527 733 5601 homo
786 5527 898 5575 ί¹³⁹⁷
932 5545 1389 5600 CotncssatiOnein
1420 5561 1540 5598 mss.
1573 5527 1957 5601 cotiiestionem
2037 5544 2126 5575 ’3"
2156 5527 2404 5595 'l’ortatus
2425 5527 2599 5611 ipsum
2637 5527 2758 5594 5m.
2809 5527 3072 5606 portatur,
3110 5527 3299 5604 ipsum
3359 5531 3451 5562 ¹³⁹⁹
3475 5527 3660 5583 bibere
3688 5541 3821 5582 πιδεο

571 5617 786 5682 addunt,
814 5616 981 5671 Amen
