4200 6186
1543 175 1567 209 ι

593 258 700 318 sta
963 263 1020 319 s.
1061 262 1366 324 ansam.
1394 263 1746 323 caurum.
1788 237 2106 332 suculae.
2162 275 2316 332 ore.
2356 277 2536 334 rans
2573 279 2634 333 ιι.
2668 310 2736 320 -
2772 245 3138 340 paulum.
3180 288 3268 343 ET
3296 267 3532 349 aster.
3635 307 3648 320 -
3749 303 3850 358 920

599 386 746 430 tuam
775 381 1032 432 emundet
1077 377 1395 432 foeditatem.
1426 378 1617 450 Ingere
1647 392 1814 438 totam
1848 395 1900 439 te
1926 385 2092 454 ipsum
2124 388 2176 441 in
2207 403 2251 456 Α
2349 392 2633 450 Credimus
2653 392 2721 448 de
2749 396 3080 460 tc,.Domine
3109 399 3197 432 “‘7
3239 401 3364 458 Jesu
3386 407 3618 476 Gltrisle,
3651 416 3773 481 quia
3799 429 3850 472 ιη

598 469 873 524 Christum
902 483 1060 538 quem
1094 477 1261 531 tenes.
1304 478 1361 524 et
1402 470 1578 541 ipsum
1610 474 1756 542 prius
1792 474 1880 543 ’Ψ
1922 477 2175 542 adorans,

603 543 723 612 {unus
751 559 942 611 iterum
968 557 1260 613 etsiterum
1309 560 1400 592 ’δι’
1443 573 1838 638 repraesentans
1876 558 2060 634 ingere
2085 581 2178 621 ne-

601 649 896 705 cessitates.

910 721 917 738 ‘
1059 741 1317 800 omne
1344 743 1558 799 xxvnt
1600 745 1714 799 ιω.

1197 855 1265 892 ΑΙ)
1295 853 1583 893 εσκιετυιι.
1857 888 1860 892 ί

599 920 870 984 Facienda
914 943 945 979 α
986 927 1254 1004 saeera‘ote
1279 939 1420 1052 éthn'e
1460 928 1899 1008 consecrationem
1947 931 2180 1002 carparis

1361 1008 1496 1050 rtstt.
1605 1043 1610 1046 .

1361 1008 1496 1050 rt‘stt.

670 1061 1048 1141 O'dulcissime
1083 1084 1306 1139 Domine
1339 1083 1465 1140 Jesu
1517 1086 1756 1152 Christe,
1778 1087 1870 1156 qui
1922 1102 2022 1157 pro
2063 1085 2180 1144 mea

599 1177 972 1244 res'eznptione
1005 1177 1294 1233 crucifixus
1330 1193 1391 1234 es
1425 1187 1480 1234 et
1513 1186 1778 1242 mortuus,
1839 1180 1960 1234 ante
2004 1187 2053 1233 te
2098 1187 2181 1234 est

599 1282 752 1320 omne
766 1267 1080 1320 desiderium
1109 1282 1302 1332 meum,
1325 1277 1370 1320 et
1403 1267 1620 1336 gemitus
1665 1282 1808 1320 meus
1830 1275 1949 1320 a-te
1974 1282 2078 1321 non
2107 1278 2180 1322 est

599 1355 1134 1426 abscomlizusU’sal.
1171 1354 1524 1424 xxxvtt,10).
1591 1354 1731 1410 Ecce
1795 1356 2183 1427 benignissime

601 1444 768 1516 Deus,
802 1462 984 1502 coram
1011 1455 1064 1502 te
1089 1457 1172 1501 est
1195 1445 1576 1512 miseria'mea,
1607 1454 1663 1500 et
1685 1447 1736 1499 in
1769 1447 2024 1504 manibus
2049 1449 2183 1504 meis

601 1546 690 1591 est
745 1535 1115 1592 misericordia
1162 1543 1275 1600 tua,
1330 1533 1554 1589 miseria
1609 1535 1929 1604 peccatricis
1989 1538 2184 1595 animae

598 1637 758 1690 mae,
803 1623 1166 1680 misericordia
1208 1613 1614 1693 redemptionis
1645 1632 1749 1681 tuae
1774 1624 1886 1680 ωδ.
1935 1625 2184 1683 Mirareris

600 1730 732 1786 ergo
761 1717 887 1781 mei,
937 1713 1098 1804 Deus,
1157 1713 1443 1768 secundum
1481 1729 1725 1796 magnam
1771 1715 2178 1772 misericordiam
2211 1733 2254 1791 Β

601 1813 767 1868 tuam,
787 1811 831 1858 rt
855 1819 881 1858 ε
910 1789 1137 1858 cundum
1158 1801 1270 1856 mu!
1293 1801 1542 1856 itudinem
1559 1794 1951 1859 miserationum
1967 1816 2178 1861 tuarum

596 1894 712 1950 dele
737 1895 1056 1965 iniquitatem
1092 1911 1258 1948 meum
1282 1891 1455 1956 (Psal.
1483 1910 1536 1958 ι,
1563 1895 1698 1966 1-5),
1731 1904 1786 1950 et
1817 1895 1885 1950 ab
1914 1897 2014 1952 hac
2045 1897 2180 1954 hora

597 2001 782 2055 usque.
824 1987 877 2040 in
912 1985 1075 2042 linem
1109 1987 1322 2041 custodi
1373 1985 1538 2039 vitam
1594 2003 1787 2041 meam.
1837 1986 2075 2043 Defende
2111 1988 2181 2044 ab

600 2079 746 2133 oznni
775 2078 1063 2147 iniquitate
1087 2079 1322 2132 animam
1354 2093 1553 2143 meum,
1589 2080 1646 2131 ut
1663 2077 1774 2146 jam
1802 2078 2034 2146 amplius
2055 2094 2182 2152 age-

578 2171 662 2223 'rc
690 2185 796 2224 non
817 2171 1030 2225 valeam
1060 2155 1203 2224 unde
1221 2168 1404 2224 oculos
1437 2159 1538 2222 Idae
1566 2168 1864 2235 majestatis
1886 2168 2176 2223 oll'endatn.

601 2259 678 2312 Da
711 2259 861 2322 mihi,
879 2258 1262 2328 benignissime
1307 2259 1446 2312 Deus
1471 2300 1485 2323 ,
1517 2266 1586 2322 te,
1627 2259 1768 2336 sicut
1792 2257 1951 2328 iubes
2000 2269 2057 2315 et
2097 2273 2182 2313 rc-

600 2358 747 2400 ctmn
771 2355 875 2413 est,
903 2362 1062 2420 super
1104 2348 1284 2402 omnia
1331 2347 1554 2418 diligere
1585 2364 1600 2412 ;
1651 2349 1844 2403 deinde
1872 2348 2177 2419 proximum

599 2452 709 2491 non
735 2437 924 2491 .minus
944 2451 1106 2507 quam
1162 2438 1450 2507 tneipsum,
1481 2439 1621 2493 sicut
1661 2437 1858 2493 iterum
1909 2438 2179 2511 praaeipis,

599 2542 802 2583 amare.
838 2525 931 2582 Est
974 2528 1118 2584 enim
1160 2531 1250 2564 ⁸³³⁸
1280 2530 1384 2585 hoc
1433 2529 1797 2603 justissimum
1851 2539 1907 2584 et
1962 2531 2210 2592 omnino.

601 2622 923 2677 ratiOnahile
949 2632 1007 2678 ut
1035 2633 1086 2678 te
1109 2639 1271 2695 super
1295 2627 1475 2681 omnia
1510 2666 1526 2689 ,
1579 2633 1635 2680 ct
1683 2627 1848 2681 etiam
1898 2627 2181 2698 plusquam

603 2729 702 2771 nos
730 2714 902 2771 de‘wa
924 2730 1024 2771 rus
1057 2706 1300 2785 diligcie,
1349 2719 1473 2788 quia
1520 2728 1572 2771 tu
1604 2734 1703 2771 nos
1731 2726 2019 2787 antequam
2041 2734 2184 2774 esse-

601 2822 725 2862 mus
752 2806 1012 2872 dilexisti,
1048 2809 1277 2877 diligens
1301 2809 1523 2872 creasti,
1575 2819 1790 2865 creatos
1824 2812 1890 2865 ad
1936 2813 2181 2866 notitiam

601 2898 930 2953 sanctissimi
958 2899 1191 2954 nominis
1225 2900 1298 2953 tui
1351 2898 1621 2960 adtinere
1673 2900 1910 2963 curasti;
1935 2916 2034 2954 nos
2055 2915 2184 2955 vero

601 3002 776 3062 neque
798 2987 900 3043 hoc
933 2988 1132 3058 ipsum,
1158 2989 1299 3060 quod
1329 2999 1379 3044 te
1402 2990 1485 3043 vel
1507 2989 1706 3058 aliquid
1732 2991 1858 3045 boni
1885 2991 2177 3062 dilig'mus,

601 3094 632 3133 a
664 3077 820 3133 nobis
869 3077 998 3147 ilzs‘s
1046 3079 1146 3133 nisi
1191 3093 1221 3132 a
1256 3088 1309 3133 te
1352 3077 1632 3133 habemus.
1694 3077 2005 3134 Proximum
2048 3094 2181 3136 vero
2209 3065 2251 3125 C

599 3179 850 3224 nostrum
876 3179 931 3223 et
959 3177 1012 3223 tu
1039 3169 1212 3236 nost,
1239 3169 1380 3224 sicut
1429 3184 1530 3224 nos
1581 3169 1748 3240 ipso=,
1781 3179 1930 3226 tecte
1958 3170 2180 3240 diligere

602 3258 873 3329 praecipis,
897 3257 1071 3314 etnon
1108 3268 1255 3312 recte
1283 3258 1556 3326 diligimus
1577 3272 1722 3321 eum,
1751 3256 1891 3312 sicut
1936 3259 2184 3328 prmeipis

604 3349 730 3417 quia
773 3349 966 3418 aequali
1015 3348 1302 3402 dilectione
1319 3363 1431 3407 stos
1479 3352 1669 3402 Omnes
1722 3347 1940 3411 creasti,
1989 3347 2181 3417 mquali

605 3437 893 3492 dilectione
918 3453 1015 3507 pro
1044 3438 1293 3493 omnibus
1319 3421 1624 3508 passionem
1670 3451 1860 3506 suscep
1885 3438 1976 3502 sti,
1999 3454 2182 3507 arqua«

603 3526 732 3580 liter
749 3525 997 3582 omnibus
1021 3527 1186 3581 vitam
1230 3535 1493 3581 :eternam
1531 3528 1872 3597 przeparasti.
1904 3527 1977 3582 Da
2009 3529 2183 3582 'omui-

603 3624 726 3689 bus,
753 3623 1168 3679 clementissime
1210 3622 1388 3686 Pater,
1416 3624 1507 3692 qui
1533 3622 1690 3677 ﬁdem
1719 3632 1923 3678 rectam
1956 3623 2178 3686 habent,

597 3723 751 3768 recte
774 3722 828 3767 et
857 3723 1043 3768 sancte
1072 3713 1272 3778 vivere,
1322 3727 1423 3768 nec
1453 3712 1506 3766 in
1539 3711 1646 3766 ulla
1672 3711 1763 3743 ¹⁴¹⁶
1787 3711 2010 3767 omnino
2033 3726 2092 3768 re
2111 3713 2181 3766 ah

599 3803 686 3859 his
711 3818 828 3871 que
859 3803 1105 3873 prteeipis
1133 3803 1382 3867 deviare;
1437 3802 1520 3856 his
1549 3816 1678 3855 vero
1728 3802 1818 3870 qui
1860 3802 2095 3856 nondum
2127 3803 2180 3857 in

601 3907 654 3947 te
683 3892 926 3956 credunt,
960 3901 1248 3961 atvzthua'n
1272 3893 1338 3948 de
1367 3893 1471 3946 hac
1523 3892 1634 3946 vita
1673 3901 1886 3952 exeant.
1919 3893 1984 3945 (la
2023 3892 2179 3946 tidem

599 3991 658 4038 ct
677 3981 1015 4036 dilectionem
1064 3981 1394 4036 sanctissimi
1437 3981 1669 4035 nominis
1702 3981 1776 4034 tui
1803 3995 1897 4034 sus
1930 3981 1959 4040 i_
1986 3995 2098 4044 exe,
2130 3989 2187 4034 et.

601 4082 910 4140 susceptam
931 4086 1100 4140 usque
1127 4071 1179 4124 in
1227 4070 1387 4124 linem
1437 4079 1641 4124 rectam
1675 4078 1729 4124 et
1752 4068 2058 4124 inviolatam
2091 4084 2186 4124 cu-

599 4163 824 4217 sodire.
868 4161 1224 4220 Sitomnihus
1253 4163 1388 4216 vivis
1442 4171 1496 4216 et
1533 4161 1803 4216 defunctis
1856 4159 2181 4216 sacriﬁcium

600 4255 674 4308 tui
699 4256 938 4324 corporis
959 4266 1010 4311 et
1033 4254 1310 4325 sanguinis
1358 4253 1608 4308 remissio
1635 4253 1873 4307 omnium
1929 4262 2182 4322 peccato-

601 4359 720 4397 rum
751 4361 764 4394 :
790 4345 924 4396 vivis
941 4346 1177 4412 quidem,
1209 4345 1300 4412 qui
1333 4351 1478 4396 recte
1515 4343 1718 4407 vivunt,
1751 4352 1824 4406 et,
1871 4342 1914 4396 si
1941 4340 2177 4396 nondum

2201 543 2206 550 _
2283 482 2419 536 idem
2443 483 2577 551 ipse,
2609 485 2700 553 qui
2723 487 2971 544 esFilius
3002 489 3128 558 Dei,
3181 509 3242 549 es
3295 496 3462 553 Filius
3511 499 3746 571 Virginis
3799 520 3852 562 tu

2282 575 2420 627 idem
2445 575 2576 654 ipse,
2607 577 2696 646 qui
2721 578 2775 632 in
2808 581 3071 653 principio
3093 599 3216 640 eras
3242 587 3496 659 Verbum,
3535 603 3590 648 et
3624 595 3854 650 Verbum

2280 664 2577 754 erasaptnl
2609 665 2800 733 Deum,
2825 681 2880 723 et
2907 672 3048 728 Deus
3065 689 3187 730 eras
3216 675 3473 744 Verbum,
3511 691 3567 736 et
3595 673 3691 752 per
3716 689 3855 754 quoi
3915 735 3917 737 ,

2281 753 2462 807 omnia
2492 753 2636 810 facta
2681 769 2807 812 sunt
2852 759 3035 825 (Jaan.
3073 780 3109 830 t,
3146 765 3290 833 L3);
3321 782 3350 822 a
3379 767 3539 825 Patre
3580 786 3704 828 ante
3736 753 3855 829 om-

2282 841 2369 897 nia
2399 843 2592 898 saecula
2623 847 2839 914 genitus
2885 848 2996 915 “‘°,
3055 853 3110 908 in
3158 865 3397 925 tempore
3447 873 3504 929 es
3526 875 3591 914 ex
3643 861 3859 932 Virgine

2281 944 2442 989 natus
2463 937 2711 1004 quamvis
2749 937 2916 995 altera
2955 953 3151 999 natura
3205 947 3282 1002 sis
3345 949 3447 991 ’δυ
3489 966 3650 1019 quam
3675 952 3857 1021 Pater,

2282 1038 2566 1118 postquam
2613 1035 2790 1091 lactus
2817 1050 2876 1090 es
2904 1035 3076 1092 Filius
3097 1039 3337 1110 Virginis
3385 1053 3440 1097 et
3491 1044 3744 1098 habitusti
3803 1048 3858 1100 in

2286 1120 2460 1185 nobis;
2489 1121 2660 1179 altera
2685 1135 2878 1181 natura
2903 1127 3164 1196 existens,
3200 1133 3494 1188 secundum
3528 1135 3671 1204 quod
3694 1134 3860 1189 l‘ilins

2284 1209 2376 1266 Dei
2397 1226 2458 1268 es
2479 1215 2730 1283 quamvis
2757 1217 2812 1276 in
2844 1218 3053 1275 duabus
3082 1221 3290 1276 naturis
3309 1229 3399 1275 tua
3427 1237 3678 1292 persona,
3719 1223 3862 1278 Deus

2285 1311 2337 1354 et
2361 1300 2544 1365 homo,
2561 1303 2754 1359 existis
2777 1306 3001 1374 aequalis
3013 1305 3159 1362 Patri
3177 1309 3470 1366 secundum
3497 1309 3856 1375 divinitatem,

2283 1389 2459 1444 minor
2485 1389 2645 1472 Patre
2672 1394 2971 1472 secundum
3019 1395 3430 1452 humanitatem.
3475 1397 3611 1465 Quia
3650 1407 3782 1454 vero
3803 1409 3861 1455 tu

2286 1479 2425 1534 idem
2452 1480 2568 1549 ipse
2587 1471 2732 1538 Betis
2756 1483 3211 1556 quihmuo,etqui
3236 1488 3399 1543 homo
3424 1488 3588 1553 Deus;
3611 1499 3863 1558 propter-

2285 1586 2349 1626 ea
2402 1571 2744 1640 sanctissima
2782 1573 2946 1644 Virgo
2973 1590 3093 1644 quae
3127 1586 3178 1632 te
3213 1578 3474 1646 portavit',
3507 1577 3577 1632 ab
3606 1578 3864 1638 omnibus

2288 1663 2534 1721 ﬁdelibus
2585 1667 2828 1727 Θιοτόκος
2874 1666 3201 1734 pranlicatur
3243 1676 3299 1724 et
3343 1668 3600 1734 creditur,
3623 1669 3724 1724 hoc
3776 1680 3865 1724 est

2255 1754 2452 1841 ‘Mater
2476 1754 2593 1808 Dei.
2627 1754 2692 1808 Et
2717 1755 2842 1824 quia
2867 1763 2925 1810 ιιι
2949 1771 3053 1812 non
3083 1758 3222 1814 alter
3244 1757 3417 1814 Filius
3463 1759 3582 1828 Dei,
3608 1760 3744 1814 alter
3774 1761 3868 1815 Fi-

2283 1845 2390 1900 lius
2418 1846 2677 1912 hominis,
2703 1847 2798 1902 sed
2832 1859 2886 1903 tu
2917 1843 3196 1919 idemipse
3223 1850 3396 1921 Filius
3418 1847 3533 1918 D’ei,
3561 1851 3652 1922 qui
3693 1849 3868 1904 Filius

2283 1935 2518 1990 hominis
2539 1935 2845 2005 paSsionem
2891 1947 2961 1992 etv
3006 1934 3236 1992 mortem
3279 1954 3377 2009 pro
3419 1939 3594 1994 salute
3641 1937 3866 1992 huma:.i

2286 2025 2816 2096 generissuseepisti,
2844 2042 2952 2082 non
2985 2027 3037 2080 in
3081 2036 3274 2092 natura
3307 2026 3542 2090 deitatis,
3565 2027 3658 2080 sed
3689 2026 3740 2078 in
3768 2042 3868 2079 ua-

2287 2123 2403 2168 tura
2434 2101 2834 2184 immanitatis;
2867 2125 2921 2170 ttt
2973 2117 3113 2173 idem
3162 2117 3298 2188 ipse,
3326 2131 3431 2170 non
3455 2099 3590 2170 alter
3635 2124 3867 2184 propter

2284 2208 2598 2263 distantiam
2621 2219 2847 2277 naturae,
2894 2210 3036 2266 sicut
3082 2224 3180 2266 nec
3227 2225 3333 2264 una
3382 2219 3573 2264 natura
3621 2208 3870 2264 existens

2282 2312 2506 2370 propter
2544 2303 2804 2359 unitatem
2835 2306 3097 2372 perSonte.

2352 2390 2449 2463 Est
2473 2411 2676 2473 adhuc,
2715 2411 3027 2468 dulcissime
3047 2412 3274 2469 Domine
3301 2384 3428 2468 Iesu
3452 2409 3690 2476 Christe,
3715 2411 3866 2480 quod
3931 2459 3938 2470 ,

2282 2499 2349 2554 de
2371 2500 2626 2574 incﬂabili
2649 2503 2920 2558 charitate
2967 2518 3071 2572 qua
3111 2519 3210 2558 nos
3238 2503 3436 2574 diligis,
3467 2497 3706 2570 cogitare
3732 2515 3863 2570 pos-

2282 2573 2469 2651 smnus
2491 2606 2547 2652 et
2565 2598 2823 2654 debemus
2843 2601 2986 2668 quod
3011 2598 3165 2652 nobis
3215 2573 3432 2652 miseris
3457 2595 3863 2666 peccatoribus,

2286 2688 2350 2740 ad
2368 2687 2622 2744 ind'eiuzn
2664 2699 2766 2744 tute
2786 2705 2994 2761 magna
3044 2687 3366 2753 dilectionis,
3387 2687 3442 2742 in
3484 2687 3586 2742 hoc
3605 2684 3868 2758 mysterio

2288 2777 2362 2832 tui
2393 2779 2638 2850 corporis
2657 2790 2712 2834 et
2731 2781 3010 2851 sanguinis
3038 2779 3299 2836 ostendis.
3319 2778 3453 2834 Cum
3480 2776 3674 2846 aliquis
3697 2775 3865 2830 homo

2284 2865 2512 2922 alterum
2539 2868 2838 2943 hominem,
2875 2869 3032 2924 sicuti
3063 2869 3180 2939 plus
3200 2876 3396 2938 potest,
3429 2867 3632 2938 diligit;
3664 2880 3866 2935 praeter

2283 2955 2412 3020 alia,
2450 2955 2500 3010 vi
2526 2955 2830 3012 dilectionis
2856 2957 3081 3013 forsitan
3109 2965 3284 3027 potest
3311 2972 3412 3026 pro
3436 2971 3502 3011 eo
3527 2956 3684 3022 mori,
3711 2955 3756 3010 si
3789 2956 3867 3008 ita

2282 3043 2501 3099 dilectio
2519 3045 2711 3116 exigit;
2744 3047 2887 3116 quod
2915 3056 3091 3102 tamen
3144 3061 3268 3100 raro
3292 3045 3488 3100 accidit
3517 3054 3576 3099 ut
3614 3044 3736 3113 quis
3761 3044 3869 3099 hoc

2283 3150 2380 3203 pro
2406 3151 2506 3192 suo
2527 3136 2725 3192 dilecto
2753 3137 2880 3192 velit
2923 3137 3056 3208 pati.
3102 3137 3256 3203 Quod
3295 3137 3341 3191 si
3376 3151 3612 3209 unquam
3654 3137 3867 3192 amicus

2280 3244 2377 3297 pro
2406 3230 2580 3286 amico
2601 3231 2733 3287 facit
2760 3233 2812 3307 in
2842 3247 3087 3301 magnam
3103 3232 3516 3307 admirationem
3581 3247 3870 3301 magnum-

2280 3333 2387 3385 que
2413 3328 2687 3388 stuporem
2708 3305 2898 3376 omnes
2924 3323 3015 3390 qui
3048 3323 3150 3376 hoc
3186 3304 3429 3387 audiunt,
3454 3323 3722 3376 convertit
3745 3322 3862 3377 ¹⁶¹⁰.

2285 3407 2363 3462 Τιι
2394 3425 2546 3490 vero,
2589 3410 2897 3466 dulcissime
2926 3413 3154 3467 Domine
3203 3412 3352 3477 Iesu,
3386 3428 3489 3467 non
3537 3412 3712 3466 solum
3766 3429 3868 3482 pro

2281 3499 2495 3566 amicis,
2549 3499 2644 3556 sed
2674 3509 2728 3556 et
2755 3517 2852 3572 pro
2896 3501 3135 3558 inimicis
3188 3503 3324 3558 mori
3388 3502 3603 3558 voluisti
3651 3511 3708 3558 et
3754 3518 3867 3558 non

2281 3591 2454 3644 solum
2485 3592 2608 3678 Ιιοθ,
2633 3591 2725 3646 sed
2753 3601 2808 3647 et
2832 3591 2971 3647 istud
2993 3593 3136 3662 quod
3161 3593 3337 3648 nullus
3360 3591 3536 3647 facere
3563 3606 3661 3660 pro
3687 3592 3868 3646 amico

2282 3682 2397 3737 vult
2442 3681 2650 3749 fecisti,
2688 3690 2744 3737 et
2769 3683 2944 3738 adhuc
2971 3683 3126 3749 faeis,
3153 3682 3401 3738 videlicet
3451 3699 3574 3739 cum
3606 3683 3864 3751 teipsum,

2281 3773 2372 3842 qui
2406 3788 2504 3842 pro
2523 3773 2684 3829 nobis
2699 3781 2922 3830 mortem
2956 3774 3280 3838 sustinuisti,
3307 3775 3401 3829 dus
3430 3774 3496 3828 ad
3531 3773 3868 3829 manducanv

2283 3864 2407 3918 dum
2441 3872 2495 3918 et
2519 3864 2808 3918 bibendum
2861 3864 2915 3918 in
2960 3863 3063 3920 hoc
3119 3864 3374 3934 mysterio
3415 3858 3496 3917 tui
3541 3864 3787 3932 corporis
3813 3871 3867 3916 et

2263 3942 2578 4022 'sanguinis,
2609 3953 2992 4008 manducamus
3011 3967 3204 4024 corpus
3228 3964 3374 4008 tuum
3407 3963 3460 4006 et
3484 3953 3718 4008 bibimus
3738 3969 3867 4007 san..-

2285 4045 2500 4114 guinem
2530 4053 2700 4108 tuum,
2732 4044 2938 4118 scilicet
2971 4055 3167 4100 nostra:
3197 4037 3581 4118 redemptionis
3604 4045 3861 4115 pretium.

2289 4139 2359 4190 Da
2388 4136 2516 4189 mihi
2547 4150 2695 4206 ergo,
2734 4136 2958 4191 Domine
3013 4134 3158 4200 .lesu,
3192 4136 3272 4191 sic
3324 4136 3524 4200 vivere,
3578 4135 3658 4189 sic
3711 4147 3864 4190 caste

2287 4227 2374 4258 ¹⁴²¹
2403 4236 2460 4280 et
2489 4237 2676 4282 sancte
2697 4227 2951 4296 deinceps
2973 4227 3049 4280 tui
3073 4227 3258 4280 altaris
3286 4224 3566 4279 servitium
3600 4224 3784 4279 facere
3805 4233 3865 4280 ut

2283 4321 2360 4374 sic
2398 4318 2648 4383 vivendo,
2695 4318 2774 4374 sic
2805 4316 3076 4381 faciendo,
3125 4316 3203 4370 sic
3222 4329 3440 4369 carnem
3484 4310 3864 4368 manducando

601 4444 628 4480 r
663 4437 746 4480 etc
771 4393 975 4491 vivunt:
1001 4438 1144 4481 recte
1166 4393 1493 4496 quandoque
1521 4426 1701 4481 vivere
1740 4415 2179 4502 voluntfdefun.
2209 4393 2257 4450 θ
2282 4423 2330 4467 ct
2362 4412 2675 4482 sanguinem
2727 4409 2980 4476 bibendo,
3017 4417 3137 4502 post
3185 4415 3409 4502 nio—rtem
3440 4405 3619 4465 carnis
3642 4405 3709 4457 ab
3738 4418 3859 4502 oms

598 4521 705 4573 eis
727 4527 928 4580 autem,
988 4517 1078 4586 qui
1124 4533 1219 4586 per
1268 4518 1368 4571 hoc
1420 4516 1745 4574 sacriﬁcium
1791 4533 1847 4572 se
1873 4525 2095 4585 sperant
2120 4515 2174 4569 in

604 4604 976 4662 misericordia
1013 4617 1097 4659 tua
1120 4606 1367 4674 accipere
1418 4605 1786 4660 remissionem
1817 4599 2034 4660 suarum
2075 4604 2176 4657 ini-

598 4701 890 4767 quitatum,
919 4707 969 4752 et
992 4707 1114 4766 post
1147 4698 1260 4750 hmo
1276 4697 1566 4766 pervenire
1603 4696 1666 4750 ad
1709 4696 1932 4766 gloriam
1971 4695 2174 4764 sempi-

598 4802 618 4845 t
653 4806 806 4846 ωςιιιι
843 4804 1174 4860 legnumque
1205 4788 1486 4844 culorum.

2285 4505 2442 4558 nihus
2468 4503 2702 4572 peccatis
2732 4501 3008 4555 absolutus
3064 4499 3130 4552 ad
3160 4508 3208 4552 te
3245 4497 3556 4552 Creatorem
3601 4509 3781 4548 meum
3806 4501 3862 4548 et

2286 4595 2699 4661 lledemptorem
2745 4599 2895 4645 recto
2944 4591 3139 4644 itinere
3186 4589 3396 4642 valeam
3439 4586 3746 4656 pervenire,
3768 4585 3857 4637 uhi

2285 4697 2337 4739 te
2365 4700 2487 4736 cum
2512 4681 2764 4736 omnibus
2791 4679 2994 4735 sanctis
3027 4680 3080 4730 in
3107 4686 3306 4733 aeterna
3331 4675 3586 4730 felicitate.
3611 4674 3729 4728 sine
3752 4671 3858 4734 line
3951 4689 3958 4693 ·

2279 4793 2347 4846 po
2380 4777 2480 4830 sim
2510 4772 2728 4827 laudare
2749 4779 2804 4826 cl.
2830 4769 3167 4826 benedicere.

1847 4957 2078 5011 \';\lilxl£
2116 4950 2515 5008 LEC'I’IONES.

669 5117 759 5150 “ll
790 5115 963 5183 Ipsutn
1015 5115 1163 5182 prius
1210 5132 1308 5167 ms.
1351 5114 1485 5167 Vict.
1530 5112 1705 5183 ipsum
1748 5120 1880 5183 post

1994 5109 2082 5139 ‘m
2122 5107 2318 5160 lterum
2349 5114 2469 5157 tuas
2519 5115 2574 5157 et
2612 5106 2804 5157 iterum
2843 5119 2943 5156 ius.
2983 5102 3138 5155 Corb.
3183 5110 3298 5159 tuas
3331 5097 3542 5155 iterutri‘
3603 5095 3695 5126 ¹³¹³
3728 5093 3850 5148 σοι.

597 5191 706 5242 lata
743 5165 825 5238 εει.
856 5165 974 5235 cum
1005 5165 1312 5237 asin-a1
1345 5165 1589 5236 ΚΚζΗῖ.
1632 5165 1785 5233 ϐοιιῖ.
1827 5179 1947 5230 ltiti.
1981 5189 2026 5228 et
2067 5176 2297 5229 Val-(uc.
2325 5174 2391 5227 In
2433 5192 2531 5227 ms.
2574 5174 2800 5242 Val-(uc.
2836 5188 2938 5225 non
2960 5172 3212 5242 diuiditur
3232 5167 3629 5242 apru'eedetttc,
3655 5175 3703 5242 et
3736 5165 3851 5242 ideo

596 5268 736 5313 curet
769 5255 942 5306 titulo.
973 5254 1154 5306 titulus
1195 5255 1248 5305 in
1293 5271 1396 5307 mss
1439 5252 1613 5306 nullus
1645 5259 1740 5302 est.

595 5347 693 5382 ms.
756 5325 889 5376 Vict.
945 5323 1329 5390 redemptionis
1395 5339 1527 5375 mea:

596 5398 738 5452 nulla
790 5411 886 5446 ms.
941 5391 1069 5444 Vict.
1114 5409 1213 5444 nec
1243 5392 1346 5442 ulla

597 5485 690 5517 ms.
761 5474 884 5516 ants:
923 5462 1106 5516 omnia
1157 5461 1348 5513 smcula
1421 5463 1633 5528 genitus

595 5536 925 5587 t-ulncl'iiltll‘
968 5550 1090 5585 mss.
1130 5530 1353 5593 audivit,
1391 5533 1656 5584 convertit

595 5613 746 5654 rasit:

1642 5319 1735 5349 "‘5
1765 5317 1861 5371 Est
1891 5318 2035 5371 enim
2072 5311 2200 5367 ηις.⁷
2234 5311 2363 5368 Vict.
2397 5324 2480 5368 est
2529 5322 2708 5366 autem

1453 5391 1541 5422 "“7
1571 5388 1856 5442 Credimus
1876 5428 1890 5451 ,
1943 5386 2165 5438 Domine
2188 5401 2309 5436 mss.
2343 5384 2619 5437 credimus
2642 5384 2705 5435 de
2733 5390 2804 5443 te,
2838 5381 3062 5436 Domine

1757 5457 1845 5486 ""9
1877 5447 2063 5508 i‘tltcra
2115 5468 2341 5522 persona
2397 5456 2471 5507 sis
2527 5469 2626 5506 ms.
2694 5451 2824 5503 Vict.
2887 5451 3054 5523 altera
3100 5459 3290 5502 natura
3323 5447 3450 5523 _sis_
3490 5447 3814 5523 “3°.Audivil

1764 5527 1847 5557 ”“
1876 5515 2126 5588 Daminc'
2149 5523 2294 5589 Jesu,
2325 5523 2403 5579 sic
2430 5532 2577 5577 caste
2602 5539 2724 5577 mss.
2758 5519 2981 5575 Domine
3006 5519 3156 5587 Jcsu,
3181 5518 3374 5574 amodo
3408 5515 3487 5572 sic
3543 5515 3723 5568 vivere
3771 5515 3850 5562 sic

1854 5248 1946 5278 “l‘
1979 5246 2382 5313 licdemptionis
2426 5254 2529 5298 tua:
2557 5261 2681 5296 mss.
2722 5241 2876 5313 Coro.
2915 5251 2992 5313 ει⁸
3028 5233 3712 5313 Val-(uc.‘__Iiedetnpt‘i_onis
3749 5240 3852 5288 tua:

2821 5311 2913 5341 ¹⁶¹⁶
2950 5309 3056 5365 Nec
3104 5311 3154 5362 in
3207 5308 3348 5362 nulla
3406 5303 3522 5360 ms.’
3555 5303 3710 5357 Corb.
3754 5315 3852 5354 nec

3137 5378 3226 5410 ¹⁴¹⁶¹
3252 5379 3390 5431 Ante
3435 5389 3610 5429 omuta
3639 5370 3849 5443 genitus

3490 5443 3579 5498 “3°
3608 5439 3848 5500 Ahdivit,

3911 5897 3940 5912 ς

3791 5925 3798 5934 ε
3905 5933 3940 5942 ,.

3811 5961 3854 5984 ο.
3917 5949 4030 6087 ΙΙδ.
4111 5893 4119 6087 l

3735 6003 3744 6016 δ
3817 5985 3860 6000 ,ί
