4200 6208
358 318 464 374 9.13

357 524 494 592 [acie
519 526 587 578 ad
615 526 803 593 facient
847 533 901 578 te
944 523 1245 577 videbimus
1273 520 1325 593 (I
1370 523 1493 578 Cor.
1528 541 1655 593 xm,
1684 527 1793 599 l2),
1817 545 1936 582 cum

357 616 642 673 tradideris
663 614 754 646 ’m
783 613 996 684 regnum
1050 613 1161 668 Deo
1206 625 1255 667 et
1295 612 1447 669 Patri
1473 615 1522 675 (f
1548 615 1671 670 Cor.
1706 633 1794 685 xv,
1822 619 1939 688 ει),

357 719 412 764 et
435 709 537 764 erit
558 706 697 761 Deus
723 708 897 761 omnia
925 708 981 761 in
1003 708 1242 762 omnibus
1272 708 1447 776 (ibid.,
1468 708 1581 781 28).
1612 708 1765 766 Tunc
1791 711 1937 765 enim

359 816 447 856 me
475 798 539 856 de
561 809 627 856 te,
666 800 892 855 satiabis
918 800 1171 875 satietate
1227 799 1481 867 miriﬁca,
1515 800 1588 856 ita
1610 810 1669 856 ut
1697 816 1797 857 nec
1817 817 1941 858 esu-

360 889 518 958 riam,
547 906 647 948 nec
674 891 857 946 sitiant
886 891 941 946 in
967 900 1229 947 aeternum
1259 891 1372 946 ¹⁶⁸².

816 979 981 1051 239
1017 980 1274 1038 ORATIO
1312 980 1479 1039 xxx.

570 1087 672 1128 PRO
706 1087 1023 1128 ελεειωοτε
1050 1089 1138 1138 QUI
1178 1090 1350 1130 ΠΑΒΕΤ
1386 1090 1712 1131 οειειιῐυιιιε.

430 1163 660 1235 Impellit
701 1181 808 1231 me,
842 1166 1066 1223 Domine
1104 1166 1267 1232 Deus,
1305 1168 1645 1242 ministrandi
1682 1169 1940 1237 ‘oﬁicium,

361 1257 566 1341 hostias
599 1256 864 1312 salutares
896 1256 1093 1313 offerre
1129 1273 1227 1327 pro
1260 1258 1443 1329 populi
1481 1259 1683 1315 delicto
1721 1276 1735 1313 :
1775 1268 1944 1316 terret

362 1350 690 1407 conscientia
727 1348 951 1405 indebiti
982 1350 1270 1406 sacerdotii
1298 1366 1396 1421 pro
1430 1359 1585 1406 reatu
1616 1351 1855 1422 proprio.
1884 1351 1943 1410 Si

362 1454 394 1493 a
433 1453 522 1493 me
557 1438 800 1494 omnium
842 1440 1186 1494 sacerdotum
1229 1440 1591 1511 peripsemate
1616 1440 1944 1497 sacriﬁcium

360 1529 639 1597 offeratur,
680 1530 899 1599 polluta:
934 1530 1279 1587 conscientia:
1318 1514 1523 1587 crimen
1564 1524 1821 1604 augetur;
1862 1543 1941 1589 ta-

360 1634 486 1674 men
517 1619 787 1690 maiestati
826 1620 1093 1676 universae
1126 1620 1309 1676 carnis
1329 1619 1529 1690 judicis
1565 1638 1670 1677 non
1698 1623 1942 1689 offertur,

362 1711 701 1781 negligentia:
729 1720 916 1766 reatus
942 1710 1255 1767 ascribitur.
1287 1712 1435 1769 Inter
1459 1714 1574 1769 haec
1609 1724 1735 1780 tuac,
1769 1716 1943 1770 omni-

1745 308 2159 383 ORATIONES.

358 447 465 488 tum
496 431 550 486 in
580 430 872 503 mysteriis,
901 430 1043 487 sicut
1082 431 1137 486 iu
1185 432 1285 486 hoc
1313 441 1552 502 tempore
1610 437 1931 508 agitur,’sed
1962 441 2008 498 Α

3494 334 3609 394 926

2578 443 2835 503 ORATIO
2873 444 3084 502 XXXII.

2542 548 2608 586 AD
2648 549 2773 588 IDEI
2811 552 3122 592 PACII'ZNDUII.
3190 516 3207 527 ο

2110 622 2452 678 Conscientia
2479 623 2780 695 culpabilis,
2806 627 2913 681 vita
2937 629 3176 698 trepidus
3200 636 3253 682 et
3280 627 3495 693 anxius,
3518 626 3626 684 crio

2043 714 2246 769 minum
2293 713 2513 770 funibus
2552 716 2877 787 captivatus,
2911 728 2961 773 te
3006 719 3221 773 unicum
3272 719 3539 791 refugium
3568 729 3626 773 et

2042 805 2315 874 singulare
2330 806 2622 861 remedium
2649 808 2973 870 miserorum
2996 809 3279 877 deprecor,
3296 808 3543 873 Domine,
3566 818 3626 862 ut

2043 895 2149 949 mei
2185 895 2385 964 indigni
2424 898 2721 952 sacerdotis
2766 898 2841 952 tui
2884 898 3213 965 miserearis,
3258 901 3495 972 mihique
3542 900 3625 953 in-

2043 982 2266 1058 dulgeas
2303 989 2447 1058 quod
2490 989 2619 1045 illud
2656 999 3057 1044 sacramentum
3099 992 3359 1057 salutare,
3418 990 3627 1060 angelis

2041 1088 2096 1133 et
2134 1079 2494 1151 arcliaugelis,
2533 1091 2589 1136 et
2628 1082 2883 1137 omnibus
2926 1082 3346 1138 sublimitatibus
3390 1090 3627 1136 tremen-

2044 1169 2171 1223 dum
2201 1179 2256 1224 et
2292 1171 2645 1237 adorandmn,
2678 1172 2959 1226 sceleratis
3001 1171 3160 1227 labiis
3184 1181 3525 1231 consecrare.
3561 1183 3627 1223 ac

2042 1264 2345 1339 profanatis
2384 1262 2632 1318 manibus
2678 1279 2946 1333 prmsumo
2983 1272 3275 1319 attrectare
3311 1280 3324 1316 :
3364 1262 3458 1316 scd
3496 1261 3624 1315 dum

2004 1392 2005 1395 η
2043 1356 2244 1412 accedo
2271 1370 2366 1428 per
2390 1362 2495 1420 me,
2527 1356 2722 1420 fateor,
2757 1352 3284 1424 Domine,pr:esumo
3317 1353 3382 1407 de
3412 1362 3485 1417 te,
3510 1366 3628 1406 me-

2045 1461 2164 1501 mor
2194 1445 2457 1500 malorum
2506 1460 2772 1520 meorum,
2819 1455 2873 1499 et
2924 1454 3138 1501 tuorum
3183 1460 3301 1514 qua:
3348 1460 3379 1499 a
3426 1444 3627 1501 sm:qu

2045 1543 2172 1590 sunt
2201 1536 2486 1609 bonorum.
2516 1534 2727 1601 Adhuc,
2758 1521 3081 1599 Domina-te
3113 1549 3303 1603 rogare
3333 1546 3624 1602 praesumo,

2046 1635 2106 1682 ut
2134 1640 2239 1680 non
2282 1624 2354 1680 sit
2392 1625 2522 1679 mibi
2564 1635 2972 1679 sacrosanctum
3008 1624 3333 1680 sacriﬁcium
3373 1632 3522 1676 tuum
3560 1622 3628 1676 ad

2039 1715 2325 1787 judicium,
2354 1730 2530 1786 neque
2555 1713 2621 1766 ad
2651 1713 3155 1769 condemnationem
3182 1755 3197 1779 ,
3229 1716 3322 1768 sed
3355 1712 3532 1783 potius
3560 1712 3629 1766 ad

362 1808 556 1869 potens
580 1799 743 1864 Deus,
772 1799 1034 1856 libramcn
1075 1800 1291 1871 pietatis
1324 1801 1764 1873 implorogcujus
1795 1804 1937 1859 diem
1970 1812 2016 1871 Β
2045 1804 2416 1861 liberationem
2456 1810 2800 1871 peccatorum
2843 1811 2899 1855 et
2940 1802 3309 1871 angustiarum
3354 1817 3622 1869 mearum,

361 1886 615 1958 ultionis,
642 1902 932 1948 accusante
973 1892 1325 1958 conscientia,
1367 1894 1713 1963 pertimesco,
1752 1910 1821 1950 ne
1860 1896 1942 1949 in-

363 1981 581 2052 dignum
620 1983 988 2040 misericordia
1028 1993 1118 2039 tua
1160 1983 1394 2054 judices,
1434 2000 1595 2055 quem
1628 1988 1664 2040 ‘a
1703 1994 1945 2055 tempore

364 2073 698 2140 ptenitentia:
732 2091 838 2129 non
874 2074 1132 2133 excludis.
1177 2077 1482 2147 Suspende.
1512 2076 1760 2141 Demine,
1793 2090 1948 2131 secu-

366 2163 493 2231 ritn,
533 2166 704 2221 donec
732 2167 909 2222 cultor
938 2169 1109 2223 vineae
1138 2168 1375 2238 Spiritus
1411 2177 1633 2222 sanctus
1662 2168 1947 2224 admoveat

364 2255 652 2323 eopliinum
680 2257 937 2312 stercoris
967 2258 1035 2312 ad
1071 2256 1307 2313 radicem
1336 2258 1684 2316 infructuosa:
1712 2260 1944 2317 arboris.

365 2344 538 2401 Parce
565 2348 721 2411 mibi,
750 2348 996 2414 Domine,
1022 2365 1182 2419 parce
1208 2350 1653 2417 clementissime,
1676 2355 1765 2424 qui
1792 2353 1948 2409 Davi-

364 2436 487 2493 dem
510 2447 633 2506 post
658 2437 865 2508 lapsum
887 2440 1184 2497 clementer
1204 2442 1273 2496 ad
1299 2444 1509 2498 veniam
1538 2446 1834 2515 revocasti;
1856 2446 1946 2516 qui

365 2529 511 2585 Petri
539 2531 850 2588 misericors
885 2526 1068 2607 amare
1106 2534 1283 2590 ﬂentis
1320 2534 1591 2608 laerymas
1626 2538 1987 2609 respexistip.

364 2621 458 2691 qui
489 2620 754 2679 latronem
787 2624 919 2678 tanti
949 2623 1205 2680 facinoris
1235 2641 1386 2682 reum
1414 2626 1594 2682 divina
1622 2628 1795 2699 gratia
1828 2628 1949 2683 illo-

365 2713 583 2777 strasti,
620 2714 703 2769 cui
755 2730 879 2769 mox
922 2712 1155 2771 obtinuit
1194 2716 1468 2773 confessio
1510 2720 1818 2788 perspicere
1850 2719 1947 2775 Dei

366 2801 584 2870 Filium,
610 2804 742 2860 ﬁdes
769 2804 1070 2874 praemium,
1101 2821 1259 2875 paena
1289 2809 1525 2875 veniam,
1556 2808 1789 2865 lamenta
1820 2826 1951 2881 gau-

368 2894 518 2950 dium
543 2896 956 2965 sempiternum;
988 2898 1112 2977 dum
1141 2898 1422 2955 confessor
1452 2900 1504 2956 in
1535 2916 1716 2967 cruce,
1741 2917 1950 2973 posses-

369 3002 465 3043 sor
498 2988 718 3058 paridisi
764 2989 974 3043 exstitit
1014 2982 1136 3058 post
1180 3006 1419 3059 crucem.
1474 2992 1580 3047 Sed
1618 2993 1743 3063 quia
1785 2994 1949 3048 verba

374 3080 527 3135 venia
559 3081 770 3151 pietatis
802 3088 904 3133 tua:
945 3080 1208 3152 indigent,
1240 3097 1361 3151 qua:
1404 3083 1608 3153 indigni
1654 3084 1949 3141 sacerdotis

372 3185 536 3240 opera
569 3186 673 3225 non
711 3173 1110 3238 commendant,
1148 3173 1338 3229 saltem
1378 3176 1668 3229 astantium
1699 3186 1821 3231 vota
1855 3192 1947 3230 su-

372 3261 553 3333 scipe;
595 3272 653 3317 ut
693 3272 749 3316 et
787 3264 917 3317 mibi
952 3265 1065 3319 suis
1094 3266 1235 3333 apud
1280 3272 1333 3320 te
1361 3266 1612 3335 precibus
1642 3268 1873 3333 veniam,
1900 3277 1957 3324 et

376 3367 567 3407 eorum
611 3353 821 3408 meritis
865 3354 1131 3410 sacriﬁcia
1167 3365 1476 3411 nostrorum
1506 3358 1787 3413 vulnerum
1818 3359 1958 3413 salu-

373 3442 549 3500 briter
584 3446 738 3501 nobis
764 3445 1049 3502 conferant
1077 3446 1418 3502 medicinam.
1445 3448 1514 3503 Et
1536 3450 1688 3519 quia,
1710 3451 1957 3519 omnipo-

379 3544 497 3589 tens
534 3534 693 3601 Deus,
727 3552 824 3606 pro
862 3536 1016 3591 nobis
1051 3536 1302 3594 omnibus
1336 3538 1511 3594 factus
1545 3555 1605 3594 es
1644 3540 1819 3594 hostia
1859 3555 1960 3611 pro

378 3624 632 3693 peccatis,
664 3626 808 3681 adsis
838 3627 993 3682 nobis
1025 3627 1326 3685 satisfactio
1360 3630 1413 3685 in
1443 3630 1713 3687 sacriﬁcio
1738 3646 1837 3703 pro
1866 3632 1959 3689 de-

379 3711 543 3781 lictis,
572 3714 665 3785 qui
691 3714 829 3770 vivis
852 3724 906 3769 et
928 3730 1140 3784 regnas,
1168 3727 1274 3773 etc.

937 3804 1190 3861 ORATIO
1227 3807 1394 3862 XXXI

727 3911 828 3952 PRO
865 3911 1170 3951 SACERDOTE
1207 3912 1611 3957 CELEBRA‘I'URO.

452 3982 793 4039 Conscientia
838 3986 1051 4054 quidem
1102 3987 1364 4056 trepidus,
1412 3990 1753 4059 omnipotens
1796 3991 1961 4058 Deus,

382 4076 450 4131 ad
478 4076 648 4130 altare
690 4086 837 4130 tuum
869 4078 1090 4141 accedo,
1117 4079 1210 4133 sed
1238 4079 1304 4132 ad
1335 4081 1582 4135 fiduciam
1625 4082 1692 4135 de
1722 4092 1825 4136 tute
1850 4083 1959 4153 pie-

384 4165 512 4221 tatis
554 4164 920 4219 misericordia
968 4166 1223 4219 retineor.
1269 4167 1334 4220 Et
1374 4167 1499 4221 licet
1536 4170 1607 4221 ad
1638 4169 1961 4225 celebranda

385 4254 479 4310 tibi
514 4255 784 4309 sacrificia
826 4270 1041 4325 semper
1080 4256 1323 4310 inveniar
1364 4256 1645 4327 indiguus;
1697 4268 1871 4313 tamen
1914 4260 1958 4314 si

383 4344 598 4409 recedo,
628 4358 818 4399 vereor
844 4344 911 4398 de
935 4346 1295 4400 inobedientia
1324 4347 1694 4401 condemnari.
1730 4347 1833 4402 Pro
1857 4364 1962 4418 qua

385 4453 446 4493 re
491 4439 710 4507 dignare
757 4454 861 4504 me,
909 4437 1147 4508 piissime
1190 4436 1368 4500 Pater,
1418 4448 1637 4508 paterna
1676 4438 1872 4507 pietate
1900 4454 1963 4495 ac

383 4530 596 4600 placato
631 4530 776 4582 vultu
816 4530 1104 4598 respicere,
1147 4539 1204 4583 et
1243 4529 1423 4584 cordis
1469 4529 1571 4584 mei
1617 4529 1835 4584 interim
1869 4525 1971 4586 ora'

385 4636 635 4693 purgare.
669 4621 735 4675 Et
761 4622 803 4675 si
832 4636 930 4691 ego
961 4622 1196 4690 pondere
1235 4630 1580 4691 peccatorum
1629 4636 1871 4675 meorum
1900 4638 1963 4679 ac

388 4720 540 4771 reatu
568 4711 938 4780 constriugor;
981 4726 1220 4763 mearum
1249 4720 1427 4764 tamen
1464 4724 1683 4779 precum
1718 4710 1963 4777 obtentu,

391 4803 487 4859 tibi
518 4802 645 4867 sint,
676 4816 857 4871 quaeso
888 4801 1127 4866 Domine,
1168 4802 1220 4855 in
1258 4802 1509 4856 ninuibus
1539 4801 1734 4871 placita
1766 4812 1967 4872 mysteo

389 4892 470 4948 ria
498 4891 885 4948 consecranda.
915 4890 1018 4946 Per
1042 4891 1322 4946 Dominum
1354 4902 1619 4959 nostrum,
1648 4900 1753 4946 clc.

2043 1904 2101 1951 et
2134 1895 2202 1948 ad
2241 1906 2532 1962 perennem
2565 1890 2758 1945 anima:
2787 1906 2919 1946 mea:
2954 1892 3330 1947 salvationem.
3370 1892 3624 1962 ldipsum,

2047 1983 2273 2039 Domine
2310 1982 2472 2046 Deus,
2503 1980 2806 2059 supplicans
2843 1991 3048 2053 repeto,
3090 1998 3194 2038 non
3230 1983 3392 2047 elata,
3427 1991 3485 2036 ut
3512 1983 3628 2053 ipse

2047 2074 2336 2146 conspicis,
2367 2074 2809 2145 praesumptione,
2846 2072 2939 2127 sed
2974 2089 3140 2143 prona
3170 2082 3223 2127 et
3261 2075 3451 2143 pavida
3489 2089 3630 2144 pra:—

2046 2158 2389 2237 sumptione,
2444 2165 2570 2236 quia
2619 2164 2785 2219 miser
2832 2174 2888 2221 et
2937 2163 3245 2218 immundus
3291 2164 3470 2217 carnis
3525 2172 3631 2217 tuae

2047 2264 2248 2309 sancta:
2286 2262 2341 2308 et
2380 2252 2601 2324 pretiosi
2641 2252 2920 2323 sanguinis
2954 2253 3029 2306 tui
3088 2262 3487 2306 sacramentum
3529 2252 3629 2305 int-

2048 2346 2261 2401 mundis
2293 2344 2542 2399 manibus
2583 2357 2905 2398 consecrare
2944 2342 3139 2398 audeo.
3188 2342 3424 2413 Supplex
3460 2356 3633 2397 exoro

2046 2448 2102 2494 et
2141 2436 2385 2501 obsecro,
2427 2436 2681 2503 Domine,
2725 2436 3084 2492 ministerium
3119 2445 3269 2489 tuum
3310 2436 3542 2505 respice,
3573 2442 3632 2489 et

2048 2531 2249 2593 misero
2274 2530 2405 2585 mibi
2444 2528 2691 2584 ministro
2718 2528 2995 2592 miserere,
3027 2528 3453 2583 saeriﬁcatorem
3482 2527 3631 2599 puri-

2048 2625 2172 2689 ﬁea,
2207 2631 2262 2677 et
2287 2620 2618 2677 sacriﬁcium
2649 2620 2947 2675 sanctiﬁca.
2973 2620 3115 2675 Deus
3137 2619 3321 2684 Pater,
3352 2621 3476 2675 audi
3507 2635 3627 2687 me;

2049 2712 2308 2784 quidquid
2347 2720 2432 2767 cst
2481 2710 2535 2766 in
2579 2725 2668 2766 me
2703 2720 2893 2765 contra
2934 2724 3038 2774 me,
3081 2709 3377 2765 clementer
3421 2710 3572 2765 aufer
3597 2728 3631 2777 ιι

2052 2817 2168 2868 me;
2196 2809 2317 2871 apta
2351 2816 2438 2857 me
2469 2810 2561 2856 tuo
2586 2809 2783 2855 sancto
2806 2798 3050 2863 servitio,
3086 2814 3150 2854 ac
3176 2798 3481 2854 ministrum
3514 2800 3629 2853 ido-

2052 2908 2211 2947 neum
2238 2892 2329 2946 tibi
2372 2906 2454 2946 me
2481 2891 2708 2960 perfice,
2761 2900 2815 2943 et
2847 2904 3024 2957 annue
3056 2899 3113 2943 ut
3138 2904 3258 2959 qua:
3285 2890 3396 2944 'tibi
3434 2892 3634 2960 placita

2052 2992 2198 3048 sunt,
2245 2984 2386 3037 inter
2416 2982 2531 3037 haec
2571 2990 2757 3036 sancta
2790 2980 3046 3051 mysteria
3074 2980 3362 3048 postulem,
3406 2990 3461 3034 et
3484 2996 3633 3050 qua:-

2052 3090 2265 3145 euuque
2308 3074 2521 3145 postulo
2551 3084 2664 3138 tua,
2700 3075 2944 3136 Domine,
2986 3071 3392 3143 benignissima,
3423 3088 3630 3142 qumso,

1976 3141 2023 3205 (ἶ
2054 3165 2423 3220 misericordia
2470 3163 2781 3235 percipiant.
2833 3160 2953 3215 Tibl
2998 3162 3191 3226 honor,
3237 3162 3329 3216 tibi
3374 3162 3540 3232 gloria
3575 3162 3631 3216 in

2056 3257 2249 3313 saecula
2275 3255 2613 3312 saeculorum.
2648 3256 2840 3309 Amen.

2584 3344 2839 3401 ORATIO
2876 3343 3110 3398 XXXIII.

2551 3452 2618 3490 AD
2658 3449 2784 3490 IDEII
2822 3450 3141 3490 FACIENDUI.

2130 3530 2189 3587 Si
2226 3537 2453 3593 tantum,
2490 3526 2734 3591 Domine,
2771 3536 2982 3581 reatum
3024 3535 3222 3579 nostra:
3260 3525 3639 3595 delinquentia:
3699 3539 3705 3545 '

2059 3620 2381 3691 cogitamus,
2402 3616 2716 3687 deputatum
2737 3613 3132 3675 observationis
3152 3613 3508 3669 tuiuiSterium
3532 3630 3637 3670 non

2059 3710 2344 3783 implemus
2373 3726 2386 3761 :
2416 3722 2580 3779 grave
2608 3716 2691 3761 est
2715 3707 2881 3769 enini,
2919 3706 3062 3775 quod
3106 3706 3174 3759 ad
3219 3720 3458 3760 mensam
3492 3716 3640 3762 tuam

2059 3803 2261 3857 mundo
2283 3799 2448 3855 corde
2467 3808 2522 3854 et
2550 3798 2930 3859 innocentibus
2953 3796 3199 3851 manibus
3226 3810 3331 3849 non
3359 3797 3635 3862 venimus;

2059 3890 2155 3953 sed
2201 3889 2421 3963 gravius
2454 3897 2561 3953 est,
2608 3887 2653 3941 si
2691 3884 2822 3941 dum
2867 3894 3088 3956 peccata
3134 3884 3445 3949 metuimus,
3472 3886 3638 3940 etiam

2062 3973 2390 4040 sacriﬁcium
2426 3994 2533 4034 non
2578 3976 2887 4033 reddamus.
2932 3975 3116 4032 Liceat
3143 3975 3305 4047 igitur
3326 3992 3421 4047 pro
3456 3976 3639 4031 inobe-

2064 4072 2266 4129 dientia
2295 4070 2569 4134 assistere,
2607 4083 2703 4137 pro
2742 4066 3070 4136 indulgentia
3104 4074 3308 4136 petere,
3341 4081 3440 4136 pro
3467 4056 3643 4121 cilicio

2065 4151 2395 4227 ministrare,
2436 4175 2536 4230 pro
2577 4158 2814 4214 remedio
2852 4158 3152 4225 immolare,
3194 4172 3291 4226 pro
3329 4155 3520 4227 populo
3547 4156 3645 4211 ob-

2063 4270 2304 4312 secrare.
2336 4254 2529 4320 Quaeso
2571 4266 2701 4322 ergo
2729 4250 2971 4305 conferta
3017 4251 3067 4304 in
3113 4266 3197 4304 me
3226 4251 3367 4319 quod
3393 4249 3643 4319 trepidat,

2066 4362 2195 4404 cura
2223 4344 2363 4417 quod
2397 4344 2581 4406 taedet,
2622 4341 2907 4396 recoucilia
2941 4341 3084 4410 quod
3116 4340 3409 4405 discordat,
3439 4355 3643 4395 evacua

2068 4437 2210 4509 quod
2232 4433 2546 4504 corrumpit,
2576 4432 2799 4487 humilia
2821 4430 2961 4500 quod
2986 4428 3245 4501 superbit.
3270 4430 3354 4485 Sit
3380 4431 3465 4500 pia
3486 4429 3647 4500 justi-

2074 4532 2146 4586 tia
2171 4528 2404 4585 clemens
2428 4526 2725 4592 correctio;
2771 4539 3045 4594 nunquam
3082 4524 3369 4579 absorbent
3401 4534 3647 4593 peccato-

2072 4638 2216 4689 rem_,
2264 4622 2374 4676 imo
2415 4599 2725 4676 reconciliet
2768 4618 3138 4687 pmuitentcm.
3192 4617 3266 4670 Da
3318 4616 3370 4669 in
3410 4614 3643 4687 salutem

2073 4710 2427 4783 disciplinam,
2454 4723 2558 4763 non
2584 4707 2636 4761 in
2666 4718 2894 4760 mortem
2925 4705 3240 4759 sententiam
3266 4722 3279 4757 :
3304 4704 3496 4759 exaudi
3523 4717 3647 4772 pec-

2073 4801 2270 4857 caloris
2300 4815 2534 4871 precem,
2561 4800 2652 4869 qui
2684 4797 2867 4853 visitas
2901 4797 2952 4850 in
2978 4795 3160 4851 dolore
3187 4803 3509 4865 gementem.
3540 4792 3647 4849 Per

2071 4894 2345 4950 Clu-istum
2376 4892 2661 4948 Dominum
2692 4899 2952 4944 nostrum.
2982 4889 3172 4942 Amen.

1680 5024 1915 5082 VARIE
1953 5022 2363 5081 LECTIONES.

469 5149 554 5182 m‘
581 5148 825 5218 Regnum
862 5144 1175 5218 perveniam
1198 5184 1211 5205 ,
1266 5143 1352 5199 ubi
1384 5158 1491 5218 non
1531 5142 1583 5218 in
1627 5141 1923 5218 mysteriis,
1949 5140 2089 5196 sicut
2115 5139 2311 5218 in_hoc
2340 5146 2583 5218 temppre
2616 5135 2937 5218 agiturused
2958 5134 3125 5218 facie
3145 5135 3213 5189 ad
3246 5134 3458 5218 faciem.
3482 5134 3649 5218 te_vi§

391 5220 639 5275 dcbimus
665 5204 788 5270 cum
820 5204 1105 5269 tradideris
1131 5204 1229 5267 etc.
1271 5230 1371 5267 ms.
1416 5204 1940 5272 Carthuszegnum
1971 5210 2309 5281 perveniam,
2346 5204 2925 5281 ubi'facieaddfaciem
2957 5214 3007 5260 te
3039 5206 3272 5281 videam,
3306 5205 3517 5281 interim
3548 5204 3648 5259 hoc

394 5291 681 5358 agendum,
707 5287 807 5340 hoc
841 5294 989 5339 certe
1020 5283 1467 5358 frequentandum
1500 5281 1888 5358 cuiiuneudasti
1928 5275 2206 5358 Ecclesia;
2242 5294 2349 5351 quo
2406 5278 2592 5357 venies
2628 5278 2677 5330 in
2713 5278 2870 5358 linem
2898 5276 3102 5358 surculi,
3129 5278 3269 5345 quod
3296 5275 3397 5358 erit
3432 5284 3647 5358 saneto:

397 5344 515 5413 rum
570 5344 805 5427 requies,
838 5370 979 5408 nunc
1006 5344 1282 5427 adliue_in
1320 5362 1663 5427 sacramento
1690 5367 1797 5427 quo
1833 5352 1895 5427 in
1927 5354 2027 5427 hoc
2064 5344 2315 5427 tempore
2338 5348 2719 5403 consociantur
2768 5356 2856 5427 tua
2906 5344 3408 5427 membraﬁuandiu
3438 5344 3643 5427 'b‘ibitur

437 5411 539 5480 und
567 5411 841 5481 de'latere
882 5436 969 5477 tuo
1006 5424 1259 5484 manavit.
1295 5425 1346 5476 Id
1369 5424 1481 5493 jam
1534 5423 1587 5476 iu
1620 5411 1951 5493 per-lectione
1987 5422 2102 5493 ipsa
2130 5411 2353 5493 “salutis
2387 5428 2774 5493 tetermemcum
2814 5416 3106 5493 tradideris
3148 5411 3389 5483 Regnum
3438 5411 3545 5463 Deo
3576 5420 3642 5489 ,αι

437 5443 539 5480 non
567 5443 632 5481 de
676 5443 841 5479 latere
882 5443 969 5477 ιιιυ
1006 5443 1259 5484 manavit.
1295 5443 1346 5476 ιιι
1369 5443 1481 5493 iam
1535 5443 1587 5476 ιιι
1620 5443 1951 5491 periccuuue
1987 5443 2098 5490 ipsa
2159 5443 2347 5473 sauuus
2387 5443 2603 5472 ictuum:
2652 5443 2774 5470 cum
2815 5443 3106 5470 u-auiucus
3150 5443 3389 5483 ucguum
3438 5443 3545 5463 uw
3576 5443 3642 5489 ,ιιι

396 5443 644 5561 gatrimt
668 5498 719 5550 in
752 5495 838 5547 illa
868 5494 1148 5564 per5pieua
1166 5494 1619 5565 contemplatione
1657 5494 1738 5565 tui
1761 5489 2210 5565 inroutmutabilis
2246 5488 2488 5565 veritatis
2528 5486 2702 5565 nullis
2735 5487 3003 5565 mysteriis
3027 5500 3274 5552 egeamus
3302 5498 3315 5533 :
3353 5492 3477 5561 tunc
3503 5495 3645 5532 enim

400 5581 488 5623 me
508 5558 605 5619 etc.
684 5566 774 5598 ⁸⁸⁸³
812 5558 1184 5629 lu'mte'rnum.
1216 5564 1314 5629 Qui
1338 5558 1463 5618 cum
1480 5564 1690 5619 emicat.
1725 5563 1832 5616 Deo
1873 5561 2030 5616 Patre
2076 5569 2130 5614 ct
2168 5558 2367 5629 Spiritu
2416 5567 2606 5629 sancto
2659 5558 2793 5629 vivis
2834 5565 3121 5629 et_regn_as
3175 5567 3267 5619 per
3301 5558 3480 5604 inania
3518 5564 3642 5629 sive.

558 5617 745 5691 nmen.
786 5617 909 5689 mla;
953 5632 1003 5686 in
1047 5617 1329 5686 adermim.
1355 5617 1593 5688 rAmeu.’
1627 5633 1729 5688 Nec
1773 5632 1950 5687 sitiam
1984 5633 2034 5687 in
2075 5617 2332 5686 internum
2379 5628 2468 5697 qui
2515 5622 2636 5683 cum
2680 5628 2865 5682 eodem
2905 5617 3018 5679 Deo
3046 5617 3203 5677 Patri)
3226 5631 3321 5674 εισι
3366 5635 3458 5673 ηαδ.
3518 5617 3643 5672 Γαί-

401 5703 506 5762 lttc.
538 5721 634 5759 nec
681 5707 857 5761 sitiam
906 5706 956 5760 in
1010 5713 1289 5759 aeternum.
1320 5704 1489 5759 Amen
