4200 6186
469 297 567 352 9'27

834 414 994 483 27o
1034 414 1286 471 ORATIO
1323 417 1541 473 xxxw
1584 419 1693 475 ιιοδ,
1762 409 1766 413 ‘

1059 521 1125 559 AD
1162 522 1453 567 ClllllSTUIl.

539 595 674 647 Ante
700 596 1075 663 perceptionem
1104 601 1335 667 corporis
1381 611 1432 654 et
1462 600 1731 669 sanguinis
1760 598 1971 653 Christi.

540 684 764 737 Do.t.ine
793 682 917 738 Jesu
956 679 1192 752 Christe,
1224 689 1332 756 qui,
1370 688 1527 749 Patre
1554 689 1895 757 disponente,
1926 686 2045 763 Spi-

469 777 573 828 ritu
604 786 792 830 sancto
819 788 1163 847 cooperante,
1192 795 1286 847 per
1317 773 1543 832 Ittortent
1575 788 1719 830 tuam
1752 789 2045 847 sthttattt'tt

470 868 745 922 voluntate
775 856 1252 924 misericorditera
1289 881 1510 939 peccato
1544 879 1599 923 et
1628 882 1802 924 morte
1846 880 2045 923 aeterna

469 960 726 1013 mundum
752 960 1045 1024 redemisti,
1061 961 1246 1023 adoro,
1261 968 1315 1013 et
1340 973 1566 1013 veneror
1588 975 1653 1027 eo
1673 976 1781 1029 quo
1804 975 2044 1029 possunt,

469 1049 716 1117 quamvis
748 1050 922 1117 tepido
959 1047 1149 1101 aﬁ'eetu
1189 1058 1245 1101 et
1279 1048 1469 1103 humili
1509 1050 1816 1115 dero:ione,
1849 1050 2047 1122 gratias

470 1156 633 1209 agens
668 1149 815 1193 tanto
850 1139 1131 1202 beneﬁcio,
1170 1140 1268 1193 hoc
1295 1128 1551 1194 sanctum
1577 1128 1792 1209 corpus,
1822 1152 1875 1194 et
1906 1142 2046 1195 hunc

471 1232 780 1301 sanguinem
818 1238 971 1284 tuum
1010 1230 1120 1295 ³³⁸³,
1155 1245 1273 1298 qua:
1308 1233 1374 1284 ad
1407 1231 1839 1286 emundationem
1869 1241 1918 1284 et
1952 1231 2044 1285 de-

472 1320 766 1376 fensionem
810 1337 839 1375 a
888 1304 1148 1391 peccatis,
1191 1321 1433 1390 accipere
1458 1322 1722 1375 desidero.
1752 1319 2039 1385 Conﬁteor,

473 1411 714 1479 Domine,
741 1398 1064 1483 quia'nimis
1090 1428 1202 1463 sum
1233 1421 1471 1479 peccator
1506 1410 1656 1481 (an.
1686 1424 1738 1473 ν,
1770 1410 1849 1479 8),
1879 1420 1930 1465 et
1963 1410 2047 1464 in-

468 1502 660 1572 dignus
692 1505 759 1558 ad
795 1519 975 1559 eorum
1008 1513 1206 1557 tactum
1229 1501 1505 1556 accedere.
1538 1501 1641 1555 Sed
1670 1503 1952 1558 conlidens
1977 1502 2044 1557 de

471 1588 559 1645 illa
590 1591 893 1657 clementia,
916 1606 1019 1660 qua
1045 1605 1141 1661 pro
1171 1588 1562 1659 peccatoribus,
1594 1589 1800 1659 utjusti
1830 1590 2038 1655 ﬁerent,

470 1681 705 1761 animam
750 1691 895 1736 tuam
940 1695 1164 1750 ponens,
1211 1696 1331 1735 eam
1378 1681 1594 1746 dedisti,
1639 1691 1693 1736 et
1722 1678 1826 1751 'pia
1869 1681 2042 1736 hostia

789 299 845 354 S.
892 294 1189 357 Ακςειιιι
1229 300 1580 357 CANTUAR.
1608 275 1932 359 ‘ARCIIIEP.
1972 304 2120 359 Oi’P.
2172 300 2348 357 PARS
2379 302 2438 357 ll.
2481 334 2549 341 —
2591 301 2961 357 I‘All.ENET.
3000 302 3088 357 ET
3118 303 3362 359 ASCET.

3616 309 3721 364 9'28

2077 430 2120 483 Α
2155 435 2280 473 ιιιιιιι
2312 419 2363 473 in
2400 417 2603 472 unitate
2632 414 2971 473 conﬁtemur.
3006 417 3080 473 Te
3111 416 3282 472 solum
3331 420 3497 476 Deum
3538 423 3723 490 adoro,

2151 521 2200 563 te
2242 511 2419 571 laudo,
2465 517 2517 563 te
2563 509 2841 573 benedice,
2882 517 3040 579 teque
3084 508 3345 579 gloriﬁco,
3390 509 3494 565 tibi
3529 500 3727 581 gratias

2137 617 2265 669 ago,
2301 601 2393 654 tibi
2438 615 2523 654 me
2559 608 2669 653 tota
2715 600 3000 655 devotione
3026 601 3334 666 committo;
3382 603 3589 658 intende
3615 606 3728 658 voci

2148 691 2395 744 arationis
2432 705 2557 743 utea:
2586 688 2757 761 (Paul.
2790 706 2851 752 v,
2882 690 2958 759 3),
2986 688 3146 744 Pater
3172 690 3239 745 de
3267 690 3417 746 caelis
3442 693 3601 755 Deus,
3632 708 3725 749 rex

2150 794 2297 833 meus
2350 789 2404 833 et
2446 778 2585 834 Dens
2610 795 2783 835 meus.
2810 778 2931 845 Fili,
2959 779 3288 851 Redemptor
3318 782 3524 845 mundi,
3564 782 3726 848 Deus,

2148 870 2402 924 miserere
2438 869 2565 933 mei,
2596 886 2658 923 ne
2695 871 2899 938 perdas.
2921 887 3001 924 me
3031 887 3152 925 eum
3184 871 3559 942 iniquitatibus
3593 875 3731 930 meis

2148 958 2316 1028 (l’sal.
2347 975 2474 1024 xxv,
2505 960 2585 1029 9),
2621 974 2795 1030 neque
2824 962 2878 1015 in
2924 962 3085 1018 linem
3116 964 3282 1019 iratus
3313 981 3555 1021 reserves
3588 968 3723 1020 mala

2148 1065 2288 1102 mea.
2334 1048 2566 1105 Sanctus
2598 1048 2855 1116 Spiritus,
2897 1050 3128 1122 benigne
3171 1052 3331 1118 Deus,
3365 1055 3561 1125 inspira
3595 1056 3724 1109 mihi

2145 1136 2466 1204 spiraculum
2498 1136 2685 1205 gratiae
2723 1145 2848 1201 tuae,
2876 1146 2931 1192 et
2958 1138 3128 1210 dirige
3159 1156 3246 1195 me
3283 1143 3338 1197 in
3366 1144 3507 1197 viam
3539 1144 3726 1199 salutis

2143 1234 2357 1280 aitet-tne
2379 1244 2391 1279 :
2417 1226 2543 1280 doce
2566 1242 2645 1279 inc
2671 1224 2983 1280 voluntatem
3002 1239 3149 1281 tuam
3172 1229 3343 1299 facere
3365 1231 3535 1301 (Psal.
3557 1249 3724 1298 CXLII,

2145 1314 2232 1383 lli)
2264 1331 2277 1366 :
2310 1314 2571 1384 quidquid
2615 1314 2714 1370 tibi
2750 1314 2999 1384 displicet
3038 1317 3090 1371 in
3133 1335 3244 1384 me,
3290 1337 3505 1377 remove
3542 1340 3571 1377 a
3615 1341 3718 1377 me.

2145 1403 2308 1460 'l’rine
2349 1413 2406 1459 et
2450 1422 2572 1470 une,
2636 1404 2996 1475 omnipotens,
3040 1394 3125 1478 pie
3172 1420 3225 1464 et
3273 1412 3580 1470 misericors
3626 1417 3726 1470 Do-

2145 1492 2309 1558 mine,
2335 1496 2508 1565 aspice
2533 1496 2589 1551 in
2624 1512 2707 1549 me
2734 1495 2907 1565 (Paul.
2933 1512 3122 1565 cxvnt,
3155 1500 3297 1571 l32),
3331 1512 3386 1558 et
3424 1505 3720 1559 tribulatio-

2146 1597 2267 1637 nem
2297 1598 2470 1640 tneam
2501 1584 2553 1637 in
2581 1584 2832 1654 gaudium
2862 1590 3137 1649 conferte,
3164 1600 3211 1642 et
3239 1607 3303 1644 ne
3330 1573 3419 1647 de:
3447 1594 3727 1648 liniredita-

2146 1681 2247 1725 tein
2284 1681 2429 1725 ticam
2472 1671 2631 1739 (Joel.
2663 1689 2736 1738 tt,
2769 1674 2877 1745 l7).
2920 1673 3226 1732 Altissiute.
3251 1679 3302 1732 in
3343 1680 3722 1748 perditionem.

469 1772 615 1847 Patri
641 1759 866 1827 mactari
888 1771 1136 1838 voluisti;
1170 1771 1261 1825 illa
1299 1786 1587 1849 prazsumo,
1619 1770 1742 1825 licet
1770 1781 2037 1842 peccator,
2076 1762 2115 1815 Β
2145 1759 2460 1815 Dominam?
2482 1759 2724 1823 omnium
2761 1780 2825 1820 ac
2870 1774 3145 1835 protector
3174 1768 3226 1821 in
3269 1778 3322 1823 te
3365 1771 3721 1839 sperantium,

468 1871 525 1913 ut
554 1863 769 1932 perilla
800 1863 1088 1932 justiﬁcer,
1122 1865 1389 1934 aecipere.
1430 1862 1664 1933 Supplex
1694 1879 1823 1934 ergo
1856 1873 1930 1928 te,
1958 1863 2047 1932 pie

466 1952 751 2006 miseratur
794 1952 1090 2019 hominum,
1126 1954 1353 2009 obsecro
1394 1963 1452 2007 ιιι
1483 1969 1615 2023 qua!
1651 1954 1717 2007 ad
1761 1954 2045 2009 delendum

467 2038 687 2110 peccata
706 2042 927 2107 dedisti,
948 2062 1053 2099 non
1076 2046 1203 2099 mihi
1220 2046 1408 2099 sintud
1427 2054 1767 2115 peccatorum
1790 2057 2048 2113 augmen-

410 2160 425 2169 -
470 2126 604 2195 ttim,
634 2132 727 2185 sed
758 2132 824 2187 ad
851 2133 1235 2203 indulgentiam
1267 2143 1320 2189 et
1340 2134 1651 2193 tuitionem.
1681 2133 1788 2189 Fac
1816 2148 1921 2197 me,
1947 2135 2048 2188 Do.

472 2221 639 2286 utine,
681 2222 753 2275 ita
786 2220 855 2276 ea
885 2240 979 2278 ore
1014 2233 1069 2277 et
1113 2222 1275 2278 corde
1309 2223 1607 2293 percipere,
1650 2234 1815 2293 atque
1850 2222 1953 2278 ﬁde
1993 2230 2069 2278 et

470 2312 662 2367 all'eetu
703 2315 925 2383 sentire,
956 2314 1032 2369 ‘ut
1074 2328 1169 2383 per
1204 2300 1390 2368 eorum
1433 2314 1685 2375 virtutem
1726 2314 1806 2369 sic
1836 2314 2050 2371 merear

468 2404 713 2474 complan
724 2406 820 2458 tari
842 2404 1180 2459 similitudini
1203 2404 1395 2461 mortis
1411 2414 1466 2460 et
1486 2404 1899 2459 resurrectionis
1920 2412 2042 2467 tum,

469 2511 565 2564 per
606 2496 803 2551 veteris
846 2497 1080 2551 hominis
1121 2496 1614 2561 mortiﬁcationem,
1657 2505 1714 2551 et
1755 2497 2046 2550 novitatem

460 2586 621 2651 jttstzt:
651 2587 795 2652 vitm,
829 2596 887 2641 ut
917 2588 1109 2657 dignus
1137 2586 1238 2641 sim
1271 2572 1490 2657 corpori
1516 2595 1629 2651 tuo,
1664 2589 1809 2655 quod
1835 2597 1918 2642 est
1946 2586 2049 2642 Ec-

430 2676 654 2743 .clesia,
703 2677 1065 2747 incorporari,
1105 2686 1160 2732 et
1197 2665 1298 2733 sint
1339 2680 1637 2733 membrum
1678 2688 1857 2743 tuum,
1898 2687 1953 2733 et
1996 2687 2051 2733 tu

474 2778 629 2837 raptt!
663 2784 861 2833 meum,
892 2778 947 2825 et
976 2785 1219 2824 maneam
1250 2771 1303 2823 in
1334 2778 1404 2837 te,
1436 2780 1491 2824 et
1520 2778 1576 2824 tu
1617 2770 1670 2823 in
1699 2786 1786 2825 me
1817 2788 1830 2824 :
1862 2762 2051 2841 quate;
2078 2837 2083 2843 _

474 2874 572 2911 nus
597 2859 647 2911 in
672 2862 1065 2916 resurrectione
1087 2861 1346 2916 rel'ormes
1364 2878 1549 2930 corpus
1564 2861 1875 2916 humilitatis
1894 2877 2047 2929 mere,

470 2949 853 3017 conﬁguratnm
894 2954 1099 3021 corpori
1127 2951 1385 3005 claritatis
1426 2961 1548 3017 tum,
1588 2954 1883 3007 secundum
1921 2968 2048 3022 pro-

472 3041 781 3123 ηιίεεῖοιιριιι
816 3044 1053 3113 Apostoli
1094 3046 1167 3098 tui
1202 3041 1458 3117 (Philipp.
1486 3060 1569 3113 ut,
1599 3043 1711 3115 2|),
1746 3053 1797 3099 et
1830 3045 1882 3099 in
1912 3055 1963 3099 te
1993 3046 2043 3098 in

2147 1850 2389 1915 Domine,
2416 1851 2851 1922 deprecationem
2876 1871 3051 1911 meam
3080 1860 3321 1929 suscipe;
3353 1870 3407 1915 et
3432 1875 3527 1929 per
3558 1860 3727 1915 inter-

2144 1942 2417 1997 cessiones
2445 1943 2697 2023 gloriosa)
2728 1945 2952 2015 virginis
2990 1947 3190 2013 Marize,
3224 1949 3375 2003 aufer
3414 1951 3546 2004 iram
3580 1959 3725 2005 tuam

2146 2046 2174 2084 ιι
2206 2047 2291 2089 me
2330 2031 2507 2105 (Psal.
2532 2050 2757 2103 Lxxuv,
2786 2036 2864 2107 5),
2911 2037 3137 2095 Domine
3178 2040 3318 2095 Deus
3343 2043 3533 2099 salutis
3559 2058 3692 2097 meae

2148 2132 2245 2181 nec
2273 2114 2510 2181 animam
2540 2130 2889 2198 meamprius
2922 2144 2953 2186 a
2989 2145 3219 2200 corpore
3248 2133 3532 2201 suseipias,
3563 2146 3726 2201 quant

2146 2216 2328 2271 omnia
2356 2226 2579 2286 peccata
2610 2232 2728 2281 mea
2758 2218 3019 2276 dimittas.

2217 2305 2262 2384 0
2312 2308 2545 2378 gloriosa
2603 2309 2699 2365 Dei
2751 2304 3261 2378 Gettitrix,.mater
3310 2312 3725 2378 misericordize,

2146 2400 2300 2470 virgo
2345 2408 2561 2469 seniper
2595 2400 2792 2466 Maria,
2835 2415 2953 2470 qua:
2987 2401 3275 2475 Dominum
3324 2403 3564 2458 onmimn
3612 2418 3727 2458 nte-

2148 2490 2299 2543 ruisti
2322 2501 2559 2560 portare,
2582 2499 2633 2545 et
2660 2505 2837 2560 regem
2858 2490 3168 2560 angelorum
3192 2491 3304 2561 sola
3329 2492 3479 2561 virgo
3500 2492 3735 2553 laetare.)

2146 2565 2337 2649 adiuva
2374 2596 2463 2635 me
2507 2580 2677 2634 indie
2720 2578 3082 2653 tribulationis
3124 2595 3275 2644 meae,
3325 2590 3384 2634 ut
3425 2578 3530 2635 tuis
3562 2579 3728 2634 fultus

2147 2672 2459 2741 patrociniis
2482 2674 2549 2726 ad
2583 2686 2746 2742 regna
2776 2671 3011 2726 ctelestia
3042 2672 3251 2724 merear
3278 2670 3581 2749 pervenire.
3610 2736 3613 2741 ξ

2220 2763 2264 2819 Ο
2296 2773 2482 2817 sancte
2513 2762 2759 2826 Michael,
2793 2760 3114 2831 arehangde
3146 2763 3260 2833 Dei,
3285 2762 3605 2831 praepositus
3633 2776 3729 2829 pa-

2152 2852 2340 2920 radisi,
2369 2852 2487 2906 veni
2520 2852 2572 2905 in
2610 2849 2937 2921 adiutorium
2982 2834 3270 2914 meumfet
3297 2849 3520 2908 defende
3544 2865 3629 2904 me
3656 2850 3733 2905 ab

2150 2944 2304 3000 hoste
2328 2944 2562 3013 maligno
2586 2944 2637 2995 in
2667 2942 2799 2996 hora
2826 2941 3020 2997 mortis
3039 2938 3199 3005 mea);
3213 2950 3269 3001 et
3290 2941 3523 2995 animam
3548 2955 3726 2996 meam

2147 3035 2321 3091 deduc
2371 3036 2424 3088 in
2471 3035 2778 3105 paradisum
2826 3033 3201 3110 exsultationls
3246 3044 3481 3089 internae.
3529 3028 3731 3088 Omnes

470 3105 732 3188 atteritum
776 3137 1036 3206 gaudeam
1069 3137 1135 3191 de
1171 3105 1338 3207 gioi'ia
1373 3145 1483 3207 tua,
1520 3137 1610 3207 qui
1653 3152 1774 3192 cum
1806 3136 1965 3191 Patre
1992 3105 2115 3201 etc
2150 3128 2321 3183 sane”
2366 3125 2542 3197 “"3813
2585 3138 2639 3179 οι
2679 3124 2991 3195 archangeli
3038 3122 3167 3191 Dei.
3211 3134 3422 3193 ευποῑὶιὲ
3469 3123 3730 3179 εωιοτηῐη

470 3219 673 3290 Spiritu
701 3234 914 3291 sancto,
946 3234 1050 3280 etc.

1010 3313 1264 3371 ORATIO
1301 3313 1518 3369 XXXV.

1066 3418 1134 3457 AD
1172 3392 1457 3458 cumsz.

691 3507 696 3511 '
744 3495 873 3547 Ante
914 3495 1288 3562 perceptionem
1319 3495 1549 3562 corporis
1579 3494 1794 3548 Christi.

551 3584 776 3639 Domine
811 3583 935 3638 Jesu
971 3584 1185 3638 Christe
1217 3583 1315 3637 Fili
1354 3583 1448 3638 Dei
1483 3583 1607 3646 vivi,
1647 3585 1736 3654 qui
1767 3600 1833 3638 ex
1864 3585 2050 3639 volun-

475 3686 583 3730 tate
614 3676 807 3737 Patris,
846 3683 1164 3742 cooperante
1204 3672 1408 3742 Spiritu
1440 3682 1648 3737 saneto,
1686 3690 1783 3745 per
1820 3684 2048 3731 mortem

475 3779 621 3819 tuam
655 3766 907 3819 nmndum
943 3764 1240 3828 viviﬁcasti,
1274 3764 1439 3839 adero
1464 3772 1517 3817 et
1547 3780 1773 3819 veneror
1797 3765 1898 3821 hoc
1925 3781 2050 3820 san-

473 3869 617 3912 ‹ιιιιιι
648 3872 843 3926 corpus
878 3867 1048 3921 tuum,
1085 3865 1141 3911 et
1174 3855 1317 3913 hunc
1352 3853 1669 3924 sanguinem
1700 3864 1878 3919 tuum,
1908 3857 2051 3928 quod

472 3959 555 4002 est
590 3948 865 4013 traditum,
894 3956 947 4001 et
979 3948 1067 4017 qui
1095 3963 1190 4016 pro
1221 3940 1397 4001 multis
1424 3945 1626 4000 ell'usus
1659 3955 1745 4001 est
1780 3948 1836 4000 in
1870 3946 2055 4009 remis-

473 4040 669 4093 sionem
708 4054 1035 4108 peccatorum
1078 4036 1291 4110 (Matth.
1334 4053 1483 4101 XXVI,
1517 4033 1610 4108 28)
1642 4055 1654 4091 :
1688 4038 2053 4108 deprecorque

475 4130 813 4185 clementiam
842 4138 1009 4195 tuam,
1036 4127 1542 4183 misericordissime
1563 4127 1806 4194 Domine,
1830 4143 1927 4198 per
1954 4130 2050 4184 ho-

476 4236 592 4277 runt
626 4219 907 4284 virtutem,
949 4218 1033 4273 lae
1076 4234 1163 4273 me
1199 4215 1365 4271 unum
1402 4216 1469 4270 de
1510 4216 1615 4270 illis
1646 4215 1846 4282 multis,
1875 4227 1931 4272 et
1963 4200 2050 4275 fac

476 4322 560 4360 me
592 4307 693 4361 hoc
722 4307 920 4362 sentire
949 4306 1027 4360 sie
1054 4320 1153 4374 per
1182 4306 1340 4358 ﬁdem
1366 4312 1421 4359 et
1443 4302 1714 4366 allectum,
1741 4314 1794 4357 ut
1820 4304 2049 4360 sentitm

2155 3219 2411 3280 virtutes,
2456 3228 2756 3285 omnesque
2806 3224 3118 3269 sanctorum
3169 3214 3452 3283 spirituum
3493 3213 3733 3278 ordines,

2154 3297 2392 3360 adversa:
2419 3302 2780 3357 damnationis
2810 3303 2951 3357 vires
2981 3304 3279 3372 repritnite,
3307 3311 3612 3371 expugnate
3632 3291 3731 3354 ni:-

2152 3405 2437 3467 pugnanles
2477 3410 2555 3447 me
2603 3391 2776 3464 (l’sal.
2820 3407 3004 3460 xxxiv,
3038 3391 3113 3462 l),
3159 3410 3188 3445 a
3228 3392 3491 3462 rugientis
3526 3390 3728 3445 inimici

2153 3487 2357 3541 saevitia
2394 3494 2636 3556 potenter
2663 3496 2747 3538 me
2782 3483 3070 3547 defendite,
3110 3483 3163 3537 in
3198 3483 3280 3535 via
3325 3481 3566 3536 veritatis
3602 3479 3732 3533 ﬁde-

2152 3577 2275 3631 liter
2309 3577 2639 3646 gradientem
2676 3573 2820 3629 omni
2873 3575 3027 3639 hora,
3056 3572 3142 3626 die
3172 3587 3235 3626 ac
3272 3582 3429 3626 nocte
3460 3571 3734 3625 custodite

2154 3681 2257 3731 me,
2300 3675 2354 3721 et
2393 3666 2448 3719 in
2488 3665 2618 3719 hora
2648 3665 2825 3719 exitus
2870 3663 2975 3717 mei
3020 3661 3253 3715 animam
3284 3674 3455 3716 meam
3502 3660 3555 3714 in
3599 3674 3733 3728 paco

2152 3757 2422 3810 vobiscum
2452 3755 2725 3824 suscipite.

2222 3845 2421 3900 Sancte
2442 3844 2675 3898 Joannes
2704 3843 2962 3911 Baptista,
2989 3855 3178 3895 omnes
3208 3839 3379 3895 sancti
3410 3837 3731 3909 patriarcha:

2152 3946 2206 3989 ct
2233 3936 2523 4004 prOphetze,
2560 3949 2726 3988 exoro
2760 3948 2854 3987 vos
2879 3931 3110 3992 obnoxia
3142 3944 3331 3999 prece,
3355 3944 3567 3982 manum
3601 3928 3732 3982 mihi

2154 4028 2445 4099 porrigite,
2488 4026 2744 4082 auxilium
2790 4025 2922 4079 mihi
2966 4026 3019 4080 in
3062 4022 3275 4078 eunetis
3322 4019 3734 4075 necessitatibus

2156 4121 2290 4173 meis
2316 4129 2371 4173 et
2413 4118 2819 4172 inﬁrmitatibus
2850 4114 3115 4183 pnebete;
3159 4112 3362 4180 poscite
3399 4109 3527 4163 mihi
3560 4125 3591 4161 a
3624 4107 3738 4163 Deo

2152 4208 2566 4277 indulgentiam,
2606 4207 2957 4276 patientiam,
3004 4202 3396 4264 constantiam,
3434 4198 3732 4267 justitiam,

2150 4298 2550 4362 obedientiam,
2605 4294 3034 4358 continentiam,
3084 4291 3435 4358 sanctamque
3481 4300 3731 4356 perseve-

474 4412 536 4449 ea
584 4411 677 4466 per
704 4396 894 4449 salutis
920 4396 1187 4448 ellectum.
1231 4394 1297 4447 Et
1325 4392 1542 4449 absolve
1573 4403 1629 4449 et
1662 4395 1831 4449 libera
1866 4412 2049 4454 servos
2078 4426 2125 4485 ο
2156 4392 2407 4443 rantiam.

476 4496 530 4541 ct
555 4485 778 4539 ancillas
808 4496 946 4550 tuas,
973 4493 1134 4539 meet
1160 4499 1367 4549 omnes,
1393 4484 1484 4554 qui
1512 4484 1643 4539 mihi
1669 4483 1897 4539 confessi
1926 4496 2050 4538 sunt

477 4584 695 4645 peccata
744 4592 860 4639 sua,
902 4586 954 4631 et
1000 4591 1097 4644 pro
1136 4576 1329 4644 quibus
1376 4576 1620 4645 promisi,
1662 4574 1744 4629 vel
1786 4573 2052 4630 obnoxius

474 4682 592 4719 sztm
620 4681 867 4730 exorare,
903 4671 955 4717 et
986 4665 1074 4737 qui
1101 4678 1159 4717 se
1188 4672 1406 4732 sperant
1441 4663 1520 4717 vel
1548 4672 1737 4732 petunt
1771 4664 1904 4719 meis
1928 4678 2049 4719 ora-

458 4750 711 4811 tionibus
741 4756 880 4826 apud
924 4764 975 4809 te
1011 4753 1211 4822 juvarl,
1242 4755 1308 4807 ab
1341 4752 1486 4807 omni
1528 4762 1764 4821 peccato,
1795 4763 1852 4809 et
1894 4770 2049 4823 potita

478 4847 713 4914 peccati;
744 4855 797 4900 et
842 4846 927 4899 fac
971 4842 1263 4898 Eeclcsiam
1295 4851 1385 4895 tua
1427 4844 1677 4896 continua
1722 4845 2057 4911 protectioae

480 4948 532 4993 ct
558 4938 925 5015 eonsolallone
956 4936 1147 4998 tutari.

897 5096 900 5100 λ
1004 5027 1262 5085 ORATIO
1298 5026 1538 5083 xxxw.

780 5138 847 5175 AD
886 5136 1058 5187 υειιιι,
1096 5138 1163 5177 ΕΤ
1204 5139 1271 5176 Αἰ)
1310 5136 1479 5176 OINES
1517 5136 1757 5177 SANCTOS.

556 5213 781 5269 Domine
826 5216 963 5270 Deus
1002 5216 1360 5283 omnipotens,
1411 5223 1613 5267 aeterne
1658 5223 1713 5267 et
1755 5211 2056 5275 inellabilis,

482 5304 595 5361 sine
629 5306 734 5360 line
768 5316 930 5375 atque
970 5306 1143 5369 initio,
1185 5320 1340 5374 quem
1374 5319 1536 5357 unum
1564 5301 1617 5355 in
1651 5300 1931 5364 Trinitate,
1967 5300 2064 5354 tri-

2227 4481 2432 4537 Sancte
2468 4478 2658 4543 Petre,
2706 4476 2958 4547 princeps
2999 4470 3363 4545 apostolorum
3401 4466 3734 4531 beatissime.

2154 4586 2450 4641 omnesque
2492 4570 2666 4625 sancti
2711 4566 2940 4637 apostoli
2985 4574 3041 4619 et
3065 4560 3428 4631 evangelista),
3462 4556 3733 4612 Ecclesia-

2157 4682 2274 4719 rum
2301 4665 2600 4737 principes,
2634 4669 2687 4716 et
2712 4657 2949 4714 caelestis
2974 4654 3108 4709 aulae
3134 4648 3484 4718 triumphales
3514 4644 3733 4737 milites.

2158 4757 2279 4810 date
2302 4734 2439 4808 inihi
2469 4756 2630 4803 vitam
2673 4745 3063 4804 honorabilem,
3095 4743 3353 4796 virtutum
3399 4734 3733 4806 ntagnitndio

2160 4860 2304 4908 nem,
2330 4838 2843 4898 consummationem
2872 4833 3193 4888 laudabilem
3239 4840 3292 4884 et
3319 4838 3575 4886 :eternam
3600 4825 3731 4881 δεε-

2162 4931 2473 4994 titudincm;
2519 4926 2705 4983 inﬂuat
2746 4922 2876 4981 mihi
2914 4936 3009 4991 per
3038 4936 3133 4975 vos
3160 4935 3285 4989 pax,
3322 4919 3492 4972 virtus
3515 4924 3569 4970 et
3595 4927 3730 4990 per-

2162 5035 2318 5094 petua
2346 5021 2513 5076 salus.
2713 5008 2717 5011 λ

2231 5118 2388 5186 271
2420 5112 2617 5171 Christi
2649 5107 2940 5168 dulcissimi
2976 5104 3301 5165 sacerdotes,
3334 5108 3497 5167 atque
3533 5095 3727 5186 inclyti

2164 5183 2429 5270 doctores,
2465 5212 2765 5266 ontncsque
2797 5196 2970 5250 sancti
2996 5193 3355 5252 confessores,
3384 5187 3472 5257 qui
3496 5183 3735 5251 amplia-

2172 5297 2268 5351 slis
2295 5296 2551 5348 talentum
2594 5287 2744 5343 vobis
2786 5285 3047 5340 creditum
3091 5294 3186 5346 per
3235 5271 3736 5330 inmarcescibilem

1748 5386 1977 5469 manu
2020 5408 2416 5469 LEC'l‘lONES.

560 5513 647 5543 ⁸³⁸³
679 5512 882 5565 (ἷυιῖιιια
922 5521 995 5564 cst
1048 5528 1164 5564 cum
1204 5508 1330 5562 Mss.
1378 5507 1511 5561 Tim.
1544 5508 1671 5561 9.67.
1711 5519 1765 5569 ct
1795 5506 1912 5559 lica.
1949 5506 2013 5558 0.
2044 5507 2179 5557 Ante
2205 5492 2899 5570 perceptionem_Corporis
2947 5499 3002 5543 et
3038 5485 3328 5570 Sanguinis

486 5549 1158 5649 OratioiniiiniiiZipi-ehdmtt
1188 5549 1392 5644 tioipus
1431 5578 1641 5631 Domini
1734 5566 1823 5607 ἠδ
1858 5576 2113 5629 Sanctum
2140 5549 2343 5637 corpus
2367 5549 2418 5623 ct
2449 5565 2759 5634 sanguinem
2793 5570 2937 5615 illum
2971 5572 3087 5612 mss.
3117 5557 3225 5612 Hoc
3250 5562 3494 5609 δίηιριυω
3520 5549 3736 5619 corpus

486 5664 539 5705 et
571 5653 708 5706 hunc
735 5660 980 5706 saltttuut
1028 5649 1339 5719 sanguinem
1383 5655 1529 5699 tuum
