4200 6196
450 220 556 278 929
638 278 639 281 η

1864 194 2274 253 ORATIONES.

3601 191 3702 241 itii

455 334 706 387 fructum
732 331 987 399 bonorum
1016 338 1258 397 operum,
1289 321 1381 376 Dei
1412 316 1662 375 ineffabili
1695 317 1892 384 pietate
1920 313 2013 364 de-
2048 328 2097 373 Α
2123 306 2489 377 ιιωιιίίοιιιίιιιιι
2522 307 2730 378 baptiza
2770 320 2875 360 me.
2901 305 3114 360 Jnssisti
3147 306 3522 375 peccatoribus
3544 322 3701 376 :tgt‘t't!

457 433 539 474 tur
564 422 693 476 mihi
722 436 817 490 per
839 435 932 474 vos
958 423 1297 488 peccatorum
1322 409 1675 475 indulgentia,
1707 404 1868 457 totius
1898 401 2020 456 boui

454 514 627 582 copia,
680 513 979 569 cmlestinm
1011 502 1464 573 amenpisccntia,
1499 506 1649 568 grata
1680 492 1906 563 fratrum
1934 493 2025 546 be-

456 605 779 679 nevolentia,
831 615 1040 656 morum
1106 592 1429 652 reverentia,
1496 587 1870 642 mandatorum
1932 583 2023 638 Dei

453 676 815 749 observantia.
845 691 1044 746 Precor
1069 698 1140 750 te,
1180 685 1338 740 beate
1376 679 1437 734 N.
1465 676 1809 734 devotissima
1845 688 2025 748 prece,

454 786 676 854 dignare
713 797 796 837 me
842 782 983 833 inter
1033 786 1152 869 laps
1187 786 1498 844 agnoscere,
1522 783 1643 824 cum
1686 765 1898 822 sederis
1928 778 2025 835 po-

458 885 574 932 tens
596 876 647 927 in
668 873 872 943 judicio
910 858 1095 938 orbem
1115 863 1451 937 judicaturus
1480 876 1606 916 cum
1634 858 1879 912 Domino.

527 966 726 1021 Omnes
755 973 954 1019 sanctae
989 962 1238 1033 virgines,
1272 974 1390 1030 qua:
1440 954 1650 1013 cmlcSli
1689 953 1897 1022 Sponsa
1930 963 2023 1022 pe-

460 1060 613 1113 renni
644 1071 820 1112 incute
844 1057 1181 1109 adlucrentes
1199 1053 1380 1107 luxum
1407 1046 1657 1104 calcastis
1687 1042 2026 1105 excolimur-

459 1161 661 1215 nesque
688 1154 889 1199 sancta:
936 1144 1108 1197 vidua)
1151 1144 1434 1212 impetrate
1468 1134 1595 1187 mibi
1629 1132 1793 1186 fetido
1835 1144 2027 1181 munus

458 1238 710 1305 perennis
733 1236 943 1307 gratiae,
977 1236 1098 1287 vitm
1133 1228 1567 1288 sanctimoniam,
1601 1222 1843 1292 corporis
1869 1235 2026 1273 mun-

458 1330 662 1392 ditiam,
705 1328 883 1382 cordis
916 1323 1295 1384 innocentiam,
1329 1320 1448 1373 lidei
1478 1315 1806 1377 ﬁrmitatem,
1836 1308 2029 1367 frater-

458 1418 643 1473 nitatis
666 1419 1006 1473 cbaritatcm.

528 1510 851 1564 [uteri-edite
874 1524 970 1578 pro
1002 1522 1107 1573 me,
1133 1519 1321 1561 omnes
1351 1502 1548 1565 sancti,
1575 1501 1885 1573 quicunque
1922 1495 2029 1551 Deo

456 1602 735 1671 placuistis
763 1601 831 1655 ab
861 1601 1014 1655 initio
1043 1598 1243 1654 seculi.
1275 1598 1468 1666 Aptate
1496 1609 1582 1657 me
1610 1592 1676 1647 ad
1702 1591 2029 1647 voluntatem

2126 401 2518 472 pmnitentiam,
2557 398 2852 468 promisisti
2898 400 3056 468 digne
3097 399 3483 468 pmnitcntibus
3526 401 3575 451 in
3601 400 3698 450 ful-

2125 492 2379 562 gentiam,
2405 491 2493 546 fac
2530 507 2616 545 me
2660 504 2758 559 pro
2789 491 3027 560 peccatis
3056 490 3191 545 meis
3235 491 3315 545 sic
3345 491 3610 559 pmnitcre
3647 501 3702 542 ιιι

2124 595 2312 636 eorum
2362 581 2573 636 veniam
2622 595 2654 635 ει
2710 587 2763 634 te
2801 593 3013 634 merear
3063 580 3327 635 obtinere.
3378 579 3701 645 Veritatem,

2128 671 2614 733 mansuetudinem,
2639 669 2907 737 justitiam
2932 667 3183 732 docuisti,
3218 670 3349 725 duce
3398 684 3493 724 cor
3522 685 3700 724 meum

2129 767 2182 813 et
2209 760 2471 822 illumina,
2513 769 2563 814 ut
2600 772 2740 815 unus
2769 774 2837 813 ex
2868 759 2946 813 eis
2975 773 3094 814 esse
3127 773 3336 815 merear
3366 775 3499 829 quos
3529 770 3580 813 tu
3608 760 3703 813 dn-

2127 865 2259 906 cens
2288 848 2511 903 interius
2542 849 2876 904 illuminasti.
2906 849 3184 917 Miracuia,
3211 852 3462 913 virtutes,
3500 853 3703 906 sanita-

2131 952 2212 998 tes
2247 942 2299 996 in
2329 940 2644 1009 corporibus
2679 952 2734 995 et
2774 942 3057 997 animabus
3091 943 3395 1007 hominum,
3426 954 3685 1013 qt'autttttt

2132 1033 2227 1088 tibi
2282 1032 2498 1102 plausit,
2548 1033 2760 1099 fecisti;
2810 1050 2941 1089 sana
2998 1038 3283 1106 langueres
3319 1038 3511 1093 arimze
3547 1055 3700 1098 meai.

2130 1125 2254 1195 quia
2284 1127 2503 1195 peccavi
2541 1126 2659 1182 tibi.
2688 1123 2953 1195 Jejunasti
2999 1136 3215 1195 proptcr
3243 1144 3348 1194 me,
3386 1128 3469 1184 rae
3501 1147 3585 1183 me
3612 1130 3705 1181 ab-

2130 1217 2333 1273 stinere
2376 1218 2443 1270 ab
2476 1216 2622 1271 omni
2669 1225 2894 1285 peccato
2942 1232 3039 1284 pro
3091 1227 3179 1269 tuo
3219 1232 3421 1273 amore.
3455 1219 3703 1273 iisut-iisti

2130 1312 2348 1380 propter
2370 1320 2479 1371 me,
2501 1306 2582 1363 fac
2612 1321 2700 1362 me
2726 1296 2799 1372 te,
2828 1306 2918 1375 qui
2962 1306 3118 1373 panis
3146 1320 3206 1359 es
3232 1321 3410 1371 verus,
3443 1310 3617 1361 veraci
3649 1330 3658 1358 ι
3684 1325 3708 1360 r

2131 1398 2358 1453 esurire.
2386 1396 2660 1466 Fatigatus
2691 1411 2751 1450 es
2780 1406 2999 1465 propter
3031 1410 3133 1457 me,
3171 1396 3383 1459 robora,
3420 1398 3577 1450 retice
3607 1398 3705 1449 la;-

2129 1487 2417 1544 sitndincm
2464 1489 2657 1544 anima:
2686 1504 2835 1542 mete.
2880 1487 3201 1542 Dulcissimo
3240 1496 3296 1543 et
3325 1488 3712 1542 misericordis-

2131 1581 2265 1637 sime
2295 1581 2518 1649 Domine
2543 1580 2669 1636 Jesn
2694 1579 2930 1639 Christe,
2952 1580 3080 1633 dum
3110 1593 3357 1635 coenarcs
3378 1595 3498 1634 cum
3522 1580 3714 1634 amicis

458 1692 551 1745 Dei
602 1692 960 1761 peragendam
1013 1691 1065 1743 in
1120 1688 1264 1744 omni
1294 1702 1461 1757 opere
1500 1684 1662 1750 bono,
1712 1694 1770 1736 ut
1796 1689 2031 1752 poccats
2065 1655 2102 1709 θ
2135 1661 2261 1740 tuis,
2293 1674 2455 1743 pedes
2497 1685 2685 1724 eorum
2738 1669 2935 1732 la\'isti,
2978 1686 3207 1742 cmpore
3240 1680 3332 1724 tuo
3360 1679 3414 1725 et
3446 1672 3711 1740 sanguine.

460 1793 727 1846 mortuus,
762 1783 868 1837 Deo
895 1782 1092 1846 vivam,
1123 1790 1171 1834 et
1206 1788 1351 1843 vota,
1375 1794 1495 1848 qua:
1524 1779 1630 1833 Deo
1660 1774 1802 1839 vovi,
1837 1770 2033 1825 vrstris

457 1876 880 1945 suifragantibus
911 1873 1122 1929 meritis
1160 1872 1234 1927 illi
1265 1881 1376 1927 toto
1404 1868 1599 1925 ali'cctn
1632 1864 1954 1936 persolvant.
1976 1869 2034 1911 ut

458 1966 526 2021 ad
558 1974 771 2036 portum
812 1965 1003 2019 salutis
1046 1971 1261 2018 :eternze
1300 1974 1513 2014 merear
1541 1954 1848 2025 pervenire,
1878 1957 1936 2002 et
1980 1948 2032 1999 in

459 2071 661 2112 aeterna
733 2055 992 2112 felicitate
1084 2053 1359 2109 vobiscum
1431 2050 1550 2105 sine
1630 2046 1736 2104 [ine
1800 2044 2035 2115 gaudere

458 2147 648 2203 Anien.

972 2216 1225 2289 onmo
1264 2226 1523 2286 xxxv".

1114 2338 1183 2379 Ᾱῐ)
1222 2337 1386 2378 οειιιι.

857 2415 966 2485 (Ea:
988 2430 1084 2467 ms.
1110 2412 1286 2466 codice
1307 2404 1651 2476 Carbcimvi.)

536 2527 756 2585 Domine
794 2526 921 2582 Jesu
967 2523 1373 2594 benignissime,
1411 2519 1530 2576 fons
1554 2517 1692 2577 vitae,
1720 2514 1848 2571 fons
1876 2513 2041 2569 mise-

466 2617 736 2683 ricordiae,
789 2617 856 2672 de
906 2631 1016 2684 quo
1064 2614 1250 2669 bibunt
1282 2624 1472 2666 omi'ies
1510 2606 1707 2670 sancti,
1746 2602 1939 2659 bibunt
1985 2610 2041 2656 et

466 2707 802 2763 inebriantur
847 2703 1103 2761 ineli‘abili
1158 2702 1459 2764 dulcedine,
1489 2699 1672 2753 vivunt
1705 2703 1909 2748 :ctcrua
1952 2706 2043 2745 sa-

468 2799 670 2865 tietate,
713 2798 782 2853 da
809 2797 939 2852 mibi
978 2811 1075 2865 per
1118 2790 1307 2847 merita
1338 2804 1525 2846 eorum
1565 2788 1619 2844 in
1665 2785 1911 2856 praesenti
1934 2782 2038 2839 vita

466 2891 545 2945 sic
567 2899 620 2944 te
645 2903 858 2958 semper
886 2887 1052 2951 sititc,
1077 2894 1134 2940 ut
1168 2885 1221 2938 in
1264 2883 1444 2937 [ιιιιιιό
1473 2877 1669 2936 sarculo
1691 2891 1811 2932 cum
1838 2875 2039 2932 eisdem

468 3090 571 3144 que
621 3068 987 3127 dulcissimam
1043 3065 1468 3124 misericordiam
1520 3070 1695 3124 tuam,
1762 3056 2036 3125 piissime,

467 3166 785 3240 suavissime
833 3162 1059 3218 Domine
1101 3159 1250 3223 Jesn,
1302 3158 1461 3225 pasce
1497 3151 1750 3208 miseram
1803 3148 2037 3202 animam

468 3273 641 3315 meam
681 3237 746 3311 ex
778 3253 1150 3311 recordatione
1174 3246 1558 3304 beneﬁciorum
1589 3250 1818 3299 tuorum,
1845 3252 1913 3293 ne
1950 3237 2041 3288 dc-

469 3349 616 3405 liciat
647 3348 700 3403 in
731 3342 1160 3418 peregrinatione
1199 3338 1421 3407 fatigata
1450 3332 1559 3388 imo
1585 3331 1821 3401 pondere
1846 3342 2040 3413 pecca-

468 3449 643 3496 torum
678 3453 921 3493 suornm.
944 3435 1057 3491 Tua
1082 3447 1188 3497 me,
1225 3429 1469 3491 Domine,
1496 3425 1709 3483 bonitas
1738 3410 1965 3484 ereavit,
1993 3427 2047 3474 et

470 3546 567 3601 per
609 3528 936 3599 baptismum
975 3534 1123 3579 tuum
1166 3516 1452 3580 recreavit,
1487 3514 1750 3586 patienter
1785 3511 2045 3566 hactenus

472 3597 557 3675 me
580 3597 819 3689 quotidie
849 3622 1162 3686 peccantem
1194 3614 1491 3677 exspectat.
1526 3600 1770 3656 Potentia
1797 3597 2044 3653 divinita-

473 3712 542 3764 tis
568 3683 671 3765 ttite
693 3725 777 3763 me
804 3683 951 3771 fecit,
983 3701 1255 3763 bumiiitas
1285 3691 1637 3752 humanitatis
1665 3697 1771 3742 tute
1793 3700 1879 3739 me
1902 3683 2043 3738 refe.

473 3800 564 3855 cit.
595 3799 757 3863 Ecce,
787 3797 1012 3867 Domine
1042 3790 1169 3847 Jcsu
1194 3787 1423 3847 Christe,
1454 3781 1625 3854 gratia
1660 3786 1747 3832 tua
1785 3776 2041 3839 donaria,

473 3892 565 3963 qui
601 3908 661 3946 es
696 3866 952 3945 Dominus
997 3896 1171 3946 mens,
1220 3879 1359 3934 Dens
1410 3886 1579 3937 meus,
1628 3882 1755 3923 ecce
1791 3863 2045 3923 recordor

474 3951 628 4053 quia,
674 3980 811 4035 sicut
848 3969 1221 4045 pratnuutiasti
1251 3980 1349 4038 per
1388 3970 1609 4021 sanctos
1638 3968 1758 4012 tuos
1792 3956 1858 4010 ab
1888 3951 2045 4008 ini.io

473 4050 679 4137 mundi,
726 4078 885 4124 natus
932 4065 1000 4120 de
1048 4071 1231 4119 sancta
1266 4056 1480 4129 Virgine
1510 4065 1692 4108 veram
1726 4062 1793 4102 ex
1834 4061 1900 4101 ea
1926 4050 2047 4099 car-

475 4180 597 4219 nem
642 4157 916 4229 accepisti,
960 4152 1193 4223 Virginis
1243 4147 1432 4203 matris
1461 4145 1627 4198 ubera
1658 4152 1785 4194 vere
1831 4134 2045 4201 suxist',

475 4268 634 4326 pasce
677 4249 1032 4322 peccatricem
1060 4242 1293 4297 animam
1323 4250 1497 4291 meam
1532 4244 1617 4287 tua
1647 4237 1836 4285 sancta
1860 4239 2044 4288 carne,

2132 1761 2360 1831 pavisti;
2410 1774 2606 1828 corpus
2657 1772 2832 1811 meutn
2884 1765 2939 1812 et
2985 1760 3221 1816 animam
3271 1758 3339 1815 ab
3377 1761 3522 1813 omni
3554 1756 3713 1827 sorde

2135 1848 2279 1912 lava,
2305 1858 2359 1903 et
2387 1848 2576 1902 eodem
2607 1862 2834 1916 corpore
2860 1860 2949 1904 tuo
2975 1858 3029 1903 ct
3061 1849 3340 1919 sanguine,
3375 1864 3442 1902 ne
3470 1848 3710 1904 deﬁciat.

2102 1930 2113 1941 ’
2136 1939 2402 1994 conferta.
2426 1939 2568 2007 Quid
2598 1940 2828 2009 amplius
2857 1941 3052 2001 dicam,
3077 1938 3299 1997 Domine
3320 1940 3446 1995 Jesu
3471 1939 3715 2009 Clu-iszc?

2138 2022 2309 2085 Tu‘cs
2335 2030 2439 2085 vita
2487 2045 2628 2092 mea,
2662 2030 2808 2085 salus
2856 2046 2996 2094 mea,
3030 2030 3251 2084 dulcedo
3282 2045 3422 2094 mea,
3458 2030 3714 2084 fortitudo

2139 2137 2275 2188 mea,
2305 2124 2485 2179 ltelitta
2534 2138 2671 2187 mea,
2715 2123 2973 2194 gaudium
3006 2136 3204 2184 meum,
3235 2121 3534 2189 rrdemptio
3574 2138 3603 2173 ιι
3629 2138 3713 2182 ea,

2137 2213 2465 2269 resurrectio
2502 2227 2643 2268 mea.
2679 2211 2757 2268 Tu
2783 2222 3005 2283 propter
3030 2227 3115 2266 me
3144 2211 3371 2265 traditus
3394 2226 3469 2273 es,
3508 2227 3573 2263 ne
3606 2220 3717 2262 ira-

2136 2304 2235 2359 tlas
2288 2304 2475 2359 bestiis
2517 2304 2753 2360 animam
2790 2318 2992 2357 meam.
3022 2301 3244 2373 Ligatus
3270 2316 3331 2357 es
3360 2311 3577 2371 propter
3611 2318 3714 2363 ιιιιι,
3756 2338 3757 2341 η

2123 2394 2286 2473 solve
2323 2391 2575 2458 ligmnina
2622 2401 2967 2464 peccatorum
3002 2407 3265 2447 meomm.
3302 2390 3489 2444 lllusus
3513 2407 3572 2445 es
3596 2408 3720 2460 pro-

2139 2490 2258 2553 pter
2299 2500 2407 2551 me,
2434 2484 2600 2539 libera
2641 2498 2726 2539 me
2776 2483 2844 2538 ab
2875 2482 3212 2538 illusionibus
3238 2484 3559 2538 dzemomun.
3593 2482 3722 2536 ΙΜ-

2139 2573 2359 2629 cissime
2390 2569 2633 2641 Dotninc,
2666 2581 2720 2626 tu
2764 2573 2912 2627 solus
2940 2573 3101 2629 homo
3127 2571 3243 2626 sine
3284 2581 3506 2641 peccato
3537 2572 3719 2641 ilagci-

2140 2658 2280 2718 latus
2326 2675 2386 2720 es
2422 2655 2797 2735 propter‘me,
2828 2662 2995 2718 libera
3028 2678 3113 2717 me
3148 2677 3178 2716 a
3206 2662 3432 2731 ﬂagellis
3461 2678 3579 2733 quae
3615 2680 3723 2715 mc-

2144 2765 2332 2812 rentur
2382 2756 2697 2828 iniquitates
2747 2771 2897 2809 mea).
2933 2752 3436 2810 Misericordissime
3475 2744 3721 2818 Domum,

2141 2848 2313 2919 spinis
2340 2858 2629 2905 coronatus
2663 2861 2725 2903 es
2766 2858 2988 2919 propter
3015 2862 3124 2911 me,
3167 2845 3352 2914 srinas
3378 2856 3721 2916 peccatormn

467 2938 543 2945 ---
569 2938 617 2944 η
646 2938 849 2958 --ητη
887 2938 1097 2951 -
2264 2938 2269 2941 ,

467 2978 669 3034 sanctis
689 2980 794 3034 tuis
820 2978 885 3032 ad
916 2987 967 3031 te
990 2976 1194 3030 valeam
1218 2970 1549 3028 aeterualitcr
1572 2964 1783 3037 satiari.
1807 2962 1913 3018 Oro
1938 2962 2041 3016 ita-
2068 2987 2111 3047 ε
2144 2958 2386 3047 ιιιθοτιπξ
2415 2942 2572 2997 “"r"
2606 2956 2635 2995 ³
2680 2955 2791 2996 ηιο·
2819 2938 3046 3047 θεοιυίιιθ
3069 2938 3197 2992 ³⁸⁵1³
3226 2938 3631 3021 ὺςιιῖιςιιῖεείτηον
3665 2948 3719 2989 ⁸η

2141 3030 2549 3103 pertastisuper
2597 3038 2814 3086 sanctos
2858 3014 3501 3082 inaniorestuos-crucem
3550 3037 3717 3091 tuam,

2142 3128 2227 3183 [ac
2274 3142 2361 3182 me
2401 3133 2452 3182 tc
2480 3125 2629 3193 sequi
2673 3130 2723 3179 et
2759 3132 2879 3193 post
2895 3131 2960 3175 .te
2994 3129 3211 3190 portare
3257 3122 3491 3174 animam
3521 3135 3716 3173 meane.

2141 3216 2421 3272 Altis-simio
2465 3216 2711 3278 Domine,
2771 3222 2826 3266 tu
2878 3213 3145 3266 cxaltatus
3188 3211 3241 3265 in
3289 3225 3451 3265 cruce
3508 3210 3719 3264 traxiin

2144 3308 2322 3363 omnia
2353 3305 2419 3361 ad
2462 3315 2534 3369 te,
2588 3305 2740 3358 trahe
2778 3317 2873 3356 me
2906 3304 2973 3358 ad
3012 3311 3083 3356 te.
3124 3302 3438 3356 Dulcissimo
3470 3301 3719 3365 Domine,

2146 3404 2205 3451 tu
2259 3394 2546 3466 permisisti
2606 3408 2800 3447 manus
2853 3406 2972 3448 tuas
3018 3402 3072 3447 ct
3119 3391 3284 3461 pedes
3330 3390 3499 3444 clavis
3533 3389 3725 3445 ferreis
3762 3368 3769 3373 1

2144 3489 2430 3561 perforari,
2478 3487 2663 3540 lancea
2722 3485 2864 3547 latus
2926 3494 3075 3537 tuum
3126 3482 3348 3553 aperiri,
3404 3482 3722 3551 sanguinem

2147 3588 2296 3634 tnnm
2344 3592 2442 3648 pro
2471 3575 2847 3647 peccatoribus
2882 3571 3103 3639 elrundi,
3156 3588 3251 3642 per
3302 3573 3473 3642 ipsum
3508 3571 3726 3642 sangui-

2145 3684 2265 3725 nem
2300 3678 2448 3723 tuum
2471 3666 2588 3720 lava
2620 3664 2854 3717 animam
2884 3675 3056 3716 meam
3088 3661 3157 3714 ab
3184 3662 3434 3715 omnibus
3463 3662 3719 3729 peccatis.

2143 3770 2193 3816 et
2215 3772 2431 3814 omnem
2470 3756 2712 3811 dolorem
2757 3755 2825 3809 ab
2865 3769 2928 3808 ea
2976 3752 3100 3806 tolle
3132 3766 3226 3820 per
3261 3752 3537 3819 angustias
3586 3767 3723 3822 quas

2144 3865 2243 3923 pro
2267 3848 2421 3904 nobis
2447 3844 2772 3903 sustinuisti.
2818 3842 3139 3899 Dulcissime
3160 3840 3407 3905 Domine,
3441 3852 3494 3893 ιιι
3532 3857 3718 3895 susce-

2146 3943 2268 4016 pisti
2330 3940 2645 4013 petitionem
2714 3935 2961 3999 latronis.
3013 3934 3227 4002 suscipe
3266 3932 3566 3986 orationem
3615 3935 3722 3986 inci

2146 4035 2465 4109 peccatoris.
2514 4032 2682 4087 Aceto
2729 4037 2945 4099 potatus
2979 4042 3041 4082 es
3086 4034 3308 4098 pmpter
3357 4038 3462 4090 me,
3511 4022 3717 4079 inebriat

2148 4127 2382 4184 animam
2408 4119 2765 4199 nteammcl‘le
2788 4116 3082 4173 dulcedinis
3113 4126 3234 4170 tum.
3266 4114 3410 4168 Bone
3428 4113 3641 4177 Pastor,
3664 4123 3719 4167 ιιι

2150 4218 2382 4290 posuisti
2409 4230 2507 4287 pro
2544 4212 2647 4269 tuis
2686 4209 2879 4267 ovibus
2906 4210 3135 4265 animam
3159 4215 3325 4272 tuam,
3352 4221 3419 4260 ne
3453 4206 3600 4261 siuas
3630 4221 3721 4274 pce

476 4296 612 4405 ;nia
656 4296 797 4398 ilriam
825 4349 914 4396 tua
943 4335 1241 4393 dulcedine.
1282 4331 1339 4385 in
1367 4326 1627 4400 praesepio
1652 4322 1882 4395 positus.
1918 4326 2049 4388 patt-
2085 4318 2124 4371 D
2155 4316 2259 4369 rirc
2284 4323 2339 4366 et
2374 4309 2508 4365 mori
2543 4303 2899 4379 peccatricem
2948 4302 3184 4356 animam
3233 4306 3428 4354 meam.
3458 4296 3721 4353 Lib-m-ti

478 4440 562 4493 nis
599 4435 869 4492 involutus
907 4446 988 4491 es.
1023 4426 1233 4485 involve
1261 4437 1432 4479 meam
1461 4418 1698 4473 animam
1730 4411 1923 4484 pannis
1949 4410 2048 4463 tui-

479 4528 785 4586 scrieordia:
807 4535 934 4590 tuae,
980 4537 1045 4576 ne
1071 4524 1347 4575 remaneat
1376 4511 1515 4568 nuda
1542 4523 1726 4563 coram
1754 4515 1825 4559 te.
1858 4502 1996 4557 Past:
2018 4527 2044 4539 -

480 4643 566 4681 res
605 4632 658 4678 et
695 4617 997 4675 aboriente
1042 4609 1174 4679 Magi
1209 4599 1484 4661 venientes
1510 4601 1872 4654 adoravernnt
1909 4603 1961 4645 te
1994 4591 2046 4643 in

478 4716 736 4788 przesepio
754 4710 1043 4781 jacentem,
1065 4701 1149 4758 fac
1175 4716 1281 4764 me,
1313 4694 1559 4755 Domine,
1591 4700 1641 4742 te
1668 4682 1899 4741 litlcliter
1922 4684 2049 4735 adc-

482 4772 600 4862 i'are
624 4772 833 4875 jam'iu
883 4799 1019 4853 cosio
1065 4793 1358 4850 sedentem.
1400 4779 1700 4840 Permisisti
1738 4772 2048 4831 circumcidi

479 4874 695 4957 carnem
734 4905 901 4955 tuam,
937 4874 1263 4947 circumcide
1290 4881 1356 4935 ab
1384 4876 1532 4930 ontui
1567 4879 1785 4942 peccato
1814 4874 2063 4922 mentem

482 4968 676 5045 meam.
716 4984 1078 5041 Prazsentatus
1115 4989 1174 5029 es
1227 4974 1275 5025 in
1323 4968 1547 5037 templo,
1594 4959 1831 5035 suscepit
1886 4968 1937 5012 te
1969 4954 2051 5009 5i-

482 5098 636 5137 nseon
661 5080 710 5131 in
736 5076 889 5130 ulnas
914 5087 1063 5135 suas,
1102 5068 1157 5123 id
1191 5074 1272 5121 est
1298 5064 1351 5116 in
1378 5058 1594 5115 brachia
1622 5071 1717 5109 sua
1743 5095 1759 5109 .
1789 5058 2049 5120 prwsema

484 5190 568 5228 tne
586 5178 788 5227 sancta:
832 5160 1098 5234 majestati
1132 5168 1259 5223 tum,
1292 5164 1348 5209 ut
1378 5163 1430 5208 te
1458 5150 1788 5217 complectar
1816 5142 2058 5199 brae-iiiis

485 5268 677 5318 anitna:
701 5275 851 5315 mem.
877 5254 1136 5312 Subdilus
1163 5265 1285 5305 eras
1305 5244 1616 5318 parentibus
1637 5241 1686 5293 in
1717 5237 1921 5309 puritia
1942 5243 2049 5300 tua,
2098 5286 2117 5299 κ

489 5360 572 5411 fac
606 5371 689 5409 me
718 5351 813 5405 tibi
855 5347 1147 5407 sudditnm,
1179 5352 1231 5397 et
1255 5337 1505 5395 omnibus
1530 5330 1726 5401 quibus
1757 5342 1842 5381 me
1873 5324 2056 5393 subjo-

488 5449 620 5505 cerit
654 5443 931 5515 dispositio
962 5449 1068 5492 tua.
1091 5435 1478 5507 Baptiattnses
1506 5444 1532 5479 a
1548 5425 1774 5485 Joanne,
1804 5421 1853 5473 in
1885 5417 2058 5471 infan-

493 5543 561 5596 tia
602 5551 653 5594 tu
684 5533 966 5609 baptizasti
996 5546 1098 5594 me,
1126 5538 1243 5600 post
1276 5526 1340 5578 ba
1384 5524 1596 5576 tismum
1629 5525 1779 5569 tuum
1809 5521 2053 5567 sanetum

494 5606 769 5689 ntultotics'
803 5627 1032 5697 pollutus
1069 5636 1201 5677 sum.
1240 5632 1332 5687 per
1374 5626 1550 5669 veram
1577 5606 1965 5664 conies~iomm
2006 5606 2059 5652 ct

2151 4407 2218 4460 de
2241 4403 2453 4458 inferno
2495 4399 2703 4454 animas
2727 4398 2961 4465 piorum,
3004 4390 3170 4445 libera
3214 4390 3447 4446 animam
3495 4402 3665 4443 meam
3692 4406 3726 4441 ιι

2151 4494 2493 4550 damnatione
2560 4485 2865 4559 impiorum.
2937 4479 3289 4543 Fortissime,
3359 4477 3727 4546 potentissime

2154 4586 2375 4642 Domine
2403 4582 2525 4635 .lcsu
2554 4576 2788 4641 Christe,
2824 4583 2879 4627 tu
2909 4580 3191 4641 postquam
3250 4576 3474 4639 mortem
3524 4565 3720 4627 vicisti,

2151 4684 2381 4747 surgens
2433 4690 2463 4727 a
2513 4669 2742 4727 mortuis
2789 4658 2941 4720 vivus
2986 4674 3042 4717 et
3094 4659 3413 4718 immortalis
3445 4657 3725 4728 discipulis

2154 4770 2260 4830 tuis
2311 4766 2627 4840 apparuisti.
2685 4756 2932 4817 Dolcntcs
2978 4757 3046 4810 de
3096 4766 3181 4807 tua
3217 4761 3388 4807 uzorte
3420 4750 3721 4814 lzrtiticasti,

2153 4859 2487 4917 mandueans
2530 4862 2586 4909 et
2631 4852 2824 4907 bibens
2878 4847 3188 4914 ivequenter
3226 4857 3345 4896 cum
3403 4841 3481 4895 eis
3526 4840 3577 4892 in
3620 4840 3725 4893 [ide

2153 4960 2357 5010 sam-ta:
2383 4943 2797 5003 resurrectionis
2832 4950 2933 4993 tua:
2968 4953 3064 4992 cor
3094 4948 3282 4990 eorum
3312 4931 3575 4995 solidasti,
3603 4934 3726 4986 ιιιιῖ..

2154 5058 2299 5099 mam
2349 5052 2546 5100 mmm,
2584 5034 2819 5089 animam
2861 5026 3002 5082 servi
3029 5024 3104 5079 tui
3138 5022 3349 5079 lanifica
3383 5028 3437 5080 et
3475 5019 3725 5077 contorta

2155 5136 2207 5191 ia
2248 5133 2351 5189 iide
2378 5138 2575 5187 sancta:
2604 5135 2708 5180 tua:
2740 5118 3171 5176 resurrectionis.

2659 5211 2914 5270 ORATIO
2953 5205 3233 5261 XXXVI“.

2745 5318 2814 5357 AD
2848 5312 3133 5355 αιιιτιδτωι.

2530 5399 2639 5468 (Ea:
2672 5411 2767 5450 ms.
2801 5393 2975 5446 codice
3024 5386 3360 5449 (.‘orbeicnsi.)

2230 5496 2453 5551 Domine
2473 5493 2599 5547 JcSil
2620 5487 2855 5547 Christe,
2888 5481 3209 5539 dulcissime,
3245 5473 3579 5537 suavissime,
3605 5472 3726 5544 pni.

2163 5594 2453 5653 cltcrrimc,
2502 5576 2918 5655 speciosissime,
2962 5566 3440 5630 desidrratissittte,
3470 5561 3724 5618 Dentinos
