4200 6186
547 164 646 225 051

918 162 977 218 S.
1019 160 1317 219 ANSELMI
1355 124 1707 217 CANTOAB.
1741 157 2061 216 ARCIJIEP.
2090 136 2243 215 OPP.
2286 157 2462 213 PARS
2496 158 2558 213 ll.
2589 158 3041 215 —PAR:ENET.
3068 159 3157 216 ET
3188 158 3435 218 ASCET.
3592 36 4108 223 Ἣ

548 293 702 334 meus
724 287 780 332 et
815 278 957 333 Deus
984 293 1153 339 meus,
1192 285 1313 344 post
1339 274 1793 329 resurrectionem
1822 281 1967 327 tuam
1991 286 2125 342 qna-
2157 276 2199 332 Λ
2230 268 2509 326 societate.
2536 270 2649 327 Vos
2675 285 2864 325 omnes
2890 271 3084 336 sancti,
3117 271 3209 325 lilii
3236 266 3642 341 misericorﬁlize,
3662 283 3816 346 pueri

549 370 859 439 drlgesimo
893 370 981 424 die
1013 368 1228 422 vidente
1273 366 1521 437 piissima
1570 375 1744 421 matre
1779 374 1872 420 tua
1910 362 2137 434 Virgine

549 471 609 517 et
661 459 1007 516 ineliabiliter
1057 457 1365 526 gaudente,
1403 450 1720 517 videntibus
1775 451 1966 509 amicis
2027 453 2136 508 tuis

550 546 812 618 apostolis
841 553 895 600 et
922 544 1269 600 ineii'abililer
1304 544 1373 598 dt-
1419 553 1509 599 tua
1536 542 1923 616 gloriﬁcatione
1951 541 2137 597 laetan-

550 639 716 700 tibus,
744 635 1073 691 benedicens
1104 635 1186 689 eis
1218 634 1468 689 ascendis
1498 634 1550 687 in
1578 631 1775 687 coelum
1804 640 1859 684 et
1888 630 2044 687 sedes
2067 632 2136 686 ad

547 726 832 780 dexteram
880 725 1093 780 Patris?
1141 725 1374 780 Benedic
1419 722 1581 776 etiam
1620 720 1773 776 nobis
1809 729 1865 776 et
1905 721 1990 776 l'ac
2039 736 2138 777 nos

488 850 489 853 η
547 815 845 885 participes
888 816 1051 886 272
1084 823 1247 869 tanta:
1290 810 1688 879 exsultationis,
1731 826 1894 882 quam
1938 812 2011 866 illi
2042 812 2183 894 bat,

548 902 789 961 buerunt
811 906 877 961 de
903 905 1075 975 gloria
1104 914 1205 958 tua:
1228 902 1599 969 exaltationis,
1629 912 1684 959 et
1712 919 1807 974 per
1824 903 1940 959 hate
1970 896 2136 959 bene?

526 996 675 1053 ﬁcia
705 1004 886 1063 tua,et
912 995 1012 1049 alia
1049 994 1461 1051 innumerabilia
1493 995 1690 1065 quibus
1717 995 1989 1050 hominem
2016 1010 2157 1065 per-

552 1089 725 1145 ditum
756 1089 823 1141 ad
867 1086 1099 1143 salutem
1136 1088 1427 1153 revocasti,
1466 1088 1591 1142 dunt
1632 1087 1685 1142 in
1728 1088 1829 1141 hoc
1858 1087 1966 1140 vita
1997 1085 2136 1141 deti-

550 1188 705 1241 neor,
735 1177 987 1233 miseram
1017 1177 1254 1233 animam
1285 1193 1459 1232 meam
1484 1178 1646 1233 relice
1687 1185 1743 1232 et
1778 1176 2045 1245 conferta,
2077 1185 2138 1233 ut

548 1283 674 1345 cum
698 1283 731 1324 a
760 1284 988 1339 corpore
1024 1269 1365 1341 migraverit,
1394 1277 1503 1324 tam
1536 1269 1642 1340 piis
1671 1269 2136 1325 recordationibus

545 1369 601 1415 et
632 1360 910 1417 memoriis
943 1362 1234 1416 enutritam
1256 1369 1313 1415 et
1336 1352 1691 1445 rel'ocillatam
1716 1360 1817 1416 sub
1846 1360 1948 1416 aiis
1977 1361 2137 1416 mise-

546 1451 797 1506 ricordiae
847 1454 971 1515 tute,
1018 1449 1124 1505 sub
1166 1449 1395 1521 pedibus
1431 1460 1740 1505 sanctorum
1769 1450 2136 1520 apostolorum

549 1548 792 1605 tuorum,
821 1540 922 1595 sub
950 1540 1176 1611 pedibus
1217 1540 1594 1611 gloriosissitni
1626 1541 1780 1596 testis
1808 1540 1885 1596 tui
1910 1541 2137 1611 Stepha-

522 1629 629 1695 rni,
655 1638 712 1685 et
739 1638 1060 1686 ceterorum
1090 1646 1381 1703 puerorum
1422 1639 1636 1686 tuorum
1663 1631 1756 1701 qui
1792 1641 1971 1688 tecum
2010 1641 2137 1689 sunt

549 1720 605 1775 itt
652 1729 843 1777 sancto
891 1721 1054 1776 cubili
1107 1729 1217 1783 tuo,
1262 1720 1609 1791 requiescere
1646 1723 1838 1792 possit,
1873 1731 1925 1777 te
1977 1723 2138 1777 misc-

548 1819 727 1879 rante,
770 1821 823 1867 te
865 1812 1119 1877 donante,
1174 1805 1429 1891 Salvator
1470 1814 1681 1879 mundi,
1729 1816 1820 1884 qui
1860 1831 1982 1869 eum
2031 1814 2138 1871 Deo

548 1897 710 1956 Patre
736 1912 793 1956 et
815 1901 1022 1973 Spiritu
1067 1890 1431 1960 sanctovivis
1470 1895 1524 1960 et
1554 1919 1749 1976 regnas
1788 1905 1929 1962 Deus
1959 1906 2010 1962 in
2042 1906 2139 1962 sie-

547 1990 668 2047 cula
698 1993 1042 2051 saeculorum.
1066 1996 1261 2049 Amen.

1073 2084 1333 2142 ORATIO
1368 2084 1613 2141 XXXIX.

848 2214 918 2253 an
954 2194 1252 2261 cuntsruu,
1291 2212 1362 2252 ET
1394 2211 1566 2253 onnes
1602 2212 1852 2254 saxcros.

1004 2291 1023 2361 (
1044 2289 1127 2344 Ea:
1164 2307 1264 2345 uta.
1315 2290 1633 2345 Corbet’cmi.
1654 2292 1673 2361 )

619 2379 843 2436 Domine
871 2379 998 2437 Jcsu
1014 2382 1251 2449 Christe,
1276 2381 1377 2437 Fili
1398 2383 1489 2437 Dei
1518 2383 1640 2445 vivi,
1674 2382 1934 2439 Dominus
1987 2398 2140 2439 mens

544 2482 601 2527 et
643 2471 786 2528 Deus
819 2488 996 2539 meus,
1026 2482 1080 2527 tu
1114 2488 1174 2529 es
1202 2475 1312 2528 vita
1350 2488 1492 2541 mea,
1524 2475 1671 2529 salus
1702 2490 1843 2539 mea,
1886 2476 2003 2531 sine
2031 2493 2140 2548 quo

548 2576 656 2618 non
683 2577 903 2633 possunt
936 2562 1074 2618 bene
1104 2564 1306 2629 vivere,
1336 2563 1421 2619 vel
1463 2566 1599 2619 bene
1632 2579 1774 2629 esse,
1802 2566 1929 2635 quia
1963 2576 2020 2622 et
2042 2582 2143 2621 au-

553 2662 772 2723 thuam
817 2669 993 2709 essem
1028 2663 1083 2708 ct
1112 2654 1371 2720 viverem,
1397 2657 1534 2725 apud
1562 2665 1613 2711 te
1641 2670 1791 2710 eram
1812 2667 1868 2712 et
1895 2658 2137 2713 vivebam

550 2744 605 2797 in
637 2753 713 2811 te,
739 2752 815 2811 et,
842 2755 1134 2814 antequam
1181 2760 1267 2799 me
1298 2760 1534 2811 nossem,
1574 2761 1805 2802 noveras
1844 2762 1947 2802 me.
1982 2746 2140 2803 Beni-

550 2832 835 2906 gnissime,
879 2835 1218 2900 suavissime,
1243 2834 1577 2901 dulcissime,
1611 2835 1699 2891 l'ac
1735 2851 1821 2891 me
1861 2837 2136 2892 recordari

548 2924 924 2993 miserationes
969 2936 1089 2980 tuas
1115 2940 1253 2996 quas
1282 2927 1521 2982 humane
1547 2926 1733 2999 generi
1768 2927 2134 2983 miscricordi-

2239 363 2467 416 Domiui
2486 361 2805 433 Salvatoris.
2839 363 2949 431 jam
2975 378 3097 417 cum
3120 378 3187 419 eo
3210 364 3554 434 quiescentes
3578 368 3629 421 in
3658 378 3823 427 mter-

2238 466 2305 505 na
2342 452 2550 521 requie,
2585 468 2722 521 quos
2753 453 2866 522 ipsa
2908 453 3146 509 Charitas
3171 451 3237 509 de
3259 454 3372 509 suis
3394 456 3694 512 visceribus
3720 477 3820 531 ge-

2237 541 2376 604 nnit,
2427 555 2523 595 vos
2572 556 2674 610 ego
2722 551 2974 609 peccator
3023 542 3255 612 appello.
3308 543 3587 599 sublevate
3638 562 3817 603 meam

2236 630 2541 684 Orationem
2578 631 2644 683 ad
2672 645 2835 685 aures
2861 641 3073 686 vestra?
3091 632 3303 698 matris,
3326 633 3609 689 altissinue
3635 635 3819 690 chari-

2239 718 2385 772 tatis.
2417 716 2472 771 ltt
2508 718 2698 787 primis
2728 722 2901 775 audeo
2947 729 3000 773 te
3030 722 3349 791 suppliciter
3385 738 3563 790 orare,
3593 740 3711 793 qure
3740 726 3819 779 vi-

2237 810 2413 864 cinior
2441 809 2631 863 existis
2686 810 2843 864 saluti
2901 820 3123 877 nostne,
3180 830 3300 883 qua:
3347 815 3512 869 vitam
3574 824 3818 873 nostram

2237 900 2513 971 pepc‘risli,
2544 902 2741 955 mutulo
2784 902 2995 972 perdito
3037 894 3333 958 remeditim
3370 906 3619 971 attulisti,
3651 907 3821 965 bene-

2236 990 2380 1045 dicta
2412 1006 2578 1060 snper
2609 991 2863 1046 mulieres
2894 984 3055 1061 Virgo
3094 1002 3269 1048 mater
3292 995 3466 1065 ipsius
3506 998 3820 1053 miscricor-

2236 1080 2361 1146 diae,
2386 1090 2575 1137 sancta
2606 1082 2792 1146 Maria,
2828 1083 3051 1139 Domina
3082 1086 3288 1151 mundi,
3316 1085 3518 1157 Regina
3545 1089 3690 1155 cmli,
3714 1099 3821 1145 tum

2237 1174 2594 1231 sanctissimae
2626 1176 2813 1246 pietati
2854 1191 3029 1230 meam
3055 1177 3358 1233 orationem
3389 1179 3824 1249 qualemcunque

2237 1265 2538 1330 committo,
2576 1274 2634 1320 ιιι
2665 1281 2787 1322 eam
2828 1266 3024 1321 oii'eras
3059 1266 3411 1323 dilectissimo
3442 1268 3576 1325 Filio
3599 1278 3690 1326 tuo
3716 1270 3823 1323 Do~

2240 1357 2385 1411 mino
2412 1366 2621 1413 nostro.
2658 1356 2762 1413 Vos
2789 1359 2954 1413 etiam
2984 1352 3156 1413 sancti
3182 1360 3357 1431 angeli
3389 1369 3444 1416 et
3479 1357 3818 1433 archangeli,

2238 1448 2423 1502 sancte
2471 1447 2723 1513 Michael,
2752 1444 2938 1505 sancte
2975 1450 3233 1520 liaphael,
3280 1462 3467 1505 sancte
3491 1450 3739 1515 Gabriel,
3764 1462 3824 1507 et

2239 1551 2427 1592 amnes
2474 1539 2646 1593 sancti
2675 1532 2977 1594 etelcstintii
3030 1541 3251 1596 ordines
3290 1541 3547 1596 vir:utnm
3588 1543 3656 1595 :nl
3696 1557 3824 1596 ora-

2170 1672 2211 1730 B
2242 1629 2411 1682 tiones
2466 1645 2616 1685 meas
2664 1631 2729 1684 ad
2783 1630 2950 1686 Deum
3003 1632 3359 1687 sublevandas
3392 1632 3657 1691 advocare
3683 1648 3822 1707 pra:-

2240 1734 2416 1775 snmo.
2445 1720 2551 1775 Vos
2577 1737 2771 1777 omnes
2794 1722 2968 1777 sancti
2994 1723 3317 1792 patriarcha:
3336 1732 3391 1779 et
3418 1724 3713 1794 prophetae;
3727 1725 3818 1794 qui

2241 1812 2595 1881 prtecessistis
2621 1822 2674 1867 et
2707 1813 3071 1869 annuntiastis
3105 1814 3394 1869 adventum
3427 1815 3593 1870 nostri
3624 1796 3821 1870 Salva-

2243 1906 2399 1969 toris,
2423 1920 2517 1960 vos
2541 1915 2712 1960 estote
2751 1904 3027 1975 adjutores
3062 1907 3404 1961 orationibus
3434 1908 3587 1962 meis.
3620 1906 3821 1964 Sancte

2238 1994 2494 2063 Joannes,
2540 1982 2862 2068 tu_Daptista
2900 1998 3135 2064 Domini,
3160 1998 3369 2054 amicus
3420 2000 3589 2070 ipsius
3622 2002 3818 2057 summi

2242 2086 2455 2157 Spousi,
2505 2098 2560 2143 tu
2596 2099 2716 2145 esto
2764 2090 2980 2161 adjutor
3027 2091 3363 2166 orationibus
3418 2093 3574 2165 meis.
3622 2092 3822 2151 Sancte

2086 2176 2091 2184 ’
2176 2252 2180 2257 ἡ
2238 2175 2421 2243 l’etre,
2447 2178 2532 2233 cui
2560 2195 2805 2235 summtts
2837 2180 3029 2235 Pastor
3055 2180 3329 2235 commisit
3368 2195 3496 2259 suos
3533 2196 3698 2250 agnos
3728 2198 3821 2251 pa-

2240 2268 2490 2325 scendos.
2545 2269 2745 2325 Sancte
2793 2270 2979 2338 Paule,
3010 2285 3106 2327 vas
3138 2270 3417 2327 electionis
3458 2271 3819 2328 DomiuiJcsu

2239 2358 2461 2425 Christi,
2507 2361 2697 2417 doctor
2732 2362 2995 2434 gentium.
3042 2362 3239 2419 Sancte
3262 2362 3495 2430 Andrea,
3524 2374 3709 2420 sancte
3728 2362 3823 2420 Ja-

2240 2454 2394 2518 cobe,
2424 2463 2612 2509 sancte
2660 2452 2881 2519 Jacobe,
2917 2463 3105 2511 sancte
3126 2456 3360 2511 Joannes
3384 2456 3578 2512 dilecte
3608 2455 3817 2511 Domini

2240 2540 2387 2610 Jesn,
2424 2555 2613 2601 sancte
2650 2544 2879 2610 Thoma,
2919 2556 3107 2602 sancte
3152 2546 3413 2617 Philippe,
3456 2556 3642 2603 sancte
3687 2546 3819 2604 Bar-

2190 2646 2195 2661 '
2243 2636 2547 2703 tholomtce,
2590 2647 2775 2693 sancte
2822 2636 3093 2705 Matzlime,
3131 2648 3314 2694 sancte
3366 2639 3577 2704 Simon,
3631 2648 3820 2696 sancte

2234 2728 2494 2795 .Thadtee,
2519 2740 2706 2785 sancte
2730 2729 2974 2795 llattltia,
3004 2740 3188 2788 sancte
3210 2732 3413 2796 Marce,
3433 2742 3619 2788 sancte
3648 2731 3817 2796 Luca,

2240 2830 2424 2895 sancte
2450 2822 2716 2877 Barnaba.
2759 2822 2959 2878 Omnes
3002 2822 3174 2878 sancti
3201 2823 3427 2894 apostoli
3459 2832 3514 2879 et
3546 2813 3820 2895 cvangeli-

2238 2920 2356 2977 ste,
2390 2891 2544 2968 orate
2576 2928 2676 2983 pro
2696 2928 2792 2987 ante
2820 2922 3136 2984 peccatore;
3170 2915 3367 2969 vestris
3387 2915 3593 2970 uteritis
3617 2914 3821 2971 oratio-

549 3024 631 3072 ter
652 3015 980 3088 impendisti,
1013 3016 1097 3073 lac
1123 2994 1190 3072 ex
1209 3032 1397 3074 earum
1422 2994 1800 3075 recordatione
1828 3035 1923 3074 cm-
1953 3033 2133 3074 meum
2160 3017 2206 3078 ο
2238 3019 2334 3059 nes
2369 3020 2515 3060 meas
2543 3006 2847 3061 committo.
2892 3004 3091 3060 Sancte
3133 3004 3408 3076 Stephano
3454 2994 3819 3076 protomartyr

547 3105 671 3177 igne
710 3107 988 3177 ignescere
1017 3108 1324 3164 dilectionis
1372 3116 1477 3164 ture
1516 3108 1724 3180 iugiter
1752 3110 1803 3164 in
1836 3109 2132 3165 ﬂammata.

549 3196 929 3253 Potentissime
965 3198 1211 3265 Domine,
1244 3200 1396 3269 prius
1422 3200 1475 3253 in
1499 3210 1655 3253 utero
1672 3201 1863 3255 matris
1892 3215 2023 3254 mea:
2050 3216 2137 3255 me

548 3287 820 3353 formasti,
859 3298 950 3343 tua
981 3290 1182 3344 virtute
1211 3299 1397 3344 natum
1441 3290 1511 3345 de
1543 3300 1717 3345 matre
1750 3291 2017 3361 baptismo
2046 3302 2137 3345 tuo

548 3378 928 3445 sanctiﬁcasti,
965 3381 1279 3450 parentibus
1313 3380 1447 3435 meis
1498 3392 1557 3436 ut
1607 3382 1911 3436 litterarum
1958 3384 2137 3438 studio

553 3484 618 3525 ac
660 3470 909 3527 societati
957 3474 1346 3528 monachorum
1393 3488 1480 3528 me
1530 3474 1804 3529 traderent
1839 3470 2133 3545 inspirasti,

548 3558 825 3629 ingenium
878 3560 1117 3615 discendi
1172 3560 1400 3625 litteras,
1453 3568 1711 3629 quantum
1763 3562 1857 3617 tibi
1908 3562 2131 3631 placuit,

547 3650 762 3720 ingrato
810 3652 941 3705 mihi
983 3650 1201 3707 dedisti.
1233 3648 1317 3705 Me
1350 3650 1595 3719 quotidie
1622 3660 1933 3722 peccantem
1961 3669 2132 3724 usque

547 3756 692 3797 nunc
718 3744 991 3813 patienter
1036 3742 1381 3813 exspectasti.
1432 3740 1652 3809 Precor,
1692 3759 1808 3809 oro,
1857 3745 2131 3815 benignis-

544 3832 683 3889 sime
713 3833 961 3899 Domine,
997 3832 1363 3887 dnlcissimaut
1414 3832 1846 3888 misericordiam
1883 3843 2030 3889 tnatn
2064 3852 2131 3890 ne

550 3939 638 3979 me
667 3925 817 3979 siuas
852 3940 1087 3995 unquam
1129 3924 1196 3979 ad
1242 3923 1502 3993 pristinas
1549 3925 1737 3980 sordes
1785 3934 2129 3995 peccatorum

548 4028 791 4071 meorum
841 4013 1042 4079 redire,
1067 4014 1161 4069 sed
1205 4013 1289 4068 lac
1321 4030 1409 4069 me
1446 4030 1569 4070 cunt
1610 4015 1784 4070 servis
1817 4015 1925 4071 tuis
1955 4016 2007 4070 in
2040 4025 2133 4072 tuo

546 4096 772 4160 servitio
822 4120 1192 4175 perseverare.
1242 4104 1390 4171 Scio,
1438 4105 1681 4171 Domine,
1712 4106 1854 4177 quod
1881 4123 1987 4163 non
2013 4123 2131 4165 sum

547 4194 742 4267 dignus
788 4198 1035 4251 exaudiri
1084 4206 1303 4267 propter
1328 4206 1549 4265 peccata
1584 4213 1725 4265 mea,
1782 4199 1875 4255 sed
1907 4192 1971 4255 da
2002 4201 2131 4258 mihi

547 4288 798 4342 solatium
833 4296 889 4340 et
921 4288 1710 4345 intercessionemsanctorum
1745 4291 1961 4346 litorum
1993 4306 2132 4362 quos

2239 3095 2450 3171 Domini
2476 3097 2645 3152 nostri
2691 3095 2816 3152 Jesu
2853 3096 3074 3161 Christi,
3123 3097 3295 3152 amice
3323 3096 3440 3164 Dei,
3477 3098 3582 3152 tuis
3612 3100 3771 3151 merit
3794 3112 3822 3148 ς

2238 3201 2324 3241 me.
2350 3188 2687 3242 commendo.
2722 3187 2905 3242 Sancti
2958 3196 3245 3257 martyres,
3293 3188 3445 3252 Line,
3467 3188 3663 3256 -Clete,
3695 3187 3819 3243 Cle-

2239 3289 2413 3340 mens,
2467 3273 2645 3340 Xiste,
2687 3274 2924 3338 Corneli,
2956 3276 3243 3347 Cypriane,
3276 3276 3553 3341 Laurenti,
3584 3276 3759 3348 Chrys
3781 3297 3817 3325 ~-

2236 3382 2395 3438 goue,
2465 3354 2743 3434 Joannes,
2784 3366 2968 3429 Paule.
3017 3368 3234 3431 Cosnta,
3291 3367 3572 3433 Damiane,
3621 3366 3816 3437 lgnati,

2236 3458 2563 3523 Alexander,
2606 3458 2933 3523 Marcelline.
2968 3460 3142 3524 Petre,
3175 3455 3443 3525 Vincenti,
3474 3460 3817 3525 Sebastiano,

2234 3559 2289 3607 et
2318 3566 2509 3606 omnes
2544 3560 2811 3617 martyres
2859 3552 2949 3621 qui
2990 3567 3091 3622 pro
3139 3550 3437 3607 Salvatoris
3478 3567 3663 3607 amore
3688 3567 3816 3606 sau-

2234 3642 2450 3713 guinein
2494 3650 2732 3696 vestrum
2765 3640 2998 3707 fudistis,
3048 3652 3201 3698 orate
3244 3656 3341 3711 pro
3393 3642 3569 3717 nobis.
3614 3641 3816 3697 Sancte

2234 3730 2490 3799 Vedaste,
2564 3730 2797 3801 Remigi,
2849 3730 3160 3794 Benediete.
3226 3729 3475 3794 Martiae.
3538 3728 3816 3793 Atubrosi,

2232 3822 2547 3893 Augustine,
2590 3821 2778 3886 ll.l.tri,
2803 3821 2985 3887 Basili,
3017 3821 3248 3880 Mcolae.
3274 3820 3533 3883 Amande,
3563 3818 3818 3888 Gregoti.
3914 3890 3927 3895 _

2232 3913 2501 3970 Germane
2546 3924 2600 3969 et
2628 3930 2815 3989 omnes
2864 3914 3036 3969 sancti
3078 3912 3416 3969 confessorcs
3444 3914 3534 3983 qui
3564 3928 3661 3984 per
3687 3928 3816 3968 san-

2232 4000 2473 4063 ctitatem
2500 4006 2622 4061 vita:
2643 4015 2837 4061 vestra:
2865 4006 2973 4059 Deo
2999 4005 3298 4076 placuistis,
3327 4014 3479 4059 orate
3508 4019 3606 4073 pro
3634 4003 3816 4061 nobis.

2234 4095 2431 4151 Sancta
2482 4095 2647 4149 Maria
2696 4095 3031 4166 Magdalena,
3061 4109 3181 4163 qua:
3222 4094 3461 4148 meruisti
3495 4095 3657 4163 pedes
3704 4094 3813 4147 Du-

2233 4190 2361 4245 n.ini
2392 4188 2688 4243 SalvntOIis
2722 4187 3014 4242 osculando
3054 4195 3295 4256 tangere,
3329 4184 3579 4255 lacrymis
3612 4185 3817 4254 rigare,

2234 4284 2403 4353 prima
2433 4289 2801 4349 resurgentem
2852 4294 2881 4333 a
2927 4278 3153 4333 mortuis
3191 4278 3395 4340 videre,
3437 4286 3621 4331 saneta
3666 4275 3817 4331 Feli-

550 4376 722 4430 audeo
774 4390 959 4429 corant
1002 4385 1053 4430 te
1111 4376 1401 4447 appellare,
1457 4389 1515 4433 ιιι
1557 4380 1698 4449 quod
1742 4379 2128 4439 obsistentibus
2161 4364 2390 4437 Deitas.
2444 4371 2733 4441 Perpetua,
2793 4368 3025 4439 Agatha,
3081 4368 3285 4437 Agnes,
3327 4364 3559 4429 Ctecilia,
3621 4362 3813 4420 Lucia.

549 4464 784 4533 peccatis
808 4465 942 4518 meis
967 4480 1071 4519 non
1100 4480 1329 4531 mereor,
1363 4482 1549 4522 eorum
1605 4469 1809 4524 meritis
1837 4468 2128 4542 suifragan-

550 4555 689 4609 tibus
732 4554 977 4611 obtinere
1008 4556 1237 4626 possim,
1263 4566 1411 4613 etne
1444 4573 1529 4613 tne
1570 4558 1827 4615 excludas
1860 4559 1925 4615 ab
1939 4574 2123 4616 eorum

2232 4461 2542 4527 Anastasia,
2572 4469 2626 4516 ct
2661 4474 2848 4513 omnes
2877 4467 3078 4513 sancta:
3109 4457 3365 4527 virgines,
3398 4454 3569 4509 vidum
3595 4462 3647 4509 et
3676 4470 3815 4509 cea-

2234 4560 2487 4622 tinentes,
2510 4563 2662 4609 orate
2693 4566 2789 4624 pro
2821 4550 2994 4606 nobis.

1818 4696 2074 4754 ORATIO
2114 4695 2205 4751 XL
2250 4696 2363 4748 Μ’.

1530 4805 1811 4847 RﬂYTIlHUS
1855 4806 1920 4845 AD

620 4895 763 4954 Deus
791 4897 950 4955 Pater
975 4904 1331 4973 credentium,

550 4990 707 5047 Salus
731 4991 783 5046 itt
807 4999 858 5046 te
878 4997 1229 5063 spcranlium,

549 5081 757 5137 Exaudi
781 5098 968 5153 preces
1001 5088 1218 5151 servuli,

546 5173 885 5243 Qttasl'utttlit
923 5176 1086 5230 corde
1112 5176 1356 5246 supplici.

614 5259 715 5317 Fili
746 5261 839 5319 Dei
879 5262 1143 5335 piissime,

1657 4908 1915 4979 Dignatus
1940 4906 2085 4962 nasci
2112 4905 2349 4976 Virgine,

1655 4996 1858 5050 Exaudi
1890 4995 2071 5051 cordis
2101 4994 2353 5057 hostiam,

1659 5089 1835 5144 Patris
1860 5090 2051 5145 sedens
2083 5090 2150 5143 ad
2177 5088 2476 5142 dexteram.

1726 5179 2019 5234 Amborunt
2048 5186 2233 5233 sancte
2258 5177 2511 5251 Spiritus,

1657 5272 1864 5327 Dextra:
1890 5273 1980 5328 Dei
2011 5282 2065 5327 tu
2097 5273 2312 5344 digitus,

1972 4806 2117 4847 υεωι
2156 4806 2224 4847 Εἰ·
2277 4801 2445 4845 ωιλτε
2514 4797 2764 4839 ελιηετος.

2771 4895 2962 4951 Mentis
2989 4902 3259 4950 secretum
3308 4893 3379 4925 ’⁸⁸
3407 4892 3584 4957 visita,

2770 4986 2987 5055 Tuaqtte
3018 5003 3053 5039 rt
3076 4986 3159 5056 ple
3190 4986 3383 5055 gratia.

2836 5078 3090 5134 Personis
3122 5085 3307 5131 sancta
3337 5075 3598 5141 Trinitas,
3628 5080 3655 5115 ι

2766 5172 2872 5227 Sed
2912 5171 3113 5226 deitate
3145 5168 3356 5233 Unitas,

2765 5271 2963 5325 Adesto
2994 5269 3128 5323 meis
3158 5269 3423 5340 precibus,

1874 5403 2106 5459 VARUE
2145 5402 2547 5457 LECTIONES.

621 5526 709 5563 N’
743 5530 823 5584 Ea:
866 5530 991 5587 Has.
1023 5530 1177 5586 Corb.
1210 5528 1326 5587 160.
1355 5536 1403 5586 cl
1447 5530 1575 5587 Vict.
1616 5532 1734 5585 ΗΚ.
1779 5536 1840 5589 16

1940 5538 2026 5567 “9"
2064 5538 2161 5590 Ms.
2194 5538 2252 5590 (ἐ.
2294 5536 2484 5589 Mentis
2532 5542 2735 5591 secreta
2763 5552 2854 5589 ms.
2906 5533 3035 5589 Vict.
3066 5534 3261 5590 mentis
3309 5538 3574 5588 secretum
