4200 6184
687 124 789 190 959

1000 114 1395 190 ΞμΑΝΞΕΙΜΙ
1430 108 1776 168 (ἸᾹΝΊΊΞΜὶ.
1819 102 2136 161 ARCIIIEP.
2177 98 2326 157 OPP.
2370 92 2546 150 PARS
2585 93 2648 149 ll-
2677 125 2744 133 ——-
2779 79 3146 164 PARENET.
3180 91 3266 147 ET
3292 91 3532 148 ASCET.
3613 115 3634 134 υ·

3825 86 3966 149 ωσ-

688 220 1029 302 liedemptori
1061 245 1178 284 meo
1205 226 1425 282 Domin
1448 224 1572 278 Jesn
1609 222 1846 282 Christo.
1881 217 1973 288 qui
2009 216 2099 264 ’⁵⁸3³
2124 216 2175 270 in
2209 218 2336 275 te'A
2367 210 2453 278 pio
2473 193 3122 289 jaccntem,‘rccogu65eo
3156 207 3319 258 ﬁlium
3353 216 3500 258 tuum
3532 205 3582 258 in
3628 203 3820 275 templo
3845 205 3938 262 do-

693 327 984 382 cruciﬁxus
1021 322 1111 354 ’W
1140 318 1428 390 pependit,
1469 325 1588 386 post
1617 315 1754 368 hanc
1810 313 1974 367 vitam
2018 310 2268 364 miseram

691 420 787 456 W"
816 432 900 475 me
931 415 1193 483 coniunge
1220 412 1330 463 ‘5‘“.
1357 411 1547 463 Amen.

756 507 757 510 ‘
969 503 1130 575 275
1168 499 1424 578 Quarto
1463 499 1618 554 xuu
1661 496 1757 573 [οι.
1797 493 2006 564 XLII].-

1201 607 1266 646 ΑΒ
1306 605 1514 646 CIIUCEM
1553 598 1758 641 DOMINI.

689 688 965 746 Duancta
1006 700 1188 748 cruce,
1231 692 1278 736 ει
1327 682 1476 734 beata
1514 676 1764 744 Virgine,
1807 681 1853 727 et
1886 671 2018 724 bona
2047 670 2268 724 latrone.

760 775 922 832 Salve
943 789 1077 829 crux
1102 781 1284 825 sancta
1305 809 1319 832 ,
1345 766 1491 821 salus
1516 773 1570 818 et
1598 763 1707 816 vita
1735 775 1874 815 mea.
1905 758 2065 813 Salve
2094 773 2225 812 crux
2254 795 2271 821 ,

692 883 856 939 quam
915 866 1104 920 adorat
1165 872 1218 916 et
1269 858 1541 914 desiderat
1599 854 1874 910 exercitus
1933 850 2268 921 angelorum.

694 961 854 1018 Salve
891 974 1020 1014 crux
1043 997 1057 1020 ,
1089 969 1248 1022 quam
1295 951 1483 1006 adorat
1529 957 1584 1004 et
1627 947 1842 1002 invocat
1870 943 2048 1000 omnis
2071 943 2274 997 chorus

699 1062 1026 1108 sanctorum.
1065 1046 1109 1102 Ο
1139 1058 1264 1099 vere
1305 1051 1492 1097 sancta
1519 1048 1575 1097 et
1604 1037 1931 1095 venerabilis
1956 1033 2112 1091 c‘rux.
2138 1034 2275 1086 Ecce

696 1149 945 1211 peccator
973 1147 1027 1192 et
1056 1135 1240 1191 infelix
1273 1133 1462 1198 homo,
1493 1139 1618 1185 ante
1650 1139 1732 1192 te,
1764 1137 1820 1182 et
1853 1128 1905 1181 in
1938 1134 1989 1180 te
2015 1123 2276 1185 cruciﬁxo
2307 1139 2310 1144 ·

695 1239 892 1302 manet,
923 1229 1170 1299 quamvis
1210 1225 1495 1295 indignus;
1535 1221 1628 1276 sed
1660 1234 1760 1289 pro
1786 1215 2020 1288 peccatis
2059 1214 2172 1269 suis
2201 1214 2275 1267 ita

695 1331 778 1377 est
803 1319 1018 1382 anxius,
1053 1327 1112 1372 ut
1143 1317 1256 1370 fere
1285 1313 1490 1368 nesciat
1527 1307 1655 1380 quid
1687 1321 1846 1381 agere
1875 1305 2090 1362 debeat.
2123 1303 2276 1358 Basia

699 1413 852 1468 derat
884 1410 1026 1465 enim
1059 1415 1108 1462 te
1137 1407 1398 1469 adorare;
1439 1401 1533 1458 sed
1577 1414 1683 1456 non
1717 1398 1879 1454 audet
1916 1395 2103 1459 oculos
2132 1393 2198 1450 ad
2229 1403 2280 1474 te

700 1507 900 1560 levare.
929 1499 1268 1558 Desiderium
1295 1496 1513 1566 quidem
1541 1494 1743 1549 bonum
1772 1491 1937 1546 habet
1978 1489 2030 1542 in
2060 1495 2148 1552 te;
2172 1485 2278 1541 Sed

2374 303 2619 361 cantem;
2668 287 2760 351 sed
2805 298 2856 350 in
2904 296 3049 352 nullo
3079 297 3196 351 loco
3239 287 3360 349 cum
3400 295 3602 349 certius
3648 311 3942 364 cognosco,

2375 405 2538 460 quant
2567 390 2618 442 in
2659 402 2818 442 cruce
2853 389 3193 456 pendentem.
3247 385 3320 440 lbi
3369 385 3512 438 enim
3555 385 3867 452 ipscmet‘tle
3892 402 3945 439 se

2377 485 2604 532 testatur
2628 476 2813 537 dicens
2847 476 3242 543 :Mulier,g_ecce
3277 475 3417 543 [ilius
3468 485 3587 529 tuus
3629 475 3826 545 (ἔωσι).
3856 474 3947 531 ilic

2375 583 2526 638 ergo,
2553 566 2675 621 felix
2709 575 2884 620 mater
2911 578 2965 620 et
2993 568 3136 620 omni
3168 567 3319 621 laude
3349 565 3531 634 digna,
3560 567 3646 621 lue
3685 565 3947 620 intercede
4003 549 4020 568 ’

2374 673 2472 730 pro
2505 673 2590 711 me
2624 658 2988 736 ntisero‘apud
3017 659 3189 726 ipsum
3219 660 3334 729 qui.
3357 658 3482 711 dum
3513 672 3573 712 se
3604 657 3771 711 lilium
3803 658 3948 712 timui

2373 749 2638 809 nominat.
2662 750 3058 818 quodammodo
3088 764 3146 804 se
3171 751 3467 804 debitorem
3502 749 3725 820 obligat,
3752 758 3810 804 ut
3837 763 3950 818 pre-

2375 857 2464 898 ces
2500 850 2620 897 tuas
2646 829 2983 896 cmn’amore
3005 841 3283 910 suscipiat.
3324 843 3416 896 Dic
3465 841 3538 895 illi
3573 842 3753 911 itaque
3777 859 3790 895 :
3814 841 3950 913 Fili,

2376 934 2477 988 iste
2507 938 2762 1002 peccatur
2783 929 2982 1008 clamat
3015 931 3082 984 ad
3106 943 3215 997 me,
3242 940 3298 984 et
3327 927 3747 1000 laciymabiliter
3771 931 3955 1001 depre-

2377 1029 2534 1077 catur
2583 1029 2639 1075 ut
2678 1015 3017 1076 intercedam
3064 1034 3162 1090 pro
3194 1035 3258 1074 eo
3287 1019 3427 1090 apud
3457 1029 3542 1085 te,
3573 1029 3840 1090 quatenus
3871 1036 3955 1078 rc-

2380 1113 2566 1167 mittas
2594 1111 2643 1168 ci
2673 1123 2892 1182 peccata
2934 1126 3029 1167 sua
3053 1151 3068 1174 ,
3094 1127 3214 1182 qua:
3258 1111 3574 1182 insipienter
3597 1112 3872 1168 commisit
3905 1114 3956 1168 in

2382 1211 2454 1256 te.
2481 1199 2681 1254 Verum
2725 1211 2839 1266 est,
2871 1200 3098 1255 Domine
3140 1201 3245 1266 mi,
3273 1216 3457 1268 verum
3503 1213 3588 1256 est
3638 1213 3806 1258 certe.
3850 1203 3961 1274 Ego

2379 1306 2504 1346 reus
2551 1294 2815 1347 conﬁteor
2844 1306 3028 1346 coram
3065 1300 3135 1357 te,
3167 1291 3308 1348 Deus
3330 1332 3345 1356 ,
3385 1300 3441 1347 et
3480 1309 3662 1348 coram
3689 1293 3962 1350 Genitrice

2377 1392 2472 1438 tua
2500 1383 2628 1453 quia
2656 1383 2728 1438 ab
2757 1382 2984 1441 infantia
3033 1397 3153 1437 mea
3191 1397 3361 1451 usque
3408 1399 3554 1438 nunc
3587 1385 3811 1439 veniens
3840 1393 3964 1443 ante

2383 1472 2671 1543 gloriosam
2714 1486 2932 1527 crucem
2976 1480 3119 1526 tuam
3167 1480 3220 1527 et
3273 1483 3475 1528 sancta:
3527 1474 3828 1544 maiestatis
3864 1483 3965 1529 tua:

698 1599 904 1654 nullum
935 1595 1185 1650 meritum
1216 1591 1464 1660 sentitin
1496 1602 1573 1652 se,
1587 1578 1697 1656 pro
1725 1599 1832 1654 quo
1856 1581 2089 1637 conﬁdat
2113 1571 2185 1634 de
2208 1587 2277 1632 te.

2383 1567 2733 1633 conspectum
2786 1572 3016 1642 non,.ut
3061 1564 3256 1630 debui,
3288 1566 3449 1631 veni,
3499 1567 3796 1638 supplicavi
3824 1608 3838 1633 ,
3869 1582 3964 1624 nec

701 1691 889 1744 Maneo
921 1690 1102 1757 itaque
1147 1687 1202 1739 in
1251 1688 1543 1751 conspectu
1588 1665 1679 1732 tuo
1716 1664 1955 1746 trepidus
1982 1683 2036 1727 et
2057 1671 2279 1757 dubius;

705 1783 776 1836 ita
806 1790 866 1834 ut
894 1755 1077 1834 coram
1111 1783 1162 1832 te
1209 1783 1357 1830 stare
1404 1771 1722 1827 erubescam
1748 1808 1764 1834 ,
1795 1775 1852 1822 et
1889 1781 1919 1820 a
1955 1774 2006 1820 te
2033 1755 2287 1819 recedere

641 1871 650 1880 ’
709 1872 1098 1943 pertimescam.
1138 1867 1402 1922 Hortatur
1431 1875 1520 1919 me
1562 1869 1709 1915 stare
1759 1867 1886 1914 ante
1933 1862 2286 1925 conspectum

615 1999 624 2005 -
707 1972 858 2017 tuum
888 1958 1147 2015 memoria
1190 1955 1385 2011 divinae
1411 1963 1466 2008 et
1497 1962 1600 2006 tua:
1625 1950 1875 2021 pietatis;
1910 1947 2004 2002 sed
2035 1947 2290 2022 dehorta-

701 2064 796 2108 tur
839 2067 925 2106 me
967 2049 1301 2106 conscientia
1341 2037 1666 2124 miserabilis
1700 2049 1754 2094 et
1799 2041 2111 2093 inveterata:
2154 2049 2289 2115 meae

706 2141 1027 2210 iniquitatis.
1055 2133 1250 2192 Arctor
1284 2148 1502 2204 quoque
1543 2131 1782 2201 graviter
1819 2128 1888 2181 ab
1924 2127 1992 2181 iis
2036 2125 2247 2181 duobus
2271 2164 2286 2187 ,

704 2228 908 2301 etquid
943 2230 1136 2299 eligam
1187 2224 1300 2280 fere.
1348 2225 1555 2292 ignoro.
1585 2219 1733 2291 Elogi
1769 2227 1948 2273 tamen
1992 2216 2162 2286 magis
2188 2230 2285 2283 op-

706 2333 936 2394 portuno
965 2317 1275 2388 conspectui
1308 2325 1400 2368 tuo
1429 2303 1736 2382 importune
1765 2309 2040 2370 assistere,
2073 2306 2288 2362 etiamsi

707 2411 905 2468 debeas
927 2425 1012 2464 me
1033 2407 1302 2464 occidere.
1329 2403 1519 2457 Melius
1547 2411 1621 2456 est
1651 2401 1794 2455 enim
1826 2399 1953 2452 mihi
1978 2397 2110 2450 mori
2134 2397 2289 2467 juxta

709 2513 782 2569 te,
809 2490 966 2572 quam
993 2501 1157 2555 vivere
1192 2497 1336 2567 (Jan.
1375 2511 1427 2549 tv
1457 2535 1470 2560 ,
1503 2491 1558 2564 8)
1607 2492 1764 2562 longe
1799 2505 1827 2544 a
1875 2498 1957 2554 te;
1989 2488 2291 2568 quia‘nulla

709 2609 859 2650 mors
891 2590 1095 2648 homini
1123 2565 1276 2658 pejor
1305 2597 1418 2650 est,
1448 2574 1608 2654 quam
1645 2595 1768 2635 cum
1805 2580 1966 2634 homo
1993 2565 2150 2648 longe
2179 2592 2206 2631 a
2241 2586 2294 2630 te

713 2696 796 2742 cst
1634 2729 1635 2732 η
1989 2665 1991 2669 ’

783 2771 1108 2845 Suppliciter
1147 2787 1276 2841 ergo
1328 2770 1589 2837 deprecor
1624 2775 1678 2820 te
1700 2805 1714 2830 ,
1750 2763 1912 2819 chara
1957 2753 2210 2830 majestas
2239 2767 2295 2814 et

713 2882 904 2939 magna
935 2865 1174 2921 charitas
1195 2905 1210 2929 ,
1237 2864 1326 2932 qui
1360 2861 1562 2930 pendes
1590 2860 1642 2912 in
1667 2872 1850 2922 cruce,
1885 2866 1940 2910 ut
1969 2852 2289 2922 importuni-

713 2966 877 3012 tatem
909 2970 1085 3027 meam
1128 2968 1234 3008 non
1265 2951 1572 3022 importune
1596 2945 1861 3015 suscipias
1888 2984 1902 3009 ,
1951 2943 2046 2998 sed
2087 2941 2154 2996 ad
2201 2956 2294 2994 ne-

712 3021 1052 3114 cessitat‘em,
1070 3058 1244 3098 meam
1290 3021 1589 3112 opportune
1618 3048 1674 3096 et
1707 3034 2137 3106 misericorditer
2177 3048 2296 3089 res-

713 3140 902 3209 picias.
934 3136 1010 3189 Tu
1037 3151 1096 3190 es
1124 3136 1266 3191 enim
1293 3150 1417 3204 spes
1445 3148 1561 3187 mea
1579 3171 1596 3198 ,
1626 3140 1682 3185 tu
1712 3130 1977 3200 refugium
2004 3141 2208 3191 meum,
2238 3136 2294 3180 tu

716 3217 1085 3286 misericordia
1117 3227 1258 3281 mea’.
1301 3223 1558 3279 Miserere
1586 3223 1769 3292 igitur,
1804 3221 2063 3275 miserere
2091 3218 2219 3282 mei,
2244 3226 2300 3273 et

717 3321 851 3375 doce
875 3335 958 3374 me
979 3317 1246 3387 quomodo
1271 3303 1499 3369 adorare
1529 3322 1578 3367 te
1601 3297 1851 3376 debeam,
1871 3319 1926 3365 et
1951 3310 2222 3379 quomodo
2247 3317 2299 3363 te

717 3411 941 3483 diligere
974 3410 1200 3464 valeam.
1241 3405 1498 3475 Quamvis
1529 3403 1765 3473 peccatis
1797 3403 1929 3457 meis
1955 3401 2298 3471 exigentibus

721 3500 956 3555 nesciam
1007 3493 1277 3567 quomo'tlo
1333 3504 1383 3550 te
1410 3494 1639 3548 adorare
1677 3506 1737 3546 ac
1767 3491 1989 3558 diligere
2034 3491 2294 3550 debeam;

721 3601 896 3644 tamen
925 3591 1024 3643 hoc
1049 3591 1130 3641 est
1157 3600 1332 3640 meum
1349 3571 1706 3651 desiderium,
1733 3590 1790 3635 ut
1818 3589 1868 3635 te
1897 3580 2115 3635 adorem
2140 3589 2195 3634 et
2218 3580 2299 3649 di-

719 3680 902 3751 ligam.
943 3681 1180 3735 Obsecro
1243 3687 1325 3740 te,
1354 3687 1482 3729 vere
1525 3673 1628 3743 piis
1670 3671 1992 3726 exaudibilis
2017 3668 2178 3745 Iesu,
2203 3684 2302 3738 per

718 3788 935 3827 onmem
969 3772 1310 3824 dilectionem
1361 3782 1522 3835 quam
1582 3765 1749 3818 habes
1798 3751 1849 3817 in
1881 3763 2102 3817 homine
2126 3801 2142 3824 ,
2173 3762 2302 3817 dum

724 3863 922 3929 pendes
954 3862 1005 3913 in
1045 3860 1221 3927 ligno,
1276 3864 1330 3909 ut
1377 3856 1478 3908 huc
1529 3856 1724 3908 bonum
1780 3851 2086 3921 specialiter
2135 3850 2318 3914 facias,

725 3967 845 4003 cum
875 3941 1158 4002 servo'tuo
1181 3985 1194 4004 ,
1225 3959 1288 3998 nc
1320 3951 1476 3996 astare
1525 3943 1576 3994 in
1625 3948 1914 4008 conspectu
1958 3949 2048 3993 tuo
2089 3947 2144 3992 ct
2177 3947 2303 3992 ante

723 4043 938 4096 crucem
973 4046 1117 4087 tuam
1158 4050 1242 4087 me
1271 4033 1559 4100 aliquando
1591 4031 1785 4085 tradeat
1829 4037 1923 4083 aut
1964 4029 2177 4099 pigeat,
2209 4027 2303 4082 sed

721 4131 902 4200 potius
933 4126 1162 4181 delectet
1207 4134 1261 4178 ct
1310 4122 1534 4192 placeat.
1577 4123 1815 4178 Delectet
1860 4123 2097 4178 animam
2119 4114 2304 4177 'meam

2388 1657 2631 1711 adoravi.
2671 1655 2777 1712 Sed
2808 1667 2863 1710 tu
2886 1697 2904 1725 ,
2932 1658 3016 1712 cui
3053 1660 3329 1728 proprium
3363 1669 3446 1715 est
3473 1677 3694 1731 parcere
3722 1673 3780 1717 et
3810 1661 3966 1716 mise-

2348 1778 2350 1780 τ
2390 1749 2519 1814 reri,
2542 1763 2611 1804 ne
2638 1749 2900 1819 respicias
2923 1749 3268 1818 fragilitatem
3297 1766 3469 1804 meam
3493 1763 3549 1808 et
3570 1753 3965 1808 immunditiam

2392 1863 2566 1916 meam
2600 1839 2925 1918 pessimam,
2964 1849 3060 1903 sed
3104 1848 3316 1904 dimitte
3351 1845 3608 1917 quidquid
3638 1844 3968 1915 negligenter

2392 1936 2621 2008 deliqui;
2650 1936 2773 2006 quia
2804 1945 2857 1990 tu
2888 1951 2948 1991 es
2979 1952 3102 2007 spes
3154 1953 3269 1992 mea
3311 1936 3426 1992 soia
3468 1945 3524 1991 et
3571 1949 3694 1990 vera
3715 1975 3728 1999 ,
3774 1943 3832 1988 et
3863 1938 3966 1988 non

2327 2037 2332 2048 ‘
2391 2025 2566 2081 habeo
2613 2026 2666 2078 in
2696 2024 2802 2080 alio
2845 2024 3092 2081 fiduciam
3122 2040 3328 2093 meam,
3369 2024 3473 2081 nisi
3525 2024 3579 2079 in
3621 2031 3672 2079 te
3714 2023 3833 2079 solo
3861 2022 3969 2078 Deo

2369 2133 2371 2136 ‘
2392 2115 2513 2169 vivo
2541 2125 2598 2171 et
2621 2132 2772 2172 vero.
2879 2160 2882 2165 .
3605 2112 3609 2120 ⁴

2407 2261 2412 2264 .
2467 2206 2564 2260 Dat
2594 2207 2758 2261 etiam
2806 2207 2940 2261 mihi
2981 2207 3238 2278 grandem
3288 2204 3819 2268 ﬁduciam,summe
3868 2200 3969 2255 Re.

2391 2295 2640 2364 dcmptor
2667 2310 2816 2350 meus
2841 2337 2856 2361 ,
2886 2294 2972 2349 illa
3025 2297 3111 2364 pia
3144 2304 3200 2351 et
3233 2295 3405 2350 dulcis
3434 2293 3640 2356 oratio,
3684 2305 3849 2360 quam
3874 2303 3966 2358 pro

2391 2383 2835 2454 crucifigentibus
2865 2392 2916 2438 te
2946 2384 3086 2453 apud
3114 2383 3331 2438 Patrem
3361 2381 3568 2444 fecisti,
3599 2380 3790 2451 dicens
3821 2395 3835 2432 :
3869 2377 3968 2431 Pa.

2393 2483 2471 2528 ter
2511 2476 2718 2544 ignosce
2761 2473 2901 2540 illis,
2955 2476 3080 2545 quia
3133 2475 3367 2528 nesciunt
3417 2473 3544 2544 quid
3585 2472 3789 2542 faciunt
3823 2468 3966 2538 (Luc.

2399 2579 2556 2642 ιιχιιιι
2581 2565 2694 2634 54).
2718 2564 2818 2632 Qui
2841 2565 2985 2620 enim
3016 2566 3096 2622 sic
3120 2563 3357 2620 exorasti
3384 2579 3483 2634 pro
3508 2562 3612 2616 tuis
3638 2559 3971 2616 cruciﬁxori-

2397 2655 2516 2720 bus,
2535 2655 2775 2725 nunquid
2791 2670 2897 2710 non
2919 2657 3103 2711 orabis
3123 2671 3220 2726 pro
3241 2658 3346 2711 tuis
3359 2653 3772 2709 adoraturibus?
3799 2652 3867 2706 Et
3885 2651 3972 2719 qui

2395 2747 2449 2802 in
2474 2762 2634 2802 cruce
2665 2751 2977 2802 recordatus
3001 2763 3060 2802 es
3096 2746 3459 2818 indulgentiae,
3482 2744 3722 2812 nunquid
3751 2744 3808 2797 in
3834 2741 3965 2797 coelo

2395 2839 2597 2896 oblitus
2626 2855 2684 2894 cs
2713 2839 3132 2894 misericordiae?
3162 2839 3415 2894 Miserere
3435 2877 3451 2901 ,
3481 2819 3693 2906 quaeso,
3726 2835 3972 2897 Domine,

2374 2930 2660 2996 miscuere
2684 2930 2790 2984 mei
2817 2930 2958 2984 servi
2988 2930 3062 2983 tui
3087 2945 3101 2993 ;
3142 2938 3199 2983 et
3230 2929 3312 2982 vel
3359 2937 3411 2982 tu
3445 2928 3695 2998 ignosce,
3721 2927 3811 2981 vel
3841 2926 3974 2996 apud

2395 3013 2612 3076 Patrem
2641 3019 2916 3075 intercede
2948 3028 3006 3074 ut
3040 3019 3298 3090 ignoscat.
3337 3017 3565 3088 Propter
3603 3019 3704 3072 hoc
3742 3031 3973 3085 namque

2398 3125 2594 3166 maneo
2618 3124 2804 3166 coram
2832 3119 2906 3175 te,
2929 3119 2984 3163 et
3006 3111 3174 3164 adoro
3197 3116 3444 3164 sanetam
3467 3111 3683 3163 crucem
3709 3115 3857 3160 tuam
3889 3119 3976 3174 per

2400 3217 2562 3271 quam
2613 3201 2889 3257 redemisti
2933 3199 3210 3255 mundum.
3243 3200 3417 3256 Credo
3463 3211 3696 3274 namque
3722 3195 3784 3252 'et
3811 3196 3974 3252 conﬁ-

2403 3304 2518 3357 teor
2543 3295 2668 3364 quia
2698 3308 2795 3363 per
2833 3293 3187 3348 elevationem
3227 3298 3285 3345 et
3329 3273 3702 3346 extensionem
3733 3286 3976 3358 corporis

2403 3385 2478 3441 tui
2511 3385 2564 3441 in
2597 3386 2740 3456 ligno
2773 3384 3203 3438 traxisti'omnes
3243 3385 3310 3442 ad
3359 3383 3411 3437 te
3439 3382 3530 3452 qui
3577 3387 3722 3435 recte
3750 3379 3974 3448 diligunt

2403 3487 2475 3535 te.
2505 3478 2685 3533 Trahc
2722 3477 2884 3546 igitur
2915 3492 3034 3541 me,
3068 3476 3406 3540 dulcissime,
3439 3474 3697 3538 Domine,
3728 3473 3878 3526 trahe
3903 3486 3974 3524 me

2401 3580 2456 3626 et
2482 3570 2812 3626 desiderium
2863 3583 3041 3624 meum
3079 3567 3191 3637 post
3236 3578 3284 3621 te
3335 3568 3514 3638 (Cant.
3547 3565 3720 3634 1,3);
3775 3573 3836 3619 ut
3882 3578 3973 3633 ego

2403 3682 2635 3724 sentiam
2662 3667 2913 3720 virtutem
2941 3664 3118 3718 crucis
3145 3672 3256 3717 tum
3277 3662 3328 3716 in
3358 3676 3462 3716 me.
3981 3715 3984 3718 ,

2475 3744 2738 3820 Sentiam,
2770 3756 3020 3811 Salvator
3047 3769 3228 3821 meus,
3259 3755 3510 3809 virtutem
3557 3760 3610 3806 et
3639 3751 3862 3804 odorem
3891 3747 3972 3817 qui

2407 3854 2491 3902 est
2519 3847 2586 3902 de
2612 3860 2771 3900 cruce
2800 3855 2885 3900 tua
2904 3886 2917 3908 ,
2957 3845 3096 3899 sicut
3128 3842 3392 3898 sentiebat
3437 3840 3576 3895 latro
3609 3839 3695 3894 ille
3717 3840 3813 3908 qui
3836 3828 3972 3892 dicc-

2408 3939 2541 3994 bat:
2573 3937 2812 4000 Domine,
2837 3947 3088 3990 ιιιεηιρηεο
3125 3935 3222 3989 mei
3250 3975 3264 3998 ,
3290 3935 3414 3988 dum
3450 3932 3644 4005 veneris
3679 3932 3735 3985 in
3773 3945 3975 4001 regnum

2407 4025 2554 4084 tuum
2580 4027 2764 4100 (locu.
2803 4043 2970 4094 χχιιι,
2998 4025 3109 4097 42).
3159 4012 3379 4080 Viderat
3422 4023 3648 4078 forsitan
3693 4021 3836 4092 latro
3885 4021 3986 4085 iste

2409 4127 2462 4174 te
2489 4127 2646 4173 antea
2669 4131 2845 4190 caecos
2882 4117 3269 4173 illuminantcm
3286 4157 3302 4179 ,
3334 4100 3418 4171 vel
3447 4123 3688 4170 mortuos
3715 4113 3975 4170 suscitan-

719 4220 776 4274 in
804 4225 1089 4286 COttspccltl
1127 4223 1217 4268 tuo
1246 4213 1472 4268 ﬁdeliter
1499 4213 1786 4276 assistere;
1821 4219 1871 4265 et
1899 4210 2108 4283 placeat
2131 4209 2303 4267 oculis
2333 4223 2383 4282 υ
2411 4217 2518 4264 tem
2542 4249 2557 4274 ,
2581 4217 2636 4263 et
2663 4223 2769 4263 non
2798 4206 3117 4263 adoraverat
3156 4214 3229 4262 te.
3260 4207 3410 4261 Tunc
3454 4220 3583 4261 vero
3610 4212 3815 4275 quanto
3843 4201 3978 4256 videt

719 4307 1032 4362 Divinitatis
1058 4315 1160 4357 tuae
1205 4304 1626 4358 misericorditer
1667 4304 1716 4356 in
1767 4317 1851 4355 me
1879 4300 2168 4370 respicere.
2205 4299 2308 4353 De-

724 4397 888 4452 lectet
917 4411 1000 4449 me
1047 4395 1226 4462 lugere
1263 4393 1534 4449 iniseriam
1565 4406 1741 4446 meam
1761 4431 1775 4454 ,
1805 4399 1860 4444 et
1893 4390 2106 4461 placeat
2127 4388 2308 4444 omni-

697 4492 700 4494 '
728 4487 980 4557 potentiae
1009 4494 1112 4539 tuae
1143 4491 1349 4540 vertere
1388 4484 1442 4538 in
1493 4483 1751 4554 gaudium
1794 4479 2072 4535 tristitiam
2103 4491 2301 4534 meam.

800 4580 1038 4634 Delectat
1061 4589 1240 4634 autem
1271 4591 1355 4634 me
1379 4575 1656 4634 recordari
1682 4575 1783 4630 hoc
1813 4573 1956 4645 quod
1982 4571 2223 4643 pendens
2245 4570 2300 4625 in

729 4685 891 4724 cruec
919 4669 1212 4726 benedicta:
1251 4668 1450 4738 virgini
1493 4665 1653 4723 matri
1685 4675 1788 4726 tuae
1811 4664 1996 4721 dixisti
2024 4677 2042 4719 :
2071 4660 2299 4728 Mulier,

731 4778 841 4815 ecce
868 4761 1008 4828 ﬁlius
1035 4772 1154 4816 tum
1177 4761 1356 4831 (Joan.
1392 4775 1505 4824 χιχ,
1531 4756 1647 4826 9.6).
1681 4757 1747 4811 Et
1775 4771 1916 4812 nunc
1935 4796 1952 4822 ,
1973 4769 2189 4826 ,quteso,
2212 4754 2306 4810 be-

735 4850 1043 4919 niguissitnc
1072 4849 1310 4913 Domine.
1345 4850 1431 4905 dic
1459 4849 1589 4902 mihi
1617 4862 1775 4902 servo
1804 4855 1929 4902 tuo:
1959 4845 2150 4909 Homo,
2175 4831 2311 4898 ecce

735 4937 875 4990 Deus
898 4945 1039 4999 tuus,
1061 4952 1186 4992 ecce
1207 4939 1512 5009 redemptor
1537 4947 1677 4992 tuus.
1705 4936 1779 4990 Te
1802 4950 2036 5005 quoque,
2057 4933 2306 4994 obsecro,

733 5031 882 5095 virgo
905 5029 1039 5081 inter
1065 5043 1248 5081 omnes
1275 5030 1525 5083 mulieres
1545 5028 1846 5092 benedicta,
1881 5035 1938 5080 ut
1964 5025 2111 5080 dicas
2136 5022 2265 5079 mihi
2292 5039 2304 5074 :

734 5122 903 5173 ltotno
927 5160 940 5183 ,
973 5134 1098 5174 cere
1143 5119 1278 5173 “lilia
1312 5137 1496 5183 incus,
1531 5135 1655 5175 ecce
1689 5119 1938 5173 Salvator
1963 5127 2104 5172 tuus.
2138 5115 2307 5170 Video

732 5214 925 5280 quippe
952 5254 964 5275 ,
1003 5212 1319 5265 venerabilis
1352 5213 1592 5276 domina,
1626 5212 1790 5265 lilium
1825 5221 1972 5264 tuum
2022 5209 2072 5262 in
2111 5221 2307 5277 prarse-

2414 4305 2466 4351 te
2494 4297 2730 4366 pendere
2753 4297 2811 4352 in
2837 4296 3012 4367 ligno,”
3035 4297 3226 4352 adorat
3254 4305 3306 4351 te
3335 4297 3528 4354 dicens
3555 4313 3568 4349 :
3599 4292 3854 4362 Domine,
3881 4307 3979 4347 me-

2411 4396 2583 4439 mento
2609 4386 2747 4452 mei,
2774 4385 2900 4439 dum
2947 4386 3144 4441 ueneris
3182 4387 3234 4440 in
3268 4402 3478 4456 regnum
3510 4396 3678 4441 tuum.
3711 4383 3826 4441 Hoc
3860 4381 3978 4439 fecit

2411 4475 2464 4530 in
2496 4474 2644 4531 illum
2673 4491 2805 4533 crux
2835 4486 2926 4533 tua
2947 4517 2961 4542 ,
3000 4477 3140 4548 quod
3169 4493 3272 4532 non
3303 4485 3587 4547 potuerunt
3615 4475 3800 4532 facere
3817 4475 3976 4531 mira-

2409 4566 2530 4622 cula
2569 4575 2681 4622 tua.
2729 4566 2924 4624 Verius
2968 4575 3024 4624 et
3067 4567 3360 4636 perfectius
3394 4566 3644 4636 cognovit
3689 4565 3795 4620 iste
3836 4572 3889 4621 te
3925 4562 3976 4618 in

2405 4674 2571 4717 cruce
2597 4659 2956 4730 pendentem,
2997 4675 3162 4730 quam
3203 4659 3256 4714 in
3301 4658 3499 4730 templo
3548 4658 3863 4723 docentem,
3889 4660 3975 4710 aut

2410 4747 2672 4804 miracula
2699 4747 3006 4804 facientem.
3040 4747 3084 4805 0
3109 4755 3314 4819 quanta
3344 4757 3428 4804 est
3449 4748 3623 4803 virtus
3649 4745 3831 4802 crucis
3855 4753 3954 4800 tua

2412 4783 2672 4804 ...ηιωηιι
2701 4783 3006 4804 meum“...
3040 4783 3083 4805 υ
3109 4783 3314 4819 qua"...
3344 4783 3428 4804 ω.
3458 4783 3623 4803 ...μιν
3649 4783 3831 4802 wn...
3855 4783 3952 4800 ...ι

2412 4849 2612 4910 quanta
2647 4849 2729 4895 est
2755 4840 2921 4911 gloria
2954 4839 3236 4910 pendentis
3266 4841 3319 4895 in
3362 4840 3541 4912 ligno!
3570 4839 3735 4896 Latro
3763 4839 3869 4912 iste,
3890 4783 3976 4893 ubi

2412 4936 2546 4989 vidit
2573 4942 2722 4989 tuum
2751 4933 2985 5004 lignum,
3011 4949 3136 4991 mox
3177 4933 3427 5004 cognovit
3461 4941 3610 4987 tuum
3639 4943 3893 5004 regnum;
3921 4935 3980 4981 et.

2414 5024 2502 5078 ubi
2536 5032 2586 5078 te
2609 5023 2842 5093 pendere
2868 5025 3107 5095 aspexit,
3141 5023 3210 5079 ibi
3237 5022 3380 5092 quod
3420 5036 3677 5092 regnarcs
3697 5016 3969 5074 intellexit.

2416 5115 2460 5170 0
2490 5125 2721 5183 quantus
2751 5115 2884 5170 odor
2929 5116 2994 5170 de
3021 5129 3183 5170 cruce
3210 5115 3413 5180 exibat,
3441 5115 3530 5184 qui
3554 5099 3768 5168 euntem
3793 5106 3970 5166 infide-

2420 5209 2619 5261 litatem
2651 5208 2717 5260 ab
2758 5223 2821 5263 eo
2872 5208 3178 5279 repellebat.
3215 5205 3254 5262 Ο
3289 5223 3448 5276 quam
3489 5208 3644 5278 digne
3677 5203 3970 5276 vocabattc

2006 5321 2236 5375 VARI}?
2281 5318 2681 5374 Li‘lC'i’lONl‘lS.

808 5416 897 5446 "‘5
931 5417 1044 5470 Meo
1073 5419 1297 5470 Domino
1338 5417 1384 5468 J.
1425 5417 1485 5468 (ἶ.
1518 5415 1604 5481 qui
1632 5434 1728 5466 ms.
1773 5427 1977 5481 nostri),
2011 5416 2100 5484 qui

744 5485 830 5516 ’⁵³⁸
860 5485 942 5539 die
971 5488 1235 5561 conjungc
1261 5505 1354 5542 ms.
1389 5504 1486 5540 Ilth
1512 5485 1773 5554 coniunge

2179 5415 2268 5443 '5'"
2297 5410 2602 5467 tit-ueiﬁtus
2630 5429 2730 5465 ms.
2768 5412 3008 5469 conﬁxus
3084 5411 3176 5444 "‘7
3203 5412 3448 5470 Miseram
3477 5427 3590 5474 ms.
3621 5403 3971 5465 miserrimam

3739 5505 4130 6086 Δ

3813 5921 3834 5942 .,
3887 5901 3956 5932 θον
3991 5927 3994 5930 .
4103 5905 4108 5926 ι

3749 5947 3772 5968 ν·
3779 5967 3786 5970 ,
3827 5947 3858 5964 ιο
3903 5941 3956 5978 λε
4003 5961 4016 5968 ,
