4200 6196
898 94 909 103 ’
974 108 981 136 ι

674 206 779 267 943

997 209 1053 265 S.
1087 208 1380 287 ANSELMl
1423 204 1769 261 CAX'I’L'AR.
1803 200 2115 257 ARCIIIEP.
2151 201 2267 257 OPF

2360 199 2516 256 ‘ARS
2559 200 2620 253 ll.
2672 230 2737 239 -ι
2772 200 3136 256 ΡΛΙΩΕΝΕΤ.
3176 201 3262 257 E'l‘
3303 202 3541 258 ASCET.

3820 204 3927 262 9M

672 324 862 381 Inundi
910 326 1147 389 edidisti,
1188 324 1370 378 Jesnm
1399 320 1671 376 Christum
1703 320 1895 373 Filium
1948 319 2063 373 Dei.
2109 318 2251 384 Qua-
2280 321 2327 378 Α
2354 315 2590 383 cupisro.
2632 313 2711 368 Tu
2741 330 2888 381 vero,
2934 315 3170 379 domina,
3201 316 3460 370 omnibus
3496 316 3561 370 iis
3590 317 3929 386 atljutoribus

675 402 923 487 propter,
995 414 1282 470 incllabilis
1351 412 1738 468 misericordia:
1800 413 2026 480 regina,
2091 411 2258 464 credo

676 508 817 578 quod
867 522 972 561 non
1021 521 1080 561 es
1127 520 1298 559 vacua
1339 519 1369 577 a
1403 504 1703 565 visceribus
1736 503 1974 574 pietatis,
2010 517 2131 571 quae
2161 518 2253 572 ge-

672 596 839 653 nuisti
871 597 1044 665 ipsqu
1094 595 1295 650 fontem
1350 596 1534 651 totius.
1566 582 1629 647 Et
1670 609 1789 666 quae
1825 593 2037 648 lactasti
2074 593 2254 663 magni

672 688 885 747 consilii
916 687 1201 759 Angelum,
1239 697 1394 757 potes
1427 697 1482 742 et
1514 686 1646 743 mihi
1677 701 1797 742 esse
1825 685 2003 758 magni
2044 684 2255 740 consilii

674 780 914 849 angelus,
942 779 986 833 si
1010 794 1111 848 pro
1138 793 1224 832 me
1249 777 1559 848 depreceris
1589 777 1684 833 Dei
1710 777 1932 844 Filium,
1964 777 2053 847 qui
2078 790 2175 847 per
2203 782 2257 832 te

675 869 906 937 mnmlo,
954 867 1008 925 in
1032 884 1201 925 carne
1236 870 1510 939 apparuit,
1540 877 1601 924 ut
1638 884 1799 940 quem
1826 869 2084 924 latentem
2116 868 2256 938 apud

672 962 889 1017 Patrem
949 962 1279 1031 incognitum
1320 958 1555 1029 habebat
1610 962 1862 1025 mundus,
1905 968 2255 1031 apparentem

675 1068 774 1124 per
816 1067 1040 1108 carnem
1087 1062 1433 1123 agnosceret,
1493 1060 1547 1108 et
1593 1052 1834 1123 agnitum
1886 1052 2155 1114 crederet,
2203 1058 2253 1103 et

675 1143 945 1201 credendo
971 1143 1024 1197 in
1049 1158 1171 1199 eum
1205 1144 1509 1198 salvaretur
1532 1158 1624 1214 per
1669 1143 1849 1197 fidem.
1884 1142 1982 1208 Qui
2012 1156 2110 1195 suo
2141 1142 2259 1194 ine-

678 1233 937 1288 narrabili
989 1248 1216 1289 munere
1273 1233 1525 1305 praestitit
1570 1245 1630 1289 ut
1665 1243 1856 1288 natura
1904 1233 2132 1286 lmrnana
2188 1231 2256 1286 ad

682 1325 1091 1389 similitudinem
1144 1327 1225 1380 sui
1278 1326 1492 1382 condita
1540 1325 1831 1388 Creatoris,
1861 1322 2136 1377 dissimilis
2160 1337 2257 1392 per

672 1422 963 1490 peccatum
1004 1425 1059 1471 et
1092 1425 1321 1471 mortem
1361 1414 1549 1470 elTecta
1599 1427 1940 1483 nequaquam
1973 1412 2026 1465 in
2054 1419 2253 1466 mterna

586 1540 589 1547 ι
679 1508 1029 1566 damnatione
1076 1506 1304 1577 periret;
1339 1505 1431 1558 sed
1475 1502 1618 1558 illam
1664 1518 1759 1572 per
1785 1512 1836 1558 te
1862 1516 1956 1557 sua
1988 1502 2254 1555 immensa

683 1598 892 1667 pietate
918 1603 1224 1667 repararet,
1248 1603 1302 1648 et
1333 1602 1386 1647 ut
1422 1602 1476 1647 tu
1513 1608 1649 1647 nova
1676 1603 1727 1647 et
1757 1593 2074 1647 intemerata
2102 1590 2255 1662 virgo

681 1685 892 1743 facinus
919 1688 1156 1755 antiqua:
1182 1685 1441 1755 viraginis
1470 1684 1743 1753 expiares.

753 1780 915 1850 277
942 1779 988 1835 0
1010 1778 1381 1833 admirandam
1406 1777 1602 1832 divinae
1616 1774 2036 1846 dispensationis
2066 1789 2259 1846 Opera-

683 1870 928 1927 tionem?
956 1869 1037 1925 Tu
1064 1869 1348 1925 benedicta
1388 1869 1533 1924 inter
1576 1882 1766 1923 omnes
1794 1867 2047 1923 mulieres
2085 1868 2261 1923 virum

682 1976 790 2017 non
821 1960 1153 2033 cognovisti;
1200 1968 1257 2015 et
1296 1969 1472 2015 mater
1494 1975 1575 2027 es,
1603 1967 1658 2015 et
1690 1967 1813 2029 post
1852 1957 2045 2014 Filium
2076 1958 2262 2016 natum

684 2052 838 2125 virgo
880 2050 1250 2123 permansisti.
1295 2049 1447 2105 Hanc
1494 2049 1653 2104 fidem
1700 2058 1945 2103 sanctam
1978 2056 2261 2117 postquam

687 2144 928 2215 suscepi,
975 2142 1215 2207 domina,
1254 2157 1360 2197 non
1406 2136 1623 2210 semper
1649 2148 1798 2193 recto
1840 2138 2056 2192 tramite
2093 2138 2259 2203 tenui,

688 2235 941 2307 quoniam
972 2232 1253 2303 praeceptis
1293 2219 1408 2298 ejus
1439 2244 1546 2284 non
1588 2227 1824 2283 obedivi.
1853 2226 2061 2294 Quibus
2092 2228 2135 2282 si
2170 2244 2264 2296 pa-

686 2340 809 2381 rere
835 2324 1182 2389 studuissem,
1236 2335 1321 2375 me
1355 2321 1421 2375 ad
1461 2330 1511 2375 te
1556 2320 1879 2375 clamantem
1910 2319 2070 2374 facile
2114 2319 2266 2373 audi-

685 2430 797 2483 res,
845 2430 1007 2486 quem
1040 2412 1255 2485 placere
1299 2412 1412 2468 lilio
1437 2421 1533 2467 tuo
1578 2411 1769 2466 scires.
1801 2412 1869 2465 At
1896 2411 2021 2480 quia
2054 2410 2268 2465 seduxit

684 2523 777 2565 me
802 2508 974 2565 hostis
1013 2507 1294 2576 antiquus,
1335 2514 1391 2559 et
1417 2496 1634 2571 sagittis
1661 2504 1776 2558 suis
1828 2502 2133 2557 vulneravit
2161 2517 2265 2569 me,

686 2608 745 2656 et
763 2597 1004 2657 vestibus
1030 2595 1276 2652 candidis
1302 2593 1472 2657 exuit,
1499 2600 1663 2660 atque
1690 2591 1857 2662 nigris
1882 2591 2272 2668 etlacrymosis

691 2705 759 2745 ac
795 2688 1068 2745 semiustis
1115 2690 1237 2759 igne
1283 2699 1631 2760 peccatorum
1680 2701 1922 2757 meorum
1955 2686 2149 2749 mdmt,
2178 2684 2271 2737 'id-

689 2782 839 2837 circo
897 2781 1228 2837 deformibus
1269 2782 1527 2845 vestibus
1556 2780 1773 2834 indutus
1826 2776 2097 2846 apparebo
2155 2775 2268 2828 tibi.

691 2871 1010 2943 Propterea,
1073 2866 1495 2929 clementissima
1549 2871 1733 2940 regina
1785 2878 1840 2923 et
1897 2867 2147 2931 domina,
2207 2881 2273 2921 ne

692 2975 1009 3019 contemnas
1065 2978 1179 3029 me;
1232 2963 1323 3019 sed
1381 2976 1589 3017 memor
1637 2956 1943 3029 fragilitatis
1998 2959 2268 3022 humanm,

692 3069 869 3109 annue
900 3069 968 3110 ne
995 3054 1286 3131 desperans
1335 3051 1559 3122 fugiam,
1600 3050 1693 3106 sed
1741 3058 2048 3118 exspectem
2080 3062 2270 3103 conso-

692 3146 952 3202 lationem
985 3154 1152 3211 tuam,
1199 3159 1363 3213 quam
1411 3151 1539 3197 tunc
1583 3140 1802 3197 evenire
1832 3142 2089 3211 probabo,
2125 3138 2170 3193 si
2207 3152 2270 3192 ea

697 3251 820 3305 qua
842 3245 968 3291 sunt
997 3236 1050 3289 in
1080 3220 1169 3289 me
1215 3233 1463 3289 incendia
1505 3231 1792 3286 criminum
1823 3238 1877 3283 et
1906 3227 2273 3296 iniquitatum,

698 3336 757 3384 et
803 3328 1073 3398 praecipue
1124 3325 1341 3381 illarum
1400 3322 1598 3392 quibus
1650 3317 2065 3388 infatigabiliter
2115 3330 2276 3379 uror,

701 3421 963 3495 paulatim
1009 3420 1064 3475 in
1110 3433 1197 3473 me
1239 3416 1473 3471 deﬁcere
1518 3422 1605 3467 tua
1656 3410 1861 3465 virtute
1898 3416 2060 3476 atque
2108 3406 2280 3469 imbre

706 3514 1161 3572 intercessionum
1208 3519 1423 3564 tuarum
1472 3503 1744 3573 exstingui
1792 3501 1843 3556 in
1871 3502 2037 3557 corde
2082 3514 2202 3554 meo
2227 3504 2284 3553 et

705 3620 934 3677 corpore
953 3588 1292 3675 persensero.
1790 3669 1796 3675 η

777 3697 823 3752 0
868 3696 942 3751 mi
981 3694 1218 3755 domina,
1259 3689 1389 3759 quid
1417 3686 1619 3749 dicam,
1653 3682 1736 3737 vel
1783 3681 1910 3753 quid
1958 3677 2197 3733 faciam?
2226 3678 2279 3729 lu

707 3786 943 3846 tenebris
962 3799 1102 3849 sum,
1130 3792 1186 3838 et
1209 3782 1391 3835 lumen
1416 3776 1539 3833 creti
1569 3791 1679 3831 non
1706 3774 1882 3828 video.
1913 3770 2026 3837 Quo
2052 3771 2158 3834 ibo,
2188 3778 2280 3821 aut

703 3894 807 3950 quo
867 3894 900 3931 α
959 3875 1093 3945 facie
1149 3870 1245 3938 filii
1307 3868 1381 3922 tui
1434 3865 1737 3935 iudicantis
1791 3860 2040 3950 fugiant?
2106 3856 2278 3950 (Paul.

710 3946 1069 4034 cxxxvm,5.)
1101 3961 1216 4015 Non
1244 3959 1312 4013 ad
1365 3956 1628 4029 orientem
1658 3961 1751 4006 aut
1778 3949 2080 4013 meridiem,
2106 3946 2188 4026 vel
2216 3946 2282 4000 ad

706 4048 957 4116 occasum
985 4063 1079 4109 aut
1116 4053 1184 4107 ad
1229 4048 1556 4120 aquilonem,
1600 4043 1683 4099 vel
1727 4043 1779 4097 in
1808 4040 2075 4111 profundo
2103 4038 2283 4107 abyssi

709 4152 883 4208 habeo
922 4147 1218 4223 effugium;
1254 4140 1451 4213 ubique
1495 4137 1639 4192 filius
1680 4144 1823 4199 tuus,
1868 4132 2067 4200 ubique
2119 4139 2284 4223 totus,

710 4242 911 4311 ubique
953 4218 1218 4309 praesens,
1256 4231 1456 4300 ubique
1498 4228 1812 4305 discernens
1848 4232 1903 4276 et
1943 4221 2123 4275 omnia
2149 4218 2289 4286 judi-

2357 405 2546 460 melior
2589 414 2643 459 et
2690 405 2957 461 excelsior
3004 421 3090 470 es;
3140 406 3267 474 quia
3317 406 3431 459 istis
3479 415 3533 459 et
3562 405 3682 461 aliis
3727 410 3929 463 sanctis

2355 494 2626 555 omuibus,
2660 494 2823 546 etiam
2872 494 3138 564 angelicis
3175 495 3471 565 spiritibus,
3520 510 3618 548 nec
3650 510 3755 549 non
3788 499 3929 566 regi—

2355 586 2455 640 bus
2493 593 2547 640 ct
2590 585 2945 655 potestatibus
2993 587 3209 651 mundi,
3252 588 3537 651 divitibus,
3580 589 3929 658 pauperibus,

2356 676 2606 741 dominis,
2632 676 2827 740 servis,
2855 677 3151 747 majoribus
3176 687 3230 732 et
3258 678 3556 732 minoribus
3586 678 3803 732 domina
3834 696 3928 746 es,

2355 777 2410 820 et
2448 766 2590 837 quod
2638 777 2863 836 possunt
2908 783 3098 824 omnes
3146 770 3234 824 isti
3285 778 3484 834 tecum,
3533 780 3588 823 tu
3635 769 3746 824 sola
3774 779 3934 839 potes

2357 862 2475 915 sine
2501 859 2605 914 illis
2645 860 2916 915 omnibus.
2947 861 3128 927 Quare
3154 862 3258 917 hoc
3287 872 3439 932 potes
3462 862 3485 916 ?
3512 862 3648 931 Quia
3676 872 3849 918 mater
3872 878 3934 918 es

2359 949 2655 1005 Salvatoris
2680 952 2874 1015 nostri,
2910 967 3109 1022 Sponsa
3158 953 3273 1019 Dei,
3302 956 3483 1024 regina
3516 955 3639 1010 cmli
3674 964 3727 1010 et
3749 964 3933 1021 terras,

2356 1050 2412 1095 et
2452 1040 2695 1095 omnium
2734 1041 3145 1097 elementorum.
3199 1041 3274 1098 Te
3314 1058 3446 1115 ergo
3487 1045 3729 1114 requiro,
3761 1044 3833 1098 ad
3883 1054 3937 1099 te

2357 1129 2627 1201 confugio,
2659 1140 2713 1186 et
2742 1139 2796 1185 tu
2843 1146 2929 1185 me
2973 1148 3068 1201 per
3094 1132 3275 1186 omnia
3320 1134 3563 1202 atljuves,
3616 1134 3939 1203 suppliciter

2356 1228 2500 1288 pcto.
2532 1220 2607 1275 Te
2634 1229 2867 1288 tacente,
2909 1222 3086 1276 nullus
3128 1222 3325 1287 orabit,
3379 1222 3554 1279 nullus
3576 1222 3803 1291 juvabit.
3861 1224 3939 1279 Te

2356 1318 2569 1376 orante,
2607 1326 2796 1366 omnes
2825 1313 3079 1387 orabunt,
3116 1312 3611 1380 omnesjuvabunt.

2428 1396 2620 1451 Millies
2647 1409 2873 1455 centena
2924 1401 3089 1453 millia
3122 1401 3400 1454 hominum
3429 1402 3637 1470 (regina
3667 1401 3939 1474 piissima)

2357 1489 2423 1543 ad
2453 1498 2506 1543 te
2534 1489 2792 1547 clamant.
2822 1500 2877 1544 et
2904 1506 3093 1544 omnes
3121 1490 3435 1555 salvantur;
3464 1500 3521 1545 et
3559 1505 3663 1560 ego
3687 1491 3942 1546 clamabo

2357 1580 2423 1634 ad
2452 1587 2524 1643 te,
2570 1589 2625 1634 et
2652 1594 2757 1633 non
2806 1578 3149 1633 atixiliabor?
3191 1579 3415 1634 forsitan
3465 1580 3604 1645 non;
3657 1580 3785 1648 quia
3829 1580 3943 1635 illis

2290 1669 2333 1724 B
2358 1670 2611 1727 omnibus
2655 1686 2771 1725 smn
2803 1670 2952 1743 pejor
2993 1679 3047 1725 et
3092 1671 3378 1741 pessimus.
3430 1669 3569 1737 Quid
3598 1671 3769 1726 inde?
3804 1669 3945 1727 Pro-

2360 1771 2546 1833 pterea
2587 1777 2693 1817 nou
2727 1762 3222 1818 taceboJCIamans
3255 1762 3419 1832 igitur
3460 1760 3736 1835 vociferor
3762 1764 3836 1819 ad
3864 1773 3942 1819 te.

2361 1852 2590 1923 Egregia
2630 1854 2799 1923 virgo,
2841 1860 2896 1907 et
2925 1851 3169 1921 piissima
3217 1852 3431 1907 domina
3455 1891 3470 1919 ,
3502 1868 3666 1922 parce
3706 1854 3842 1909 mihi
3889 1862 3945 1909 et

2364 1944 2557 1998 exaudi
2601 1957 2705 1997 me.
2743 1943 2948 1997 Exaudi
2978 1943 3259 2005 miserum,
3284 1952 3338 1994 et
3364 1942 3542 1997 solare
3585 1954 3946 2010 manentem;

2366 2034 2619 2102 recollige
2639 2044 2939 2099 errantem,
2965 2031 3144 2087 refove
3166 2033 3568 2101 desperantem.
3597 2031 3738 2087 Sana
3772 2034 3827 2087 in
3857 2048 3944 2089 me

2364 2138 2483 2191 quae
2511 2122 2778 2191 conspicis
2807 2122 3050 2184 vulnera,
3088 2136 3185 2190 per
3224 2131 3313 2175 tua
3343 2130 3531 2176 sancta
3559 2123 3945 2187 medieamina,

2368 2216 2662 2284 tollensque
2690 2229 2721 2268 a
2747 2228 2833 2269 me
2863 2204 3077 2269 sordida
3105 2214 3434 2279 indumenta,
3460 2194 3731 2269 viridiset
3762 2214 3946 2285 splen-

2366 2303 2490 2363 dida
2522 2308 2735 2378 porrige
2756 2304 3110 2369 Vestimenta,
3141 2306 3337 2374 quibus
3380 2321 3465 2359 me
3494 2309 3813 2361 renovatum
3856 2320 3943 2361 re-

2370 2393 2668 2468 prazsentés
2719 2397 2828 2450 filio
2879 2406 2968 2451 tuo
2999 2396 3225 2462 Domino
3282 2406 3466 2450 nostro
3518 2394 3646 2451 Jesu
3703 2388 3945 2452 Chiisto.

2371 2489 2503 2543 Esto
2543 2486 2672 2541 mihi
2712 2487 2897 2541 eontra
2941 2486 3214 2541 diabolum
3256 2486 3419 2539 turris
3448 2486 3803 2551 fortitudinis,
3832 2502 3949 2539 mu-

2374 2594 2466 2634 rus
2530 2575 2980 2647 inexpugnabilis,
3033 2575 3319 2629 brachium’
3374 2574 3725 2629 defensionis.
3792 2574 3943 2630 illum

2372 2678 2559 2726 contra
2613 2683 2697 2722 me
2746 2668 3056 2722 saevientem
3106 2665 3342 2735 suscipe,
3394 2672 3450 2720 et
3501 2679 3567 2720 ne
3611 2679 3696 2720 me
3740 2666 3949 2723 viribus

2376 2758 2693 2813 imbecillem
2738 2756 2935 2811 astutia
2980 2772 3074 2809 sua
3110 2754 3401 2822 confodiat,
3457 2765 3512 2808 tu
3559 2754 3952 2810 inviucibiliter

2376 2865 2633 2920 repugua.
2683 2848 2776 2902 llle
2823 2848 3048 2903 callidus
3087 2855 3171 2903 est
3213 2855 3269 2901 et
3297 2845 3691 2909 fraudulentus,
3744 2856 3804 2901 et
3848 2862 3951 2901 non

2376 2941 2565 2995 metuit
2614 2953 2854 3009 pugnare
2903 2946 3091 3009 contra
3123 2934 3327 3002 for'tes,
3372 2937 3467 2992 sed
3520 2936 3751 3007 majores
3809 2936 3949 2990 vires

2375 3029 2537 3085 infert
2567 3028 2882 3083 tentationis
2920 3036 3106 3082 contra
3133 3025 3341 3081 validos
3381 3012 3542 3096 quam
3572 3034 3765 3081 contra
3798 3024 3948 3080 inﬁr-

2375 3138 2512 3178 mos.
2532 3120 2628 3176 Tu
2660 3132 2859 3186 tamen,
2887 3112 3125 3176 ctelestis
3154 3119 3485 3183 auxiliatrix,
3516 3102 3639 3188 qua:
3681 3119 3826 3173 nosti
3854 3119 3949 3175 do.-

2375 3214 2619 3268 lositatcs
2648 3213 2782 3281 ejus,
2817 3212 2896 3266 sic
2918 3225 3209 3266 commune
3231 3212 3401 3265 robur
3427 3208 3565 3278 ejus,
3596 3217 3655 3262 ut
3686 3224 3774 3265 nte
3808 3208 3947 3265 nulla

2380 3301 2549 3371 ipsius
2614 3301 2808 3355 callida
2884 3288 3154 3369 suggestio
3226 3299 3460 3369 decipiat
3512 3298 3794 3365 tentando;
3863 3298 3955 3353 sed

2380 3406 2502 3446 cum
2536 3391 2724 3446 nititur
2750 3390 3017 3459 decipere,
3050 3388 3165 3457 ipse
3208 3388 3487 3454 contusus,
3529 3404 3597 3443 ex
3636 3396 3725 3443 tua
3749 3388 3951 3443 virtute

2384 3491 2669 3551 superatus
2706 3480 2973 3544 discedat,
3008 3488 3066 3535 et
3100 3494 3204 3550 ego
3248 3478 3486 3533 misellus
3522 3488 3609 3533 tua
3640 3476 3954 3535 defensione

2382 3582 2680 3644 protectus,
2722 3587 2753 3625 a
2800 3581 2887 3626 tua
2916 3570 3123 3640 filiique
3174 3569 3250 3624 tui
3296 3569 3455 3625 laude
3504 3583 3785 3640 nunquam
3815 3568 3955 3640 quie-

2382 3680 2550 3720 scam.

2452 3754 2583 3818 Fac,
2611 3767 2644 3807 ο
2674 3751 2798 3807 felix
2829 3750 3046 3806 domina
3078 3757 3134 3803 et
3163 3749 3309 3803 omni
3336 3749 3501 3804 laude
3524 3747 3870 3818 dignissima,
3899 3754 3955 3802 ut

2383 3862 2482 3916 ego
2528 3843 2758 3899 famulus
2800 3851 2925 3897 tuus
2969 3840 3061 3910 qui
3106 3840 3157 3893 in
3184 3849 3315 3894 atota
3362 3839 3701 3910 longazvitate
3742 3838 3951 3894 dierum

2386 3952 2626 3994 meorum
2659 3932 3039 3989 miserabiliter
3068 3946 3164 4001 per
3197 3932 3429 4000 abrupta
3455 3937 3805 3999 peccatorum
3832 3943 3951 3984 cor-

2390 4028 2492 4092 rui,
2528 4040 2671 4080 nunc
2707 4025 2763 4078 in
2803 4022 3064 4078 extremis
3094 4019 3301 4089 positus
3330 4017 3543 4082 diebus,
3587 4032 3746 4088 agam
3788 4016 3955 4088 peni-

2393 4119 2615 4174 tentiam
2654 4130 2763 4187 pro
2796 4114 3033 4183 peccatis
3077 4112 3210 4165 meis
3238 4123 3572 4181 quaecunque
3616 4109 3758 4179 gessi
3791 4109 3847 4164 in
3868 4121 3954 4163 co-

2390 4211 2668 4283 gitatione,
2720 4208 3014 4271 voluntate,
3061 4204 3375 4272 operatione
3419 4212 3476 4258 et
3516 4200 3859 4273 negligentia.
3890 4198 3951 4253 Et

711 4292 873 4394 cans,
924 4292 978 4383 et
1018 4339 1184 4394 super
1227 4292 1469 4377 caelestia
1514 4296 1784 4372 habitans.
1833 4313 1931 4380 Qui
1983 4310 2027 4364 si
2066 4324 2151 4363 me
2196 4324 2267 4377 pri

2360 4338 2368 4378 ,
2394 4300 2641 4371 quamvis
2667 4296 2991 4358 diutissime,
3036 4296 3135 4349 hoc
3162 4302 3263 4359 est,
3308 4294 3375 4349 ab
3398 4292 3623 4349 exordio
3649 4292 3771 4347 vitae
3802 4305 3948 4355 mea,

716 4419 854 4475 meis
906 4413 1115 4468 actibus
1169 4410 1316 4481 juste
1356 4403 1721 4477 judicaverit,
1777 4398 2107 4469 eapediisset
2161 4395 2290 4448 mihi

719 4508 891 4577 magis
932 4514 990 4559 ut
1019 4508 1314 4570 conceptus
1362 4512 1467 4551 non
1516 4508 1713 4556 essent,
1768 4501 1861 4544 aut
1916 4497 2073 4541 natus
2106 4486 2289 4540 statim

721 4576 1068 4657 intemisseni.
1111 4591 1221 4646 Nec
1252 4590 1352 4644 hoc
1394 4586 1522 4641 mihi
1554 4584 1817 4654 prolicere
1847 4580 2137 4650 potuisset,
2171 4576 2293 4642 quia

720 4691 775 4745 in
818 4685 1054 4758 peccatis
1106 4692 1232 4737 tunc
1284 4686 1576 4747 conceptus
1605 4682 1658 4727 ct
1710 4680 1890 4732 natus,
1927 4678 1978 4722 et
2046 4668 2159 4721 sine
2204 4668 2292 4719 ba-

723 4781 919 4850 ptismo
941 4784 1182 4832 mortuus
1197 4771 1400 4840 absque
1421 4765 1581 4822 dubio
1603 4764 1899 4834 periissem.
1934 4761 2044 4828 Ego
2068 4771 2297 4826 ιιιιιιιίμιο

726 4848 792 4924 de
818 4866 1188 4938 peccatoribus
1218 4869 1512 4929 conceptus
1537 4866 1590 4911 et
1619 4864 1777 4908 natus
1806 4861 2081 4922 peccator,
2120 4848 2297 4915 bapti-

707 4971 881 5031 ‘zatus
909 4970 964 5012 et
992 4956 1246 5019 salvatus,
1278 4954 1471 5007 iterum
1520 4955 1772 5016 peccator
1825 4943 1999 4997 factus
2041 4956 2181 4993 smn.
2235 4939 2299 4990 I'Lt

731 5068 834 5106 non
900 5048 1020 5102 talis
1072 5056 1130 5101 ut
1186 5053 1364 5108 antea,
1415 5041 1510 5097 sed
1564 5037 1830 5093 sordidior
1878 5043 1933 5088 et
1979 5029 2297 5091 immanior;

729 5143 982 5213 quoniam
1052 5139 1175 5194 talis
1241 5152 1357 5190 sum
1416 5132 1629 5203 qualem
1694 5129 1929 5199 pejorem
1989 5141 2092 5179 non
2142 5124 2303 5178 habet

730 5232 983 5288 mundus.
1043 5228 1166 5282 ideo
1218 5224 1377 5277 talem
1427 5222 1725 5290 adjuturem
1786 5218 2021 5287 requiro,
2088 5213 2300 5281 qualem

728 5333 851 5395 post
876 5321 1044 5378 tilium
1070 5330 1217 5373 tuum
1250 5315 1508 5383 potiorem
1538 5321 1592 5364 et
1617 5314 1891 5364 meliorem
1923 5307 2167 5362 invenire
2199 5318 2301 5355 non

730 5423 908 5495 potest
942 5410 1195 5469 mundus.
1250 5405 1422 5460 liabet
1448 5402 1597 5457 ornis
1625 5402 1911 5469 apostolos,
1946 5397 2304 5467 patriarchas,

734 5488 1042 5579 prophetas,
1093 5509 1385 5568 martyres,
1433 5494 1789 5555 confessores,
1833 5492 2094 5558 virgines,
2140 5488 2309 5539 bonos

741 5612 797 5657 et
833 5602 1063 5666 optimos
1109 5593 1403 5662 adjutores,
1440 5600 1575 5656 quos
1604 5598 1703 5652 ego
1748 5580 1964 5650 supplex
1994 5592 2151 5629 orare
2182 5592 2309 5631 con-

2400 4400 2569 4457 usquc
2600 4387 2652 4439 in
2692 4385 2832 4439 hanc
2862 4384 3070 4446 horam,
3103 4380 3557 4452 perseveraverim
3604 4380 3657 4434 in
3686 4378 3819 4450 ipsis
3845 4390 3956 4448 que

2400 4479 2536 4548 C(Bpi
2585 4475 2850 4546 peccatis;
2902 4486 2957 4527 tu
3006 4483 3212 4536 tamen,
3243 4470 3505 4526 enatorum
3550 4468 3754 4539 regina,
3781 4466 3954 4523 obtine

2398 4570 2540 4640 apud
2565 4566 3042 4622 clementissimum
3078 4563 3243 4617 filium
3275 4572 3448 4625 tuum,
3472 4571 3530 4615 ut
3557 4559 3694 4615 ultra
3735 4574 3844 4614 non
3870 4572 3949 4611 re-

2398 4668 2525 4728 gnet
2553 4656 2807 4725 iniquitas
2854 4655 2905 4708 in
2949 4667 3053 4717 me,
3085 4652 3181 4707 sed
3226 4652 3397 4704 virtus
3420 4647 3744 4703 divinitatis.
3780 4646 3953 4703 Virtu-

2402 4761 2513 4805 tum
2556 4758 2612 4803 et
2641 4748 2946 4802 orationum
2997 4744 3152 4812 copia
3188 4756 3273 4795 me
3317 4739 3599 4807 justifieet,
3650 4737 3871 4813 inundet
3903 4742 3953 4788 et

2402 4839 2629 4902 muniat,
2672 4846 2726 4891 et
2756 4851 2852 4904 per
2888 4835 3111 4889 semitas
3149 4831 3371 4900 justitire
3394 4828 3714 4885 deducendo
3759 4828 3827 4883 ad
3863 4827 3952 4882 bo-

2402 4946 2529 4987 num
2579 4926 2994 4999 perseverantiae
3050 4924 3311 4995 perducat
3345 4930 3399 4976 et
3448 4920 3726 4990 prbvelrat.
3769 4921 3826 4976 In
3869 4931 3954 4975 ex.

2405 5023 2591 5078 tremis
2634 5035 2847 5089 quoque
2896 5019 3019 5072 vitae
3066 5015 3298 5085 positum
3336 5012 3477 5066 nulla
3510 5027 3595 5067 me
3634 5011 3832 5067 oblivio
3870 5010 3953 5064 be-

2405 5114 2571 5175 betet,
2618 5111 2812 5180 lingua:
2850 5106 3083 5162 offcium
3121 5102 3317 5158 nullius
3360 5101 3623 5170 passionis
3649 5099 3832 5155 vitium
3861 5096 3946 5151 hn—

2406 5201 2605 5271 pediat.
2646 5197 2976 5267 Expletoque
3002 5195 3208 5248 dierum
3238 5204 3478 5244 meorum
3527 5202 3772 5252 numero,
3802 5192 3950 5255 atque

2406 5290 2644 5360 perfecto
2685 5288 2735 5340 iu
2762 5300 2850 5339 me
2884 5280 3136 5336 Ecclesia:
3161 5289 3349 5334 sancto
3384 5278 3706 5341 ministerio,
3753 5281 3945 5328 merear

2410 5359 2608 5452 suscipi
2632 5383 2699 5436 ab
2723 5376 2916 5447 angelo
2940 5375 3095 5437 lucis,
3121 5382 3174 5427 et
3198 5370 3414 5426 liberari
3446 5369 3514 5423 ab
3538 5366 3732 5438 angelo
3758 5359 3949 5422 mortis.

2413 5492 2475 5529 ac
2500 5472 2728 5543 perferri
2754 5478 2879 5523 ante
2904 5465 3137 5524 tribunal
3160 5464 3385 5535 piissimi
3408 5460 3639 5533 judicis,‘
3656 5459 3745 5517 ubi
3772 5470 3864 5530 per
3886 5458 3948 5515 ηδ

2414 5570 2651 5634 domina,
2678 5555 2971 5638 percipiam
2997 5559 3228 5630 quietem
3241 5556 3519 5630 pacisvitte
3531 5565 3760 5614 azioma}.
3782 5548 3949 5608 lutei.

4104 5906 4107 5925 l

3748 6054 4115 6077 Iml'
