4200 6236
329 498 336 507 “
408 512 411 513 ⁷
648 491 905 550 ORATIO
945 492 1126 549 XLVII
1162 492 1258 565 [οι.
1299 490 1506 564 XLVI].

623 600 691 642 Αι
724 570 964 640 sanetum
1002 597 1256 638 VIIGINII
1294 599 1519 639 ιΑιιιιιιι.

360 673 676 733 Beatissimo
720 676 812 731 Dei
843 677 1076 748 genitrix
1101 685 1157 731 et
1186 677 1334 744 virgo
1374 683 1632 748 perpetua
1669 673 1853 735 Maria,

288 768 589 826 sacrarium
633 768 873 824 omnium
920 769 1201 831 virtutum,
1255 767 1522 838 gignendo
1572 767 1856 820 Dominum

291 860 551 914 virtutum
581 869 635 913 et
676 872 856 927 regem
906 858 1088 929 gloria:
1136 858 1430 922 Christum,
1468 873 1565 930 per
1606 860 1853 913 eumdem

290 949 460 1003 Deum
502 956 555 1002 et
581 946 866 1003 Dominum
895 960 1156 1015 ,ttostrum
1184 948 1367 1005 Jesnm
1389 949 1666 1004 Christum
1695 965 1853 1019 quem

289 1041 533 1095 meruisti
577 1055 867 1110 generare,
918 1041 1011 1096 tibi
1066 1043 1135 1097 ad
1189 1052 1450 1097 aeternam
1498 1042 1747 1113 gloriatn,
1801 1054 1858 1098 et

287 1126 445 1184 nobis
488 1126 556 1181 ad
585 1137 839 1182 aeternam
888 1129 1137 1193 salutem,
1170 1145 1361 1200 precor
1406 1144 1502 1203 per
1558 1140 1701 1201 tuam
1746 1131 1855 1185 cle-

287 1219 544 1272 mentiam
571 1217 864 1290 suﬂ‘ragare
894 1220 1021 1276 mihi
1052 1223 1198 1276 omni
1218 1220 1597 1276 misericordia
1634 1222 1852 1293 indigno

285 1310 426 1377 apud
468 1311 701 1366 divinam
746 1311 1101 1381 maiestatem,
1150 1312 1592 1385 exorabilemque
1639 1322 1690 1369 te
1734 1330 1854 1384 pre-

283 1400 439 1455 cibus
470 1402 600 1456 tanti
626 1403 928 1470 peccatoris
950 1403 1213 1473 prtelzere,
1249 1402 1487 1471 domina,
1525 1420 1593 1460 ne
1616 1403 1853 1470 ditl‘eras,

282 1507 350 1545 ex
394 1506 497 1561 qua
527 1502 583 1548 et
610 1493 960 1548 beatitudinis
1003 1492 1231 1549 felicitas
1271 1504 1327 1551 et
1371 1495 1670 1566 redemptio
1697 1497 1854 1555 nobis

282 1583 452 1638 venit.
500 1583 773 1654 Siquidem
805 1584 1044 1648 omnino,
1092 1585 1306 1639 Deil'era
1357 1588 1699 1643 sanctissima
1743 1589 1853 1643 Ma-

284 1671 389 1737 ria,
415 1672 667 1741 indignus
691 1688 808 1727 sum
850 1681 900 1727 te
928 1674 1081 1729 adire
1124 1684 1429 1742 precatum;
1463 1676 1557 1731 sed
1601 1678 1848 1733 ﬁduciam

282 1761 397 1829 spei
428 1776 560 1816 mea:
605 1763 853 1817 attribuit
896 1764 1198 1819 recordatio
1236 1765 1524 1820 multorum
1570 1766 1844 1823 Christum

1664 387 1675 398 -
1692 371 2097 453 OltATlQNES.

1882 495 1937 551 Δ

3420 366 3524 424 946
3640 333 3663 353 ’

2287 489 2540 545 onA'rIo
2583 487 2789 543 XLV‘lIl
2828 488 2921 560 [οι.
2954 488 3179 560 XLVII].

2280 595 2346 633 λι)
2396 595 2637 635 SANCTA!
2682 593 2934 633 VIRGINEI
2984 593 3207 635 natant.

2032 671 2226 727 Sancta
2255 680 2310 726 et
2336 672 2567 742 gloriosa
2605 671 2699 726 Dei
2728 670 2981 741 genitrix,
3017 686 3335 743 semperque
3375 674 3525 739 virgo

1959 762 2143 827 Maria,
2184 762 2310 833 'qu
2341 766 2538 819 mundo
2588 764 2834 818 meruisti
2866 778 3125 835 generare
3164 762 3523 829 Salvatorent,

1956 856 2148 910 exaudi
2181 872 2264 910 me
2289 867 2344 911 et
2385 858 2639 911 miserere
2671 858 2772 912 tnei
2802 873 2945 912 nunc
2984 868 3039 913 et
3061 873 3275 928 semper
3306 865 3525 926 propter

1960 946 2214 998 honorem
2243 954 2443 1000 sancta:
2472 956 2527 999 et
2555 947 3020 1003 excellentissima:
3048 947 3371 1018 virginitatis
3397 956 3520 1000 tum.

1958 1035 2036 1091 Te
2073 1036 2332 1107 deprecor
2362 1036 2660 1102 humiliter,
2710 1048 2825 1094 esto
2870 1019 2997 1093 mihi
3053 1039 3312 1095 salvatrix
3344 1048 3398 1093 et
3427 1037 3524 1091 ad-

1950 1126 2121 1196 jutrix
2164 1128 2306 1197 apud
2351 1129 2517 1182 Deum
2548 1131 2991 1199 omnipotentem,
3025 1142 3083 1186 ut
3129 1133 3242 1201 ipse
3282 1148 3366 1187 Ine
3406 1132 3529 1201 pius

1954 1226 2141 1287 pastor
2165 1227 2220 1272 et
2245 1217 2495 1287 princeps
2523 1218 2675 1286 pacis
2704 1234 2733 1271 a
2763 1229 3109 1298 peccatorum
3136 1237 3379 1276 meorum
3406 1237 3525 1275 ma-

1953 1308 2088 1364 culis
2111 1308 2389 1376 emundet,
2435 1317 2490 1363 et
2517 1308 2585 1363 ab
2630 1308 2825 1363 inferni
2870 1312 3103 1366 tenebris
3132 1314 3348 1383 eripiat,
3377 1321 3434 1367 et
3458 1311 3525 1367 ad

1922 1399 2118 1480 .vitatn
2162 1398 2421 1469 perducat
2449 1407 2726 1454 aeternam.
2763 1396 2825 1453 Et
2856 1399 2945 1469 qui
2976 1414 3070 1468 per
3114 1410 3187 1465 te,
3222 1402 3526 1457 castissima

1952 1490 2124 1561 virgo,
2172 1490 2316 1545 venit
2360 1491 2413 1543 in
2464 1490 2606 1543 ltunc
2636 1491 2917 1553 mundum,
2952 1499 3008 1543 et
3036 1490 3325 1545 humanum
3357 1507 3526 1561 genus

1953 1598 2049 1636 suo
2088 1583 2350 1652 sanguine
2382 1581 2632 1645 S:|l\'8\’ll,
2659 1589 2712 1634 cl
2750 1581 2941 1634 inferni
2969 1582 3204 1634 claustra
3237 1582 3526 1646 destruxit,

1949 1681 2005 1726 et
2043 1671 2280 1725 cmlestis
2310 1671 2454 1736 regni
2488 1670 2683 1739 jannas
2709 1671 2950 1738 aperuit;
2999 1670 3087 1725 ille
3116 1686 3199 1725 me
3245 1687 3341 1740 per
3370 1671 3531 1726 mise-

1951 1761 2237 1816 ricordiant
2267 1776 2419 1815 suam
2444 1760 2655 1814 salvare
2691 1768 2747 1814 et
2776 1777 3104 1817 conservare
3145 1762 3428 1832 dignetur;
3475 1771 3531 1818 et

284 1859 449 1922 teque
494 1855 828 1925 negantium,
869 1854 961 1925 qui
1013 1854 1225 1909 tandem
1274 1857 1518 1912 conversi
1564 1859 1851 1928 pristinam
1884 1845 2075 1919 Bpost
2122 1851 2283 1904 tinent
2333 1848 2496 1917 hujus
2547 1849 2672 1903 vitae
2721 1850 2969 1918 labentis,
3031 1852 3267 1922 aliquam
3320 1861 3527 1922 partem
3610 1932 3613 1937 Ι

281 1943 597 2000 meruerunt
641 1962 736 2017 per
764 1957 850 2001 tua
899 1945 1152 2017 sud‘ragia
1201 1963 1315 2003 sua:
1344 1950 1547 2006 mentis
1578 1950 1857 2021 integrita-

284 2036 412 2095 tem,
439 2032 563 2089 licet.
594 2036 694 2091 sim
722 2036 954 2114 amplius
980 2046 1253 2106 peccator,
1281 2054 1444 2109 quam
1473 2040 1644 2108 possit
1674 2039 1855 2109 lingua

284 2135 408 2176 mea
430 2122 677 2178 conﬁteri
704 2141 718 2177 :
746 2126 882 2194 proh
908 2125 1097 2180 dolor!
1126 2125 1276 2196 plura
1308 2136 1436 2181 sunt
1465 2135 1681 2194 peccata
1712 2138 1855 2193 mea,

276 2228 446 2283 quam
476 2214 567 2268 vix
605 2230 827 2269 numero
855 2216 1063 2291 possint
1101 2216 1507 2285 comprehendi.
1562 2216 1626 2272 Et
1664 2233 1853 2287 quam-

278 2301 366 2358 vis
392 2300 781 2371 professionem
812 2290 1237 2362 Christianitatis
1265 2305 1441 2362 minus
1477 2309 1625 2362 recte
1665 2309 1852 2363 obser-

278 2390 523 2445 vaverim
549 2401 668 2461 post
712 2392 1061 2463 baptismum,
1088 2404 1265 2448 tamen
1304 2409 1576 2463 nunquam
1607 2396 1658 2449 iIt
1684 2400 1849 2467 nega-

266 2479 450 2535 tionis
474 2478 683 2534 foveam
712 2479 874 2537 corde
899 2482 979 2536 vel
1007 2496 1103 2536 ore
1132 2481 1315 2536 incidi.
1346 2481 1709 2553 omnipotenti
1741 2484 1851 2540 Deo

282 2571 507 2642 gratias,
540 2571 630 2641 qui
665 2586 751 2625 nte
806 2572 975 2626 tenuit
1018 2570 1121 2626 tuis
1150 2572 1356 2626 sanctis
1379 2573 1737 2629 orationibus.
1767 2575 1850 2629 Ad

282 2661 389 2715 hoc
431 2671 482 2716 te
524 2661 664 2716 Deus
711 2661 853 2725 fecit,
888 2671 945 2715 ut
979 2677 1280 2731 speramus,
1326 2663 1410 2717 sai
1461 2673 1734 2729 matrem;
1794 2674 1850 2719 ut

280 2761 458 2807 mater
504 2750 617 2807 ﬁeri
667 2752 890 2807 deberes
922 2753 1163 2807 omnium
1214 2754 1267 2807 in
1316 2769 1439 2808 eum
1493 2756 1846 2821 credentium,

280 2857 390 2911 quo
416 2858 475 2897 se
509 2852 717 2914 patrem
744 2850 842 2897 nos
859 2842 1026 2911 jussit
1058 2843 1318 2898 vocitare.
1432 2904 1438 2909 ,
1521 2906 1525 2912 ρ

354 2932 492 2998 Quid
534 2948 771 3002 unquam
818 2944 995 3003 potest
1023 2918 1253 3001 dignius
1278 2935 1559 3002 :estimari,
1596 2952 1759 3007 quam
1791 2946 1850 2992 ιιι

277 3023 359 3077 sis
408 3033 580 3077 mater
622 3040 848 3094 quorum
878 3025 1124 3083 Christus
1173 3028 1424 3098 dignatur
1450 3045 1571 3084 esse
1618 3040 1769 3100 pater
1795 3041 1848 3085 et

283 3114 470 3169 frater.
516 3115 634 3186 Ipse
666 3133 916 3186 namque,
948 3128 1167 3188 propter
1192 3135 1343 3174 suam
1388 3120 1659 3175 insolitam
1694 3123 1845 3176 boni-

279 3208 747 3269 tateat,‘ottmibus
784 3218 1038 3277 paternos
1067 3212 1324 3277 prtebebit
1347 3212 1616 3281 profectus
1641 3257 1657 3279 ,
1698 3215 1743 3268 si
1772 3224 1843 3279 te,

222 3362 225 3365 ν
274 3295 519 3363 domina,
550 3299 781 3352 senserit
828 3310 1101 3353 maternos
1150 3316 1254 3354 non
1298 3302 1565 3370 denegare
1601 3301 1844 3359 affectus.

273 3384 398 3452 Quo
427 3402 660 3457 namque
688 3388 845 3442 ntodo
883 3389 1009 3443 mihi
1055 3405 1158 3443 non
1188 3391 1514 3458 miserearis,
1544 3401 1715 3463 mater
1747 3395 1851 3446 Ini-

275 3476 633 3544 sericordim?
660 3477 754 3534 Ubi
785 3489 867 3531 est
893 3478 995 3533 nisi
1027 3479 1080 3531 in
1110 3480 1240 3544 Deo,
1271 3488 1326 3533 et
1354 3482 1405 3533 in
1433 3491 1507 3545 te,
1533 3496 1656 3551 spes
1686 3497 1800 3538 mea
1828 3483 1851 3536 ?

276 3566 423 3636 Ergo
451 3567 567 3622 sine
611 3577 664 3622 te
708 3568 844 3622 nihil
887 3568 1101 3636 pietatis
1128 3581 1240 3638 est,
1287 3570 1527 3641 nihilque
1568 3571 1846 3638 bonitatis,

276 3657 408 3727 quia
461 3669 631 3713 mater
665 3660 881 3714 virtutis
924 3670 977 3715 et
1021 3662 1278 3715 virtutum
1310 3678 1368 3717 es
1397 3656 1667 3717 omnium.
1705 3664 1848 3731 Qua-

277 3758 502 3820 propter
525 3749 717 3817 adjuva
747 3766 850 3815 tne,
884 3751 1122 3815 domina,
1158 3767 1368 3820 quteso;
1408 3753 1532 3821 quia
1565 3753 1698 3806 nihil
1727 3770 1843 3808 sunt

276 3849 337 3894 et
366 3840 433 3893 ad
473 3840 697 3895 nihilum
747 3858 833 3897 me
881 3852 1165 3897 venturum
1216 3844 1382 3914 278
1431 3844 1562 3909 scio,
1614 3846 1718 3900 nisi
1766 3846 1849 3900 di-

278 3931 463 4001 gneris
494 3948 579 3987 tne
629 3932 900 4002 adjuvare.
934 3934 1140 4002 Adjuva
1188 3950 1273 3989 me
1313 3951 1467 4006 ergo,
1498 3952 1595 3991 nec
1634 3939 1725 3993 uni
1757 3940 1849 3994 de-

278 4036 444 4091 neges
472 4022 812 4087 beneﬁeiunt,
846 4025 986 4093 quod
1017 4026 1270 4081 omnibus
1301 4026 1517 4083 confers
1547 4028 1706 4082 etiam
1740 4046 1845 4086 non

276 4094 485 4179 rogata.
517 4111 632 4165 Non
666 4114 838 4167 habeo
883 4130 990 4183 quo
1016 4130 1235 4184 pergam
1270 4115 1521 4171 solatium
1548 4120 1671 4172 vitae
1709 4136 1850 4188 quie-

277 4218 433 4266 rens,
475 4204 576 4257 nisi
625 4205 691 4259 ad
724 4222 882 4275 qttam
935 4222 1121 4260 omnes
1165 4207 1239 4262 rei
1289 4207 1624 4276 confugiunt.
1670 4210 1750 4264 Ad
1799 4222 1850 4266 te

274 4290 553 4361 confugio,
599 4294 723 4363 quia
758 4307 808 4349 te
858 4294 998 4349 ﬁlius
1046 4305 1168 4350 tuus
1200 4297 1455 4351 Dominus
1486 4306 1669 4353 noster
1692 4300 1848 4353 .lesns

190 4398 229 4433 μ’
276 4382 529 4439 Christus
565 4386 796 4453 providit
843 4388 996 4441 nobis
1038 4386 1301 4454 refugium
1347 4398 1467 4459 post
1513 4406 1590 4444 se.
1622 4390 1849 4461 Suscipe

278 4488 388 4536 tne,
417 4490 619 4543 oraque
655 4491 776 4530 eum
813 4487 1081 4547 quatenus
1110 4495 1194 4534 tne
1222 4480 1382 4534 talem
1414 4480 1610 4537 eiliciat
1634 4482 1846 4551 qualem
1883 4518 1925 4572 Β

279 4560 538 4630 tnejubct
569 4565 716 4632 ﬁeri;
751 4583 848 4621 nec
874 4568 1072 4624 diutius
1103 4571 1241 4623 sinat
1278 4572 1449 4637 decipi
1485 4576 1845 4643 suggestioni-

249 4652 381 4708 obus
402 4654 721 4719 dmmonum,
754 4658 846 4711 sed
890 4658 1051 4713 faciat
1076 4674 1170 4712 sua
1204 4661 1423 4729 pietate,
1454 4674 1648 4732 tuaque
1680 4664 1847 4718 inter-

275 4744 526 4801 cessione
569 4762 654 4799 me
699 4748 775 4801 sic
826 4746 927 4801 irui
986 4752 1263 4818 temporali
1310 4752 1437 4817 vita,
1490 4768 1597 4821 quo
1641 4756 1841 4821 possim

275 4844 535 4889 teternam
568 4839 842 4906 consequi,
897 4838 1010 4899 ipso
1049 4840 1361 4921 auxiliante,
1406 4843 1494 4912 qni
1526 4858 1648 4896 cum
1681 4843 1842 4899 Patre

273 4935 331 4979 et
361 4924 561 4995 Spiritu
610 4940 795 4983 sancto
826 4930 955 4984 vivit
982 4938 1037 4983 ct
1079 4943 1262 5001 regnat
1290 4949 1385 5002 per
1424 4934 1601 5003 omnia
1644 4936 1840 4989 Stceula

274 5016 612 5070 seculorum.
647 5018 839 5075 Amen.

1957 1949 2171 1994 aeternae
2193 1938 2833 2011 beatitudinis‘precibus
2866 1943 2973 1999 tuis
3008 1944 3061 1998 in
3100 1954 3411 2000 sanctorum
3441 1959 3527 2002 so-

1954 2028 2155 2085 cietate
2184 2028 2468 2084 concedat.
2502 2074 2505 2075 ν

2239 2117 2494 2175 ouA'no
2534 2120 2696 2176 xux
2737 2121 2831 2194 [οι.
2865 2120 3096 2196 XLVIII]
3130 2122 3243 2177 ιιι».

2014 2280 2017 2289 ’
2376 2224 2442 2263 ΑΙ)
2479 2224 2696 2266 εΑιοει
2732 2226 2822 2265 νει
2860 2226 3101 2265 ΙΔΊἪΕΙ.
3417 2270 3423 2281 1

2022 2297 2326 2369 Singularis
2368 2300 2570 2365 meriti,
2623 2301 2739 2356 sola
2787 2304 2907 2357 sine
2955 2301 3224 2373 exemplo,
3273 2309 3446 2359 mater
3474 2313 3571 2370 et_

1953 2390 2106 2458 virgo
2147 2388 2337 2455 Maria,
2390 2402 2553 2459 quam
2586 2391 2726 2447 Deus
2770 2393 2843 2446 ita
2890 2401 3072 2448 mente
3098 2404 3153 2449 et
3193 2407 3423 2465 corpore
3448 2397 3530 2450 in-

1950 2480 2205 2535 violatam
2234 2478 2525 2533 custodivit
2566 2480 2680 2545 ¹⁸⁸⁶,
2710 2467 2771 2536 ut
2792 2482 2950 2552 digna
2987 2482 3274 2548 existeres,
3304 2499 3371 2539 ett
3412 2499 3535 2553 qua

1953 2558 2052 2629 sibi
2082 2584 2287 2632 nostrae
2323 2574 2707 2644 redemptionis
2741 2576 2968 2642 pretium
3008 2576 3100 2630 Dei
3127 2575 3297 2630 Filius
3324 2591 3535 2646 corpus-

1952 2677 2202 2735 aptaret:
2241 2669 2466 2723 obsecro
2514 2676 2586 2731 te,
2636 2666 3167 2749 misericordissima,
3217 2682 3313 2735 per
3359 2682 3528 2735 quant

1954 2768 2098 2813 totus
2124 2757 2362 2813 salvatus
2389 2767 2471 2813 est
2499 2757 2749 2821 Inumlus,
2782 2756 3053 2811 interccde
3082 2772 3178 2827 pro
3224 2773 3310 2811 me
3341 2757 3526 2813 miser-

1955 2849 2092 2903 rinto
2124 2848 2213 2881 ¹¹⁸¹
2244 2858 2298 2903 et
2324 2848 2536 2904 cunctis
2567 2846 2943 2918 iniquitatibus
2971 2846 3176 2902 fwdato
3210 2848 3325 2913 ⁸⁵⁸³,
3356 2858 3412 2902 ιιι
3442 2847 3529 2902 vel

1945 2937 2057 3007 jam
2097 2940 2259 2995 donet
2291 2940 2574 2997 .Dominus
2621 2937 2821 2997 infelici
2867 2936 3062 2990 anima:
3111 2952 3244 2991 meae
3285 2948 3527 3001 amorem

1951 3032 2219 3100 puritatis,
2281 3030 2525 3084 allectum
2590 3028 2888 3090 munditiae,
2943 3035 3181 3099 tenorem
3238 3028 3524 3081 castitatis.
3602 3062 3603 3065 η

1953 3123 2063 3192 Ego
2092 3123 2258 3186 enim,
2287 3137 2385 3192 ego
2413 3120 2617 3185 infelix,
2654 3134 2753 3190 ego
2786 3119 2948 3172 totius
2976 3118 3319 3181 innocentiae,
3357 3119 3525 3172 totius

1952 3212 2320 3268 sanctimoniae
2368 3213 2597 3282 gratiam
2662 3209 2911 3278 perdidi;
2968 3224 3067 3279 ego
3128 3209 3378 3278 templum
3432 3208 3525 3261 Dei

1949 3315 2193 3359 sanctum
2230 3302 2595 3371 multipliciter
2622 3301 2835 3355 violavi.
2871 3299 2980 3355 Sed
3014 3301 3141 3369 quid
3170 3316 3303 3370 ago,
3336 3300 3525 3354 obsccs-

1951 3396 2151 3449 uitales
2193 3408 2339 3447 meas
2389 3392 2631 3447 referens
2671 3390 2892 3444 auribus
2938 3371 3201 3443 illibatis?
3232 3378 3519 3454 Horresco,

1951 3486 2190 3549 domina,
2248 3485 2539 3547 horresco;
2602 3491 2657 3536 et
2705 3490 2965 3551 arguente
3020 3495 3106 3535 me
3166 3480 3523 3544 conscientia,

1951 3578 2090 3631 male
2119 3577 2292 3630 nudus
2323 3590 2506 3629 coram
2551 3584 2600 3625 te
2642 3571 2923 3626 erubesco.
2956 3566 3071 3627 Cui‘
3085 3586 3213 3625 vero
3246 3570 3525 3625 moribun-

1949 3666 2049 3719 dus
2089 3664 2308 3717 offerant
2352 3662 2542 3716 vulnus
2576 3662 2804 3728 meum?
2840 3662 2922 3716 Ad
2952 3677 3112 3731 quem
3144 3660 3250 3726 ibo,
3299 3668 3353 3715 et
3382 3659 3523 3730 apud

1948 3770 2104 3823 quem
2128 3752 2416 3822 deplorabo
2446 3751 2685 3806 dolorem
2716 3766 2892 3805 Ineunt
2912 3792 2924 3814 ,
2952 3760 3043 3804 aut
3070 3750 3285 3820 quando
3309 3750 3524 3803 aliunde

1948 3858 2158 3912 sperem
2198 3842 2459 3898 beneﬁcia
2507 3841 2775 3906 sanitatis,
2826 3842 2868 3896 si
2918 3841 3046 3905 mihi
3078 3840 3346 3895 clauditur
3390 3839 3521 3893 illud

1953 3935 2167 3989 unicum
2206 3934 2609 3987 reclinato‘rium
2654 3942 2871 3987 (eterna:
2906 3933 3163 4001 pietatis?
3195 3932 3330 3986 Audi
3368 3946 3519 4002 ergo,

1952 4024 2191 4087 domina,
2237 4018 2359 4078 audi
2390 4023 2641 4093 propitia,
2681 4025 2802 4078 audi
2842 4034 2896 4078 et
2922 4026 3112 4078 exaudi
3147 4024 3320 4078 civem
3345 4025 3523 4093 perdi-

1951 4126 2061 4169 tutn
2094 4117 2157 4169 de
2186 4125 2333 4171 sorte
2361 4116 2689 4170 harreditatis
2716 4126 2819 4170 tua:
2853 4115 2943 4148 ¹⁸³³
2975 4109 3095 4185 post
3119 4114 3275 4185 longa
3300 4115 3520 4179 exsilia,
3604 4150 3605 4153 η

1952 4216 2074 4275 post
2110 4206 2263 4276 longa
2292 4206 2553 4275 suspiria,
2589 4215 2711 4275 post
2742 4221 2881 4261 saeva
2908 4205 3160 4276 ludibria,
3192 4214 3314 4274 post
3344 4206 3510 4259 multa

1952 4295 2237 4366 supplicia,
2293 4306 2650 4352 revertentem
2696 4295 2788 4327 ’⁵⁸⁸
2818 4297 2883 4349 ad
2924 4296 3088 4350 ubera
3134 4295 3521 4349 consolationis

1954 4397 2075 4441 ΗΠΒ.

2024 4478 2236 4532 Memini
2275 4487 2330 4531 et
2358 4478 2667 4533 meminisse
2703 4476 3019 4532 delectabile
3048 4476 3427 4545 est,'qualiter
3452 4477 3520 4531 ad

1953 4567 2436 4624 commendandum
2487 4569 2699 4623 miseris
2748 4568 2840 4600 ’⁸⁸⁸
2900 4567 3115 4621 unicum
3165 4564 3521 4636 patrocinium

1957 4670 2126 4728 tuum,
2156 4660 2366 4714 cuidam
2394 4668 2483 4714 tuo
2517 4675 2673 4714 servo
2698 4660 2874 4730 agenti
2901 4659 2954 4713 in
2986 4658 3245 4714 extremis
3274 4656 3519 4712 rerelasti

1954 4752 2306 4805 memorabile
2348 4766 2540 4805 nomen
2588 4760 2757 4804 tnutn.
2798 4752 3075 4821 Apparens
3105 4750 3247 4803 enim
3280 4749 3349 4809 ei,
3397 4765 3519 4803 eum

1950 4850 2094 4895 esset
2123 4842 2173 4895 in
2205 4843 2485 4912 angustiis,
2530 4853 2579 4897 et
2614 4844 2892 4911 requirens
2933 4851 3109 4896 utrum
3142 4852 3196 4896 te
3227 4841 3318 4879 “'1‘
3344 4856 3519 4911 agne-

1949 4943 2145 4998 sceret,
2179 4948 2299 4986 cum
2347 4934 2456 4998 ille,
2500 4936 2726 4998 minime,
2757 4936 2988 5001 domina,
3028 4943 3263 4987 tremens
3296 4949 3519 5002 reSpOIt-
3556 4952 3559 4953 '

1947 5026 2115 5089 deret,
2148 5035 2199 5077 tu
2234 5024 2281 5078 ei
2311 5040 2407 5093 pro
2444 5026 2773 5095 benignitate
2806 5033 2892 5079 tua
2918 5041 3078 5097 quam
3111 5023 3326 5091 blande,
3354 5041 3517 5095 quant

1552 5175 1780 5233 VARIAZ
1816 5176 2233 5263 LECTIONES.

234 5382 239 5383 ί
354 5313 443 5345 ⁵⁸³⁸
473 5312 674 5387 (Iollam
711 5324 782 5387 est
835 5332 952 5367 cum
1009 5313 1112 5387 Ms.
1152 5313 1483 5387 Qibliotlte‘cn'
1525 5316 1915 5387 Sim-Germani
1957 5336 1986 5369 a
2036 5316 2471 5387 Pratisguumero
2515 5317 2636 5387 545.
2685 5317 2770 5369 ubi
2808 5317 2995 5387 legitur
3022 5319 3156 5371 inter
3180 5321 3350 5372 varias
3396 5339 3515 5375 oru-

276 5387 447 5456 tiongs
478 5384 585 5436 sine
613 5385 1081 5456 uomitteuattctoris
1114 5427 1125 5439 .
1152 5384 1213 5437 Et
1243 5401 1358 5437 eum
1394 5384 1495 5456 Ms.
1542 5385 1771 5439 Vat-(uc.
1811 5389 1898 5439 ubi
1936 5386 2123 5456 legitur
2158 5385 2253 5439 sub
2288 5386 2492 5439 nomine
2528 5386 2764 5439 Mam-itii
2812 5384 3056 5456 Episcopi
3097 5387 3514 5453 Rat/tantaqensis

278 5455 373 5485 ⁸⁸⁸⁸⁵
391 5453 624 5525 Corpore
644 5452 1278 5525 custodivgitmseorpore
1300 5455 1607 5508 inviolatam
1633 5457 1928 5511 custodivit
1973 5456 2063 5487 ¹⁸⁵⁸
2081 5454 2378 5510 Miserrimo
2401 5472 2498 5509 ms.
2528 5457 2724 5510 misero
2736 5452 3017 5525 peccatore
3093 5457 3181 5487 ¹⁸³²
3198 5452 3513 5525 EmdiSsimo

278 5540 381 5596 Ius.
414 5524 625 5577 l'atdato.
658 5540 753 5596 ms.
796 5520 1027 5596 Val-lue.
1056 5520 1215 5579 foedo.
1250 5523 1406 5596 ani
1448 5528 1683 5593 pondere
1711 5537 2051 5594 peccatorum
2086 5534 2418 5596 praegravan
2451 5541 2575 5578 mss.
2620 5520 2859 5579 omittunt
2898 5528 3006 5579 IIa'c
3099 5526 3189 5557 ’⁸³³
3223 5524 3513 5596 lltet'cr'ita-

282 5594 357 5663 tis
398 5608 505 5663 sum
532 5608 653 5643 mss.
708 5592 1036 5663 hrercditatis
1069 5604 1171 5648 tua:
1246 5594 1336 5625 '5“
1363 5592 1493 5648 PoSt
1520 5610 1656 5648 szeva
1687 5592 1937 5658 ludibria,
1967 5592 2097 5663 post
2126 5592 2291 5648 multa
2315 5593 2513 5663 ﬂagitia
2550 5606 2905 5650 revertentem
2941 5612 3035 5646 ms.
3077 5604 3191 5663 post
3231 5595 3383 5663 longa
3424 5615 3513 5651 su-

280 5661 456 5735 spiria
480 5670 598 5735 post
634 5664 803 5735 multa
829 5661 1083 5730 supplicia
1120 5674 1479 5718 revertentem
1505 5682 1599 5735 ms.
1646 5664 1871 5718 Val-luo.
1908 5661 2028 5733 post
2054 5680 2191 5719 saeva
2225 5661 2450 5721 ludibria
2485 5674 2605 5735 post
2636 5665 2798 5720 multa
2848 5661 3102 5732 supplicia
3151 5661 3509 5729 revertentem

284 5731 377 5763 ⁸⁸⁸⁸
415 5729 575 5787 Nobis
625 5732 836 5785 miseris
868 5729 988 5786 niis.
1017 5735 1180 5789 0min.
1228 5736 1378 5789 nobis
1423 5736 1511 5766 ’⁵⁵⁸
1546 5734 1717 5791 Unum
1754 5745 1802 5789 te
1833 5729 1928 5790 ms.
1961 5746 2136 5791 utrum
2168 5744 2217 5792 te
