4200 6266
412 376 555 443 ⁷957

1850 376 2257 436 ΟΠΛἸῚΟΝΕΞ.

2960 444 2993 499 ἢ
3593 379 3697 439 958

441 497 670 571 cepisti;
698 511 806 554 non
834 506 914 555 est
943 496 1281 568 justiﬁcatio,
1315 495 1420 552 nisi
1450 509 1609 566 quam
1636 504 1689 553 tu
1720 496 1927 566 integra
1956 495 2010 548 in
2042 499 2094 561 Ας
2187 491 2376 564 Magne
2422 492 2670 557 Domine,
2710 501 2767 547 tu
2814 491 2998 551 ποειεὲ
3040 492 3212 563 major
3258 491 3453 557 frater,
3502 512 3693 568 magna

441 600 599 647 utero
630 587 840 657 fovisti;
880 605 983 645 non
1029 599 1114 646 est
1154 590 1321 655 salus,
1368 588 1471 645 nisi
1509 603 1710 659 quam,
1751 597 1805 643 tu
1842 588 2017 654 virgo,

441 680 717 752 peperisti.
771 681 931 751 Ergo,
968 696 1001 736 0
1037 668 1276 747 domina,
1323 689 1499 741 mater
1530 695 1590 736 es
1612 677 2019 750 justiﬁeationis

440 779 494 825 et
517 767 956 837 jnstilicatorum,
993 768 1225 841 genitrix
1260 783 1320 825 es
1353 768 1807 834 reconciliationis
1842 774 2019 823 etre-

436 861 868 925 eoneiliatorum,
917 876 1115 930 parens
1157 877 1215 917 es
1244 860 1431 916 salutis
1471 846 1541 915 et
1573 859 1927 917 salvatorum.
1971 854 2017 912 Ο

437 949 597 1007 beata
644 950 876 1017 ﬁducia!
930 966 962 1005 0
1002 959 1173 1005 tutum
1216 949 1516 1021 refugium!
1572 950 1749 1004 Mater
1792 948 1885 1003 Dei
1932 958 2016 1003 est

436 1036 614 1096 mater
643 1050 861 1106 nostra;
888 1048 1059 1094 mater
1083 1040 1203 1110 ejus
1227 1042 1279 1097 in
1304 1041 1397 1074 ¹⁶⁸⁹
1431 1056 1537 1112 quo
1562 1040 1677 1095 solo
1706 1053 2011 1108 speramus,

436 1140 491 1187 et
518 1147 676 1202 quem
719 1130 890 1187 solum
930 1133 1197 1197 timemus,
1224 1143 1308 1189 est
1349 1145 1521 1188 mater
1559 1142 1772 1196 nostra;
1818 1138 2011 1195 mater,

438 1210 678 1294 inquam,
708 1221 826 1291 ejus
852 1224 943 1293 qui
975 1224 1119 1280 solus
1145 1224 1337 1290 salvat,
1362 1224 1511 1280 solus
1533 1225 1777 1289 damnat,
1800 1231 1886 1278 est
1906 1236 2014 1276 ma-

436 1320 523 1368 ter
558 1322 762 1369 nostra.

504 1402 636 1470 Sed,
678 1416 714 1457 o
748 1401 1028 1459 benedicta
1066 1410 1122 1458 et
1148 1402 1380 1459 exaltata
1412 1417 1519 1457 non
1562 1402 1659 1457 tibi
1684 1401 1805 1466 soli,
1834 1400 1930 1459 sed
1956 1411 2011 1457 et

432 1491 590 1560 nobis
607 1491 823 1561 quidem
853 1491 946 1524 "9'
979 1507 1141 1561 quam
1167 1506 1441 1567 magnum,
1473 1507 1635 1562 quam
1656 1492 1887 1547 amabile
1918 1492 2007 1533 “1"

432 1587 518 1637 est
544 1581 689 1649 quod
720 1580 877 1637 video
911 1597 1008 1651 per
1052 1590 1103 1636 te
1148 1582 1370 1636 evenire
1416 1582 1593 1646 nobis,
1631 1582 1774 1651 quod
1820 1582 2009 1639 videns

428 1671 656 1741 gaudeo,
681 1662 823 1743 quod
852 1673 1092 1743 gaudens
1120 1672 1299 1727 dicere
1330 1687 1439 1728 non
1470 1674 1662 1729 audeo.
1694 1672 1751 1727 Si
1781 1674 1924 1727 enim
1951 1682 2003 1728 tu

428 1760 646 1839 domina
673 1776 735 1817 es
764 1771 936 1815 mater
963 1760 1098 1830 ejus,
1122 1777 1299 1817 nonne
1326 1772 1379 1819 et
1404 1763 1494 1817 alii
1528 1763 1620 1817 filii
1641 1764 1718 1839 tui
1747 1773 1874 1817 sunt
1897 1763 2004 1817 fra-

2119 583 2353 650 domina,
2392 591 2448 639 tu
2486 592 2669 639 nostra
2710 583 2903 641 melior
2933 597 3127 650 mater,
3172 584 3365 642 docete
3390 600 3489 644 eor
3516 601 3695 643 meum

2118 689 2224 744 qua
2276 676 2578 732 reverentia
2630 690 2725 732 vos
2765 676 2964 751 debeat
3009 678 3269 747 cogitare.
3307 676 3457 736 Bone
3504 686 3584 747 ur,
3639 687 3701 736 et

2116 765 2255 833 bona
2280 776 2369 832 tu;
2393 766 2567 833 dulcis
2588 776 2669 833 tu,
2700 776 2756 823 et
2783 766 2959 825 dulcis
2984 774 3038 822 tu
3066 767 3228 823 dicite
3256 779 3313 823 et
3334 769 3459 835 date
3496 768 3694 826 anima

2117 870 2270 926 mem,
2297 871 2407 925 quo
2430 856 2623 913 atl'ectu
2658 871 2753 913 vos
2784 858 3138 912 memorando
3175 858 3243 912 de
3281 859 3431 913 vobis
3457 861 3693 916 delecte—

2119 957 2226 1014 tur,
2275 946 2592 1012 delectando
2627 947 2972 1017 jucundetur,
3009 950 3359 1020 jucundando
3395 952 3695 1022 impingue-

2118 1047 2224 1091 tur.
2257 1037 2591 1108 lmpinguate
2615 1026 2669 1094 et
2694 1040 3006 1095 succendite
3050 1040 3143 1072 "'7
3176 1054 3297 1094 eam
3346 1050 3525 1094 vestra
3561 1042 3695 1096 dile-

2114 1131 2319 1195 ctione;
2373 1138 2557 1186 vestro
2605 1131 2698 1206 ’τοτ’
2751 1130 3008 1185 continuo
3052 1146 3238 1193 amore
3292 1131 3549 1202 langueat
3600 1146 3739 1195 cui“

2112 1230 2322 1288 meum,
2347 1219 2629 1292 liqueﬁunt
2658 1221 2841 1276 omnia
2869 1236 2993 1276 ossa
3023 1222 3283 1288 mea-‘7”,
3313 1222 3533 1278 deﬁciat
3564 1238 3694 1279 caro

2110 1325 2253 1364 mea.
2291 1309 2523 1381 Utinam
2558 1310 2637 1366 sic
2664 1311 2870 1367 viscera
2900 1308 3094 1366 animze
3122 1326 3255 1369 mete
3283 1313 3424 1373 dulci
3477 1312 3693 1368 fervore

2110 1409 2303 1455 vestrm
2321 1399 2630 1456 dilectionis
2642 1399 3022 1467 exardeseant,
3042 1408 3101 1454 ut
3122 1401 3327 1457 viscera
3347 1403 3528 1465 carnis
3550 1419 3688 1459 metu

2108 1499 2454 1546 exarescant:
2482 1489 2702 1548 Utinam
2720 1491 2805 1547 sic
2828 1490 3016 1545 intima
3039 1490 3263 1561 spiritus
3274 1492 3377 1549 mei
3399 1494 3689 1558 dulcedine

2106 1586 2273 1642 vestri
2298 1584 2523 1642 allectus
2544 1584 2640 1617 ⁸⁷³⁸
2664 1585 3050 1657 impingitetur,
3086 1594 3144 1641 ut
3168 1585 3411 1641 medullae
3440 1588 3689 1659 corporis

2108 1679 2211 1735 mei
2241 1678 2586 1735 exsiccentur
2606 1680 2621 1733 !

2180 1769 2403 1827 Domine
2432 1770 2531 1825 Fili
2566 1770 2795 1824 dominre
2828 1784 2980 1833 meae,
3017 1770 3237 1825 domina
3274 1779 3447 1824 mater
3474 1771 3688 1826 Domini

430 1838 541 1905 tres
567 1848 722 1918 ejus!
762 1850 868 1905 Sed
910 1852 1023 1920 quis
1051 1852 1272 1919 fratres,
1322 1861 1377 1907 et
1429 1850 1582 1935 cujus
1632 1852 1771 1922 ejus,
1818 1853 2007 1923 loquar
2040 1850 2082 1903 Β
2110 1859 2232 1920 mei.
2276 1859 2319 1913 si
2346 1874 2445 1930 ego
2482 1874 2588 1912 non
2622 1874 2740 1913 sum
2789 1860 2979 1927 dignus
3009 1860 3097 1928 qui
3130 1862 3211 1915 sic
3249 1861 3474 1915 debeam
3507 1872 3689 1918 vestro

430 1941 575 1994 unde
622 1941 715 1973 “9‘
756 1942 1086 2011 jucundatnr
1113 1958 1209 1999 eor
1250 1959 1458 2007 meum;
1503 1960 1570 1998 an
1610 1943 1805 2009 silebo,
1838 1959 1907 2000 ne
1936 1943 2005 2000 de

426 2026 660 2085 elatione
686 2031 778 2063 ““
806 2042 1063 2103 arguatur
1088 2047 1151 2089 os
1179 2048 1354 2087 meum
1383 2032 1508 2086 “9‘?
1539 2032 1644 2088 Sed
1671 2035 1812 2102 quod
1843 2035 2005 2089 credo

424 2123 676 2187 amando,
703 2139 803 2178 cur
822 2140 927 2178 non
956 2124 1255 2179 confitebor
1282 2126 1585 2181 laudando?
1622 2127 1805 2180 Dicam
1840 2126 2005 2194 igitur

331 2259 335 2262 .
424 2226 533 2266 non
565 2213 945 2282 superbieudo,
971 2214 1063 2268 sed
1090 2216 1291 2285 gratias
1313 2216 1543 2284 agendo.
1570 2215 1669 2281 Qui
1701 2215 1845 2269 enim
1872 2213 2002 2270 fecit

423 2314 481 2359 ut
514 2303 626 2372 ipse
657 2318 754 2373 per
784 2313 1081 2377 maternam
1114 2307 1515 2373 generationem
1552 2307 1824 2376 particeps
1853 2318 2000 2362 esset

372 2468 375 2471 _
420 2401 627 2447 natura:
665 2392 756 2424 “”
790 2403 1011 2467 nostr:e,
1059 2403 1113 2447 et
1156 2410 1254 2449 nos
1297 2410 1393 2463 per
1423 2387 1554 2449 vitae
1603 2397 1998 2453 restitutionem

420 2498 666 2539 essemus
710 2483 803 2539 ﬁlii
854 2486 1042 2561 matris
1085 2485 1199 2554 ejus
1242 2486 1354 2552 ωε,
1389 2488 1502 2557 ipse
1539 2503 1637 2543 nos
1681 2489 1894 2556 invitat,
1942 2500 2001 2544 ut

420 2575 780 2631 confiteantur
807 2590 904 2631 nos
945 2575 1143 2631 fratres
1170 2576 1261 2609 ¹⁸⁹⁷
1289 2576 1425 2645 ejus.
1457 2578 1599 2648 Ergo
1618 2578 1781 2649 judex
1815 2583 1999 2634 noster

416 2673 503 2722 est
523 2664 691 2720 frater
716 2675 925 2731 uoster;
960 2665 1207 2721 Salvator
1238 2668 1420 2722 mundi
1453 2668 1543 2699 ¹⁸⁹⁸
1568 2677 1653 2723 εει
1685 2668 1855 2723 frater
1897 2683 1999 2723 no-

420 2748 560 2823 ster;
606 2757 839 2826 denique
881 2757 1022 2812 Deus
1071 2769 1257 2812 noster
1287 2766 1371 2813 est
1410 2757 1586 2814 factus
1630 2773 1727 2827 per
1774 2757 1998 2812 Mariam

416 2847 582 2903 frater
634 2861 836 2904 noster.
877 2848 994 2916 Qua
1026 2849 1189 2917 igitur
1217 2849 1541 2904 certitudine
1584 2848 1842 2903 deben‘ius
1880 2865 1998 2919 spe-

419 2952 563 3004 rare,
616 2952 722 3007 qua
769 2938 1138 2992 consolatione
1166 2937 1258 2968 ¹⁶⁹⁹
1286 2953 1571 3007 possumus
1621 2939 1831 3005 timere,
1864 2954 1998 3008 quo-

419 3043 538 3081 rum
581 3027 694 3082 sive
724 3028 892 3093 salus,
923 3028 1036 3082 sive
1065 3028 1361 3093 damnatio,
1401 3029 1466 3084 de
1508 3030 1632 3083 boni
1665 3028 1848 3084 fratris
1879 3030 1994 3096 ‘7”,

417 3117 557 3172 etde
586 3117 686 3187 pia:
712 3118 903 3173 matris
918 3122 1152 3188 pendent
1174 3120 1430 3174 arbitrio!
1464 3120 1578 3187 Quo
1604 3121 1767 3174 etiam
1800 3121 1991 3176 affectu

2110 1963 2294 2002 amore
2343 1947 2664 2012 beatiﬁcari,
2713 1958 2859 2002 certe
2899 1963 2993 2003 vos
3025 1950 3111 1980 ¹⁷¹¹
3147 1966 3250 2004 non
3298 1950 3428 2005 estis
3458 1950 3683 2021 indigni,

2108 2038 2199 2105 qui
2241 2038 2341 2101 sic,
2390 2037 2498 2093 imo
2538 2038 2630 2069 ¹⁷¹²
2678 2037 2794 2108 plus
2830 2038 3069 2093 debeatis
3112 2040 3302 2093 amari.
3338 2041 3500 2115 Ergo,
3534 2042 3689 2097 beni-

2107 2129 2372 2200 gnissimi,
2408 2143 2475 2183 ne
2502 2130 2582 2185 sic
2621 2130 2899 2199 denegetis
2939 2131 3065 2183 mibi
3111 2131 3312 2199 petenti
3353 2131 3406 2185 id
3442 2146 3550 2201 quo
3596 2148 3685 2186 mc

2106 2220 2370 2276 conﬁteor
2398 2221 2698 2292 indignum,
2731 2232 2789 2275 ut
2820 2222 3099 2287 auferatur
3126 2210 3276 2275 rubis
3320 2221 3373 2276 id
3403 2208 3510 2289 qtio
3534 2224 3682 2277 certe

2106 2327 2200 2365 vos
2241 2327 2438 2382 negare
2468 2326 2572 2367 non
2610 2312 2837 2381 potestis
2880 2312 3090 2381 dignos.
3133 2312 3265 2365 Date
3316 2312 3517 2383 itaque,
3554 2313 3715 2383 νῆα-⁷

2104 2401 2247 2466 simi,
2296 2401 2439 2465 date,
2472 2401 2719 2467 obsecro,
2770 2401 3086 2470 supplicanti
3128 2400 3323 2477 animae
3369 2416 3520 2464 mem,
3571 2418 3680 2458 non

2104 2504 2321 2562 propter
2363 2492 2613 2547 meritum
2662 2506 2861 2557 meum,
2904 2491 2997 2545 sed
3040 2500 3263 2561 pr0pter
3291 2491 3541 2544 meritum
3590 2508 3680 2546 ve-

2102 2591 2305 2647 strum;
2336 2581 2458 2636 date
2480 2579 2553 2635 illi
2579 2588 2781 2649 quanto
2804 2580 2947 2649 digni
2971 2579 3120 2639 estis.
3148 2594 3385 2633 amorem
3413 2589 3673 2633 vestrum.

2106 2673 2257 2739 Date,
2286 2671 2528 2741 inquam,
2562 2669 2689 2725 mihi
2722 2684 2841 2743 quo
2867 2662 2984 2743 sum
3019 2668 3111 2699 ⁸⁷³³
3163 2668 3434 2739 indignus,
3470 2678 3524 2721 ut
3560 2671 3681 2723 red-

2103 2762 2264 2815 datur
2306 2760 2457 2814 vobis
2481 2775 2588 2829 quo
2619 2758 2751 2814 estis
2786 2758 2880 2790 ‘7“
2904 2758 3071 2830 digni.
3121 2757 3178 2812 Si
3207 2758 3350 2812 enim
3378 2774 3483 2813 non
3511 2757 3675 2813 vultis

2103 2853 2256 2917 dare,
2290 2860 2350 2906 ut
2378 2852 2605 2905 habeam
2652 2850 2794 2919 quod
2839 2849 3112 2915 desidero,
3149 2847 3340 2904 saltem
3386 2850 3551 2905 nolite
3582 2862 3678 2905 ite-'-

2101 2958 2228 3014 gare
2252 2953 2309 2996 ut
2332 2941 2550 3002 reddam
2580 2941 2905 3017 vobisquod
2937 2940 3129 2995 debeo.
3360 2938 3373 3011 ί

2170 3032 2419 3086 Forsitan
2452 3032 2826 3102 praesumendo
2868 3030 3079 3099 loquar,
3118 3030 3212 3085 sed
3247 3031 3434 3098 utique
3460 3030 3677 3084 bonitas

2100 3132 2277 3179 vestra
2307 3121 2550 3176 facitrtue
2583 3120 2863 3173 audacem.
2886 3117 3098 3187 Loquar
3119 3135 3251 3189 ergo
3274 3120 3454 3173 adhuc
3474 3120 3543 3172 ad
3566 3119 3675 3172 Do-

414 3208 558 3263 liunc
579 3208 803 3269 fratrem
838 3221 893 3264 et
918 3210 1057 3263 hanc
1078 3220 1308 3286 matrem
1337 3225 1520 3263 amare
1551 3212 1845 3266 debemus?
1873 3214 1987 3280 Qua
2021 3184 2065 3243 ρ
2099 3212 2295 3265 miuum
2327 3225 2503 3264 meum
2534 3218 2587 3264 et
2623 3209 2895 3263 dominam
2930 3223 3106 3262 nteant
3144 3225 3261 3261 cum
3305 3208 3403 3261 sim
3428 3207 3596 3277 pulvis
3621 3218 3672 3262 et

414 3298 780 3387 familiaritate
811 3315 913 3355 nos
935 3300 1042 3357 illis
1077 3302 1512 3357 committemus?
1551 3302 1663 3369 Qua
1692 3300 1985 3367 securitate

412 3392 481 3447 ad
534 3392 653 3449 illos
695 3392 1100 3465 confugiemus?
1128 3395 1241 3461 Qua
1286 3396 1570 3451 dulcedine
1617 3396 1989 3465 cenfugientes

415 3481 504 3513 ¹⁷⁶¹
547 3483 922 3552 suscipiemur.
966 3482 1148 3537 Bonus
1178 3484 1341 3554 igitur
1366 3483 1535 3538 frater
1571 3486 1727 3539 nobis
1751 3487 1988 3542 dimittat

408 3574 551 3643 quod
577 3575 898 3644 deliquimus
926 3575 1047 3638 ¹⁷⁰²;
1074 3575 1187 3644 ipse
1214 3575 1579 3645 avertatquod
1601 3578 1985 3647 delinquentes

411 3664 728 3731 meruimus,
785 3665 899 3735 ipse
954 3666 1117 3720 donet
1164 3666 1305 3734 quod
1343 3666 1669 3735 pmnitentes
1723 3668 1977 3735 petimus.

408 3753 553 3808 Bene
583 3762 752 3809 mater
791 3766 906 3809 oret
935 3763 1003 3809 et.
1026 3765 1209 3808 exoret
1239 3769 1341 3825 pro
1373 3754 1547 3819 nobis,
1589 3754 1701 3822 ipsa
1748 3755 1984 3822 postulet

406 3856 463 3901 et
511 3845 759 3913 impetret
804 3846 946 3915 quod
999 3844 1220 3913 expedit
1272 3844 1426 3898 nobis
1472 3843 1587 3897 ⁸⁷⁰³.
1644 3844 1760 3915 ipsa
1828 3856 1980 3916 roget

408 3935 574 3990 ﬁlium
606 3952 702 4006 pro
735 3935 876 4000 ﬁliis,
902 3936 1233 4007 unigenitum
1263 3949 1359 4003 pro
1381 3929 1671 4002 adoptatis,
1703 3936 1977 3991 dominum

405 4044 504 4097 pro
532 4029 726 4082 servis.
763 4026 941 4081 Bonus
980 4026 1143 4079 Filius
1173 4026 1357 4078 audiat
1400 4038 1628 4079 matrem
1669 4042 1766 4095 pro
1798 4025 1983 4081 fratri-

402 4119 524 4185 bus,
573 4119 886 4189 Unigenitns
928 4133 1026 4188 pro
1074 4119 1159 4173 bis
1194 4133 1330 4199 quos
1368 4118 1667 4188 adoptavit,
1724 4120 1983 4177 Dominus

401 4225 499 4280 pro
552 4210 635 4263 bis
673 4226 810 4278 quos
835 4208 1104 4264 liberavit.
1137 4208 1182 4265 Ο
1226 4209 1390 4263 Maria
1425 4210 1544 4264 mu’!
1588 4220 1848 4280 quantum
1885 4211 1978 4267 tibi

401 4303 680 4365 debemus,
710 4289 923 4355 domina
972 4313 1143 4355 mater
1175 4318 1270 4371 per
1296 4318 1458 4371 quam
1495 4303 1588 4334 ¹⁷⁰⁵
1614 4304 1777 4375 282
1814 4303 1977 4358 talem

400 4386 622 4446 fratrem
654 4392 935 4447 habemus!
977 4391 1114 4458 Quid
1146 4394 1462 4462 gratiarum,
1506 4394 1634 4463 quid
1669 4393 1844 4449 laudis
1876 4395 1971 4449 tibi

394 4485 760 4541 retribuemus
773 4485 894 4539 υοθε
1344 4472 1345 4475 η
1614 4486 1617 4487 ⁷

2092 3306 2223 3358 ciuis
2263 3302 2418 3373 (Gen.
2466 3316 2630 3369 xvm,
2671 3302 2787 3373 27).
2840 3302 3064 3359 Domina
3113 3312 3169 3356 et
3207 3302 3445 3369 domina,
3493 3319 3673 3358 nonne

2096 3398 2270 3451 multo
2296 3396 2485 3451 melius
2512 3403 2595 3449 est
2628 3384 2753 3447 eum
2788 3408 2883 3448 vos
2913 3394 3080 3465 gratis
3107 3386 3322 3448 donatis
3343 3394 3436 3426 ⁸⁷⁸⁸
3465 3397 3670 3463 petenti

2095 3488 2235 3555 quod
2282 3486 2396 3555 ipse
2425 3500 2528 3538 non
2558 3495 2819 3548 meretur,
2844 3498 3004 3553 quam
3035 3498 3158 3537 cum
3189 3482 3343 3537 vobis
3384 3484 3664 3537 subtrahi-

2097 3589 2184 3635 tur
2224 3579 2370 3648 quod
2401 3578 2552 3631 vobis
2582 3577 2728 3647 juste
2758 3574 3019 3631 debetur?
3048 3575 3182 3630 Illud
3225 3576 3441 3645 qnippe'
3470 3576 3681 3645 ριωύίςη

2089 3670 2274 3724 tandm
2304 3656 2833 3731 misericordiarest,
2882 3666 3025 3721 istud
3058 3676 3143 3721 est
3182 3666 3427 3721 nefandis
3459 3666 3669 3736 injusti-
3731 3726 3735 3730 ,

2090 3761 2196 3812 the.
2226 3743 2519 3825 Impendite
2542 3756 2721 3825 igitur,
2750 3754 3001 3823 piissimi,
3030 3755 3281 3823 gratiam,
3310 3764 3368 3807 ut
3392 3755 3669 3823 recipiatis

2089 3832 2359 3913 debitumi
2404 3846 2566 3901 facite
2614 3860 2709 3900 vos
2759 3845 2890 3923 milii
2947 3844 3376 3915 misericordiam
3428 3854 3667 3900 vestram

2086 3954 2205 4009 quae
2245 3938 2374 3991 mihi
2403 3936 2619 4007 expedit
2646 3946 2698 3990 et
2728 3934 2822 3991 vos
2844 3926 3015 4009 decet,
3048 3951 3115 3990 ne
3147 3933 3343 3988 faciam
3375 3951 3474 4005 ego
3510 3937 3665 3990 vobis

2087 4024 2405 4096 iniustitiam
2435 4042 2608 4081 meam
2636 4042 2754 4096 qua:
2787 4026 2916 4080 milii
2946 4025 3239 4094 expeditet
3263 4025 3464 4079 nullum
3489 4026 3663 4081 decet.

2086 4118 2269 4189 Estote
2321 4131 2417 4171 vos
2472 4116 2603 4169 milii
2657 4114 3054 4181 misericordes,
3105 4115 3249 4183 quod
3296 4114 3521 4169 obsecro
3570 4131 3667 4172 vos

2082 4211 2194 4273 ‘7‘“,
2240 4226 2307 4265 ne
2339 4210 2439 4264 sim
2468 4224 2568 4278 ego
2599 4210 2750 4264 vobis
2774 4207 3023 4276 iniustus,
3048 4208 3190 4277 quod
3214 4223 3487 4264 exsecror.
3535 4211 3668 4280 Date

2081 4303 2173 4335 ¹⁷¹⁷
2202 4302 2431 4371 benigne
2456 4309 2509 4355 et
2535 4300 2789 4369 benigna,
2824 4316 2891 4353 ne
2932 4300 3052 4354 sitis
3083 4299 3175 4330 ¹⁷¹⁸
3203 4309 3429 4353 exoratu
3472 4300 3667 4355 difﬁci-

2078 4393 2176 4460 les,
2213 4394 2338 4447 date
2364 4393 2557 4447 anima:
2592 4391 2682 4422 ‘7"
2710 4405 2842 4444 lllCLB
2872 4405 3111 4444 amorem
3148 4391 3334 4455 vestri,
3362 4405 3523 4459 quem
3550 4393 3664 4461 ipsa

2080 4502 2184 4541 non
2208 4483 2405 4554 injuste
2430 4484 2587 4554 petit,
2618 4492 2672 4538 et
2705 4498 2800 4537 vos
2824 4480 2969 4550 justo
2992 4481 3240 4553 exigitis;
3265 4497 3331 4537 ne
3367 4481 3478 4552 ipsa
3506 4468 3663 4560 bonis

1683 4661 1916 4717 VARIAS
1958 4659 2360 4717 LECTIONES.

469 4794 558 4831 ¹⁶⁸⁹
586 4794 751 4868 Mater
769 4794 882 4863 ejus
901 4796 952 4849 in
969 4813 1093 4851 mss.
1114 4798 1234 4852 lGO.
1249 4812 1293 4851 et
1313 4798 1516 4854 Thurin.
1544 4800 1713 4855 Mater
1729 4802 1816 4855 Dei
1836 4802 1887 4855 in
1954 4802 2045 4835 ¹⁶⁹⁰
2063 4801 2227 4857 Nobis
2247 4798 2374 4868 quid
2391 4806 2475 4853 est
2505 4814 2604 4852 ms.
2622 4796 2753 4853 Vict.
2783 4796 2851 4852 16
2879 4797 3030 4868 nobis
3052 4796 3266 4868 quidem
3285 4804 3367 4848 est
3396 4792 3660 4849 mss.Val-

394 4867 499 4939 (ne.
529 4876 580 4939 et
598 4865 745 4939 flor.
780 4870 885 4919 Sed
913 4877 966 4920 et
994 4869 1150 4921 nobis
1178 4870 1390 4939 quidem
1416 4872 1704 4939 (omit.est)

1777 4872 2051 4940 “"Quam
2080 4865 2391 4924 admirabile
2416 4886 2540 4921 mss.
2569 4884 2735 4940 quam
2751 4867 2985 4940 amabile
3025 4868 3117 4901 “9’
3148 4865 3359 4934 Loqinu-
3387 4867 3523 4918 mile
3551 4883 3651 4920 ms.

410 4934 540 4988 Vict.
560 4936 647 4989 16.
665 4937 913 5003 loquatur
936 4938 1075 4992 unde
1152 4937 1245 4970 “5"
1268 4938 1345 4993 Ne
1362 4934 1594 4995 elatione
1610 4934 1728 4996 mss.
1750 4934 1945 4997 ΤΙιιιξὲι
1965 4942 2185 4997 Val-lue.
2206 4956 2271 4993 ne
2288 4943 2350 4991 de
2366 4934 2601 4993 elatione
2676 4937 2767 4970 “3"
2785 4939 3054 5007 Argttatur
3078 4953 3253 4990 meum
3280 4952 3357 5007 nis
3382 4946 3661 5007 arguatur

391 5021 453 5060 os
480 5020 655 5059 meum
726 5007 814 5036 ³⁵⁸⁵
848 5007 1002 5080 Esset
1034 5017 1236 5060 natum:
1256 5026 1389 5080 mss.
1419 5022 1559 5064 esset
1586 5014 1853 5080 particeps
1876 5023 2080 5067 natura:

2154 5008 2445 5075 “‘"Matris
2474 5025 2584 5063 sum.
2628 5024 2752 5061 mss.
2802 5005 2990 5062 matris
3034 5008 3149 5075 ejus
3244 5006 3335 5038 ¹⁶ν⁷
3379 5005 3489 5058 Non
3535 5016 3661 5060 esse

393 5085 573 5145 patres
594 5092 717 5130 mss.
734 5092 832 5129 nos
858 5075 1051 5130 fratres
1132 5079 1223 5108 ’5"
1248 5078 1496 5133 Salvator
1524 5074 1705 5134 mimdi
1734 5074 2305 5136 mss.Tlman.etCarb.
2326 5079 2571 5133 Salvator
2596 5089 2778 5132 noster
2828 5076 3044 5141 “"Qua
3063 5074 3389 5131 desolatioue
3413 5092 3656 5144 mss.qua

391 5146 758 5201 consolatione
800 5146 888 5177 ¹⁷⁰⁶
904 5146 973 5198 De
993 5146 1339 5203 bouisfratris
1354 5166 1475 5202 mss.
1496 5151 1561 5204 de
1582 5152 1701 5205 boni
1717 5153 1899 5207 fratris
1941 5153 2029 5184 ¹⁷⁰¹
2044 5150 2557 5215 Cnnfngientesmss.
2578 5148 2841 5217 fugientes
2882 5146 2973 5177 ¹⁷⁰¹
2991 5146 3140 5217 Quod
3158 5146 3514 5217 delinquimus
3527 5163 3653 5200 mss.

391 5218 531 5291 quod
553 5217 887 5291 _tleiiquimu_s
954 5218 1046 5291 "°_’
1076 5219 1496 5291 Expeditnobis
1534 5240 1654 5275 mss.
1695 5223 1848 5277 nobis
1888 5224 2138 5291 espediat
2207 5220 2299 5251 ‘7“
2328 5219 2606 5291 Fratribus
2621 5215 2761 5291 quod
2792 5218 3046 5291 Iris_qu_os
3071 5216 3345 5291 adoptavit
3372 5215 3654 5291 Dominus.

392 5302 488 5367 pro
510 5284 1247 5367 bis.quos.lilieravilliiins.
1279 5289 1446 5342 Maria
1482 5308 1603 5343 mss.
1637 5291 1903 5367 fratribus
1924 5284 2227 5362 unigenitus
2257 5306 2353 5360 pro
2381 5290 2444 5343 iis
2474 5284 2930 5367 quio_s_':i_tiopt:iv'it
2970 5287 3372 5367 Donidius-3W“)
3401 5284 3484 5367 llis
3515 5300 3652 5351 (1⁸³0³

388 5353 663 5427 liberavit.
695 5353 859 5409 Maria
939 5357 1030 5387 ¹⁷⁰⁸
1062 5358 1287 5410 Domina
1314 5374 1583 5427 perquam
1608 5379 1731 5415 mss.
1756 5364 1978 5416 Domina
2006 5353 2197 5425 mater,
2218 5353 2505 5427 perquam
2551 5359 2643 5390 ’7“
2667 5353 2782 5411 Tibi
2814 5356 3141 5410 tribuemus?
3169 5355 3261 5427 tibi
3290 5356 3650 5407 retrilmemus

392 5426 482 5495 ξ⁷⁰⁷
512 5426 573 5479 Ει
601 5427 874 5479 succedite
897 5444 1021 5479 mss.
1051 5438 1099 5480 et
1128 5425 1454 5482 succendite
1516 5431 1608 5462 ¹⁷⁰⁸
1631 5434 1763 5485 Cum
1793 5434 1954 5486 vestri
1980 5425 2285 5495 dilectione,
2311 5425 2470 5483 vestri
2503 5446 2626 5482 mss.
2657 5442 2774 5479 eam
2805 5436 2995 5484 vestra,
3015 5425 3316 5486 diluetioue,
3346 5433 3520 5495 vestro
3548 5438 3648 5495 ms.

321 5540 325 5543 .
390 5494 513 5571 Βία.
543 5510 661 5549 eam
698 5506 936 5571 vestram
960 5498 1298 5571 dilectionem
1326 5510 1506 5571 vestro
1581 5502 1673 5533 "°’
1703 5503 1968 5571 Liquetiat
1998 5503 2178 5557 anima
2212 5488 2327 5571 mea
2351 5515 2481 5571 mss.
2516 5497 2792 5571 liquefiunt
2812 5496 2988 5571 omnia
3013 5509 3323 5571 ossa‘mea“
3348 5491 3439 5571 ξ⁷¹⁰
3468 5488 3644 5570 γεειτί

388 5564 575 5617 effecta
617 5583 737 5637 mss.
776 5566 937 5620 vestri
962 5567 1185 5637 eiii-ctus
1260 5570 1349 5599 ¹⁷¹¹
1378 5568 1537 5623 Forte
1554 5585 1649 5624 vos
1672 5560 1796 5624 mss:
1823 5583 1970 5625 certe
1995 5588 2089 5627 vos
2162 5570 2253 5602 ‘7“
2286 5570 2396 5623 lnto
2437 5560 2710 5637 ejns'mss.
2754 5567 2861 5619 imo
2910 5566 3027 5636 plus
3105 5561 3364 5637 ‘7‘{_P_'il}i
3401 5560 3488 5637 (ιξιί
3522 5574 3645 5637 Si?!“

391 5652 516 5710 mss.
562 5635 692 5688 mihi
723 5652 831 5710 quo
852 5652 1010 5710 _sum_
1057 5636 1157 5710 "if
1183 5638 1345 5710 Vobis
1375 5641 1464 5707 qui
1492 5642 1623 5695 estis
1645 5658 1767 5695 mss.
1800 5642 1951 5695 vobis
1976 5656 2082 5710 quo
2111 5639 2243 5694 estis
2275 5657 2367 5692 ms.
2388 5635 2593 5710 Διλιι-Νι.
2624 5638 2778 5710 vobis
2805 5635 2947 5703 quod
2972 5637 3109 5689 estis

3186 5630 3277 5660 ‘7“
3300 5630 3516 5683 Gratias
3549 5628 3646 5679 da-

390 5704 460 5773 tis
491 5720 609 5755 mss.
639 5696 805 5772 gratis
830 5706 1043 5760 donatis
1118 5707 1211 5739 ¹⁷¹⁶
1239 5696 1477 5765 Obsecro
1495 5727 1609 5773 vos,
1641 5726 1707 5765 ne
1756 5728 1880 5766 mss.
1932 5696 2161 5765 obsecro
2189 5723 2255 5763 ne
2332 5708 2422 5737 ¹⁷¹⁷
2467 5708 2689 5770 l'lxccro,
2740 5696 2868 5763 dare
2903 5722 3035 5763 ,mss.
3088 5714 3317 5756 execror
3349 5700 3469 5753 date
3550 5696 3644 5728 ¹⁷¹⁸

389 5771 497 5826 Nec
524 5771 792 5833 sitiSLmss.
841 5775 973 5830 'l'lm.
1012 5776 1127 5830 liae.
1165 5793 1228 5830 ne
1262 5779 1377 5833 sitis
1457 5782 1545 5813 ¹⁷¹⁵¹
1575 5771 1713 5838 Date
1742 5783 1932 5837 animm
1965 5800 2091 5838 iuss.
2122 5783 2240 5836 date
2272 5780 2464 5834 animm
