4200 6190
794 291 859 348 Β.
897 290 1195 345 Α’ΝΒΕΙΛΙΙ
1246 287 1597 344 CANTUAli.
1638 286 1954 343 ARCIIIEP.
1995 285 2144 340 OI’P.
2186 284 2367 341 PARS
2404 288 2466 340 ll.
2509 319 2575 330 -—
2604 289 2964 345 PARJ'JAE'I'.
2996 293 3081 346 ET
3109 292 3347 347 ASCE’I‘.

3592 298 3695 350 960

475 401 572 439 ""
602 405 793 460 vestris
820 402 891 457 sit
927 404 1165 471 ingrata;
1205 390 1346 471 qdoi
1377 402 1493 470 ipsa
1538 400 1679 468 iuste
1709 400 1894 455 horret
1921 400 2037 464 ιη’.
2068 400 2112 459 Α
2140 395 2234 451 Dei
2277 378 2602 469 uirigenitus,
2646 401 2718 458 ob
2753 401 3129 457 sincerissimte
3170 403 3494 473 virginitatis
3537 408 3696 460 meri-

398 524 403 531 ·
476 505 533 551 et
552 511 647 552 vos
675 510 779 549 non
818 493 1012 561 injuste
1039 494 1258 561 punitis.

546 584 721 646 Certe,
752 578 875 636 Jesn
918 578 988 632 ﬁli
1026 580 1139 647 Dei,
1183 591 1238 635 ct
1270 589 1345 641 tu,
1392 580 1555 634 Maria
1603 588 1796 642 mater,
1843 587 1899 632 et
1940 592 2036 632 vos

473 670 657 738 vultis,
680 677 736 725 et
766 685 975 739 :eqnuin
999 681 1077 724 est
1109 682 1160 723 ut
1190 671 1443 740 quidquid
1472 686 1567 724 vos
1593 670 1814 739 diligitis
1843 669 2035 738 diliga-

475 770 562 815 tur
586 777 615 815 a
636 760 808 814 nobis.
838 759 995 829 Ergo,
1018 760 1152 812 bone
1175 760 1298 821 Fili,
1332 774 1458 828 rogo
1487 768 1536 811 te
1560 774 1652 827 per
1673 758 2033 822 dilectionem,

471 866 575 920 qua
610 850 787 920 diligis
818 850 908 880 ¹⁷⁹⁹
926 858 1148 903 matrem
1173 859 1340 915 tuam,
1365 858 1421 901 ιιι
1441 849 1580 903 sicut
1610 857 1662 901 tu
1690 863 1815 903 vere
1839 848 2032 919 diligis,

471 951 526 994 et
553 940 698 1011 diligi
724 940 805 993 vis
834 955 973 998 eam.
1010 939 1078 993 ita
1113 941 1241 994 mihi
1272 941 1365 994 des
1398 951 1455 993 ut
1479 956 1605 995 vere
1646 940 1863 1010 diligam
1887 956 2028 995 eam.

472 1029 614 1082 Bona
642 1041 833 1095 mater,
865 1044 993 1098 rogo
1033 1040 1081 1083 te
1124 1045 1219 1098 per
1268 1031 1628 1095 dilectionem,
1689 1047 1793 1100 qua
1858 1031 2033 1102 diligis

421 1190 425 1194 _
472 1119 638 1174 lilium
668 1131 839 1187 tuum,
880 1134 940 1175 ut
966 1125 1106 1177 sicut
1135 1132 1187 1175 tu
1212 1136 1339 1176 vere
1359 1122 1535 1192 diligis
1560 1132 1613 1176 et
1643 1123 1789 1190 diligi
1834 1124 1923 1154 ""
1954 1123 2034 1176 vis

468 1225 590 1262 eunt
610 1250 626 1275 ,
658 1210 730 1264 ita
764 1210 892 1265 mihi
934 1210 1211 1279 impetres,
1244 1218 1300 1262 ιιι
1329 1226 1455 1263 vere
1476 1210 1691 1276 diligam
1720 1210 2034 1265 eum.'Ecce

468 1299 609 1351 enim
639 1310 761 1367 peto
788 1304 929 1368 quod
960 1312 1017 1354 ut
1055 1304 1146 1354 fiat
1174 1316 1299 1355 vere
1339 1310 1421 1355 est
1468 1301 1518 1353 in
1556 1310 1731 1353 vestra
1760 1301 2049 1357 voluntate

470 1390 581 1443 ωδ.
610 1390 718 1445 Cur
744 1407 873 1462 ergo
894 1404 1112 1461 propter
1143 1401 1357 1462 peccata
1388 1405 1501 1443 mea
1534 1404 1637 1443 non
1669 1388 1781 1454 lict,
1814 1406 1935 1444 cum
1962 1392 2033 1446 sit

468 1495 523 1537 et
548 1485 599 1538 in
630 1486 720 1517 ¹⁷¹⁸
750 1494 927 1545 vestra
959 1483 1257 1555 potestate?
1288 1484 1509 1535 Amator
1538 1490 1591 1536 et
1620 1483 1904 1537 miserator
1933 1484 2030 1539 ho-

469 1576 696 1640 niinum,
735 1585 790 1629 tu
832 1577 1052 1646 posuisti
1084 1590 1204 1629 reos
1238 1584 1355 1628 tuos
1384 1582 1438 1627 et
1461 1589 1628 1644 usque
1659 1575 1751 1606 ‘7“
1791 1576 1857 1628 ad
1888 1592 2033 1630 mor-

470 1674 573 1718 tem
604 1682 809 1732 amare,
840 1676 894 1721 et
918 1669 1118 1735 poteris
1142 1677 1191 1720 te
1216 1665 1424 1737 roganti
1468 1681 1709 1719 amorem
1739 1667 1811 1719 tui
1840 1675 1893 1721 et
1918 1682 2031 1721 ma-

2140 482 2286 551 lum,
2335 490 2638 545 dilectionis
2682 506 2791 547 sua:
2846 493 3186 549 conﬁrmavit
3232 493 3589 563 privilegium,
3636 496 3696 551 in

2134 590 2297 630 cruce
2325 578 2561 647 pendens
2595 580 2688 634 uni
2718 589 2953 636 vestrum
2979 580 3052 635 ita
3082 582 3265 636 dicens
3290 599 3305 634 :
3350 581 3563 649 Mulier,
3581 601 3697 640 ecce

2134 668 2278 735 ﬁlius
2302 662 2421 722 tuus
2449 668 2630 737 (Ioau.
2664 686 2774 737 ns,
2807 672 2920 738 26).
2947 671 3146 726 Deinde
3170 673 3234 725 ad
3256 672 3481 727 alterum
3514 689 3527 724 :
3559 672 3694 727 Ecce

2136 750 2307 809 mater
2327 768 2418 812 tua
2453 758 2627 828 (ibid.,
2649 760 2761 830 27).
2779 760 2835 817 In
2863 761 3019 831 hujus
3036 777 3166 832 ergo
3190 761 3537 816 sacratissimi
3551 776 3693 815 amo-

2137 849 2213 902 ris
2247 850 2547 918 dulcedine,
2579 866 2683 919 qua
2710 853 2784 907 ita
2826 862 2952 908 tunc
2978 868 3071 909 ore
3100 853 3378 907 Dominico
3404 851 3549 907 velut
3578 867 3694 907 ma-

2136 948 2218 994 ter
2245 951 2301 997 et
2328 942 2469 997 (ilius
2512 943 2740 999 invicem
2778 943 3048 1013 conjuncti
3084 945 3238 1008 estis,
3285 943 3434 998 vobis
3459 944 3686 1008 duobus,

2134 1046 2235 1101 ego
2256 1031 2318 1085 Ν.
2343 1042 2591 1102 peccator
2613 1048 2806 1105 corpus
2825 1046 2881 1090 et
2899 1036 3131 1089 animam
3156 1050 3329 1089 meam
3350 1034 3691 1101 commendo,

2136 1131 2195 1177 ut
2220 1125 2467 1211 omnibtjs
2496 1126 2642 1182 horis
2670 1135 2830 1195 atque
2856 1126 3139 1181 momentis
3182 1126 3325 1180 intus
3353 1135 3406 1180 et
3451 1125 3690 1181 exterius

2136 1211 2275 1266 ﬁrmi
2303 1216 2553 1269 custodes
2583 1225 2637 1270 et
2676 1216 2745 1287 pii
2776 1216 2914 1286 apud
2946 1217 3107 1270 Deum
3146 1217 3531 1271 intercessores
3558 1217 3688 1287 mihi

2132 1300 2366 1355 existere
2390 1284 2703 1372 dignemini.
2734 1284 2908 1359 Credo
2936 1305 3078 1359 enim
3112 1303 3355 1369 lirmiter,
3393 1303 3566 1360 lateor
3602 1284 3656 1359 in
3676 1336 3689 1344 -

2133 1388 2442 1445 dubitanter
2462 1394 2603 1461 quod
2628 1394 2765 1450 velle
2785 1405 3041 1461 vestrum,
3064 1396 3201 1451 velle
3222 1396 3312 1451 Dei
3341 1404 3423 1451 est
3439 1405 3525 1458 :et
3548 1395 3689 1451 nolle

2133 1488 2391 1543 vestrum,
2425 1479 2565 1535 nolle
2608 1480 2701 1536 Dei
2744 1492 2845 1538 est.
2896 1484 3047 1539 Unde
3091 1494 3143 1539 et
3180 1478 3441 1555 quidquid
3487 1485 3687 1556 petitis.

2134 1567 2249 1622 sine
2288 1584 2433 1621 mora
2464 1570 2737 1627 obtinetis.
2773 1572 2875 1626 Per
2904 1573 3042 1627 hanc
3070 1589 3201 1645 ergo
3231 1586 3338 1627 tam
3382 1574 3691 1644 potentissi-

2134 1669 2277 1708 mam
2318 1666 2511 1711 vestrae
2538 1658 2813 1728 dignitatis
2846 1661 3120 1725 virtutem,
3154 1662 3356 1729 poscite
3397 1663 3528 1717 mihi
3568 1676 3687 1719 cor-

467 1751 565 1804 tris
602 1762 704 1806 tute
746 1729 978 1823 negare?
1008 1754 1176 1809 Mater
1213 1729 1371 1825 hujus
1402 1755 1657 1809 amatoris
1692 1756 1882 1823 nostri,
1910 1772 2028 1826 qua:

2027 1784 2028 1787 η
2062 1729 2105 1787 Β
2132 1746 2277 1815 poris
2302 1756 2354 1801 et
2379 1746 2571 1803 anima:
2599 1748 2843 1805 salutem.
2882 1750 3059 1822 Agite,
3090 1768 3294 1822 quaeso,
3328 1754 3465 1825 agite
3495 1756 3689 1810 vestris

466 1839 614 1895 illum
646 1842 697 1895 in
729 1854 914 1898 ventre
937 1855 1172 1915 portare,
1204 1855 1261 1900 et
1299 1846 1353 1901 in
1384 1846 1504 1899 sinu
1542 1846 1783 1901 meruisti
1808 1846 2030 1913 lactare,

396 1960 399 1961 ν
428 1918 447 1941 ⁸
467 1948 532 1986 an
556 1941 611 1987 tu
642 1950 747 1989 non
788 1937 1013 2005 poteris,
1044 1946 1137 1991 aut
1162 1953 1266 1990 non
1294 1938 1437 1990 vales
1468 1937 1703 2005 poscenti
1728 1936 1845 2005 eius
1876 1952 2028 1994 amo-

469 2038 580 2078 tem
626 2034 681 2078 et
724 2035 871 2081 tuum
900 2027 1221 2098 impetrare?
1264 2029 1561 2084 Veneretnr
1590 2031 1680 2062 "'7
1729 2032 1889 2102 igitur
1914 2047 2029 2097 vos,

464 2114 605 2169 sicut
651 2115 927 2188 ‘1".digtti
967 2117 1118 2181 estis,
1168 2133 1321 2173 mens
1368 2135 1517 2183 mea;
1557 2130 1704 2174 amet
1747 2136 1861 2185 vos,
1895 2122 2031 2176 sicut

461 2221 674 2275 aequum
699 2216 807 2273 est,
838 2223 934 2264 eor
961 2224 1169 2273 meum;
1213 2208 1399 2277 diligat
1424 2223 1535 2270 vos,
1565 2211 1699 2263 sicut
1726 2210 1826 2263 sibi
1862 2225 2028 2279 expe-

460 2297 559 2361 dit,
607 2298 785 2351 anima
838 2313 984 2364 mea;
1027 2298 1225 2352 serviat
1275 2299 1445 2360 vobis.
1496 2300 1635 2353 sicut
1676 2299 1853 2362 debet,
1899 2316 2029 2356 caro

458 2400 595 2446 mea,
626 2395 679 2439 et
709 2385 761 2439 in
784 2385 887 2441 hoc
918 2396 1325 2441 consumtnetur
1358 2387 1464 2441 vita
1496 2402 1636 2449 mea,
1682 2396 1740 2442 ut
1782 2388 1834 2442 in
1866 2397 2021 2444 reter-

374 2512 381 2519 -
458 2492 587 2530 nunt
610 2475 703 2507 "”
727 2476 921 2545 psallat
952 2486 1058 2530 tota
1082 2463 1385 2550 substantia
1415 2494 1553 2532 mea.
1587 2477 1907 2534 Benedictus
1930 2479 2028 2534 Do-

460 2567 638 2622 minus
667 2567 721 2622 itt
747 2578 1007 2622 aeternum
1030 2584 1044 2631 ;
1071 2568 1184 2634 ﬁat,
1212 2568 1303 2621 ﬁat
1328 2569 1441 2622 ¹⁷³⁹.

644 2700 677 2723 ο
882 2678 1137 2735 omne
1179 2678 1284 2733 Llll
1323 2679 1417 2751 [οι.
1474 2679 1603 2751 LII].

460 2782 529 2821 AD
566 2782 808 2824 διες-ηπ
846 2783 1100 2823 νιιιῡιῖιειι
1133 2784 1356 2835 ΜᾹΒΙΛΒ,
1395 2784 1463 2823 ΕΤ
1499 2788 1567 2825 ΔΙ)
1603 2786 1842 2827 SANCTUJI
1874 2787 2026 2828 ιοιυι-

952 2853 1057 2892 NEI
1098 2853 1519 2894 EVANGELISTAM.

529 2927 575 2984 Ο
622 2928 939 2983 intemerata
969 2938 1018 2982 et
1050 2929 1101 2982 in
1130 2939 1389 2983 :eternum
1428 2929 1727 2994 benedicta,
1773 2930 2025 2999 specialis

458 3026 513 3070 et
549 3010 984 3086 incomparabilis
1032 3019 1201 3089 virgo,
1256 3018 1347 3072 Dei
1396 3019 1628 3088 genitrix
1668 3008 1854 3082 Maria,
1900 3035 2023 3091 gra-

458 3107 725 3162 tissimum
756 3110 849 3164 Dei
886 3109 1162 3178 templum,
1206 3108 1440 3180 Spiritus
1483 3110 1655 3163 sancti
1689 3096 2021 3178 sacrarium,

453 3196 614 3266 janua
660 3199 808 3269 regni
849 3199 1132 3264 etelorum,
1177 3213 1271 3268 per
1313 3214 1473 3268 quam
1516 3208 1636 3268 post
1667 3198 1835 3253 Deum
1886 3209 2028 3254 totus

457 3289 589 3341 vivit
614 3289 761 3343 orbis
793 3297 1080 3351 terrarum,
1128 3289 1324 3343 inclina
1369 3304 1528 3344 aures
1564 3298 1668 3343 tua:
1705 3290 1938 3359 pietatis,
1974 3298 2028 3343 et

460 3375 579 3430 illos
610 3386 729 3431 tuos
754 3378 1129 3432 misericordes
1157 3378 1341 3431 oculos
1369 3378 1600 3446 indignis
1627 3377 2029 3448 supplicationi-

462 3466 560 3520 bus
605 3467 756 3531 meis,
811 3478 867 3522 et
910 3479 1026 3523 esto
1074 3458 1202 3522 mihi
1253 3470 1523 3543 peecatori
1566 3472 1650 3539 pia
1689 3471 1741 3523 in
1780 3469 2028 3527 omnibus

459 3557 790 3612 auxilialrix.
1968 3562 1997 3573 "'

532 3648 616 3712 Et,
635 3663 667 3701 ο
693 3650 999 3704 beatissime
1019 3650 1273 3714 Joannes,
1301 3650 1495 3705 Christi
1526 3650 1807 3707 familiaris
1830 3654 2021 3718 amice,

458 3740 546 3807 qui
578 3739 643 3793 ab
678 3740 863 3795 eodem
913 3741 1137 3795 Domino
1172 3751 1354 3795 nostro
1394 3741 1517 3796 Jesu
1566 3742 1778 3797 Christo
1824 3743 2026 3800 electus

457 3843 537 3892 cs,
593 3837 641 3883 et
688 3829 828 3882 inter
874 3839 1097 3884 caeteros
1150 3830 1321 3899 magis
1359 3829 1585 3884 dilectus
1622 3836 1780 3900 atque
1820 3842 2023 3901 myste-

460 3916 556 3970 riis
601 3916 910 3971 cmlestibus
971 3934 1130 3987 supra
1184 3933 1369 3971 omnes
1420 3918 1690 3985 imbutus,
1747 3922 2024 3991 apostolus

456 4006 570 4074 ejus
594 4018 649 4062 et
686 4010 1014 4079 evangelista
1041 4011 1213 4063 factus
1237 4011 1699 4079 prieclarissimus,
1732 4026 2023 4081 custosque

459 4098 647 4152 matris
697 4099 809 4168 ejus
855 4100 1175 4161 individuus,
1214 4109 1262 4156 te
1291 4103 1478 4154 invoco
1504 4101 1665 4154 etiam
1704 4116 1823 4155 cum
1852 4114 2024 4157 matre

459 4186 697 4253 ejusdem
737 4189 1053 4254 Salvatoris,
1106 4200 1163 4241 ut
1201 4188 1327 4240 mihi
1359 4202 1513 4257 opem
1560 4200 1705 4241 tuam
1748 4203 1867 4242 cum
1908 4189 2021 4260 ipsa

460 4278 600 4332 ferre
624 4280 877 4347 digneris.

2129 1836 2530 1906 gloriosissitnis
2571 1840 2819 1909 precibus
2846 1848 2904 1897 ut
2936 1857 3031 1897 cor
3058 1857 3234 1898 meum
3268 1843 3496 1899 invisere
3520 1852 3575 1899 et
3598 1845 3686 1899 in-

2131 1930 2371 1985 habitare
2396 1932 2643 2003 dignetur
2680 1932 2910 2002 Spiritus
2936 1934 3129 2002 almus,
3171 1937 3384 2017 quime
3410 1951 3439 1990 ιι
3479 1937 3688 1992 cunctis

2131 2018 2381 2074 vitiorum
2426 2022 2674 2079 sordibus
2705 2034 2983 2095 expurget,
3017 2026 3300 2083 virtutibus
3328 2028 3497 2083 sacris
3520 2032 3686 2083 exor-
3728 2030 3735 2039 “

2132 2118 2243 2174 net,
2273 2110 2325 2164 in
2355 2110 2640 2169 dilectione
2684 2114 2777 2169 Dei
2817 2126 2871 2169 et
2913 2117 3141 2186 proximi
3183 2118 3419 2188 perfecte
3447 2127 3594 2175 stare
3630 2128 3686 2173 et

2129 2214 2475 2269 perseverare
2510 2202 2691 2269 iaciat,
2736 2214 2789 2260 et
2828 2215 2947 2285 post
2991 2205 3145 2275 hujus
3192 2209 3312 2263 vita:
3355 2224 3568 2263 cursum
3617 2208 3687 2263 ad

2128 2292 2318 2359 gaudia
2349 2293 2511 2361 ducat
2538 2295 2831 2357 electorum
2878 2312 3092 2352 suorum
3139 2298 3550 2370 benignissimus
3584 2292 3693 2353 Pa?

2128 2382 2379 2449 racletus,
2421 2387 2712 2455 gratiarum
2763 2387 2985 2457 largitor
3017 2390 3268 2458 optimus,
3320 2390 3409 2459 qui
3452 2388 3594 2444 Patri
3630 2397 3685 2443 et

2125 2470 2262 2526 Filio
2290 2484 2592 2529 comternus
2620 2484 2675 2529 et
2716 2478 3184 2533 consubstantialis
3224 2494 3341 2533 cum
3384 2480 3481 2544 eis,
3527 2487 3581 2532 et
3626 2479 3680 2531 in

2125 2562 2204 2615 eis
2226 2561 2352 2616 vivit
2384 2573 2440 2633 et
2470 2574 2653 2634 regnat
2678 2567 3016 2636 omnipotens
3058 2568 3194 2621 Deus
3224 2583 3318 2637 per
3358 2568 3563 2622 inﬁnita
3588 2582 3684 2622 sa:-

2125 2652 2365 2708 culorum
2393 2655 2606 2709 saecula.
2631 2655 2818 2710 Amen.

2444 2744 2606 2815 233
2644 2744 2897 2801 ORATIO
2948 2745 3056 2803 Liv
3088 2745 3180 2819 [οι.
3215 2746 3366 2819 LIII].

2454 2846 2522 2885 AD
2557 2847 2793 2887 SAIC‘I‘AI
2832 2848 3080 2888 νιιιῦιιιειι
3120 2850 3341 2887 ΙΑΙΙΙΔΙ.

2194 2923 2239 2980 Ο
2268 2936 2473 2991 sancta,
2505 2941 2537 2980 o
2574 2922 2884 2990 benedicta,
2923 2926 2973 2979 in
3019 2925 3426 2981 necessitatibus
3476 2926 3674 2980 nostris

2124 3014 2315 3068 adesse
2338 3014 2573 3084 digneris
2598 3024 2842 3068 nostrum
2870 3014 3145 3069 consilium
3176 3025 3227 3070 et
3255 3015 3531 3079 auxilium,
3562 3031 3679 3083 que

2128 3106 2379 3162 omnibus
2429 3121 2487 3160 es
2528 3106 2844 3177 promptior,
2885 3106 3173 3174 potentior,
3211 3105 3493 3167 ellicacior,
3533 3121 3681 3183 ama-

2127 3195 2311 3259 bilior,
2342 3196 2630 3266 gratiosior
2651 3205 2706 3250 et
2736 3194 2959 3251 dulcior.
2986 3192 3171 3251 Dulcis
3200 3210 3257 3249 es
3286 3197 3337 3250 in
3363 3210 3455 3249 ore
3481 3204 3531 3249 te
3561 3184 3677 3250 ian?

2129 3285 2391 3345 dantium,
2434 3288 2485 3340 in
2508 3286 2671 3340 corde
2698 3285 3121 3353 te-diligcntium,
3145 3285 3196 3338 in
3224 3286 3476 3337 memoria
3514 3295 3561 3337 te
3592 3286 3681 3339 de-

2129 3377 2484 3447 precantium.
2539 3376 2815 3445 Magniﬁca
2855 3392 2915 3429 es
2950 3375 3003 3430 in
3038 3375 3181 3429 onmi
3235 3389 3385 3438 sexu,
3439 3376 3490 3428 in
3533 3378 3676 3429 omni

2128 3478 2304 3530 uitale,
2345 3468 2396 3520 in
2427 3466 2569 3521 omni
2604 3465 2928 3530 conditione,
2968 3467 3019 3519 in
3058 3464 3322 3528 tribubus,
3367 3465 3574 3534 populis
3624 3474 3680 3518 et

2128 3558 2340 3628 linguis.
2370 3556 2447 3609 Tu
2482 3572 2541 3612 es
2575 3556 2695 3609 luna
2729 3556 2783 3612 in
2829 3556 3003 3611 medio
3048 3557 3386 3619 ﬁrmamenti,
3429 3556 3680 3610 candela-

2128 3651 2280 3705 brum
2318 3651 2369 3702 in
2400 3648 2573 3702 medio
2602 3646 2804 3710 tuundl,
2840 3648 3038 3716 lignum
3072 3648 3194 3700 vita-
3236 3648 3286 3701 in
3319 3648 3491 3701 medio
3523 3663 3679 3715 para-

2126 3740 2225 3795 disi
2248 3757 2263 3805 ;
2298 3752 2352 3794 ιιι
2381 3753 2440 3793 es
2462 3739 2677 3810 myrrha
2707 3738 2895 3803 electa,
2921 3738 3120 3807 piscina
3145 3738 3194 3791 in
3216 3737 3450 3799 Esebou,
3470 3737 3674 3806 virgula

2128 3832 2255 3887 l'ntni
2303 3847 2368 3885 ex
2423 3831 2787 3894 aromatibus,
2837 3828 3120 3884 fasciculus
3168 3830 3397 3898 myrrhae
3423 3838 3476 3883 et
3510 3829 3683 3881 thuris

2127 3924 2267 3977 inter
2312 3923 2473 3975 ubera
2523 3919 2726 3988 sponsl,
2786 3906 3114 3975 terebinthus
3150 3920 3444 3973 extendens
3499 3933 3675 3972 ramos

2127 4012 2311 4081 gratiae
2333 4019 2385 4065 ct
2409 4010 2618 4073 salutis,
2642 4010 2779 4085 inter
2802 4010 3110 4065 bcuedictas
3131 4006 3565 4078 superbenedicta
3597 4023 3675 4072 es,

2124 4100 2455 4169 supereleeta
2504 4113 2590 4163 es,
2648 4100 3074 4169 superspceiosa,
3115 4098 3544 4167 supergratiusa,
3590 4110 3684 4149 su.

2124 4189 2474 4259 pergloriosa,
2502 4199 2679 4242 mater
2714 4189 2853 4241 illius
2895 4188 2983 4256 qui
3005 4187 3255 4257 gratiam,
3286 4196 3337 4239 et
3373 4185 3593 4256 gloriam
3624 4196 3680 4240 et

2124 4280 2405 4345 honorem,
2432 4288 2485 4332 et
2507 4279 2855 4332 :eternitatcm
2880 4285 3113 4345 prastat.

531 4365 575 4420 Ο
597 4367 711 4419 dum
737 4383 957 4435 gemmm
984 4367 1252 4431 cmlestes,
1295 4366 1455 4421 Maria
1484 4378 1537 4422 et
1562 4367 1832 4423 Joannes!
1866 4374 2023 4426 odno
2055 4391 2101 4448 υ
2197 4367 2392 4436 Surge,
2433 4367 2740 4421 beatissima
2776 4365 2955 4436 Virgo,
3002 4364 3420 4419 misericorditer
3444 4379 3536 4418 ora
3579 4378 3677 4431 pro

392 4488 395 4493 -
461 4456 745 4510 luminaria
777 4458 1029 4511 divinitus
1060 4469 1182 4512 ante
1216 4459 1378 4512 Ueunt
1411 4460 1671 4514 lucentia!
1706 4462 1901 4517 vestris
1935 4478 2020 4515 ra-

461 4546 562 4600 diis
584 4544 810 4615 ell'ugate
840 4548 1102 4601 scelerum
1130 4564 1365 4602 meorum
1406 4550 1602 4603 nubila.
1638 4550 1743 4605 Vos
1776 4553 1904 4607 estis
1946 4553 2019 4607 illi

460 4638 584 4703 duo,
627 4639 679 4692 in
711 4640 906 4709 quibus
944 4639 1083 4693 Deus
1108 4640 1262 4694 Pater
1296 4657 1388 4709 per
1411 4641 1601 4695 Filium
1634 4658 1788 4696 suum
1816 4646 2024 4712 specia-

460 4730 580 4788 liter
604 4733 885 4786 aedilicavit
916 4733 1016 4787 sibi
1051 4734 1281 4796 domum,
1315 4744 1365 4788 et
1408 4736 1456 4787 in
1485 4736 1678 4804 quibus
1705 4736 1815 4805 ipse
1854 4734 2020 4789 Filius

2124 4460 2297 4524 nobis;
2324 4474 2500 4530 surge,
2522 4468 2576 4512 et
2591 4455 3341 4528 amplecteremisericordiam
3360 4454 3680 4522 Redempto-

2112 4552 2226 4628 ris;
2256 4560 2309 4605 et
2333 4550 2398 4605 da
2427 4565 2613 4619 preces
2641 4550 2842 4621 jugiter
2876 4565 2971 4619 pro
3002 4548 3175 4611 nobis,
3204 4562 3338 4615 quos
3360 4546 3532 4599 cernis
3565 4554 3673 4595 tam

2121 4644 2355 4715 graviter
2382 4640 2614 4699 ollemos
2636 4652 2759 4695 ante
2782 4639 2962 4695 oculos
3004 4638 3315 4694 conditoris.
3350 4635 3449 4687 Per
3479 4642 3550 4694 te,
3573 4633 3671 4685 do-

2123 4736 2268 4789 tnina
2318 4733 2573 4801 gloriosa,
2602 4733 2666 4787 ad
2713 4731 2893 4789 Jcsutu
2945 4729 3109 4784 ﬁlium
3159 4738 3306 4783 tuum
3364 4738 3672 4777 mereamur

1710 4890 1937 4948 VARIE
1979 4880 2378 4945 ιεετιολιες.

539 5025 629 5055 ¹⁷ὀ
661 5023 763 5075 Nec
806 5024 914 5091 ipsa
971 5023 1119 5077 bouis
1151 5041 1271 5077 mss.
1336 5038 1402 5079 ne
1451 5025 1562 5092 ipsa
1588 5027 1739 5079 bonis
1816 5024 1903 5054 ‘7“
1941 5022 2088 5077 Jusle
2117 5030 2232 5074 oret
2260 5036 2381 5072 mss.
2408 5020 2769 5092 justeliorret
2844 5019 2933 5048 '7"
2954 5014 3068 5092 Qua
3090 5014 3262 5080 diligis
3288 5030 3381 5092 nis.
3425 5010 3551 5067 Vict.
3578 5015 3665 5069 16.

466 5112 567 5162 qua
593 5094 667 5145 sic
698 5084 871 5164 diligis
947 5094 1203 5146 ""Sieut
1230 5095 1371 5164 diligi
1406 5084 1527 5147 mss.
1562 5106 1617 5147 ιιι
1647 5096 1780 5148 sicut
1812 5104 1863 5145 tu
1899 5108 2022 5144 vere
2057 5084 2511 5164 t_liligi_s.g‘et_diligi
2538 5089 2627 5120 ¹⁷¹⁴⁹
2663 5086 2717 5143 In
2752 5096 2925 5140 vestra
2955 5086 3227 5151 utriusque
3248 5084 3515 5164 voluntate
3543 5101 3666 5164 mss:

465 5152 517 5219 iii
554 5174 723 5215 vestra
758 5152 1023 5215 voluntate
1093 5165 1183 5193 ¹⁷²³
1223 5152 1353 5219 Curii
1401 5167 1469 5218 sit
1502 5168 1551 5217 in
1591 5182 1713 5218 mss.
1742 5180 1861 5235 cum
1895 5164 1964 5213 sit
1987 5170 2046 5235 et
2071 5161 2121 5214 in
2153 5152 2297 5235 v”"_“
2320 5152 2663 5235 'l‘uos'nsque
2696 5174 2818 5210 nm.
2859 5167 2973 5209 tuos
2994 5164 3048 5207 et
3075 5169 3241 5235 usque
3315 5154 3400 5185 ¹⁷¹⁷
3430 5152 3671 5235 Negare?

466 5242 750 5286 veneretur
788 5247 910 5283 mss.
952 5235 1173 5298 negare?
1217 5246 1385 5288 mater
1412 5235 1566 5300 hujus
1600 5233 1855 5286 amatoris
1884 5232 2070 5291 nostri,
2098 5245 2221 5298 qua:
2248 5231 2395 5282 illum
2420 5231 2471 5281 iu
2501 5223 2687 5282 ventre
2706 5235 2939 5300 portare,
2999 5236 3053 5277 ct
3103 5224 3150 5276 in
3188 5225 3303 5300 sinu
3339 5223 3572 5300 meruisti
3592 5223 3669 5275 la-
3748 5286 3753 5291 ο

466 5314 632 5365 ctare,
661 5318 724 5371 au
744 5309 795 5351 tu
818 5315 920 5352 non
943 5291 1161 5368 poteris,
1181 5316 1267 5354 aut
1292 5322 1391 5356 nun
1414 5291 1554 5357 voles
1577 5304 1810 5371 poscenti
1836 5302 1949 5367 ejus
1983 5291 2217 5371 amnt-em
2238 5311 2295 5371 ιιι
2328 5308 2473 5350 ιιιιιιιι
2500 5291 2819 5363 impetrare?
2859 5303 3138 5371 veneretur
3214 5292 3301 5323 ³⁷³⁸
3341 5292 3500 5361 Igitur
3528 5291 3593 5344 sit
3612 5302 3670 5345 ut

466 5389 589 5426 ntss.
622 5364 802 5439 igitur
835 5364 1104 5424 vos-sicut
1181 5373 1266 5403 ⁸⁷⁸³
1312 5374 1459 5426 Mens
1489 5364 1602 5425 mea
1630 5389 1762 5425 vos:
1800 5364 1936 5424 sic-ut
1959 5369 2103 5439 digni
2151 5370 2311 5439 estis,
2352 5382 2499 5421 uicus
2532 5383 2645 5439 mea
2677 5380 2766 5417 vos
2800 5376 2960 5423 amet,
2989 5364 3124 5416 sicut
3160 5378 3372 5439 mquum
3419 5372 3524 5423 est;
3570 5376 3665 5413 (σοι-

470 5456 641 5494 meum
659 5431 861 5509 "diligat
892 5455 1003 5495 vos.
1034 5441 1170 5493 sicut
1214 5442 1310 5492 sibi
1342 5444 1587 5509 expedit;
1619 5444 1793 5494 anima
1825 5453 1938 5493 mea
1968 5431 2165 5491 sc'rviat
2198 5438 2367 5509 vobis,
2394 5438 2529 5489 sicut
2554 5436 2708 5489 debet
2732 5448 2858 5488 caro
2891 5448 3003 5484 mea
3032 5450 3042 5483 :
3069 5442 3135 5509 et
3158 5431 3209 5483 in
3250 5433 3346 5484 hoc
3385 5444 3667 5509 consume:

472 5521 555 5563 tur
581 5525 707 5563 caro
732 5496 845 5562 ιιιῖεδι
879 5520 935 5562 ιιι
964 5510 1015 5563 in
1044 5521 1298 5563 a-tcruum
1338 5496 1459 5561 nisis.
1496 5496 1645 5564 tuens
1672 5526 1784 5563 mea
1812 5528 1824 5572 ;
1864 5518 2000 5560 amet
2028 5523 2138 5571 vos,
2168 5506 2302 5560 sicut
2326 5496 2533 5579 aiquum
2558 5515 2659 5567 est,
2684 5518 2773 5557 cor
2803 5518 2977 5579 meum
3003 5519 3014 5553 :
3048 5503 3230 5571 diligat
3260 5515 3368 5579 vos,
3400 5499 3536 5579 sicut
3564 5496 3665 5579 sibi

473 5581 700 5645 ιειιιοιῐίις
732 5580 905 5632 "nilnil
943 5596 1056 5633 mea
1093 5598 1103 5631 :
1147 5580 1343 5631 serviat
1372 5580 1538 5635 vobis,
1574 5581 1705 5629 ςίιιιιι
1738 5581 1909 5631 del-et.
1944 5593 2067 5628 raro
2098 5593 2209 5629 mea
2240 5586 2329 5628 :et
2358 5576 2409 5627 in
2446 5577 2543 5629 hoc
2566 5582 2905 5645 entisttmetur
2934 5574 3218 5645 \'ita_tuea,
3253 5577 3307 5645 ut
3335 5574 3383 5621 in
3408 5574 3666 5619 aeternum

475 5665 591 5702 nias.
624 5647 851 5701 Val-lue.
907 5663 951 5703 et
1002 5648 1147 5703 Flor.
1179 5650 1362 5701 habent
1412 5660 1847 5701 iensummentur

1923 5647 2011 5677 ‘7"
2054 5646 2162 5698 Fiat
2215 5648 2301 5698 liat
2332 5660 2504 5697 amen.
2538 5661 2655 5696 niis.
2699 5640 2922 5695 i’aI—luc.
2949 5652 2994 5693 ct
3026 5636 3174 5697 Flur.
3199 5640 3363 5691 omitt.
3392 5649 3544 5690 auten
