4200 6252
512 41 1119 51 ww

551 41 1119 50 -π

522 254 617 309 961

1937 241 2342 300 ΟκΛΤΙΟΝΕΞ.

3655 233 3759 289 πθ

520 342 830 434 ascendere,
861 367 951 437 qui
996 380 1090 437 per
1129 374 1179 419 te
1208 364 1273 419 ad
1306 379 1404 419 nos
1444 363 1693 432 dignatus
1737 370 1820 417 est
1863 362 2085 414 descen-
2115 364 2161 419 Α
2191 357 2456 421 labantur,
2485 372 2720 424 praesens
2747 356 2815 411 sit
2847 364 2933 408 tua
2973 365 3159 408 sancta
3202 352 3399 406 oratio.
3432 351 3521 406 Sic
3555 367 3753 421 quarso,

520 459 665 512 dere.
696 457 798 511 Per
830 467 902 524 te,
929 457 1084 511 beata
1115 457 1298 527 Virgo,
1328 454 1514 509 venire
1538 444 1811 509 valeamus
1837 459 1891 507 in
1923 450 2090 520 ipsius

519 549 769 618 gloriam,
794 550 882 618 qui
913 565 1007 619 per
1037 558 1087 601 te
1114 549 1164 602 in
1196 557 1433 602 nostram
1459 547 1604 601 venit
1646 545 1944 601 miseriam.
1987 541 2091 595 l’cr

520 652 571 695 te
600 657 877 699 accessum
910 630 1201 693 hszeaums
1225 638 1291 692 ad
1328 637 1520 692 Filium
1569 651 1739 699 tuum,
1779 636 1869 705 qui
1912 650 2009 704 per
2039 642 2091 685 te

525 731 755 784 redemit
807 729 1085 782 mundum.
1130 726 1176 782 0
1214 727 1496 782 benedicta
1553 727 1818 780 inventrix
1861 722 2087 794 gratiae,

520 820 752 891 genitrix
785 820 941 882 vitre;
986 826 1159 871 mater
1189 817 1398 880 salutis,
1445 834 1540 889 per
1581 828 1632 873 te
1670 815 1927 885 suscipiat
1971 828 2089 878 nos,

519 910 610 977 qui
643 924 738 977 per
762 918 811 961 te
837 908 993 961 datus
1017 916 1099 961 est
1129 906 1300 961 nobis.
1337 908 1583 970 Excuset,
1610 907 1849 976 piissima
1874 906 2088 958 domina

523 999 677 1068 virgo
699 997 888 1063 Maria,
924 998 1062 1066 apud
1097 999 1394 1067 piissimum
1424 1000 1591 1054 illinunt
1627 1010 1775 1053 tuum
1809 996 2091 1066 integritas

521 1096 609 1139 tua
636 1086 849 1158 culpam
896 1098 1093 1143 nostra:
1145 1090 1529 1160 corruptionis,
1575 1098 1631 1142 et
1687 1089 1960 1144 humilitas
2000 1094 2089 1139 tua

522 1178 629 1233 Deo
649 1188 805 1247 grata
832 1189 1029 1234 nostra:
1055 1180 1263 1233 veniam
1292 1181 1539 1248 impetret
1560 1180 1834 1251 vanitatis.
1862 1177 2090 1246 Copiosa

427 1289 434 1317 :
521 1268 760 1324 charitas
799 1278 889 1323 tua
916 1268 1203 1338 gloriosam
1248 1269 1631 1323 fecunditatem
1667 1269 1820 1322 nobis
1849 1268 2092 1321 conferat

519 1359 863 1411 meritorum.
908 1357 1248 1411 Generaliter
1297 1373 1484 1413 onmes
1536 1367 1609 1423 te,
1657 1358 1888 1427 gloriosa
1940 1359 2089 1428 virgo

516 1446 708 1514 Maria,
738 1450 1049 1504 invocantes
1079 1450 1297 1515 exaudi,
1328 1450 1578 1505 omnibus
1609 1450 1815 1515 adesto,
1841 1452 2090 1506 ontnibus

516 1537 764 1604 subveni,
794 1551 984 1593 omnes
1009 1538 1061 1592 in
1087 1535 1346 1609 angustiis
1372 1548 1428 1593 et
1450 1540 1861 1596 necessitatibus
1885 1548 1934 1594 te
1963 1555 2090 1595 sen-

516 1629 653 1684 tiant
678 1631 998 1701 adjutricem
1027 1631 1336 1703 quicunque
1377 1641 1428 1687 te
1458 1629 1687 1702 credunt
1710 1645 1833 1687 esse
1861 1632 1952 1686 Dei
1992 1647 2086 1702 ge-

515 1716 786 1774 nitricem.

586 1804 905 1876 Specialitcr
920 1822 1048 1863 vero
1069 1807 1187 1862 illos
1210 1817 1299 1862 tua
1330 1808 1645 1878 quotidiana
1674 1817 1730 1864 ct
1753 1808 1965 1863 assidua
1991 1809 2083 1863 de-

516 1893 699 1950 fendat
740 1896 945 1960 oratio,
982 1912 1214 1977 agnorum
1268 1897 1529 1977 frequens
1554 1897 1648 1952 tibi
1676 1895 1967 1953 famulatur
1991 1898 2085 1952 dc-

523 1986 692 2053 votio,
747 1995 801 2044 et
843 1970 1157 2060 quicunque
1205 2000 1331 2044 sunt
1377 1970 1646 2045 memores
1680 1988 1757 2046 tui
1802 1988 1853 2043 in
1904 1987 2083 2055 terris,

515 2092 724 2133 memor
749 2078 826 2133 sis
851 2077 1065 2133 illorum
1090 2086 1214 2133 ante
1246 2079 1545 2148 piissimum
1586 2075 1755 2134 ﬁlium
1788 2086 1937 2137 tuum
1976 2078 2082 2133 Do-

409 2189 421 2207 -
516 2166 722 2221 minum
751 2160 994 2222 nostrum
1019 2167 1073 2221 in
1106 2165 1279 2221 ctelis.
1304 2166 1529 2221 Domina
1556 2173 1762 2231 nostra,
1790 2164 2081 2221 mediatrix

517 2265 721 2325 nostra,
774 2269 865 2313 tuo
917 2258 1025 2312 filio
1073 2273 1174 2314 nos
1233 2257 1571 2320 commenda,
1641 2257 1929 2312 reconcilia
1986 2270 2085 2312 nos

517 2345 628 2401 ﬁlio
655 2357 767 2412 tuo,
792 2356 883 2401 tuo
910 2347 1018 2401 lilio
1052 2362 1154 2401 nos
1182 2356 1526 2416 reprtesenta.
1558 2344 1686 2412 Fac,
1722 2362 1753 2401 ο
1777 2346 2082 2413 benedicta,

514 2451 612 2506 per
657 2437 886 2508 gratiam
964 2451 1127 2506 quam
1190 2435 1462 2498 invenisti,
1520 2451 1616 2506 per
1670 2438 2085 2506 praerogativam

515 2541 678 2597 quam
708 2526 972 2591 meruisti,
1003 2540 1101 2595 per
1137 2525 1566 2582 misericordiam
1599 2542 1762 2596 quam
1806 2528 2083 2597 peperisti,

517 2608 576 2670 ut
605 2616 696 2685 qui
732 2624 784 2672 te
814 2616 1089 2672 mediante
1128 2615 1243 2672 ﬁeri
1275 2615 1529 2687 dignatus
1561 2626 1646 2673 est
1680 2619 1953 2688 particeps
1988 2620 2086 2674 mi-

514 2705 674 2761 seriae
694 2714 755 2773 et,
776 2705 1109 2761 inﬁrmitatis
1129 2716 1348 2772 nostra,
1379 2715 1431 2762 te
1459 2721 1674 2776 quoque
1715 2707 2086 2765 intercedente

513 2796 787 2867 particeps
818 2811 917 2851 nos
945 2795 1111 2869 faciat
1155 2810 1269 2853 sua:
1312 2794 1497 2868 gloria:
1533 2803 1711 2867 atque“
1735 2789 2084 2853 beatitudinis

515 2896 753 2943 mterute.
1050 2926 1057 2931 υ

945 2976 1203 3035 ORATIO
1234 2978 1325 3036 Lv
1353 2978 1447 3052 [σι.
1502 2975 1658 3051 LIV].

720 3084 788 3123 AD
822 3083 1039 3126 EAIDEI
1079 3084 1319 3126 ειιιοτιιι
1356 3084 1610 3125 VIBGINEI
1648 3072 1873 3124 IARIAIQ

588 3159 635 3214 0
668 3157 809 3215 alma
863 3161 1018 3232 virgo
1056 3158 1243 3227 Maria,
1283 3168 1432 3216 tanto
1478 3162 1728 3223 ontnibus
1771 3162 2081 3232 angelorum

515 3250 790 3320 spiritibus
802 3250 1161 3320 omnibusque
1177 3250 1473 3321 electorum
1495 3251 1797 3317 animabus,
1818 3251 1873 3305 in
1894 3262 2085 3307 cuncta

518 3340 613 3395 ﬁlii
637 3340 710 3394 tui
729 3337 931 3395 Christi
946 3339 1156 3394 Domini
1177 3340 1348 3395 nostri
1365 3324 1681 3396 haereditate
1699 3354 1757 3395 es
1778 3340 2083 3411 gloriosior,

518 3438 720 3500 quanto
741 3429 811 3484 ab
839 3429 953 3501 ipso
986 3427 1103 3483 ﬁeri
1153 3427 1397 3484 memisti
1457 3428 1685 3484 beatior.
1725 3428 2090 3486 Obsecremus

518 3535 649 3593 ergo
687 3530 740 3576 te
790 3519 1107 3592 laerymosis
1155 3519 1422 3591 suspiriis,
1455 3530 1514 3575 ut
1539 3535 1684 3577 nunc
1733 3521 1802 3575 ad
1826 3521 2088 3591 gemitum

517 3612 693 3669 nostri
716 3612 969 3679 mirareris
1008 3606 1178 3667 'aures
1229 3610 1455 3667 inclines
1501 3611 1801 3682 magniﬁca:
1850 3612 2084 3682 pietatis.

508 3702 631 3758 Nos
654 3701 921 3773 siquidem,
944 3710 1261 3775 peccatores
1282 3702 1441 3773 proni
1468 3699 1956 3757 innumerabilibus
1985 3701 2081 3757 de-

521 3795 665 3852 lictis
687 3794 951 3851 infemalo
977 3794 1296 3866 supplicium
1323 3794 1635 3860 meruimus,
1663 3792 1753 3847 ubi
1780 3791 2090 3849 nullatenus
2138 3842 2141 3845 ,

2127 3882 2139 3895 ‘
2187 3888 2465 3933 consortes
2492 3874 2689 3933 efﬁciat
2723 3877 3024 3932 divinitatis
3050 3878 3193 3934 suae".
3220 3880 3323 3952 Qui
3351 3896 3473 3936 cum
3510 3883 3669 3939 Patre
3701 3895 3761 3942 et

521 3886 854 3960 poenitentiae
897 3884 1055 3939 datur
1090 3883 1241 3938 locus
1293 3869 1548 3952 quoniam
1586 3882 1744 3941 fidem
1787 3882 2080 3952 aliquando

525 3978 635 4031 Deo
659 3976 1026 4046 promisimus,
1052 3973 1146 4037 sed
1176 3970 1317 4029 male
1335 3972 1559 4028 vivendo
1588 3972 2082 4033 hactenusmeutiti

472 4136 475 4137 ν
524 4078 728 4122 sumus.
757 4064 801 4122 Ο
828 4072 1015 4139 sancta
1045 4062 1138 4119 Dei
1160 4062 1422 4129 Geultrix,
1445 4063 1683 4119 omnium
1713 4070 2087 4119 creaturarum

525 4152 837 4226 dignissima
862 4138 1023 4224 atque
1048 4152 1356 4227 purissima,
1386 4165 1651 4208 crecorum
1681 4151 1923 4207 cordium
1957 4166 2088 4207 ocu-

525 4244 604 4301 los
663 4253 832 4329 terge,
905 4253 1066 4314 atque
1109 4244 1328 4300 semitas
1361 4242 1588 4312 iustitia}
1634 4243 1790 4298 nobis
1837 4242 2084 4299 ostende.

525 4333 739 4395 Orando
772 4349 802 4386 a
829 4331 981 4389 nobis
1017 4333 1142 4388 vitia
1175 4330 1455 4399 subtrahe,
1489 4341 1652 4403 atque
1679 4346 1960 4388 sacrarum
1988 4331 2089 4385 vir-
2119 4367 2167 4430 υ

529 4432 699 4479 tutum
723 4423 989 4494 plantaria
1014 4423 1212 4479 insere.
1240 4420 1471 4492 lmpetra
1502 4422 1688 4477 (sterni
1720 4419 1938 4491 tripudii
1960 4435 2089 4476 cur-

528 4529 670 4582 sum,
696 4527 854 4587 quem
877 4514 1090 4572 assidue
1121 4514 1365 4584 sequitur
1390 4528 1684 4582 supernnm
1715 4514 1983 4568 bravium.

601 4606 715 4673 Sic,
764 4621 970 4678 quaso,
1010 4607 1249 4677 piissima
1311 4605 1551 4671 domina,
1594 4618 1693 4675 pro
1722 4603 1876 4661 nobk
1912 4619 2005 4658 ora
2036 4603 2090 4659 in

480 4742 483 4745 .
531 4693 789 4769 ccelis,ut
809 4695 990 4753 deleas
1018 4695 1278 4764 quidqui?
1308 4692 1635 4767 deliquimus
1675 4695 1727 4748 in
1760 4694 1941 4748 terris.
1973 4692 2088 4750 Non

533 4796 617 4841 est
642 4786 787 4843 enim
814 4784 1017 4856 aliquid
1047 4795 1156 4840 tam
1191 4800 1416 4855 parvum
1462 4785 1517 4840 in
1551 4785 1708 4841 nobis
1731 4785 1871 4856 quod
1892 4786 2090 4853 oratio,

532 4876 580 4935 si
601 4876 699 4934 tibi
726 4877 921 4946 placet,
949 4876 1127 4932 delere
1155 4892 1259 4931 non
1288 4876 1478 4946 possit.
1506 4876 1920 4934 Osanctisima
1944 4877 2094 4949 virgo

535 4965 720 5032 Maria,
765 4980 864 5022 nos
900 4968 990 5035 qui
1044 4967 1311 5022 credimus
1356 4966 1499 5035 quod
1528 4966 1679 5041 virgo
1713 4974 1771 5023 et
1798 4979 1972 5025 mater
2001 4967 2094 5025 Dei

535 5058 630 5125 sis,
669 5055 943 5113 credendo
968 5058 1264 5113 sentiamus
1293 5058 1433 5126 quod
1456 5074 1553 5128 pro
1584 5057 1740 5113 nobis
1766 5058 2093 5127 depmceria.

539 5149 602 5205 Et
631 5149 722 5217 qui
749 5148 1068 5205 conﬁtentur
1112 5134 1171 5205 te
1202 5152 1469 5219 peperisse
1510 5152 1673 5206 Deum
1710 5160 1766 5205 et
1804 5148 2090 5217 hominem,

538 5240 865 5310 gaudeaunus
906 5254 1001 5310 per
1042 5251 1091 5294 te
1121 5243 1274 5295 nobis
1308 5240 1565 5296 advenire
1611 5242 1861 5297 salutem.
1912 5238 1976 5294 Et
2002 5242 2095 5312 qui

539 5331 767 5385 fatemur
794 5341 847 5385 te
868 5332 1117 5385 omnibus
1138 5331 1443 5388 hominibus
1466 5334 1745 5389 meliorem
1767 5336 2098 5406 gaudeamus

541 5436 636 5490 per
670 5431 718 5473 te
748 5422 1026 5490 percipere
1053 5422 1386 5477 felicitatem.
1419 5424 1485 5479 Et
1512 5425 1936 5493 quotiescunque
1971 5436 2098 5496 pro-

541 5513 762 5567 cesserit
788 5514 854 5567 ad
896 5528 991 5569 nos
1024 5512 1203 5567 divina
1263 5514 1538 5571 miseratio
1582 5524 1691 5582 tua,
1732 5530 1802 5572 ne
1852 5513 2098 5572 ialemur

544 5601 680 5657 adsit
729 5603 901 5661 tuitio.
930 5604 996 5659 Et
1022 5608 1068 5659 si
1094 5604 1298 5661 venerit
1330 5607 1617 5679 tribulatio,
1652 5607 1733 5666 vel
1757 5611 1984 5670 tentatio
2027 5623 2099 5665 ne

2191 447 2406 501 domina
2462 450 2719 508 clemens,
2768 463 2864 515 pro
2911 447 3088 499 salute
3134 453 3317 499 nostra
3375 459 3562 514 preces
3598 444 3757 500 funde

2191 537 2243 593 in
2274 539 2445 602 cmlis,
2484 548 2537 591 ut
2566 537 2807 615 paradisi
2866 524 2986 604 post
3031 537 3234 591 obitum
3302 536 3409 592 frui
3455 520 3760 590 mereamur

2191 631 2420 699 gaudiis.
2968 624 2971 627 λ

2261 718 2305 772 0
2354 718 2507 772 beata
2551 718 2643 772 Dei
2683 718 2935 788 genitrix,
2966 717 3118 786 virgo
3149 717 3338 780 Maria,
3368 718 3620 787 mmplum
3667 718 3759 772 Dei

2195 805 2321 867 vivi,
2350 807 2470 860 aula
2514 807 2678 875 Regis
2704 808 2911 873 atterni,
2949 809 3251 862 sacrarium
3297 807 3530 877 Spiritus
3564 810 3757 862 sancti.

2194 896 2272 950 Tu
2305 897 2450 967 virga
2484 898 2547 951 de
2571 899 2751 952 radice
2784 897 2954 961 Jesse,
2990 908 3043 951 tu
3096 899 3292 952 cedrus
3341 898 3408 952 de
3456 896 3680 963 Libano,
3706 908 3759 951 tu

2194 1003 2313 1041 rosa
2364 1004 2631 1058 purpurea
2691 990 2740 1041 in
2791 989 3030 1053 Jericlm,
3074 996 3130 1042 tu
3159 1002 3445 1059 cypressus
3497 988 3550 1042 in
3580 999 3763 1043 monte

2195 1077 2360 1143 Sion;
2397 1092 2514 1146 quae
2538 1079 2791 1147 singulari
2824 1079 3099 1149 privilegio
3132 1082 3270 1134 sicut
3302 1080 3478 1135 nescis
3500 1082 3557 1147 in,
3581 1080 3762 1133 omni-

2193 1169 2293 1222 bus
2339 1168 2827 1236 comparationem,
2875 1168 2947 1220 ita
2990 1168 3335 1224 nihilominus
3364 1179 3433 1223 et
3459 1167 3758 1239 angelicam

2192 1275 2417 1329 superas
2449 1260 2791 1327 dignitatem,
2838 1259 2920 1313 cui
2967 1272 3105 1313 novo
3146 1271 3199 1313 et
3228 1261 3467 1317 inaudito
3498 1262 3759 1317 miraculo

2192 1353 2373 1407 datum
2403 1360 2486 1407 est
2528 1361 2587 1404 ut
2635 1350 2864 1405 Verbum
2912 1349 3059 1421 quod
3090 1361 3214 1406 ante
3260 1353 3451 1407 srecula
3501 1354 3641 1408 Deus
3667 1370 3760 1425 ge-

2190 1445 2330 1507 nuit,
2372 1444 2524 1498 ﬁeret
2557 1444 2696 1497 filius
2743 1454 2883 1515 tuus,
2924 1443 3067 1499 Deus
3101 1452 3155 1498 et
3192 1443 3374 1499 homo.
3410 1445 3487 1499 Tu
3534 1462 3657 1500 eum
3702 1446 3757 1500 in

2192 1534 2299 1588 fine
2332 1534 2511 1589 διωρυιὶ
2547 1535 2805 1600 genuisti,
2837 1543 2894 1587 ut
2923 1550 3086 1590 verus
3114 1545 3276 1606 atque
3312 1538 3588 1604 perfectus
3615 1546 3762 1591 esset

2194 1624 2284 1677 Dei
2315 1622 2484 1677 Filius
2504 1624 2713 1692 gemina
2747 1622 2962 1692 quidem
2993 1633 3211 1688 natura,
3243 1627 3335 1680 sed
3370 1640 3473 1678 una
3507 1640 3758 1694 persona,

2116 1715 2161 1773 Β
2191 1714 2331 1767 Deus
2353 1723 2409 1767 et
2430 1713 2611 1779 homo,
2630 1728 2767 1765 unus
2793 1711 3130 1768 Emmanuel.
3157 1714 3200 1770 Ο
3226 1714 3455 1785 gloriosa
3473 1731 3758 1787 puerpera,

2187 1800 2367 1870 inqua
2404 1800 2521 1873 sola
2552 1800 2822 1869 reperitur
2854 1800 3077 1856 fecunda
3103 1798 3402 1873 virginitas,
3434 1820 3553 1874 qua:
3570 1805 3648 1861 sic
3679 1806 3763 1861 in-

2188 1890 2464 1945 temeratis
2491 1890 2788 1945 visceribus
2808 1890 3000 1945 Filium
3027 1892 3120 1947 Dei
3159 1893 3428 1962 protulisti
3460 1905 3516 1948 ut
3542 1893 3761 1951 illibata:

2186 1978 2459 2047 pudicitiae
2485 1987 2759 2034 cresceret
2787 1979 3089 2051 integritas,
3135 1997 3240 2036 non
3295 1982 3761 2056 libidovirginalis

2186 2067 2514 2139 integritatis
2543 2068 2776 2139 sigillum
2806 2069 3052 2125 violaret.

2257 2158 2398 2225 Tibi,
2427 2160 2554 2214 dum
2592 2162 2929 2229 conciperes,
2962 2161 3200 2233 Spiritus
3224 2173 3445 2220 sanctus
3471 2166 3763 2222 obumbrao

2183 2253 2293 2317 vit;
2324 2266 2429 2307 non
2467 2253 2632 2322 (quod
2670 2252 2878 2323 absit!)
2908 2263 2966 2306 ut
3019 2254 3135 2322 ipse
3180 2254 3234 2308 in
3288 2262 3379 2309 tuo
3418 2256 3760 2312 sanctissimo

2187 2352 2342 2398 utero
2376 2345 2526 2399 lieret
2568 2346 2908 2413 prosemine
2953 2345 3175 2412 sobolis,
3216 2349 3310 2402 sed
3343 2347 3523 2416 potius
3554 2348 3756 2404 virtute

2138 2424 2143 2429 ’
2189 2448 2251 2487 ac
2280 2434 2521 2503 potentia
2548 2433 2845 2489 Creatoris.
2872 2434 2950 2491 De
2972 2447 3021 2492 te
3042 2424 3284 2492 summus
3308 2437 3553 2494 Pontifex
3576 2446 3760 2496 noster

2186 2521 2270 2575 sui
2306 2523 2551 2591 corporis
2598 2522 2829 2577 hostiam
2876 2525 3125 2601 sumpsit,
3172 2527 3333 2594 quam
3364 2527 3416 2579 in
3448 2541 3542 2583 ara
3582 2529 3759 2585 erucis

2174 2624 2286 2680 .pro
2326 2612 2494 2667 totius
2519 2612 2701 2666 mundi
2735 2612 2908 2667 salute
2941 2611 3267 2668 sacriﬁcium
3300 2616 3516 2671 obtulit.
3551 2615 3630 2671 Tu
3668 2618 3763 2675 lux

2186 2702 2369 2757 oriens
2399 2701 2689 2757 Nazareth.
2720 2700 2798 2757 Tu
2823 2702 3005 2758 laetitia
3037 2703 3223 2761 lsrael.
3260 2706 3338 2761 Tu
3364 2707 3528 2764 decus
3554 2712 3759 2766 mundi.

2187 2789 2266 2843 'l‘u
2311 2790 2562 2845 nobilitas
2594 2790 2780 2861 populi
2812 2790 3125 2846 Christiani.
3160 2794 3206 2849 0
3243 2796 3426 2866 regina
3468 2806 3521 2853 et
3543 2797 3759 2855 domina

2187 2881 2392 2944 mundi,
2416 2880 2561 2937 scala
2582 2880 2727 2945 caeli,
2759 2882 2988 2937 thronus
3014 2882 3130 2948 Dei,
3153 2883 3318 2953 janua
3344 2889 3601 2956 paradisi,
3630 2892 3756 2947 audi

2185 2987 2377 3041 preces
2402 2986 2723 3043 pauperum,
2749 2988 2819 3029 ne
2845 2974 3113 3046 despicias
3152 2980 3383 3057 gemitus
3410 2981 3753 3039 miserorum.

2110 3046 2155 3107 C
2186 3058 2492 3116 lnferantur
2533 3076 2633 3131 per
2685 3070 2738 3116 te
2805 3072 2926 3118 vota
2976 3046 3367 3138 nostrai-atque
3416 3074 3647 3140 suspiria
3702 3075 3755 3128 in

2187 3161 2529 3219 conspectum
2552 3148 2966 3221 Redemptoris;
2995 3165 3055 3209 ut
3080 3156 3167 3225 qui
3198 3158 3398 3214 nostris
3421 3161 3761 3220 excludimur

2188 3243 2418 3307 meritis,
2438 3257 2536 3313 per
2561 3254 2613 3300 te
2626 3244 2802 3302 locum
2830 3247 3175 3304 obtineamus
3189 3250 3433 3320 ad;aures
3458 3260 3560 3309 tuae
3586 3254 3759 3324 pieta-

2190 3334 2278 3389 tis.
2324 3336 2461 3392 Dele
2514 3345 2760 3405 peccata,
2792 3336 2979 3392 relaxa
3028 3338 3295 3406 facinora,
3341 3341 3490 3412 erige
3546 3344 3755 3414 lapsos,

2189 3425 2336 3483 solve
2360 3428 2713 3498 compeditos.
2752 3426 2857 3484 Per
2884 3436 2935 3486 te
2961 3430 3311 3486 succidantur
3334 3447 3524 3502 vepres
3551 3444 3608 3489 et
3638 3452 3763 3505 ger-

2188 3515 2339 3573 mina
2373 3519 2650 3586 vitiorum,
2681 3520 2947 3590 prodeant
2972 3517 3132 3589 ﬂores
3170 3530 3227 3576 et
3248 3514 3567 3578 ornamenta
3595 3525 3763 3580 virtu-

2186 3616 2323 3663 tum.
2355 3605 2515 3662 Placa
2542 3608 2793 3678 precibus
2822 3607 3092 3673 Judieem,
3118 3625 3282 3680 quem
3308 3611 3567 3684 singulari
3593 3631 3757 3683 puer-

2185 3697 2337 3768 perio
2357 3696 2592 3766 genuisti
2639 3694 3000 3765 Salvatorem,
3033 3708 3094 3752 ut
3129 3700 3220 3769 qui
3269 3716 3366 3770 per
3396 3710 3446 3756 te
3481 3706 3756 3775 particeps

2185 3785 2360 3842 factus
2388 3795 2475 3842 est
2511 3787 2861 3842 humanitatis
2902 3797 3131 3867 nostrae,‘
3163 3804 3260 3857 per
3304 3799 3357 3844 te
3395 3807 3609 3864 quoque
3657 3811 3757 3865 nos

2189 3966 2390 4037 Spiritu
2420 3974 2607 4021 sancto
2628 3965 2763 4022 vivit
2785 3974 2840 4020 et
2866 3966 3217 4035 regnatDeus
3237 3973 3333 4039 per
3356 3973 3537 4027 omnia
3562 3976 3758 4033 saecula

2189 4056 2526 4115 saculorutn.
2560 4059 2753 4113 Amen.

2504 4148 2669 4223 ω
2705 4147 2958 4205 ORATIO
2993 4148 3105 4206 va
3144 4150 3262 4222 [al.,
3302 4152 3437 4226 LV].

2521 4256 2594 4298 aa
2624 4255 2865 4297 sane?“
2905 4254 3155 4296 γιιιοιιιειι
3192 4237 3428 4300 uanus.

2700 4332 2766 4385 In
2795 4320 3083 4386 Nativr'tate
3116 4333 3250 4402 ejus.

2268 4427 2499 4498 Dignare
2531 4439 2620 4480 me
2660 4423 2907 4493 laudare,
2925 4436 2999 4492 te,
3033 4426 3180 4498 virgo
3222 4439 3462 4496 sacrata;
3516 4430 3580 4485 da
3628 4433 3796 4496 mihi,

2194 4520 2441 4575 virtutem
2470 4516 2656 4573 contra
2685 4518 2867 4573 hostes
2890 4529 3030 4583 tuos,
3062 4526 3115 4572 et
3138 4528 3323 4575 contra
3357 4522 3564 4576 hostem
3596 4527 3761 4581 totius

2190 4608 2410 4667 humani
2442 4609 2677 4679 generis.
2710 4608 2785 4664 Da
2832 4610 2963 4664 mibi
2994 4611 3247 4666 virtutem
3294 4622 3344 4666 te
3373 4614 3644 4670 humiliter
3668 4618 3761 4671 de-

2156 4767 2159 4769 ,
2190 4701 2466 4770 precandi.
2495 4700 2571 4755 Da
2598 4701 2728 4757 mihi
2761 4701 3013 4781 virtutem
3057 4712 3109 4757 te
3142 4718 3261 4758 cum
3290 4706 3538 4774 precibus
3562 4708 3760 4765 obnixe

2193 4789 2469 4855 laudandi,
2511 4805 2609 4859 per
2648 4790 2839 4845 merita
2876 4801 2979 4846 tua:
3009 4792 3392 4848 sacratissimae
3436 4798 3761 4865 nativitatis,

2191 4893 2311 4949 quas
2367 4887 2490 4933 nata
2540 4894 2602 4933 es
2632 4879 2685 4933 in
2743 4880 3000 4935 mundmn
3051 4881 3319 4937 universa:
3366 4883 3760 4943 Christianitati

2193 4968 2471 5041 gaudium,
2513 4966 2647 5036 Opes
2695 4969 2820 5023 vitae
2851 4978 2905 5023 et
2934 4969 3205 5025 solatium.
3250 4970 3477 5038 Quando
3498 4983 3646 5046 gnata
3678 4995 3757 5046 es,

2195 5063 2361 5134 Virgo
2410 5065 2770 5131 sanctissima,
2815 5073 2942 5119 tunc
3007 5066 3341 5125 illurninatus
3381 5078 3460 5123 est
3506 5071 3758 5127 mundus.

2196 5153 2372 5225 Slirps
2406 5158 2580 5218 beata,
2620 5154 2773 5208 radix
2825 5165 3033 5219 sancta,
3086 5164 3142 5209 et
3190 5156 3506 5213 benedictus
3558 5158 3759 5213 fructus

2197 5257 2337 5314 tuus,
2369 5263 2490 5317 quae
2527 5246 2639 5301 sola
2668 5248 2915 5304 meruisti
2948 5246 3151 5317 Spiritu
3208 5260 3397 5304 saneto
3426 5251 3581 5318 plena
3612 5238 3758 5318 virgo

2194 5336 2361 5391 Deum
2389 5337 2871 5406 concipere,virgo
2891 5338 3059 5392 Deum
3092 5346 3329 5407 portare,
3354 5340 3503 5406 virgo
3540 5353 3758 5406 parere,

2196 5425 2348 5499 virgo
2372 5434 2496 5499 post
2527 5435 2738 5496 partum
2770 5442 3108 5497 permanere.
3140 5427 3395 5481 Miserere
3435 5428 3595 5496 igitur
3626 5427 3758 5479 mihi

2195 5513 2488 5587 peccatori,
2518 5525 2574 5572 et
2603 5514 2794 5585 adjuva
2828 5533 2931 5583 me,
2962 5518 3199 5580 domina,
3233 5524 3284 5567 ut
3325 5515 3463 5569 sicut
3502 5517 3761 5570 nativitas

2200 5618 2287 5666 tua
2325 5606 2557 5679 gloriosa
2585 5624 2647 5663 ex
2672 5609 2876 5664 semine
2908 5608 3157 5673 Abrahm,
3189 5616 3302 5659 orta
3332 5608 3395 5661 de
3424 5607 3564 5661 tribu
3600 5608 3763 5672 Juda,
