4200 6192
542 190 543 195 γ
573 107 705 169 ’965

870 138 874 143 -
918 113 976 168 s.
1035 112 1331 169 axsmu
1373 70 2075 189 eameamaucutur.
2114 106 2266 163 ore.
2299 105 2478 160 rans
2505 106 2567 160 ιι.
2596 138 2665 147 -
2697 108 3063 165 causam.
3108 112 3193 166 ur
3235 115 3476 170 ASCET.
3553 126 3566 139 -

592 222 743 278 clara
774 237 839 278 ex
868 224 1036 292 stirpe
1066 222 1229 275 David
1254 221 1510 291 gaudium
1554 219 2171 274 annuntiaviluniverso
2201 222 2248 279 Α
2277 223 2349 274 ιιιί
2415 220 2745 275 sanctissimi
2778 222 3001 291 virginei
3045 233 3231 293 partus
3278 228 3534 281 miserere
3590 231 3720 294 mei,
3761 232 3853 286 do—

596 316 829 379 muudo;
861 317 929 367 ita
958 327 1044 367 me
1066 312 1261 392 gaudio
1298 326 1425 366 vero
1465 306 1694 381 ropleat,
1730 320 1784 365 et
1822 312 2174 390 emundet‘ab

595 403 749 459 omni
774 408 1020 470 peccato.
1050 400 1154 455 Ora
1188 416 1285 471 pro
1327 417 1434 465 me,
1466 402 1628 472 Virgo
1674 399 2171 470 providentissima,

595 486 998 547 vel‘lzetissima
1046 491 1239 559 gaudia
1292 498 1397 544 tua:
1438 489 1826 545 saluberrimae
1874 489 2173 542 nativitatis

592 581 841 637 velamen
876 566 1222 651 indulgentiae
1242 580 1526 635 conferant
1569 578 1781 634 cunctis
1807 577 1944 634 meis
1981 593 2173 649 pecca-

597 672 686 728 tis.
718 672 917 741 Sancta
947 673 1037 726 Dei
1071 670 1345 735 Genitrix,
1371 670 1569 726 floreus
1598 680 1657 723 ut
1679 670 1871 735 lilium,
1891 686 1985 725 ora
2021 680 2172 724 tuum

589 761 803 818 dulcem
835 756 1022 818 natum
1052 776 1149 831 pro
1178 777 1264 816 me
1294 748 1493 817 misero
1517 769 1823 829 peccatore.
1846 760 2041 816 Amen.

1014 853 1273 908 ORA'l‘lU
1311 852 1442 923 Lvn
1484 851 1578 924 [οι.
1620 850 1776 923 qu.
1866 908 1867 915 γ

931 963 999 1001 an
1038 962 1279 1002 saxeum
1322 948 1572 1001 vinciunt
1610 961 1835 1001 nam“.

1049 1036 1117 1091 In
1139 1028 1560 1091 ΑιιηιιιιιὶαιὶοιιεΔ
1576 1038 1712 1106 ejus.

664 1125 868 1186 Precor
890 1139 982 1195 te,
1007 1127 1171 1200 Virgo
1196 1129 1529 1194 dulcissima,
1550 1144 1657 1199 per
1683 1130 1872 1184 merita
1904 1136 2007 1183 tua!
2027 1126 2173 1182 salu-

586 1222 839 1277 berrimae
894 1220 1356 1285 annuutiationis,
1393 1229 1465 1276 cet
1529 1235 1626 1297 per
1678 1219 1807 1274 illud
1871 1218 2171 1287 angelicum

586 1312 902 1383 aveggquod
934 1311 1192 1380 accepisti
1219 1326 1249 1364 a
1272 1320 1459 1365 sancto
1487 1302 1737 1366 Gabriele
1771 1311 1959 1365 nuntio
1981 1310 2172 1365 salutis

588 1411 715 1468 tute,
751 1404 938 1471 nuntio
978 1390 1373 1459 incarnationis
1406 1401 1566 1456 Verbi
1599 1403 1790 1467 divini,
1826 1403 2016 1458 nuntio
2047 1403 2171 1457 vitae

588 1503 828 1560 mternte,
864 1495 1056 1577 nuntio
1091 1494 1283 1551 salutis
1333 1502 1537 1549 nostra:
1589 1510 1685 1564 per
1726 1505 1798 1561 te,
1849 1504 1907 1549 ut
1934 1495 2170 1565 accipias

2276 312 2421 364 mina
2456 324 2603 374 mea,
2638 320 2693 365 et
2721 314 2913 367 exaudi
2937 316 3232 370 orationem
3259 333 3454 372 meam.
3486 316 3621 373 Ecce
3642 322 3777 374 enim
3801 324 3854 381 in

2276 401 2638 471 iniquitatibus
2688 414 2965 470 conceptus
3013 421 3161 472 sum,
3192 417 3239 460 et
3283 410 3337 460 in
3359 411 3583 479 peccatis
3624 413 3851 483 concepit

2275 504 2356 544 me
2379 500 2550 544 mater
2564 506 2677 545 mea
2705 489 2879 563 (Paul.
2906 510 2959 557 ι..
2990 492 3067 564 6).

2344 579 2402 633 In
2434 580 2675 648 peccatis
2700 596 2820 635 sum
2853 591 3035 655 natus,
3064 592 3121 641 et
3142 578 3196 639 in
3226 586 3464 655 peccatis
3502 597 3853 663 conversatus

2274 686 2393 728 sum
2419 688 2514 742 per
2536 680 2698 728 omne
2726 683 2937 744 tempus
2963 678 3087 731 vitm
3108 694 3260 733 mese.
3290 678 3369 734 'l‘u
3398 688 3596 741 autem,
3631 681 3851 737 domina

2275 776 2417 826 mea,
2448 763 2566 817 sine
2606 773 2747 819 tactu
2787 767 3007 835 pudoris
3043 768 3258 827 inventa
3287 784 3348 824 es
3399 762 3581 839 mater
3609 769 3855 826 Salvato-

2277 853 2369 908 ris.
2423 853 2677 909 Miserere
2715 856 2847 911 mihi
2893 856 3193 922 immundo,
3232 859 3323 929 qui
3363 859 3413 926 in
3446 862 3685 929 peccatis
3720 876 3853 917 eon-

2275 950 2464 1011 ceptus
2502 953 2557 997 et
2598 945 2833 999 nutritus
2881 959 3033 1009 sum;
3058 955 3123 1001 et
3147 946 3343 1015 adj‘uva
3381 964 3471 1003 me
3512 948 3619 1004 tuis
3649 950 3852 1005 sanctis

2274 1036 2561 1105 precibus,
2624 1036 2787 1109 Virgo
2856 1040 3202 1095 serenissima
3236 1057 3252 1094 :
3285 1049 3343 1094 ut
3403 1043 3543 1096 sicut
3595 1042 3850 1098 uativitas

2274 1126 2368 1181 filii
2404 1129 2477 1182 tui
2510 1129 2720 1184 Domini
2754 1131 2923 1186 nostri
2954 1130 3079 1187 Jesu
3113 1131 3314 1187 Christi
3344 1133 3496 1186 ruina
3534 1132 3633 1189 fuit
3671 1136 3851 1191 horri-

2273 1217 2397 1272 bilis
2448 1219 2716 1286 tristitize,
2774 1221 3029 1300 nativitas
3072 1223 3340 1277 universis
3390 1223 3639 1279 fidelibus
3694 1240 3851 1280 novae

2248 1308 2685 1376 exsultationis;
2710 1310 2795 1366 ‘ita‘
2820 1321 2876 1366 et
2903 1312 3034 1367 mihi
3066 1312 3182 1368 haec
3215 1315 3402 1369 eadem
3440 1315 3635 1383 gaudia
3669 1315 3852 1373 Domi-

2274 1398 2408 1455 nica:
2433 1399 2743 1457 Nativitatis
2769 1403 2881 1458 sint
2922 1403 3135 1458 initium
3173 1404 3298 1460 vita:
3325 1404 3601 1475 religiosae."
3625 1414 3680 1460 et
3702 1405 3855 1461 salu-

2274 1492 2408 1547 taris
2429 1493 2798 1560 continentiae,
2830 1502 2885 1549 et
2914 1494 3067 1548 ruina
3096 1495 3263 1553 totius
3293 1494 3475 1563 injusti
3504 1496 3755 1563 mqroris
3788 1505 3853 1553 et

586 1578 780 1650 preces
843 1566 1079 1638 nostras.
1129 1561 1634 1641 Misericordissima
1676 1583 1924 1659 domina,
1974 1561 2167 1655 magna
2200 1561 2242 1619 Β
2271 1581 2468 1653 iniqua:
2506 1583 2758 1649 tristitite,
2809 1592 2865 1639 et
2910 1585 3165 1641 uativitas
3216 1561 3518 1655 spiritualis
3563 1561 3744 1656 gaudii
3788 1596 3853 1641 et

582 1680 713 1726 sunt
746 1680 969 1745 peccata
1002 1687 1141 1737 mea,
1160 1673 1253 1727 sed
1284 1674 1459 1743 major
1479 1682 1562 1729 est
1593 1676 1765 1743 gratia
1795 1683 1881 1729 tua
1907 1692 1922 1741 ;
1954 1675 2079 1745 quia
2112 1685 2167 1730 tu

580 1776 650 1816 es
675 1762 852 1831 gratia
881 1744 1064 1830 plena,
1089 1769 1143 1817 et
1163 1762 1424 1818 Dominus
1449 1772 1625 1819 tecum
1655 1773 1771 1831 est;
1800 1744 2083 1821 benedicta
2114 1773 2168 1819 tu

583 1850 640 1905 in
672 1850 1010 1915 mulieribus,
1036 1861 1091 1905 et
1118 1852 1435 1907 benedictus
1464 1842 1676 1925 fructus
1697 1855 1902 1908 ventris
1930 1855 2027 1909 tui.
2059 1855 2165 1909 Ma-

590 1947 678 1992 ter
709 1938 873 2015 totius
901 1941 1116 2011 gratiae,
1145 1956 1240 1995 ora
1265 1936 1364 2011 pro
1403 1936 1510 2010 me,
1542 1951 1600 1995 ut
1646 1943 1786 1996 sicut
1823 1943 2165 1996 annuntiatio

585 2038 675 2082 tua
703 2030 825 2084 linis
877 2030 1321 2101 appropinquans
1348 2027 1564 2085 exstitit
1599 2026 1769 2085 veteri
1805 2021 1995 2099 eulpae,
2038 2044 2163 2101 spes

581 2129 771 2177 autem
807 2122 1085 2190 promissae
1109 2122 1319 2191 gratiae,
1358 2129 1413 2177 et
1441 2122 1693 2184 omnibus
1721 2124 2163 2193 exspectantibus

582 2224 705 2267 eam
737 2211 790 2263 in
820 2211 1048 2265 veritate
1076 2212 1231 2280 origo
1256 2220 1312 2267 et
1335 2213 1418 2266 via
1451 2210 1551 2264 fuit
1586 2213 1775 2282 gratia:
1800 2212 2028 2280 futurae;
2088 2215 2159 2267 ita

581 2321 613 2361 a
645 2321 732 2361 me
757 2304 808 2359 in
840 2305 1102 2359 honorem
1132 2306 1207 2359 tui
1226 2306 1417 2375 gaudii
1444 2306 1607 2359 corde
1633 2306 1892 2374 recogita,
1918 2321 2014 2360 ore
2040 2322 2161 2375 pro-

583 2398 839 2452 nunciam
899 2397 1140 2466 ejusdem
1199 2396 1643 2453 annuntiatiouis
1692 2408 1796 2453 tua:
1857 2399 2161 2455 recordatio

552 2500 553 2503 ‘
586 2492 685 2544 fiat
709 2489 761 2559 in
798 2502 885 2543 me
917 2487 1043 2542 linis
1064 2498 1118 2544 et
1144 2488 1368 2543 abolitio
1397 2490 1559 2543 totius
1600 2489 1770 2560 culpae
1798 2492 1935 2545 mea:
1961 2492 2161 2546 veteris

582 2597 651 2636 ae
681 2590 919 2648 peraget
945 2580 1117 2651 gratia
1135 2576 1392 2636 salutaris
1412 2579 1557 2651 jugis
1582 2581 2159 2649 eastimouiae.Adjuva

582 2685 701 2735 me,
755 2670 974 2727 domina
1030 2684 1170 2733 utea,
1227 2684 1350 2738 spes
1404 2669 1719 2734 viventium,
1759 2678 1814 2724 et
1860 2666 2158 2725 consolatio

581 2771 923 2825 maestorum,
946 2760 1261 2815 subventrix
1286 2760 1521 2829 inopum,
1546 2748 1859 2814 miseratrix
1880 2760 2154 2826 omnium,

578 2859 639 2905 ut
664 2850 754 2919 qui
800 2851 1011 2919 culpant
1058 2862 1233 2903 meam
1288 2862 1387 2917 per
1419 2848 1531 2917 ipsa
1568 2846 1771 2919 ﬂagella
1804 2849 2059 2903 mteroris
2098 2859 2155 2904 et
2179 2889 2224 2950 C

578 2942 810 2998 tristitiae
845 2952 919 2997 et
966 2942 1297 2997 iutinnit‘atis
1338 2933 1609 3014 agnosc’o;
1658 2958 1756 3014 per
1801 2943 1993 3013 gaudia
2051 2952 2153 2997 tua:

576 3019 931 3089 sanctissima:
955 3034 1387 3099 apuuntiationis‘
1410 3034 1476 3087 de
1498 3033 1816 3088 infirmitate
1832 3032 2151 3097 remedium,

573 3122 727 3177 etde
757 3137 993 3191 maerore
1030 3123 1286 3193 gaudium
1333 3132 1423 3177 tua
1470 3122 1842 3177 misericordia
1894 3121 2155 3191 consequi

579 3229 819 3279 merear;
850 3224 912 3269 ut
941 3215 993 3269 in
1024 3214 1142 3268 utili
1174 3227 1431 3277 mmrore,
1458 3213 1511 3269 in
1537 3214 1859 3269 castimonia
1889 3212 2070 3268 eordis
2100 3219 2156 3266 et

574 3307 846 3375 corporis,
864 3307 925 3360 in
951 3306 1257 3361 humilitate
1283 3306 1499 3372 mentis,
1519 3306 1570 3360 in
1599 3305 1720 3360 lidei
1745 3306 2078 3375 integritate,
2101 3314 2155 3359 et

574 3398 723 3454 omni
751 3398 992 3457 bonitate
1033 3397 1277 3452 studeam
1323 3397 1389 3451 de
1447 3408 1646 3451 caetero
1691 3396 1904 3463 placere
1942 3396 2067 3459 Deo,
2101 3404 2155 3450 et

572 3488 806 3543 exsultet
829 3488 1223 3565 spiritusmeus
1249 3488 1300 3540 in
1328 3487 1434 3540 Deo
1460 3486 1683 3540 salutari
1701 3500 1818 3539 meo
1841 3485 1988 3540 omni
2019 3497 2153 3541 tem-

572 3594 703 3649 pore
739 3581 861 3633 vitae
893 3592 1043 3632 mete.
1079 3576 1280 3632 Sancta
1332 3576 1423 3630 Dei
1458 3576 1743 3640 Genetrix,
1791 3591 2050 3631 succurre
2098 3585 2153 3632 et

572 3670 846 3733 iutercede
874 3670 1026 3741 apud
1049 3670 1259 3725 dulcem
1293 3678 1479 3722 natum
1525 3676 1673 3720 tuum
1704 3683 1803 3737 pro
1829 3681 1915 3722 me
1950 3682 2149 3737 pecca-

576 3768 711 3814 torc.
744 3759 937 3817 Amen.
1324 3830 1337 3838 ἡ

954 3842 1211 3900 ORATIO
1245 3841 1403 3898 Lvut
1440 3842 1537 3915 tot.
1580 3842 1763 3916 LVII].

907 3952 973 3991 AD
1009 3951 1258 3991 εΑΝετΑιι
1295 3950 1546 3991 νιιιαικειι
1586 3951 1810 3990 MARIADI.

1157 4023 1217 4080 In
1246 4021 1414 4079 Parta
1438 4024 1570 4094 ejus.

648 4118 816 4190 Virgo
840 4113 1210 4183 sanctissima,
1263 4117 1327 4173 da
1360 4117 1493 4173 mihi
1537 4119 1791 4175 virtutem
1825 4131 1920 4188 per
1958 4119 2150 4175 merita

2268 1672 2669 1739 exsultationis,
2692 1682 2748 1729 et
2776 1689 2929 1729 amor
2950 1682 3004 1729 et
3030 1674 3356 1730 desiderium
3386 1676 3624 1732 caelestis
3655 1677 3852 1747 patria

2268 1774 2324 1817 et
2350 1780 2597 1835 supernae
2643 1764 2866 1820 laetitiae.
2914 1764 3113 1827 Sancta
3155 1765 3249 1821 Dei
3282 1767 3539 1836 genitrix,
3585 1782 3851 1824 succurre

2267 1859 2317 1905 et
2342 1851 2617 1929 intercede
2633 1852 2772 1941 apud
2787 1852 2998 1907 dulcem
3025 1861 3174 1907 tuum
3203 1863 3389 1908 natum
3416 1870 3519 1925 pro
3545 1870 3630 1910 me
3650 1868 3849 1926 pecca-

2267 1940 2402 1992 tore.
2425 1940 2619 1994 Amen.
3550 1962 3585 2007 ’τι

2580 2031 2742 2102 285
2780 2030 3035 2088 ORATIO
3072 2032 3188 2087 th
3217 2033 3313 2106 [οι.
3358 2034 3559 2109 LVIII].

2598 2136 2668 2174 Αο
2708 2136 2953 2176 βμετ-ΔΙ
2991 2135 3247 2177 νιιιοιιιιειι
3289 2132 3514 2179 ΙΙΑΒΙΑΙᾹ

2737 2209 2760 2262 Ι
2769 2228 2800 2265 ιι
2833 2209 3209 2280 Puriﬁcatione
3229 2214 3368 2282 ejus.

2330 2300 2375 2355 0
2397 2301 2547 2371 virgo
2572 2302 2943 2368 serenissima,
2974 2317 3071 2372 per
3097 2304 3290 2357 merita
3323 2314 3425 2358 tua:
3454 2305 3711 2374 piissime
3743 2321 3848 2378 pu-

2263 2391 2586 2447 rificationis
2625 2393 2692 2446 da
2737 2392 2869 2445 mihi
2910 2392 3161 2447 virtutem
3198 2403 3387 2449 contra
3435 2396 3618 2454 hostes
3672 2407 3843 2461 tuos;

2263 2483 2426 2554 Virgo
2454 2483 2817 2550 sanctissima,
2853 2499 3081 2553 corpore
3101 2486 3427 2551 castissima,
3460 2488 3700 2544 moribus
3722 2504 3851 2544 om-

2260 2576 2413 2635 nium
2452 2576 2836 2644 pulcherrima.
2860 2576 3024 2647 Virgo
3056 2576 3359 2644 virginum,
3402 2593 3505 2633 nec
3543 2579 3706 2634 cordo
3740 2582 3847 2635 un-

2257 2680 2416 2734 quam
2449 2665 2673 2733 polluta,
2722 2680 2821 2721 nec
2849 2680 2965 2731 ore,
2997 2664 3091 2720 scd
3138 2673 3250 2719 tota
3285 2665 3531 2736 pulchra,
3562 2675 3669 2721 tota
3718 2669 3845 2724 sine

2258 2754 2491 2810 macula.
2517 2756 2841 2811 intemerata
2870 2758 3024 2827 virgo
3052 2771 3298 2825 corpore,
3337 2757 3653 2813 intemerata
3685 2759 3845 2829 virgo

2257 2855 2454 2910 mente,
2488 2845 2623 2901 nihil
2642 2842 2842 2901 debens
2864 2837 3105 2917 legibus,
3127 2847 3289 2900 nullis
3318 2840 3475 2902 tacta
3499 2849 3839 2914 excessibus,

2255 2947 2311 2991 ut
2343 2936 2740 2994 butnilitatis'iu
2769 2948 2819 2993 te
2838 2938 3153 2993 ostenderes
3179 2939 3706 3010 exemplum,imples
3733 2955 3843 3010 pu-

2257 3025 2579 3081 rillcationis
2606 3025 2840 3082 oﬂicimn
2870 3026 3089 3095 pollutis
3139 3027 3402 3083 matribus
3430 3038 3708 3083 statutum.
3750 3030 3842 3086 Ad

2258 3116 2512 3185 templum
2549 3117 2786 3171 detulisti
2823 3125 2999 3171 tecum
3038 3117 3421 3182 ntundandum,
3453 3119 3543 3187 qui
3579 3119 3669 3173 tibi
3696 3119 3842 3176 inte—

2256 3207 2469 3277 gritalis
2499 3208 2663 3263 decus
2705 3207 2867 3262 homo
2909 3208 3121 3275 genitus
3161 3206 3405 3261 adauxit.
3437 3207 3640 3262 Intacta
3681 3208 3837 3279 geni-

2258 3303 2361 3355 trix
2394 3301 2461 3356 ad
2505 3302 2761 3377 templum
2804 3294 3043 3357 detulisti
3072 3301 3289 3356 tecum-
3320 3304 3708 3371 muudaudum,
3739 3305 3837 3373 qui

2257 3394 2447 3449 delicta
2489 3405 2671 3449 nostra
2703 3393 3027 3464 intelligens,
3058 3378 3180 3463 quia
3208 3394 3282 3449 illi
3310 3397 3493 3450 omnia
3538 3396 3675 3450 nuda
3704 3408 3840 3453 sunt

2256 3496 2311 3538 et
2334 3496 2545 3554 aperta,
2580 3486 2647 3538 ab
2674 3485 2903 3539 occultis
2923 3486 3121 3539 nostris
3152 3486 3389 3553 quotidie
3413 3501 3508 3554 per
3537 3485 3840 3542 confessio-

2255 3589 2377 3628 nem
2409 3584 2464 3628 et
2485 3575 2861 3644 paenitentiam
2906 3576 3148 3638 mundat,
3177 3568 3239 3629 et"
3255 3577 3322 3630 ab
3354 3576 3543 3632 alienis
3585 3592 3681 3645 per
3719 3578 3839 3649 spi-

2254 3664 2415 3717 ritum
2443 3665 2791 3720 continentia:
2814 3663 2987 3734 parcit
3008 3664 3179 3719 servis
3207 3666 3319 3720 suis
3348 3664 3520 3734 (Psal.
3538 3681 3691 3731 xvm,
3715 3668 3834 3739 16).

2252 3753 2334 3806 Ad
2363 3754 2616 3822 templum
2648 3754 2886 3809 detulisti
2921 3762 3097 3809 tecum
3121 3754 3675 3825 nnludandum,cuju8
3705 3771 3831 3813 san-

2254 3843 2373 3913 guis
2408 3844 2458 3897 in
2487 3859 2647 3899 cruce
2671 3835 2951 3915 passionis
2980 3860 3091 3900 sua:
3117 3844 3185 3899 ab
3225 3845 3472 3915 originali
3516 3860 3613 3901 nos
3640 3846 3833 3903 lavans

2254 3936 2502 4011 contagio
2527 3937 2768 4007 quotidie
2800 3938 2965 3992 etiam
2993 3939 3046 3992 in
3088 3950 3181 3993 ara
3217 3937 3392 3992 crucis
3419 3952 3517 4006 per
3540 3952 3839 4005 sacrosan-

2250 4034 2338 4080 cta
2372 4028 2627 4098 mysteria
2674 4035 2728 4083 et
2768 4042 2867 4083 nos
2890 4026 3215 4098 pmuiteutes
3248 4036 3301 4082 et
3337 4027 3612 4084 confessos
3638 4043 3835 4085 emun-

2252 4117 2344 4173 dat
2384 4134 2415 4174 a
2441 4121 2644 4177 nostris
2673 4120 3015 4176 criminibus.
3046 4119 3129 4176 Ad
3176 4098 3434 4189 teniplum
3465 4119 3698 4176 detulisti
3748 4131 3831 4177 tc-

572 4210 651 4267 tui
690 4209 1019 4265 sanctissimi
1049 4209 1275 4279 virginei
1315 4219 1521 4278 partus,
1561 4220 1751 4266 contra
1788 4211 1970 4267 hostes
2001 4220 2143 4267 tuos.
2176 4216 2226 4281 ι)
2251 4224 2373 4262 cum
2423 4209 2822 4273 mundandum,
2860 4210 2951 4278 qui
3005 4223 3107 4289 pro,
3143 4208 3300 4265 nobis
3350 4208 3598 4291 Pqntifex
3648 4209 3832 4269 factus

571 4296 864 4354 Benedicta
906 4310 966 4351 es
1002 4296 1146 4349 enim
1193 4295 1382 4359 Maria,
1424 4311 1545 4367 qua:
1590 4299 1875 4353 Domiuunt
1904 4299 2146 4354 omnium

570 4386 1132 4456 portastiCreatorem
1162 4385 1502 4441 saeculorum.
1532 4387 1776 4443 Geuuisti
1800 4389 1889 4455 qui
1918 4399 1969 4442 te
1994 4387 2144 4453 fecit,

566 4485 625 4533 et
646 4478 697 4532 in
727 4488 992 4533 aeternum
1034 4476 1547 4548 permanesVirgo.‘
1573 4479 1741 4537 Beata
1770 4484 1999 4547 viscera,
2027 4497 2146 4551 qua:

566 4577 918 4638 portaverant
956 4570 1143 4623 aeterni
1185 4569 1359 4626 Patris
1378 4570 1593 4625 Filium.
1624 4573 1785 4629 Beata
1822 4575 1985 4630 ubera
2030 4585 2140 4638 tua,

567 4675 688 4728 qute
713 4659 1048 4714 Iactaverunt
1075 4658 1347 4716 Christum
1383 4662 1686 4719 Dominum.
1714 4664 1872 4720 Beata
1898 4674 1953 4719 et
1980 4677 2143 4719 vene-

570 4748 760 4802 rabilis
778 4763 858 4815 es,
875 4747 1035 4820 Virgo
1058 4749 1248 4818 Maria,
1266 4754 1505 4809 omnium
1525 4754 1786 4810 bonorum
1810 4754 2143 4811 beatitudine

566 4832 748 4905 plena.
791 4835 955 4891 licata
1004 4848 1202 4908 mater,
1237 4844 1496 4913 quaesola
1528 4832 1645 4899 sine
1672 4838 1856 4902 dolore
1887 4844 2139 4917 genuisd,

565 4926 695 4996 quia
726 4933 781 4981 tu
812 4926 928 4981 sola
949 4930 1199 5000 peperisti
1221 4929 1665 5005 Yirgo.Beata-et
1690 4932 1972 4990 lknedicta
2000 4935 2142 4988 inter

566 5018 851 5084 mulieres;
885 5018 1008 5087 quia
1056 5031 1217 5076 natus
1242 5038 1311 5078 ex
1356 5033 1408 5079 te
1454 5024 1679 5096 Virgine
1713 5025 1961 5093 Christus
1999 5025 2141 5078 Deus

567 5124 773 5177 noster,
820 5128 919 5168 sua
970 5117 1309 5172 sanctissima
1353 5121 1633 5176 nativitate
1670 5121 1828 5191 primi
1876 5120 2139 5190 parentis,

567 5216 620 5259 et
649 5204 835 5273 prima:
864 5207 1111 5263 mulieris
1156 5209 1210 5262 in
1243 5210 1430 5265 dolore
1458 5214 1747 5280 pteualiter
1786 5211 2140 5283 parturientis

568 5294 823 5352 solvendo
874 5298 1335 5361 maledictionem,
1372 5301 1517 5355 dedit
1556 5310 1649 5370 per
1694 5311 1745 5357 te
1789 5302 1905 5356 sine
1957 5301 2140 5354 dolore

572 5387 983 5457 parturientem,
1018 5391 1436 5445 dimissa'vetcri
1467 5392 1640 5462 culpa,
1677 5410 1825 5448 novae
1870 5394 2056 5461 gratia:
2087 5400 2142 5445 et

574 5474 761 5531 salutis
782 5488 996 5537 (uernae
1020 5482 1325 5537 urclliﬂuam
1347 5483 1792 5537 benedictionem.
1822 5483 1924 5538 l‘er
1948 5482 2137 5552 gaudia

2250 4298 2546 4354 secundum
2573 4299 2819 4354 ordinem
2865 4286 3262 4355 Melchisedech
3294 4286 3534 4369 quotidie
3563 4303 3831 4372 compati-

2250 4397 2339 4442 tur
2360 4389 2765 4443 infirmitatibus
2788 4390 3007 4454 nostris,
3040 4397 3097 4445 et
3123 4397 3206 4443 est
3230 4388 3537 4444 misericors
3567 4391 3741 4461 nobis,
3768 4399 3830 4445 et.

2247 4478 2492 4534 Pontifex
2520 4479 2694 4533 ﬁdelis
2720 4481 2786 4534 ad
2812 4479 2977 4535 Deum
3002 4479 3341 4549 propitiando
3370 4490 3589 4548 peccata
3619 4478 3826 4547 populi,

2246 4568 2489 4637 quotidie
2538 4584 2638 4623 nos
2672 4567 2782 4623 Deo
2811 4569 2958 4623 Patri
3003 4568 3343 4631 rcconciliat,
3382 4577 3437 4622 et
3468 4583 3562 4636 per
3590 4568 3640 4620 id
3677 4568 3827 4636 quod

2247 4657 2358 4715 Deo
2385 4659 2531 4713 Patri
2562 4658 2731 4725 offert
2756 4659 2899 4713 Deus
2942 4658 3007 4713 de
3046 4657 3157 4713 Deo
3197 4658 3458 4726 quotidie,
3482 4657 3528 4712 si
3573 4659 3827 4715 conveni

2245 4749 2508 4805 fuerimus
2530 4756 2587 4805 et
2614 4760 2834 4818 peccata
2864 4756 3047 4804 nostra
3071 4748 3325 4805 confessi.
3351 4748 3549 4805 Fidelis
3570 4757 3625 4805 et
3642 4736 3829 4821 justus

2243 4849 2299 4894 et
2328 4842 2536 4909 patiens
2559 4840 2704 4895 Deus
2731 4840 3160 4915 ignoscetlnobis
3199 4849 3257 4897 et
3289 4839 3529 4897 absolvet
3553 4848 3691 4899 ιιος..

2315 4930 2371 4985 lu
2408 4932 2624 4986 nomine
2652 4931 2790 5000 ejus,
2841 4929 3003 5004 Virgo
3038 4932 3410 5003 integerrima,
3460 4931 3712 5005 omtf‘ugio
3751 4933 3828 4990 ad

2246 5031 2315 5075 te.
2346 5022 2403 5075 In
2431 5023 2548 5089 ejus
2572 5036 2699 5091 ergo
2722 5022 2938 5078 nomine
2965 5022 3274 5076 dulcissimo
3293 5031 3348 5076 et
3377 5037 3583 5089 amore,
3607 5022 3827 5094 suscipe

2243 5128 2350 5178 me,
2380 5113 2594 5166 domina
2621 5126 2739 5166 mea
2764 5098 3202 5174 clementissima,
3226 5108 3618 5179 confugientem
3651 5111 3720 5166 ad
3742 5121 3816 5178 te,

2241 5218 2296 5261 et
2326 5203 2515 5272 adjuva
2548 5219 2633 5258 me
2664 5220 2759 5274 per
2795 5205 2987 5258 merita
3021 5216 3125 5256 tua:
3148 5204 3463 5258 castissimae
3486 5202 3817 5274 puriﬁcatio-

2243 5297 2344 5357 nis,
2376 5304 2432 5348 ut
2456 5296 2686 5349 sentiam
2715 5304 2769 5349 et
2793 5295 3053 5364 gaudeam
3097 5309 3180 5348 me
3204 5310 3233 5346 a
3257 5294 3505 5347 sordibus
3534 5293 3819 5352 conscien-

2245 5390 2330 5442 tia:
2356 5389 2428 5440 ita
2460 5387 2765 5456 perenniter
2790 5385 3084 5455 puriﬁcari,
3122 5396 3180 5439 ut
3208 5396 3480 5453 nunquam
3511 5371 3720 5438 doleam
3749 5380 3816 5436 de

2244 5488 2439 5535 caetero
2467 5494 2550 5535 me
2586 5484 2761 5551 aliqua
2792 5478 3111 5548 contagione
3145 5487 3237 5533 aut
3272 5476 3670 5547 perpetratione
3693 5486 3811 5531 sco-

3864 32 3877 35 ⁴
3900 32 3931 69 ἶ

3735 119 3839 176 ast

3970 32 4093 63 “re

3622 6044 3667 6093 λ.ιῖ
