  <div class='ocr_page' id='page_1' title='image "/cluster/home/n/w/nwhite01/storage/ocr_20150623/158/uva.x000829800/484.png"; bbox 0 0 4200 6268; ppageno 0'>
   <div class='ocr_carea' id='block_1_1' title="bbox 512 139 3773 207">
    <p class='ocr_par' dir='ltr' id='par_1_1' title="bbox 512 139 3773 207">
     <span class='ocr_line' id='line_1_1' title="bbox 512 139 3773 207; baseline -0.002 -5"><span class='ocrx_word' id='word_1_1' title='bbox 512 152 623 207; x_wconf 75' lang='lat'><strong>965</strong></span> <span class='ocrx_word' id='word_1_2' title='bbox 1939 139 2072 197; x_wconf 69' lang='lat' dir='ltr'><strong>OliA</strong></span> <span class='ocrx_word' id='word_1_3' title='bbox 2084 140 2241 198; x_wconf 77' lang='grc' dir='ltr'><strong>ἸΊΟΝ</strong></span> <span class='ocrx_word' id='word_1_4' title='bbox 2251 142 2351 198; x_wconf 74' lang='lat' dir='ltr'><strong>ES.</strong></span> <span class='ocrx_word' id='word_1_5' title='bbox 2644 146 2645 151; x_wconf 67' lang='grc'><em>“</em></span> <span class='ocrx_word' id='word_1_6' title='bbox 3662 146 3773 201; x_wconf 72' lang='lat'><strong>956</strong></span> 
     </span>
    </p>
   </div>
   <div class='ocr_carea' id='block_1_2' title="bbox 510 252 3772 332">
    <p class='ocr_par' dir='ltr' id='par_1_2' title="bbox 510 252 3772 332">
     <span class='ocr_line' id='line_1_2' title="bbox 510 252 3772 332; baseline -0.002 -16"><span class='ocrx_word' id='word_1_7' title='bbox 510 264 635 318; x_wconf 85' lang='lat' dir='ltr'><strong>leris</strong></span> <span class='ocrx_word' id='word_1_8' title='bbox 678 260 1035 332; x_wconf 80' lang='lat' dir='ltr'><strong>coinquinari.</strong></span> <span class='ocrx_word' id='word_1_9' title='bbox 1081 260 1277 317; x_wconf 89' lang='lat' dir='ltr'><strong>Sancta</strong></span> <span class='ocrx_word' id='word_1_10' title='bbox 1326 258 1416 312; x_wconf 86' lang='lat' dir='ltr'><strong>Dei</strong></span> <span class='ocrx_word' id='word_1_11' title='bbox 1468 252 1731 317; x_wconf 79' lang='lat' dir='ltr'><strong>Geuitrix,</strong></span> <span class='ocrx_word' id='word_1_12' title='bbox 1767 253 1978 323; x_wconf 79' lang='lat' dir='ltr'><strong>suscipe</strong></span> <span class='ocrx_word' id='word_1_13' title='bbox 2032 260 2161 317; x_wconf 68' lang='lat' dir='ltr'><strong>ct&#39;A</strong></span> <span class='ocrx_word' id='word_1_14' title='bbox 2187 268 2282 309; x_wconf 89' lang='lat' dir='ltr'><strong>ore</strong></span> <span class='ocrx_word' id='word_1_15' title='bbox 2311 268 2428 309; x_wconf 89' lang='lat' dir='ltr'><strong>meo</strong></span> <span class='ocrx_word' id='word_1_16' title='bbox 2457 254 2736 310; x_wconf 50' lang='lat' dir='ltr'><strong>habere!)</strong></span> <span class='ocrx_word' id='word_1_17' title='bbox 2761 255 2918 326; x_wconf 67' lang='lat' dir='ltr'><strong>Virga</strong></span> <span class='ocrx_word' id='word_1_18' title='bbox 2944 253 3331 325; x_wconf 43' lang='lat' dir='ltr'><strong>gloriosagjurc</strong></span> <span class='ocrx_word' id='word_1_19' title='bbox 3354 264 3583 311; x_wconf 78' lang='lat' dir='ltr'><strong>mottcm</strong></span> <span class='ocrx_word' id='word_1_20' title='bbox 3605 258 3772 311; x_wconf 82' lang='lat' dir='ltr'><strong>subti-</strong></span> 
     </span>
    </p>
   </div>
   <div class='ocr_carea' id='block_1_3' title="bbox 508 347 2087 425">
    <p class='ocr_par' dir='ltr' id='par_1_3' title="bbox 508 347 2087 425">
     <span class='ocr_line' id='line_1_3' title="bbox 508 347 2087 425; baseline -0.008 -17"><span class='ocrx_word' id='word_1_21' title='bbox 508 355 781 410; x_wconf 87' lang='lat' dir='ltr'><strong>intercede</strong></span> <span class='ocrx_word' id='word_1_22' title='bbox 805 371 902 425; x_wconf 89' lang='lat' dir='ltr'><strong>pro</strong></span> <span class='ocrx_word' id='word_1_23' title='bbox 947 370 1028 406; x_wconf 79' lang='lat' dir='ltr'><strong>me</strong></span> <span class='ocrx_word' id='word_1_24' title='bbox 1058 360 1339 423; x_wconf 70' lang='lat' dir='ltr'><strong>peccatore</strong></span> <span class='ocrx_word' id='word_1_25' title='bbox 1378 347 1517 418; x_wconf 87' lang='lat' dir='ltr'><strong>apud</strong></span> <span class='ocrx_word' id='word_1_26' title='bbox 1552 357 1697 400; x_wconf 89' lang='lat' dir='ltr'><strong>tuum</strong></span> <span class='ocrx_word' id='word_1_27' title='bbox 1739 347 1966 403; x_wconf 66' lang='lat' dir='ltr'><strong>dulcem,</strong></span> <span class='ocrx_word' id='word_1_28' title='bbox 1992 358 2087 397; x_wconf 87' lang='lat' dir='ltr'><strong>na-</strong></span> 
     </span>
    </p>
   </div>
   <div class='ocr_carea' id='block_1_4' title="bbox 511 434 2087 505">
    <p class='ocr_par' dir='ltr' id='par_1_4' title="bbox 511 434 2087 505">
     <span class='ocr_line' id='line_1_4' title="bbox 511 434 2087 505; baseline -0.009 -4"><span class='ocrx_word' id='word_1_29' title='bbox 511 457 620 501; x_wconf 90' lang='lat' dir='ltr'><strong>tum</strong></span> <span class='ocrx_word' id='word_1_30' title='bbox 667 446 846 500; x_wconf 83' lang='lat' dir='ltr'><strong>Jesum</strong></span> <span class='ocrx_word' id='word_1_31' title='bbox 878 445 1151 501; x_wconf 74' lang='lat' dir='ltr'><strong>Christum</strong></span> <span class='ocrx_word' id='word_1_32' title='bbox 1203 440 1543 505; x_wconf 82' lang='lat' dir='ltr'><strong>benedictum</strong></span> <span class='ocrx_word' id='word_1_33' title='bbox 1594 436 1828 491; x_wconf 80' lang='lat' dir='ltr'><strong>fructum</strong></span> <span class='ocrx_word' id='word_1_34' title='bbox 1874 434 2087 493; x_wconf 83' lang='lat' dir='ltr'><strong>ventris</strong></span> 
     </span>
    </p>
   </div>
   <div class='ocr_carea' id='block_1_5' title="bbox 513 531 1136 599">
    <p class='ocr_par' dir='ltr' id='par_1_5' title="bbox 513 531 1136 599">
     <span class='ocr_line' id='line_1_5' title="bbox 513 531 1136 599; baseline -0.005 -12"><span class='ocrx_word' id='word_1_35' title='bbox 513 536 608 599; x_wconf 89' lang='lat' dir='ltr'><strong>tui,</strong></span> <span class='ocrx_word' id='word_1_36' title='bbox 648 544 701 588; x_wconf 92' lang='lat' dir='ltr'><strong>ct</strong></span> <span class='ocrx_word' id='word_1_37' title='bbox 730 534 991 589; x_wconf 85' lang='lat' dir='ltr'><strong>miserere</strong></span> <span class='ocrx_word' id='word_1_38' title='bbox 1014 531 1136 585; x_wconf 82' lang='lat' dir='ltr'><strong>mei.</strong></span> 
     </span>
    </p>
   </div>
   <div class='ocr_carea' id='block_1_6' title="bbox 950 616 1645 689">
    <p class='ocr_par' dir='ltr' id='par_1_6' title="bbox 950 616 1645 689">
     <span class='ocr_line' id='line_1_6' title="bbox 950 616 1645 689; baseline -0.01 -11"><span class='ocrx_word' id='word_1_39' title='bbox 950 620 1204 678; x_wconf 68' lang='lat' dir='ltr'><strong>ouano</strong></span> <span class='ocrx_word' id='word_1_40' title='bbox 1236 619 1325 674; x_wconf 70' lang='grc' dir='ltr'><strong>ω(</strong></span> <span class='ocrx_word' id='word_1_41' title='bbox 1366 618 1459 689; x_wconf 79' lang='grc' dir='ltr'><strong>[οι.</strong></span> <span class='ocrx_word' id='word_1_42' title='bbox 1490 616 1645 689; x_wconf 76' lang='lat' dir='ltr'><strong>LIX].</strong></span> 
     </span>
    </p>
   </div>
   <div class='ocr_carea' id='block_1_7' title="bbox 860 722 1732 767">
    <p class='ocr_par' dir='ltr' id='par_1_7' title="bbox 860 722 1732 767">
     <span class='ocr_line' id='line_1_7' title="bbox 860 722 1732 767; baseline -0.008 0"><span class='ocrx_word' id='word_1_43' title='bbox 860 730 927 767; x_wconf 79' lang='grc' dir='ltr'><strong>ΔΙ)</strong></span> <span class='ocrx_word' id='word_1_44' title='bbox 956 727 1197 766; x_wconf 68' lang='grc' dir='ltr'><strong>εΛΝΟΤΛΜ</strong></span> <span class='ocrx_word' id='word_1_45' title='bbox 1226 724 1477 765; x_wconf 57' lang='grc' dir='ltr'>νιιιοιςειι</span> <span class='ocrx_word' id='word_1_46' title='bbox 1509 722 1732 763; x_wconf 68' lang='lat' dir='ltr'><strong>IARIAI.</strong></span> 
     </span>
    </p>
   </div>
   <div class='ocr_carea' id='block_1_8' title="bbox 982 803 1617 871">
    <p class='ocr_par' dir='ltr' id='par_1_8' title="bbox 982 803 1617 871">
     <span class='ocr_line' id='line_1_8' title="bbox 982 803 1617 871; baseline 0 -16"><span class='ocrx_word' id='word_1_47' title='bbox 982 803 1049 855; x_wconf 85' lang='lat' dir='ltr'><strong>lu</strong></span> <span class='ocrx_word' id='word_1_48' title='bbox 1076 805 1442 871; x_wconf 74' lang='lat' dir='ltr'><strong>Assumptionc</strong></span> <span class='ocrx_word' id='word_1_49' title='bbox 1482 803 1617 869; x_wconf 71' lang='lat' dir='ltr'><strong>ejus.</strong></span> 
     </span>
    </p>
   </div>
   <div class='ocr_carea' id='block_1_9' title="bbox 496 888 2089 968">
    <p class='ocr_par' dir='ltr' id='par_1_9' title="bbox 496 888 2089 968">
     <span class='ocr_line' id='line_1_9' title="bbox 496 888 2089 968; baseline -0.006 -18"><span class='ocrx_word' id='word_1_50' title='bbox 496 960 501 968; x_wconf 34' lang='grc' dir='ltr'><strong><em>η</em></strong></span> <span class='ocrx_word' id='word_1_51' title='bbox 580 895 745 965; x_wconf 74' lang='lat' dir='ltr'><strong>Virgo</strong></span> <span class='ocrx_word' id='word_1_52' title='bbox 787 894 1155 955; x_wconf 78' lang='lat' dir='ltr'><strong>serenissima,</strong></span> <span class='ocrx_word' id='word_1_53' title='bbox 1186 894 1279 947; x_wconf 88' lang='lat' dir='ltr'><strong>Dei</strong></span> <span class='ocrx_word' id='word_1_54' title='bbox 1313 894 1543 963; x_wconf 78' lang='lat' dir='ltr'><strong>geniti-ix</strong></span> <span class='ocrx_word' id='word_1_55' title='bbox 1568 900 1751 945; x_wconf 86' lang='lat' dir='ltr'><strong>sancta</strong></span> <span class='ocrx_word' id='word_1_56' title='bbox 1782 888 1969 951; x_wconf 79' lang='lat' dir='ltr'><strong>Maria,</strong></span> <span class='ocrx_word' id='word_1_57' title='bbox 1994 901 2089 957; x_wconf 90' lang='lat' dir='ltr'><strong>per</strong></span> 
     </span>
    </p>
   </div>
   <div class='ocr_carea' id='block_1_10' title="bbox 510 986 2087 1055">
    <p class='ocr_par' dir='ltr' id='par_1_10' title="bbox 510 986 2087 1055">
     <span class='ocr_line' id='line_1_10' title="bbox 510 986 2087 1055; baseline -0.006 -13"><span class='ocrx_word' id='word_1_58' title='bbox 510 988 703 1042; x_wconf 89' lang='lat' dir='ltr'><strong>merita</strong></span> <span class='ocrx_word' id='word_1_59' title='bbox 755 995 858 1040; x_wconf 74' lang='lat' dir='ltr'><strong>tua:</strong></span> <span class='ocrx_word' id='word_1_60' title='bbox 894 986 1136 1055; x_wconf 71' lang='lat' dir='ltr'><strong>gloiiosa:</strong></span> <span class='ocrx_word' id='word_1_61' title='bbox 1179 986 1588 1055; x_wconf 86' lang='lat' dir='ltr'><strong>assumptionis,</strong></span> <span class='ocrx_word' id='word_1_62' title='bbox 1625 993 1678 1037; x_wconf 90' lang='lat' dir='ltr'><strong>et</strong></span> <span class='ocrx_word' id='word_1_63' title='bbox 1727 997 1820 1049; x_wconf 90' lang='lat' dir='ltr'><strong>per</strong></span> <span class='ocrx_word' id='word_1_64' title='bbox 1848 993 2087 1033; x_wconf 87' lang='lat' dir='ltr'><strong>amorem</strong></span> 
     </span>
    </p>
   </div>
   <div class='ocr_carea' id='block_1_11' title="bbox 511 1065 2089 1146">
    <p class='ocr_par' dir='ltr' id='par_1_11' title="bbox 511 1065 2089 1146">
     <span class='ocr_line' id='line_1_11' title="bbox 511 1065 2089 1146; baseline -0.008 -12"><span class='ocrx_word' id='word_1_65' title='bbox 511 1079 587 1134; x_wconf 92' lang='lat' dir='ltr'><strong>tui</strong></span> <span class='ocrx_word' id='word_1_66' title='bbox 616 1078 910 1133; x_wconf 81' lang='lat' dir='ltr'><strong>dulcissimi</strong></span> <span class='ocrx_word' id='word_1_67' title='bbox 947 1077 1060 1143; x_wconf 85' lang='lat' dir='ltr'><strong>tilii,</strong></span> <span class='ocrx_word' id='word_1_68' title='bbox 1090 1094 1118 1129; x_wconf 89' lang='lat' dir='ltr'><strong>a</strong></span> <span class='ocrx_word' id='word_1_69' title='bbox 1148 1092 1254 1146; x_wconf 88' lang='lat' dir='ltr'><strong>quo</strong></span> <span class='ocrx_word' id='word_1_70' title='bbox 1300 1082 1572 1142; x_wconf 78' lang='lat' dir='ltr'><strong>assumpta</strong></span> <span class='ocrx_word' id='word_1_71' title='bbox 1600 1088 1660 1127; x_wconf 90' lang='lat' dir='ltr'><strong>es</strong></span> <span class='ocrx_word' id='word_1_72' title='bbox 1690 1074 1744 1126; x_wconf 88' lang='lat' dir='ltr'><strong>in</strong></span> <span class='ocrx_word' id='word_1_73' title='bbox 1774 1070 1991 1135; x_wconf 68' lang='lat' dir='ltr'><strong>coslmn,</strong></span> <span class='ocrx_word' id='word_1_74' title='bbox 2022 1065 2089 1122; x_wconf 84' lang='lat' dir='ltr'><strong>da</strong></span> 
     </span>
    </p>
   </div>
   <div class='ocr_carea' id='block_1_12' title="bbox 510 1163 2090 1229">
    <p class='ocr_par' dir='ltr' id='par_1_12' title="bbox 510 1163 2090 1229">
     <span class='ocr_line' id='line_1_12' title="bbox 510 1163 2090 1229; baseline -0.01 -4"><span class='ocrx_word' id='word_1_75' title='bbox 510 1169 643 1225; x_wconf 88' lang='lat' dir='ltr'><strong>mihi</strong></span> <span class='ocrx_word' id='word_1_76' title='bbox 663 1169 914 1221; x_wconf 90' lang='lat' dir='ltr'><strong>virtutem</strong></span> <span class='ocrx_word' id='word_1_77' title='bbox 939 1176 1125 1219; x_wconf 77' lang='lat' dir='ltr'><strong>contra</strong></span> <span class='ocrx_word' id='word_1_78' title='bbox 1159 1167 1341 1220; x_wconf 83' lang='lat' dir='ltr'><strong>hostes</strong></span> <span class='ocrx_word' id='word_1_79' title='bbox 1369 1174 1508 1226; x_wconf 86' lang='lat' dir='ltr'><strong>tuos,</strong></span> <span class='ocrx_word' id='word_1_80' title='bbox 1526 1173 1581 1216; x_wconf 89' lang='lat' dir='ltr'><strong>et</strong></span> <span class='ocrx_word' id='word_1_81' title='bbox 1605 1163 1658 1215; x_wconf 92' lang='lat' dir='ltr'><strong>in</strong></span> <span class='ocrx_word' id='word_1_82' title='bbox 1689 1175 1911 1229; x_wconf 84' lang='lat' dir='ltr'><strong>regnum</strong></span> <span class='ocrx_word' id='word_1_83' title='bbox 1940 1167 2090 1211; x_wconf 75' lang='lat' dir='ltr'><strong>auer-</strong></span> 
     </span>
    </p>
   </div>
   <div class='ocr_carea' id='block_1_13' title="bbox 510 1247 2093 1345">
    <p class='ocr_par' dir='ltr' id='par_1_13' title="bbox 510 1247 2093 1345">
     <span class='ocr_line' id='line_1_13' title="bbox 510 1247 2093 1345; baseline -0.009 -31"><span class='ocrx_word' id='word_1_84' title='bbox 510 1275 637 1314; x_wconf 91' lang='lat' dir='ltr'><strong>num</strong></span> <span class='ocrx_word' id='word_1_85' title='bbox 674 1257 904 1328; x_wconf 78' lang='lat' dir='ltr'><strong>ingredi.</strong></span> <span class='ocrx_word' id='word_1_86' title='bbox 936 1256 1344 1345; x_wconf 38' lang='lat' dir='ltr'><strong>Felixfnamque</strong></span> <span class='ocrx_word' id='word_1_87' title='bbox 1369 1268 1428 1307; x_wconf 87' lang='lat' dir='ltr'><strong>es</strong></span> <span class='ocrx_word' id='word_1_88' title='bbox 1458 1267 1613 1307; x_wconf 87' lang='lat' dir='ltr'><strong>sacra</strong></span> <span class='ocrx_word' id='word_1_89' title='bbox 1646 1252 1797 1319; x_wconf 88' lang='lat' dir='ltr'><strong>virgo</strong></span> <span class='ocrx_word' id='word_1_90' title='bbox 1824 1247 2009 1310; x_wconf 79' lang='lat' dir='ltr'><strong>Maria,</strong></span> <span class='ocrx_word' id='word_1_91' title='bbox 2035 1255 2093 1300; x_wconf 93' lang='lat' dir='ltr'><strong>et</strong></span> 
     </span>
    </p>
   </div>
   <div class='ocr_carea' id='block_1_14' title="bbox 509 1338 2092 1423">
    <p class='ocr_par' dir='ltr' id='par_1_14' title="bbox 509 1338 2092 1423">
     <span class='ocr_line' id='line_1_14' title="bbox 509 1338 2092 1423; baseline -0.008 -20"><span class='ocrx_word' id='word_1_92' title='bbox 509 1350 655 1403; x_wconf 76' lang='lat' dir='ltr'><strong>(nnni</strong></span> <span class='ocrx_word' id='word_1_93' title='bbox 689 1338 1200 1423; x_wconf 83' lang='lat' dir='ltr'><strong>laudedignissima,</strong></span> <span class='ocrx_word' id='word_1_94' title='bbox 1225 1347 1350 1415; x_wconf 85' lang='lat' dir='ltr'><strong>quia</strong></span> <span class='ocrx_word' id='word_1_95' title='bbox 1376 1349 1441 1399; x_wconf 76' lang='lat' dir='ltr'><strong>ex</strong></span> <span class='ocrx_word' id='word_1_96' title='bbox 1472 1353 1522 1399; x_wconf 90' lang='lat' dir='ltr'><strong>te</strong></span> <span class='ocrx_word' id='word_1_97' title='bbox 1547 1352 1701 1398; x_wconf 88' lang='lat' dir='ltr'><strong>ortus</strong></span> <span class='ocrx_word' id='word_1_98' title='bbox 1727 1352 1809 1397; x_wconf 84' lang='lat' dir='ltr'><strong>est</strong></span> <span class='ocrx_word' id='word_1_99' title='bbox 1832 1340 1908 1423; x_wconf 84' lang='lat' dir='ltr'><strong>sol</strong></span> <span class='ocrx_word' id='word_1_100' title='bbox 1934 1338 2092 1408; x_wconf 88' lang='lat' dir='ltr'><strong>justi—</strong></span> 
     </span>
    </p>
   </div>
   <div class='ocr_carea' id='block_1_15' title="bbox 515 1422 2093 1501">
    <p class='ocr_par' dir='ltr' id='par_1_15' title="bbox 515 1422 2093 1501">
     <span class='ocr_line' id='line_1_15' title="bbox 515 1422 2093 1501; baseline -0.008 -6"><span class='ocrx_word' id='word_1_101' title='bbox 515 1442 601 1497; x_wconf 69' lang='lat' dir='ltr'><strong>tiae</strong></span> <span class='ocrx_word' id='word_1_102' title='bbox 635 1422 881 1495; x_wconf 80' lang='lat' dir='ltr'><strong>Christus</strong></span> <span class='ocrx_word' id='word_1_103' title='bbox 922 1439 1064 1495; x_wconf 88' lang='lat' dir='ltr'><strong>Deus</strong></span> <span class='ocrx_word' id='word_1_104' title='bbox 1116 1447 1320 1501; x_wconf 81' lang='lat' dir='ltr'><strong>noster.</strong></span> <span class='ocrx_word' id='word_1_105' title='bbox 1360 1436 1507 1492; x_wconf 80' lang='lat' dir='ltr'><strong>Sicut</strong></span> <span class='ocrx_word' id='word_1_106' title='bbox 1539 1435 1725 1491; x_wconf 76' lang='lat' dir='ltr'><strong>cedrus</strong></span> <span class='ocrx_word' id='word_1_107' title='bbox 1770 1422 2000 1487; x_wconf 74' lang='lat' dir='ltr'><strong>excitata</strong></span> <span class='ocrx_word' id='word_1_108' title='bbox 2039 1431 2093 1483; x_wconf 83' lang='lat' dir='ltr'><strong>in</strong></span> 
     </span>
    </p>
   </div>
   <div class='ocr_carea' id='block_1_16' title="bbox 512 1522 2093 1600">
    <p class='ocr_par' dir='ltr' id='par_1_16' title="bbox 512 1522 2093 1600">
     <span class='ocr_line' id='line_1_16' title="bbox 512 1522 2093 1600; baseline -0.006 -16"><span class='ocrx_word' id='word_1_109' title='bbox 512 1532 740 1596; x_wconf 78' lang='lat' dir='ltr'><strong>Libano,</strong></span> <span class='ocrx_word' id='word_1_110' title='bbox 795 1543 843 1585; x_wconf 84' lang='lat' dir='ltr'><strong>et</strong></span> <span class='ocrx_word' id='word_1_111' title='bbox 881 1532 1013 1585; x_wconf 74' lang='lat' dir='ltr'><strong>sicut</strong></span> <span class='ocrx_word' id='word_1_112' title='bbox 1066 1546 1337 1600; x_wconf 76' lang='lat' dir='ltr'><strong>cypressus</strong></span> <span class='ocrx_word' id='word_1_113' title='bbox 1379 1529 1433 1582; x_wconf 86' lang='lat' dir='ltr'><strong>in</strong></span> <span class='ocrx_word' id='word_1_114' title='bbox 1490 1537 1663 1582; x_wconf 81' lang='lat' dir='ltr'><strong>monte</strong></span> <span class='ocrx_word' id='word_1_115' title='bbox 1721 1524 1883 1589; x_wconf 83' lang='lat' dir='ltr'><strong>Sion,</strong></span> <span class='ocrx_word' id='word_1_116' title='bbox 1940 1522 2093 1592; x_wconf 77' lang='lat' dir='ltr'><strong>quasi</strong></span> 
     </span>
    </p>
   </div>
   <div class='ocr_carea' id='block_1_17' title="bbox 2190 349 3767 421">
    <p class='ocr_par' dir='ltr' id='par_1_17' title="bbox 2190 349 3767 421">
     <span class='ocr_line' id='line_1_17' title="bbox 2190 349 3767 421; baseline 0.001 -20"><span class='ocrx_word' id='word_1_117' title='bbox 2190 349 2385 412; x_wconf 88' lang='lat' dir='ltr'><strong>sti,scd</strong></span> <span class='ocrx_word' id='word_1_118' title='bbox 2417 349 2604 402; x_wconf 89' lang='lat' dir='ltr'><strong>mortis</strong></span> <span class='ocrx_word' id='word_1_119' title='bbox 2627 350 2853 402; x_wconf 78' lang='lat' dir='ltr'><strong>nexibus</strong></span> <span class='ocrx_word' id='word_1_120' title='bbox 2886 349 3108 419; x_wconf 84' lang='lat' dir='ltr'><strong>deprimi</strong></span> <span class='ocrx_word' id='word_1_121' title='bbox 3141 367 3244 404; x_wconf 89' lang='lat' dir='ltr'><strong>non</strong></span> <span class='ocrx_word' id='word_1_122' title='bbox 3281 350 3527 420; x_wconf 81' lang='lat' dir='ltr'><strong>potuisti,</strong></span> <span class='ocrx_word' id='word_1_123' title='bbox 3559 351 3682 421; x_wconf 61' lang='lat' dir='ltr'><strong>quia</strong></span> <span class='ocrx_word' id='word_1_124' title='bbox 3714 360 3767 404; x_wconf 91' lang='lat' dir='ltr'><strong>tu</strong></span> 
     </span>
    </p>
   </div>
   <div class='ocr_carea' id='block_1_18' title="bbox 2189 438 3776 508">
    <p class='ocr_par' dir='ltr' id='par_1_18' title="bbox 2189 438 3776 508">
     <span class='ocr_line' id='line_1_18' title="bbox 2189 438 3776 508; baseline 0.001 -15"><span class='ocrx_word' id='word_1_125' title='bbox 2189 438 2300 493; x_wconf 89' lang='lat' dir='ltr'><strong>sola</strong></span> <span class='ocrx_word' id='word_1_126' title='bbox 2336 438 2496 508; x_wconf 71' lang='lat' dir='ltr'><strong>Virgo</strong></span> <span class='ocrx_word' id='word_1_127' title='bbox 2548 438 2775 505; x_wconf 73' lang='lat' dir='ltr'><strong>genuisd</strong></span> <span class='ocrx_word' id='word_1_128' title='bbox 2823 454 2970 503; x_wconf 86' lang='lat' dir='ltr'><strong>eum,</strong></span> <span class='ocrx_word' id='word_1_129' title='bbox 2999 440 3088 508; x_wconf 90' lang='lat' dir='ltr'><strong>qui</strong></span> <span class='ocrx_word' id='word_1_130' title='bbox 3129 450 3249 493; x_wconf 88' lang='lat' dir='ltr'><strong>crat</strong></span> <span class='ocrx_word' id='word_1_131' title='bbox 3291 456 3440 495; x_wconf 87' lang='lat' dir='ltr'><strong>mors</strong></span> <span class='ocrx_word' id='word_1_132' title='bbox 3483 441 3694 507; x_wconf 79' lang='lat' dir='ltr'><strong>mortis,</strong></span> <span class='ocrx_word' id='word_1_133' title='bbox 3723 450 3776 495; x_wconf 89' lang='lat' dir='ltr'><strong>et</strong></span> 
     </span>
    </p>
   </div>
   <div class='ocr_carea' id='block_1_19' title="bbox 2193 529 3776 603">
    <p class='ocr_par' dir='ltr' id='par_1_19' title="bbox 2193 529 3776 603">
     <span class='ocr_line' id='line_1_19' title="bbox 2193 529 3776 603; baseline 0.003 -20"><span class='ocrx_word' id='word_1_134' title='bbox 2193 544 2409 583; x_wconf 79' lang='lat' dir='ltr'><strong>morsus</strong></span> <span class='ocrx_word' id='word_1_135' title='bbox 2442 529 2661 583; x_wconf 79' lang='lat' dir='ltr'><strong>inferni.</strong></span> <span class='ocrx_word' id='word_1_136' title='bbox 2687 529 2888 599; x_wconf 85' lang='lat' dir='ltr'><strong>Adjuva</strong></span> <span class='ocrx_word' id='word_1_137' title='bbox 2917 546 3000 584; x_wconf 92' lang='lat' dir='ltr'><strong>me</strong></span> <span class='ocrx_word' id='word_1_138' title='bbox 3032 547 3127 601; x_wconf 90' lang='lat' dir='ltr'><strong>per</strong></span> <span class='ocrx_word' id='word_1_139' title='bbox 3155 541 3383 587; x_wconf 81' lang='lat' dir='ltr'><strong>mortem</strong></span> <span class='ocrx_word' id='word_1_140' title='bbox 3410 542 3577 601; x_wconf 72' lang='lat' dir='ltr'><strong>totum,</strong></span> <span class='ocrx_word' id='word_1_141' title='bbox 3599 542 3653 587; x_wconf 91' lang='lat' dir='ltr'><strong>et</strong></span> <span class='ocrx_word' id='word_1_142' title='bbox 3681 546 3776 603; x_wconf 88' lang='lat' dir='ltr'><strong>per</strong></span> 
     </span>
    </p>
   </div>
   <div class='ocr_carea' id='block_1_20' title="bbox 2193 620 3774 690">
    <p class='ocr_par' dir='ltr' id='par_1_20' title="bbox 2193 620 3774 690">
     <span class='ocr_line' id='line_1_20' title="bbox 2193 620 3774 690; baseline 0.003 -19"><span class='ocrx_word' id='word_1_143' title='bbox 2193 620 2384 686; x_wconf 87' lang='lat' dir='ltr'><strong>gaudia</strong></span> <span class='ocrx_word' id='word_1_144' title='bbox 2436 629 2538 674; x_wconf 82' lang='lat' dir='ltr'><strong>tuae</strong></span> <span class='ocrx_word' id='word_1_145' title='bbox 2590 621 2971 690; x_wconf 89' lang='lat' dir='ltr'><strong>assumptionis</strong></span> <span class='ocrx_word' id='word_1_146' title='bbox 3017 622 3067 674; x_wconf 91' lang='lat' dir='ltr'><strong>in</strong></span> <span class='ocrx_word' id='word_1_147' title='bbox 3118 622 3336 686; x_wconf 69' lang='lat' dir='ltr'><strong>caelum,</strong></span> <span class='ocrx_word' id='word_1_148' title='bbox 3388 630 3444 677; x_wconf 85' lang='lat' dir='ltr'><strong>ut</strong></span> <span class='ocrx_word' id='word_1_149' title='bbox 3497 624 3774 678; x_wconf 88' lang='lat' dir='ltr'><strong>residuum</strong></span> 
     </span>
    </p>
   </div>
   <div class='ocr_carea' id='block_1_21' title="bbox 2191 709 3775 784">
    <p class='ocr_par' dir='ltr' id='par_1_21' title="bbox 2191 709 3775 784">
     <span class='ocr_line' id='line_1_21' title="bbox 2191 709 3775 784; baseline 0.006 -21"><span class='ocrx_word' id='word_1_150' title='bbox 2191 709 2316 763; x_wconf 80' lang='lat' dir='ltr'><strong>vitae</strong></span> <span class='ocrx_word' id='word_1_151' title='bbox 2344 725 2473 777; x_wconf 69' lang='lat' dir='ltr'><strong>meae</strong></span> <span class='ocrx_word' id='word_1_152' title='bbox 2497 711 2696 780; x_wconf 52' lang='lat' dir='ltr'><strong>pnsum</strong></span> <span class='ocrx_word' id='word_1_153' title='bbox 2729 727 2849 767; x_wconf 89' lang='lat' dir='ltr'><strong>cum</strong></span> <span class='ocrx_word' id='word_1_154' title='bbox 2880 713 3088 767; x_wconf 83' lang='lat' dir='ltr'><strong>sincera</strong></span> <span class='ocrx_word' id='word_1_155' title='bbox 3116 714 3220 767; x_wconf 86' lang='lat' dir='ltr'><strong>tide</strong></span> <span class='ocrx_word' id='word_1_156' title='bbox 3246 724 3334 769; x_wconf 89' lang='lat' dir='ltr'><strong>tuo</strong></span> <span class='ocrx_word' id='word_1_157' title='bbox 3378 713 3647 784; x_wconf 88' lang='lat' dir='ltr'><strong>adjutorio</strong></span> <span class='ocrx_word' id='word_1_158' title='bbox 3682 716 3775 772; x_wconf 88' lang='lat' dir='ltr'><strong>du-</strong></span> 
     </span>
    </p>
   </div>
   <div class='ocr_carea' id='block_1_22' title="bbox 2192 802 3769 866">
    <p class='ocr_par' dir='ltr' id='par_1_22' title="bbox 2192 802 3769 866">
     <span class='ocr_line' id='line_1_22' title="bbox 2192 802 3769 866; baseline 0.003 -9"><span class='ocrx_word' id='word_1_159' title='bbox 2192 815 2337 866; x_wconf 87' lang='lat' dir='ltr'><strong>cere,</strong></span> <span class='ocrx_word' id='word_1_160' title='bbox 2369 810 2422 855; x_wconf 87' lang='lat' dir='ltr'><strong>et</strong></span> <span class='ocrx_word' id='word_1_161' title='bbox 2475 802 2631 856; x_wconf 82' lang='lat' dir='ltr'><strong>ﬁnem</strong></span> <span class='ocrx_word' id='word_1_162' title='bbox 2667 805 2787 859; x_wconf 75' lang='lat' dir='ltr'><strong>vita:</strong></span> <span class='ocrx_word' id='word_1_163' title='bbox 2827 823 2959 863; x_wconf 69' lang='lat' dir='ltr'><strong>mea:</strong></span> <span class='ocrx_word' id='word_1_164' title='bbox 2990 804 3219 860; x_wconf 73' lang='lat' dir='ltr'><strong>feliciter</strong></span> <span class='ocrx_word' id='word_1_165' title='bbox 3262 808 3555 864; x_wconf 84' lang='lat' dir='ltr'><strong>terminare</strong></span> <span class='ocrx_word' id='word_1_166' title='bbox 3599 807 3652 860; x_wconf 91' lang='lat' dir='ltr'><strong>in</strong></span> <span class='ocrx_word' id='word_1_167' title='bbox 3691 808 3769 861; x_wconf 79' lang='lat' dir='ltr'><strong>ci-</strong></span> 
     </span>
    </p>
   </div>
   <div class='ocr_carea' id='block_1_23' title="bbox 2192 889 3774 966">
    <p class='ocr_par' dir='ltr' id='par_1_23' title="bbox 2192 889 3774 966">
     <span class='ocr_line' id='line_1_23' title="bbox 2192 889 3774 966; baseline 0.004 -23"><span class='ocrx_word' id='word_1_168' title='bbox 2192 892 2322 943; x_wconf 77' lang='lat' dir='ltr'><strong>nere</strong></span> <span class='ocrx_word' id='word_1_169' title='bbox 2346 899 2400 943; x_wconf 90' lang='lat' dir='ltr'><strong>et</strong></span> <span class='ocrx_word' id='word_1_170' title='bbox 2430 889 2607 946; x_wconf 89' lang='lat' dir='ltr'><strong>cilicio</strong></span> <span class='ocrx_word' id='word_1_171' title='bbox 2644 893 2695 945; x_wconf 90' lang='lat' dir='ltr'><strong>in</strong></span> <span class='ocrx_word' id='word_1_172' title='bbox 2744 902 2885 947; x_wconf 84' lang='lat' dir='ltr'><strong>terra</strong></span> <span class='ocrx_word' id='word_1_173' title='bbox 2924 906 3227 963; x_wconf 77' lang='lat' dir='ltr'><strong>prostratus</strong></span> <span class='ocrx_word' id='word_1_174' title='bbox 3250 912 3372 950; x_wconf 89' lang='lat' dir='ltr'><strong>cum</strong></span> <span class='ocrx_word' id='word_1_175' title='bbox 3407 896 3692 966; x_wconf 80' lang='lat' dir='ltr'><strong>lacrymis;</strong></span> <span class='ocrx_word' id='word_1_176' title='bbox 3722 896 3774 950; x_wconf 91' lang='lat' dir='ltr'><strong>in</strong></span> 
     </span>
    </p>
   </div>
   <div class='ocr_carea' id='block_1_24' title="bbox 2192 982 3781 1055">
    <p class='ocr_par' dir='ltr' id='par_1_24' title="bbox 2192 982 3781 1055">
     <span class='ocr_line' id='line_1_24' title="bbox 2192 982 3781 1055; baseline 0.004 -18"><span class='ocrx_word' id='word_1_177' title='bbox 2192 982 2534 1037; x_wconf 77' lang='lat' dir='ltr'><strong>confessione</strong></span> <span class='ocrx_word' id='word_1_178' title='bbox 2563 991 2619 1036; x_wconf 89' lang='lat' dir='ltr'><strong>et</strong></span> <span class='ocrx_word' id='word_1_179' title='bbox 2643 985 2956 1051; x_wconf 80' lang='lat' dir='ltr'><strong>poenitentia</strong></span> <span class='ocrx_word' id='word_1_180' title='bbox 2986 996 3331 1055; x_wconf 75' lang='lat' dir='ltr'><strong>peccatorum</strong></span> <span class='ocrx_word' id='word_1_181' title='bbox 3387 1002 3665 1052; x_wconf 84' lang='lat' dir='ltr'><strong>meorum;</strong></span> <span class='ocrx_word' id='word_1_182' title='bbox 3696 987 3781 1043; x_wconf 62' lang='lat' dir='ltr'><strong>in«</strong></span> 
     </span>
    </p>
   </div>
   <div class='ocr_carea' id='block_1_25' title="bbox 2192 1073 3778 1145">
    <p class='ocr_par' dir='ltr' id='par_1_25' title="bbox 2192 1073 3778 1145">
     <span class='ocr_line' id='line_1_25' title="bbox 2192 1073 3778 1145; baseline 0.005 -18"><span class='ocrx_word' id='word_1_183' title='bbox 2192 1087 2372 1143; x_wconf 86' lang='lat' dir='ltr'><strong>super,</strong></span> <span class='ocrx_word' id='word_1_184' title='bbox 2400 1073 2543 1145; x_wconf 84' lang='lat' dir='ltr'><strong>quod</strong></span> <span class='ocrx_word' id='word_1_185' title='bbox 2571 1075 2743 1144; x_wconf 83' lang='lat' dir='ltr'><strong>majus</strong></span> <span class='ocrx_word' id='word_1_186' title='bbox 2766 1085 2867 1138; x_wconf 85' lang='lat' dir='ltr'><strong>est,</strong></span> <span class='ocrx_word' id='word_1_187' title='bbox 2902 1077 2954 1129; x_wconf 90' lang='lat' dir='ltr'><strong>in</strong></span> <span class='ocrx_word' id='word_1_188' title='bbox 2981 1079 3581 1135; x_wconf 66' lang='lat' dir='ltr'><strong>confessioneatmninis</strong></span> <span class='ocrx_word' id='word_1_189' title='bbox 3614 1078 3778 1135; x_wconf 85' lang='lat' dir='ltr'><strong>Chri-</strong></span> 
     </span>
    </p>
   </div>
   <div class='ocr_carea' id='block_1_26' title="bbox 2191 1150 3778 1243">
    <p class='ocr_par' dir='ltr' id='par_1_26' title="bbox 2191 1150 3778 1243">
     <span class='ocr_line' id='line_1_26' title="bbox 2191 1150 3778 1243; baseline 0.005 -22"><span class='ocrx_word' id='word_1_190' title='bbox 2191 1167 2283 1233; x_wconf 87' lang='lat' dir='ltr'><strong>sti,</strong></span> <span class='ocrx_word' id='word_1_191' title='bbox 2320 1178 2373 1223; x_wconf 84' lang='lat' dir='ltr'><strong>et</strong></span> <span class='ocrx_word' id='word_1_192' title='bbox 2400 1170 2453 1223; x_wconf 87' lang='lat' dir='ltr'><strong>in</strong></span> <span class='ocrx_word' id='word_1_193' title='bbox 2492 1150 2839 1240; x_wconf 79' lang='lat' dir='ltr'><strong>perceptione</strong></span> <span class='ocrx_word' id='word_1_194' title='bbox 2869 1171 3113 1239; x_wconf 88' lang='lat' dir='ltr'><strong>corporis</strong></span> <span class='ocrx_word' id='word_1_195' title='bbox 3154 1181 3207 1225; x_wconf 89' lang='lat' dir='ltr'><strong>et</strong></span> <span class='ocrx_word' id='word_1_196' title='bbox 3237 1175 3515 1241; x_wconf 77' lang='lat' dir='ltr'><strong>sanguinis</strong></span> <span class='ocrx_word' id='word_1_197' title='bbox 3542 1154 3687 1243; x_wconf 69' lang='lat' dir='ltr'><strong>citis;</strong></span> <span class='ocrx_word' id='word_1_198' title='bbox 3724 1183 3778 1231; x_wconf 87' lang='lat' dir='ltr'><strong>et</strong></span> 
     </span>
    </p>
   </div>
   <div class='ocr_carea' id='block_1_27' title="bbox 2192 1247 3777 1334">
    <p class='ocr_par' dir='ltr' id='par_1_27' title="bbox 2192 1247 3777 1334">
     <span class='ocr_line' id='line_1_27' title="bbox 2192 1247 3777 1334; baseline 0.002 -18"><span class='ocrx_word' id='word_1_199' title='bbox 2192 1264 2246 1316; x_wconf 88' lang='lat' dir='ltr'><strong>in</strong></span> <span class='ocrx_word' id='word_1_200' title='bbox 2276 1263 2748 1320; x_wconf 87' lang='lat' dir='ltr'><strong>commendatione</strong></span> <span class='ocrx_word' id='word_1_201' title='bbox 2788 1265 3014 1334; x_wconf 79' lang='lat' dir='ltr'><strong>spiritus</strong></span> <span class='ocrx_word' id='word_1_202' title='bbox 3037 1265 3139 1317; x_wconf 84' lang='lat' dir='ltr'><strong>mei</strong></span> <span class='ocrx_word' id='word_1_203' title='bbox 3186 1247 3238 1318; x_wconf 81' lang='lat' dir='ltr'><strong>in</strong></span> <span class='ocrx_word' id='word_1_204' title='bbox 3291 1265 3535 1319; x_wconf 85' lang='lat' dir='ltr'><strong>manibus</strong></span> <span class='ocrx_word' id='word_1_205' title='bbox 3563 1266 3777 1321; x_wconf 82' lang='lat' dir='ltr'><strong>miseri-</strong></span> 
     </span>
    </p>
   </div>
   <div class='ocr_carea' id='block_1_28' title="bbox 2194 1353 3778 1428">
    <p class='ocr_par' dir='ltr' id='par_1_28' title="bbox 2194 1353 3778 1428">
     <span class='ocr_line' id='line_1_28' title="bbox 2194 1353 3778 1428; baseline 0.001 -19"><span class='ocrx_word' id='word_1_206' title='bbox 2194 1356 2387 1409; x_wconf 64' lang='grc' dir='ltr'><strong>θοι-ἀίω</strong></span> <span class='ocrx_word' id='word_1_207' title='bbox 2419 1370 2549 1409; x_wconf 69' lang='lat' dir='ltr'><strong>sum.</strong></span> <span class='ocrx_word' id='word_1_208' title='bbox 2576 1353 2679 1408; x_wconf 89' lang='lat' dir='ltr'><strong>Ora</strong></span> <span class='ocrx_word' id='word_1_209' title='bbox 2707 1369 2805 1423; x_wconf 89' lang='lat' dir='ltr'><strong>pro</strong></span> <span class='ocrx_word' id='word_1_210' title='bbox 2828 1371 2936 1423; x_wconf 87' lang='lat' dir='ltr'><strong>me,</strong></span> <span class='ocrx_word' id='word_1_211' title='bbox 2964 1367 3148 1410; x_wconf 84' lang='lat' dir='ltr'><strong>sancta</strong></span> <span class='ocrx_word' id='word_1_212' title='bbox 3180 1356 3273 1411; x_wconf 87' lang='lat' dir='ltr'><strong>Dei</strong></span> <span class='ocrx_word' id='word_1_213' title='bbox 3315 1356 3582 1419; x_wconf 78' lang='lat' dir='ltr'><strong>Genitrix,</strong></span> <span class='ocrx_word' id='word_1_214' title='bbox 3612 1358 3778 1428; x_wconf 87' lang='lat' dir='ltr'><strong>utqui</strong></span> 
     </span>
    </p>
   </div>
   <div class='ocr_carea' id='block_1_29' title="bbox 2194 1444 3779 1517">
    <p class='ocr_par' dir='ltr' id='par_1_29' title="bbox 2194 1444 3779 1517">
     <span class='ocr_line' id='line_1_29' title="bbox 2194 1444 3779 1517; baseline 0.001 -19"><span class='ocrx_word' id='word_1_215' title='bbox 2194 1444 2444 1498; x_wconf 86' lang='lat' dir='ltr'><strong>conscius</strong></span> <span class='ocrx_word' id='word_1_216' title='bbox 2477 1455 2818 1512; x_wconf 71' lang='lat' dir='ltr'><strong>peccatorum</strong></span> <span class='ocrx_word' id='word_1_217' title='bbox 2850 1446 3139 1517; x_wconf 59' lang='lat' dir='ltr'><strong>multortyn</strong></span> <span class='ocrx_word' id='word_1_218' title='bbox 3180 1446 3415 1500; x_wconf 81' lang='lat' dir='ltr'><strong>tribunal</strong></span> <span class='ocrx_word' id='word_1_219' title='bbox 3444 1446 3537 1500; x_wconf 81' lang='lat' dir='ltr'><strong>iilii</strong></span> <span class='ocrx_word' id='word_1_220' title='bbox 3568 1447 3639 1499; x_wconf 90' lang='lat' dir='ltr'><strong>tui</strong></span> <span class='ocrx_word' id='word_1_221' title='bbox 3672 1454 3779 1500; x_wconf 78' lang='lat' dir='ltr'><strong>tre-</strong></span> 
     </span>
    </p>
   </div>
   <div class='ocr_carea' id='block_1_30' title="bbox 2197 1531 3781 1601">
    <p class='ocr_par' dir='ltr' id='par_1_30' title="bbox 2197 1531 3781 1601">
     <span class='ocr_line' id='line_1_30' title="bbox 2197 1531 3781 1601; baseline 0.001 -15"><span class='ocrx_word' id='word_1_222' title='bbox 2197 1531 2497 1586; x_wconf 78' lang='lat' dir='ltr'><strong>mebundus</strong></span> <span class='ocrx_word' id='word_1_223' title='bbox 2530 1533 3019 1601; x_wconf 87' lang='lat' dir='ltr'><strong>perhorresco,per</strong></span> <span class='ocrx_word' id='word_1_224' title='bbox 3040 1542 3188 1587; x_wconf 91' lang='lat' dir='ltr'><strong>tuam</strong></span> <span class='ocrx_word' id='word_1_225' title='bbox 3221 1533 3581 1588; x_wconf 79' lang='lat' dir='ltr'><strong>venerabilem</strong></span> <span class='ocrx_word' id='word_1_226' title='bbox 3614 1544 3781 1589; x_wconf 75' lang='lat' dir='ltr'><strong>mter-</strong></span> 
     </span>
    </p>
   </div>
   <div class='ocr_carea' id='block_1_31' title="bbox 512 1614 2093 1692">
    <p class='ocr_par' dir='ltr' id='par_1_31' title="bbox 512 1614 2085 1692">
     <span class='ocr_line' id='line_1_31' title="bbox 512 1614 2085 1692; baseline -0.006 -17"><span class='ocrx_word' id='word_1_227' title='bbox 512 1623 723 1692; x_wconf 81' lang='lat' dir='ltr'><strong>myrrha</strong></span> <span class='ocrx_word' id='word_1_228' title='bbox 753 1622 917 1677; x_wconf 84' lang='lat' dir='ltr'><strong>electa</strong></span> <span class='ocrx_word' id='word_1_229' title='bbox 964 1614 1095 1675; x_wconf 48' lang='lat' dir='ltr'><strong>da&#39;ns</strong></span> <span class='ocrx_word' id='word_1_230' title='bbox 1141 1620 1453 1674; x_wconf 77' lang='lat' dir='ltr'><strong>suavitatem</strong></span> <span class='ocrx_word' id='word_1_231' title='bbox 1480 1617 1655 1672; x_wconf 81' lang='lat' dir='ltr'><strong>odoris</strong></span> <span class='ocrx_word' id='word_1_232' title='bbox 1703 1614 1893 1686; x_wconf 84' lang='lat' dir='ltr'><strong>(Eccli.</strong></span> <span class='ocrx_word' id='word_1_233' title='bbox 1936 1629 2085 1677; x_wconf 79' lang='lat' dir='ltr'><strong>xxw,</strong></span> 
     </span>
    </p>
   </div>
   <div class='ocr_carea' id='block_1_32' title="bbox 2194 1614 3772 1692">
    <p class='ocr_par' dir='ltr' id='par_1_32' title="bbox 2194 1621 3772 1691">
     <span class='ocr_line' id='line_1_32' title="bbox 2194 1621 3772 1691; baseline -0.001 -12"><span class='ocrx_word' id='word_1_234' title='bbox 2194 1622 2493 1679; x_wconf 77' lang='lat' dir='ltr'><strong>cessionem</strong></span> <span class='ocrx_word' id='word_1_235' title='bbox 2523 1623 2785 1691; x_wconf 78' lang='lat' dir='ltr'><strong>gaudeam</strong></span> <span class='ocrx_word' id='word_1_236' title='bbox 2820 1624 3097 1683; x_wconf 86' lang='lat' dir='ltr'><strong>emundari</strong></span> <span class='ocrx_word' id='word_1_237' title='bbox 3133 1623 3202 1677; x_wconf 90' lang='lat' dir='ltr'><strong>ab</strong></span> <span class='ocrx_word' id='word_1_238' title='bbox 3227 1622 3479 1679; x_wconf 84' lang='lat' dir='ltr'><strong>omnibus</strong></span> <span class='ocrx_word' id='word_1_239' title='bbox 3521 1621 3772 1679; x_wconf 87' lang='lat' dir='ltr'><strong>crimini-</strong></span> 
     </span>
    </p>
   </div>
   <div class='ocr_carea' id='block_1_33' title="bbox 512 1706 2093 1783">
    <p class='ocr_par' dir='ltr' id='par_1_33' title="bbox 512 1706 2093 1783">
     <span class='ocr_line' id='line_1_33' title="bbox 512 1706 2093 1783; baseline -0.006 -15"><span class='ocrx_word' id='word_1_240' title='bbox 512 1714 601 1779; x_wconf 74' lang='grc'><strong>17,</strong></span> <span class='ocrx_word' id='word_1_241' title='bbox 629 1714 744 1783; x_wconf 74' lang='grc'><strong>20).</strong></span> <span class='ocrx_word' id='word_1_242' title='bbox 778 1712 1019 1767; x_wconf 68' lang='lat' dir='ltr'><strong>Exziltata</strong></span> <span class='ocrx_word' id='word_1_243' title='bbox 1068 1726 1230 1780; x_wconf 86' lang='lat' dir='ltr'><strong>super</strong></span> <span class='ocrx_word' id='word_1_244' title='bbox 1276 1711 1471 1765; x_wconf 87' lang='lat' dir='ltr'><strong>choros</strong></span> <span class='ocrx_word' id='word_1_245' title='bbox 1513 1708 1824 1777; x_wconf 82' lang='lat' dir='ltr'><strong>angelorum</strong></span> <span class='ocrx_word' id='word_1_246' title='bbox 1850 1706 2093 1777; x_wconf 76' lang='lat' dir='ltr'><strong>gaudens</strong></span> 
     </span>
    </p>
   </div>
   <div class='ocr_carea' id='block_1_34' title="bbox 511 1795 2095 1877">
    <p class='ocr_par' dir='ltr' id='par_1_34' title="bbox 511 1795 2095 1877">
     <span class='ocr_line' id='line_1_34' title="bbox 511 1795 2095 1877; baseline -0.008 -19"><span class='ocrx_word' id='word_1_247' title='bbox 511 1812 568 1858; x_wconf 87' lang='lat' dir='ltr'><strong>et</strong></span> <span class='ocrx_word' id='word_1_248' title='bbox 602 1802 832 1874; x_wconf 81' lang='lat' dir='ltr'><strong>gloriosa</strong></span> <span class='ocrx_word' id='word_1_249' title='bbox 881 1801 933 1854; x_wconf 92' lang='lat' dir='ltr'><strong>in</strong></span> <span class='ocrx_word' id='word_1_250' title='bbox 982 1798 1298 1871; x_wconf 78' lang='lat' dir='ltr'><strong>perpetuum</strong></span> <span class='ocrx_word' id='word_1_251' title='bbox 1345 1800 1526 1877; x_wconf 74' lang='lat' dir='ltr'><strong>regina</strong></span> <span class='ocrx_word' id='word_1_252' title='bbox 1564 1797 1847 1861; x_wconf 77' lang='lat' dir='ltr'><strong>cmiorum,</strong></span> <span class='ocrx_word' id='word_1_253' title='bbox 1874 1796 1961 1863; x_wconf 87' lang='lat' dir='ltr'><strong>ubi</strong></span> <span class='ocrx_word' id='word_1_254' title='bbox 1995 1795 2095 1849; x_wconf 76' lang='lat' dir='ltr'><strong>ad-</strong></span> 
     </span>
    </p>
   </div>
   <div class='ocr_carea' id='block_1_35' title="bbox 508 1886 2097 1961">
    <p class='ocr_par' dir='ltr' id='par_1_35' title="bbox 508 1886 2097 1961">
     <span class='ocr_line' id='line_1_35' title="bbox 508 1886 2097 1961; baseline -0.003 -17"><span class='ocrx_word' id='word_1_255' title='bbox 508 1889 667 1960; x_wconf 79' lang='lat' dir='ltr'><strong>juvas</strong></span> <span class='ocrx_word' id='word_1_256' title='bbox 725 1906 914 1945; x_wconf 82' lang='lat' dir='ltr'><strong>omnes</strong></span> <span class='ocrx_word' id='word_1_257' title='bbox 955 1890 1048 1959; x_wconf 89' lang='lat' dir='ltr'><strong>qui</strong></span> <span class='ocrx_word' id='word_1_258' title='bbox 1090 1902 1141 1944; x_wconf 91' lang='lat' dir='ltr'><strong>te</strong></span> <span class='ocrx_word' id='word_1_259' title='bbox 1187 1890 1459 1951; x_wconf 86' lang='lat' dir='ltr'><strong>dominam</strong></span> <span class='ocrx_word' id='word_1_260' title='bbox 1488 1886 1833 1961; x_wconf 77' lang='lat' dir='ltr'><strong>gloriliCant,</strong></span> <span class='ocrx_word' id='word_1_261' title='bbox 1872 1894 1928 1941; x_wconf 89' lang='lat' dir='ltr'><strong>et</strong></span> <span class='ocrx_word' id='word_1_262' title='bbox 1970 1901 2097 1940; x_wconf 88' lang='lat' dir='ltr'><strong>san-</strong></span> 
     </span>
    </p>
   </div>
   <div class='ocr_carea' id='block_1_36' title="bbox 513 1978 1891 2048">
    <p class='ocr_par' dir='ltr' id='par_1_36' title="bbox 513 1978 1891 2048">
     <span class='ocr_line' id='line_1_36' title="bbox 513 1978 1891 2048; baseline -0.005 -11"><span class='ocrx_word' id='word_1_263' title='bbox 513 1991 661 2037; x_wconf 88' lang='lat' dir='ltr'><strong>ctum</strong></span> <span class='ocrx_word' id='word_1_264' title='bbox 691 1997 886 2036; x_wconf 89' lang='lat' dir='ltr'><strong>nomen</strong></span> <span class='ocrx_word' id='word_1_265' title='bbox 920 1991 1068 2036; x_wconf 90' lang='lat' dir='ltr'><strong>tuum</strong></span> <span class='ocrx_word' id='word_1_266' title='bbox 1111 1981 1299 2036; x_wconf 89' lang='lat' dir='ltr'><strong>humili</strong></span> <span class='ocrx_word' id='word_1_267' title='bbox 1333 1994 1490 2048; x_wconf 82' lang='lat' dir='ltr'><strong>prece</strong></span> <span class='ocrx_word' id='word_1_268' title='bbox 1527 1978 1891 2047; x_wconf 77' lang='lat' dir='ltr'><strong>frequentant.</strong></span> 
     </span>
    </p>
   </div>
   <div class='ocr_carea' id='block_1_37' title="bbox 584 2068 2094 2144">
    <p class='ocr_par' dir='ltr' id='par_1_37' title="bbox 584 2068 2094 2144">
     <span class='ocr_line' id='line_1_37' title="bbox 584 2068 2094 2144; baseline -0.003 -17"><span class='ocrx_word' id='word_1_269' title='bbox 584 2073 750 2128; x_wconf 87' lang='lat' dir='ltr'><strong>Beata</strong></span> <span class='ocrx_word' id='word_1_270' title='bbox 778 2089 905 2144; x_wconf 87' lang='lat' dir='ltr'><strong>ergo</strong></span> <span class='ocrx_word' id='word_1_271' title='bbox 941 2085 995 2129; x_wconf 89' lang='lat' dir='ltr'><strong>et</strong></span> <span class='ocrx_word' id='word_1_272' title='bbox 1022 2072 1347 2128; x_wconf 81' lang='lat' dir='ltr'><strong>venerabilis</strong></span> <span class='ocrx_word' id='word_1_273' title='bbox 1376 2071 1527 2140; x_wconf 86' lang='lat' dir='ltr'><strong>virgo</strong></span> <span class='ocrx_word' id='word_1_274' title='bbox 1563 2069 1752 2138; x_wconf 80' lang='lat' dir='ltr'><strong>Maria,</strong></span> <span class='ocrx_word' id='word_1_275' title='bbox 1780 2082 1900 2139; x_wconf 74' lang='lat' dir='ltr'><strong>quze</strong></span> <span class='ocrx_word' id='word_1_276' title='bbox 1946 2068 2094 2122; x_wconf 87' lang='lat' dir='ltr'><strong>boni-</strong></span> 
     </span>
    </p>
   </div>
   <div class='ocr_carea' id='block_1_38' title="bbox 514 2163 2097 2235">
    <p class='ocr_par' dir='ltr' id='par_1_38' title="bbox 514 2163 2097 2235">
     <span class='ocr_line' id='line_1_38' title="bbox 514 2163 2097 2235; baseline -0.002 -17"><span class='ocrx_word' id='word_1_277' title='bbox 514 2180 617 2235; x_wconf 82' lang='lat' dir='ltr'><strong>gna</strong></span> <span class='ocrx_word' id='word_1_278' title='bbox 647 2182 706 2221; x_wconf 88' lang='lat' dir='ltr'><strong>es</strong></span> <span class='ocrx_word' id='word_1_279' title='bbox 729 2167 979 2220; x_wconf 88' lang='lat' dir='ltr'><strong>omnibus</strong></span> <span class='ocrx_word' id='word_1_280' title='bbox 1008 2167 1077 2219; x_wconf 82' lang='lat' dir='ltr'><strong>ad</strong></span> <span class='ocrx_word' id='word_1_281' title='bbox 1129 2175 1178 2218; x_wconf 90' lang='lat' dir='ltr'><strong>te</strong></span> <span class='ocrx_word' id='word_1_282' title='bbox 1208 2165 1298 2234; x_wconf 89' lang='lat' dir='ltr'><strong>pio</strong></span> <span class='ocrx_word' id='word_1_283' title='bbox 1323 2164 1486 2218; x_wconf 85' lang='lat' dir='ltr'><strong>corde</strong></span> <span class='ocrx_word' id='word_1_284' title='bbox 1529 2164 1903 2224; x_wconf 81' lang='lat' dir='ltr'><strong>clamantibus,</strong></span> <span class='ocrx_word' id='word_1_285' title='bbox 1932 2163 2021 2232; x_wconf 88' lang='lat' dir='ltr'><strong>pia</strong></span> <span class='ocrx_word' id='word_1_286' title='bbox 2043 2170 2097 2215; x_wconf 89' lang='lat' dir='ltr'><strong>ct</strong></span> 
     </span>
    </p>
   </div>
   <div class='ocr_carea' id='block_1_39' title="bbox 516 2253 2096 2325">
    <p class='ocr_par' dir='ltr' id='par_1_39' title="bbox 516 2253 2096 2325">
     <span class='ocr_line' id='line_1_39' title="bbox 516 2253 2096 2325; baseline -0.003 -15"><span class='ocrx_word' id='word_1_287' title='bbox 516 2256 804 2310; x_wconf 80' lang='lat' dir='ltr'><strong>exorabilis</strong></span> <span class='ocrx_word' id='word_1_288' title='bbox 834 2265 951 2310; x_wconf 88' lang='lat' dir='ltr'><strong>esto</strong></span> <span class='ocrx_word' id='word_1_289' title='bbox 974 2255 1103 2309; x_wconf 85' lang='lat' dir='ltr'><strong>mihi</strong></span> <span class='ocrx_word' id='word_1_290' title='bbox 1122 2256 1395 2325; x_wconf 72' lang='lat' dir='ltr'><strong>&#39;peccalori</strong></span> <span class='ocrx_word' id='word_1_291' title='bbox 1422 2264 1470 2308; x_wconf 90' lang='lat' dir='ltr'><strong>te</strong></span> <span class='ocrx_word' id='word_1_292' title='bbox 1490 2254 1765 2307; x_wconf 80' lang='lat' dir='ltr'><strong>humiliter</strong></span> <span class='ocrx_word' id='word_1_293' title='bbox 1792 2253 2096 2319; x_wconf 78' lang='lat' dir='ltr'><strong>invocanti;</strong></span> 
     </span>
    </p>
   </div>
   <div class='ocr_carea' id='block_1_40' title="bbox 434 2342 2096 2421">
    <p class='ocr_par' dir='ltr' id='par_1_40' title="bbox 434 2342 2096 2421">
     <span class='ocr_line' id='line_1_40' title="bbox 434 2342 2096 2421; baseline -0.003 -19"><span class='ocrx_word' id='word_1_294' title='bbox 434 2420 437 2421; x_wconf 15' lang='grc' dir='ltr'><em>ν</em></span> <span class='ocrx_word' id='word_1_295' title='bbox 516 2348 617 2402; x_wconf 83' lang='lat' dir='ltr'><strong>sub</strong></span> <span class='ocrx_word' id='word_1_296' title='bbox 673 2355 759 2401; x_wconf 90' lang='lat' dir='ltr'><strong>tua</strong></span> <span class='ocrx_word' id='word_1_297' title='bbox 809 2346 1144 2416; x_wconf 89' lang='lat' dir='ltr'><strong>protectione</strong></span> <span class='ocrx_word' id='word_1_298' title='bbox 1178 2346 1454 2417; x_wconf 82' lang='lat' dir='ltr'><strong>confugio,</strong></span> <span class='ocrx_word' id='word_1_299' title='bbox 1493 2345 1581 2399; x_wconf 89' lang='lat' dir='ltr'><strong>ubi</strong></span> <span class='ocrx_word' id='word_1_300' title='bbox 1612 2344 1860 2399; x_wconf 82' lang='lat' dir='ltr'><strong>inﬁrmus</strong></span> <span class='ocrx_word' id='word_1_301' title='bbox 1914 2342 2096 2412; x_wconf 81' lang='lat' dir='ltr'><strong>accepi</strong></span> 
     </span>
    </p>
   </div>
   <div class='ocr_carea' id='block_1_41' title="bbox 446 2422 2099 2532">
    <p class='ocr_par' dir='ltr' id='par_1_41' title="bbox 446 2422 2099 2532">
     <span class='ocr_line' id='line_1_41' title="bbox 446 2422 2099 2532; baseline -0.001 -39"><span class='ocrx_word' id='word_1_302' title='bbox 446 2422 449 2427; x_wconf 45' lang='grc'><em>’</em></span> <span class='ocrx_word' id='word_1_303' title='bbox 519 2440 793 2532; x_wconf 54' lang='grc' dir='ltr'>ξίνιιιιειιι.</span> <span class='ocrx_word' id='word_1_304' title='bbox 818 2439 963 2494; x_wconf 85' lang='lat' dir='ltr'><strong>Illam</strong></span> <span class='ocrx_word' id='word_1_305' title='bbox 991 2440 1159 2494; x_wconf 90' lang='lat' dir='ltr'><strong>animi</strong></span> <span class='ocrx_word' id='word_1_306' title='bbox 1201 2449 1258 2494; x_wconf 90' lang='lat' dir='ltr'><strong>et</strong></span> <span class='ocrx_word' id='word_1_307' title='bbox 1294 2438 1537 2508; x_wconf 86' lang='lat' dir='ltr'><strong>corporis</strong></span> <span class='ocrx_word' id='word_1_308' title='bbox 1577 2437 1829 2493; x_wconf 75' lang='lat' dir='ltr'><strong>virtutem</strong></span> <span class='ocrx_word' id='word_1_309' title='bbox 1854 2452 1978 2492; x_wconf 89' lang='lat' dir='ltr'><strong>cum</strong></span> <span class='ocrx_word' id='word_1_310' title='bbox 2010 2446 2099 2491; x_wconf 92' lang='lat' dir='ltr'><strong>tuo</strong></span> 
     </span>
    </p>
   </div>
   <div class='ocr_carea' id='block_1_42' title="bbox 518 2527 2099 2599">
    <p class='ocr_par' dir='ltr' id='par_1_42' title="bbox 518 2527 2099 2599">
     <span class='ocr_line' id='line_1_42' title="bbox 518 2527 2099 2599; baseline -0.001 -16"><span class='ocrx_word' id='word_1_311' title='bbox 518 2527 771 2599; x_wconf 67' lang='lat' dir='ltr'><strong>p&#39;rzesidio</strong></span> <span class='ocrx_word' id='word_1_312' title='bbox 800 2530 884 2584; x_wconf 81' lang='lat' dir='ltr'><strong>fac</strong></span> <span class='ocrx_word' id='word_1_313' title='bbox 912 2545 997 2585; x_wconf 91' lang='lat' dir='ltr'><strong>me</strong></span> <span class='ocrx_word' id='word_1_314' title='bbox 1037 2530 1307 2599; x_wconf 89' lang='lat' dir='ltr'><strong>accipere,</strong></span> <span class='ocrx_word' id='word_1_315' title='bbox 1338 2540 1392 2581; x_wconf 91' lang='grc' dir='ltr'><strong>ιιι</strong></span> <span class='ocrx_word' id='word_1_316' title='bbox 1422 2545 1516 2598; x_wconf 88' lang='lat' dir='ltr'><strong>per</strong></span> <span class='ocrx_word' id='word_1_317' title='bbox 1545 2537 1595 2583; x_wconf 89' lang='lat' dir='ltr'><strong>te</strong></span> <span class='ocrx_word' id='word_1_318' title='bbox 1623 2527 1759 2583; x_wconf 88' lang='lat' dir='ltr'><strong>liber</strong></span> <span class='ocrx_word' id='word_1_319' title='bbox 1786 2543 1814 2581; x_wconf 91' lang='lat' dir='ltr'><strong>a</strong></span> <span class='ocrx_word' id='word_1_320' title='bbox 1862 2528 2099 2595; x_wconf 86' lang='lat' dir='ltr'><strong>peccatis</strong></span> 
     </span>
    </p>
   </div>
   <div class='ocr_carea' id='block_1_43' title="bbox 514 2617 2100 2691">
    <p class='ocr_par' dir='ltr' id='par_1_43' title="bbox 514 2617 2100 2691">
     <span class='ocr_line' id='line_1_43' title="bbox 514 2617 2100 2691; baseline -0.002 -18"><span class='ocrx_word' id='word_1_321' title='bbox 514 2628 573 2674; x_wconf 87' lang='lat' dir='ltr'><strong>et</strong></span> <span class='ocrx_word' id='word_1_322' title='bbox 602 2619 716 2676; x_wconf 87' lang='lat' dir='ltr'><strong>desi</strong></span> <span class='ocrx_word' id='word_1_323' title='bbox 740 2620 882 2675; x_wconf 71' lang='lat' dir='ltr'><strong>feriis</strong></span> <span class='ocrx_word' id='word_1_324' title='bbox 909 2632 1279 2691; x_wconf 85' lang='lat' dir='ltr'><strong>peccatorum,</strong></span> <span class='ocrx_word' id='word_1_325' title='bbox 1317 2621 1433 2673; x_wconf 90' lang='lat' dir='ltr'><strong>sine</strong></span> <span class='ocrx_word' id='word_1_326' title='bbox 1463 2619 1656 2673; x_wconf 89' lang='lat' dir='ltr'><strong>timore</strong></span> <span class='ocrx_word' id='word_1_327' title='bbox 1688 2620 1754 2672; x_wconf 87' lang='lat' dir='ltr'><strong>de</strong></span> <span class='ocrx_word' id='word_1_328' title='bbox 1791 2632 1952 2672; x_wconf 89' lang='lat' dir='ltr'><strong>manu</strong></span> <span class='ocrx_word' id='word_1_329' title='bbox 1998 2617 2100 2671; x_wconf 80' lang='lat' dir='ltr'><strong>ini—</strong></span> 
     </span>
    </p>
   </div>
   <div class='ocr_carea' id='block_1_44' title="bbox 517 2708 2097 2767">
    <p class='ocr_par' dir='ltr' id='par_1_44' title="bbox 517 2708 2097 2767">
     <span class='ocr_line' id='line_1_44' title="bbox 517 2708 2097 2767; baseline -0.002 -1"><span class='ocrx_word' id='word_1_330' title='bbox 517 2710 782 2767; x_wconf 86' lang='lat' dir='ltr'><strong>micorum</strong></span> <span class='ocrx_word' id='word_1_331' title='bbox 826 2712 1120 2767; x_wconf 83' lang='lat' dir='ltr'><strong>visibilium</strong></span> <span class='ocrx_word' id='word_1_332' title='bbox 1149 2721 1204 2765; x_wconf 91' lang='lat' dir='ltr'><strong>et</strong></span> <span class='ocrx_word' id='word_1_333' title='bbox 1252 2711 1602 2765; x_wconf 82' lang='lat' dir='ltr'><strong>invisibilium</strong></span> <span class='ocrx_word' id='word_1_334' title='bbox 1638 2710 1898 2765; x_wconf 88' lang='lat' dir='ltr'><strong>liberatus</strong></span> <span class='ocrx_word' id='word_1_335' title='bbox 1926 2708 2097 2763; x_wconf 81' lang='lat' dir='ltr'><strong>tilium</strong></span> 
     </span>
    </p>
   </div>
   <div class='ocr_carea' id='block_1_45' title="bbox 504 2801 2096 2887">
    <p class='ocr_par' dir='ltr' id='par_1_45' title="bbox 504 2801 2096 2887">
     <span class='ocr_line' id='line_1_45' title="bbox 504 2801 2096 2887; baseline -0.002 -30"><span class='ocrx_word' id='word_1_336' title='bbox 504 2808 672 2857; x_wconf 80' lang='lat' dir='ltr'><strong>‘tuum</strong></span> <span class='ocrx_word' id='word_1_337' title='bbox 718 2803 1005 2887; x_wconf 81' lang='lat' dir='ltr'><strong>Dominum</strong></span> <span class='ocrx_word' id='word_1_338' title='bbox 1050 2813 1295 2858; x_wconf 90' lang='lat' dir='ltr'><strong>nostrmn</strong></span> <span class='ocrx_word' id='word_1_339' title='bbox 1342 2801 1530 2858; x_wconf 82' lang='lat' dir='ltr'><strong>Jesum</strong></span> <span class='ocrx_word' id='word_1_340' title='bbox 1578 2802 1853 2859; x_wconf 88' lang='lat' dir='ltr'><strong>Christum</strong></span> <span class='ocrx_word' id='word_1_341' title='bbox 1896 2802 2096 2872; x_wconf 86' lang='lat' dir='ltr'><strong>possim</strong></span> 
     </span>
    </p>
   </div>
   <div class='ocr_carea' id='block_1_46' title="bbox 458 2894 2093 2966">
    <p class='ocr_par' dir='ltr' id='par_1_46' title="bbox 458 2894 2093 2966">
     <span class='ocr_line' id='line_1_46' title="bbox 458 2894 2093 2966; baseline -0.001 -16"><span class='ocrx_word' id='word_1_342' title='bbox 458 2898 459 2901; x_wconf 64' lang='grc'><em>“</em></span> <span class='ocrx_word' id='word_1_343' title='bbox 517 2894 665 2950; x_wconf 90' lang='lat' dir='ltr'><strong>omni</strong></span> <span class='ocrx_word' id='word_1_344' title='bbox 696 2902 934 2966; x_wconf 84' lang='lat' dir='ltr'><strong>tempore</strong></span> <span class='ocrx_word' id='word_1_345' title='bbox 972 2896 1313 2962; x_wconf 85' lang='lat' dir='ltr'><strong>benedicere,</strong></span> <span class='ocrx_word' id='word_1_346' title='bbox 1344 2906 1397 2951; x_wconf 93' lang='lat' dir='ltr'><strong>et</strong></span> <span class='ocrx_word' id='word_1_347' title='bbox 1424 2911 1637 2959; x_wconf 83' lang='lat' dir='ltr'><strong>semper</strong></span> <span class='ocrx_word' id='word_1_348' title='bbox 1663 2895 1875 2955; x_wconf 72' lang='lat' dir='ltr'><strong>laudern</strong></span> <span class='ocrx_word' id='word_1_349' title='bbox 1902 2896 2019 2963; x_wconf 88' lang='lat' dir='ltr'><strong>ejus</strong></span> <span class='ocrx_word' id='word_1_350' title='bbox 2043 2896 2093 2950; x_wconf 90' lang='lat' dir='ltr'><strong>in</strong></span> 
     </span>
    </p>
   </div>
   <div class='ocr_carea' id='block_1_47' title="bbox 2194 1706 3862 1783">
    <p class='ocr_par' dir='ltr' id='par_1_47' title="bbox 2194 1706 3862 1783">
     <span class='ocr_line' id='line_1_47' title="bbox 2194 1706 3862 1783; baseline 0 -16"><span class='ocrx_word' id='word_1_351' title='bbox 2194 1714 2298 1768; x_wconf 86' lang='lat' dir='ltr'><strong>bus</strong></span> <span class='ocrx_word' id='word_1_352' title='bbox 2318 1711 2663 1775; x_wconf 86' lang='lat' dir='ltr'><strong>meis,cordis</strong></span> <span class='ocrx_word' id='word_1_353' title='bbox 2684 1708 3097 1780; x_wconf 77' lang='lat' dir='ltr'><strong>compnnctiOuc</strong></span> <span class='ocrx_word' id='word_1_354' title='bbox 3121 1715 3407 1783; x_wconf 82' lang='lat' dir='ltr'><strong>irrigante,</strong></span> <span class='ocrx_word' id='word_1_355' title='bbox 3429 1724 3483 1768; x_wconf 87' lang='lat' dir='ltr'><strong>et</strong></span> <span class='ocrx_word' id='word_1_356' title='bbox 3501 1727 3627 1769; x_wconf 86' lang='lat' dir='ltr'><strong>rore</strong></span> <span class='ocrx_word' id='word_1_357' title='bbox 3646 1713 3781 1783; x_wconf 80' lang='lat' dir='ltr'><strong>piis—</strong></span> <span class='ocrx_word' id='word_1_358' title='bbox 3840 1706 3862 1729; x_wconf 90' lang='grc'><strong>¹’</strong></span> 
     </span>
    </p>
   </div>
   <div class='ocr_carea' id='block_1_48' title="bbox 2196 1802 3781 1859">
    <p class='ocr_par' dir='ltr' id='par_1_48' title="bbox 2196 1802 3781 1859">
     <span class='ocr_line' id='line_1_48' title="bbox 2196 1802 3781 1859; baseline -0.003 0"><span class='ocrx_word' id='word_1_359' title='bbox 2196 1806 2345 1859; x_wconf 72' lang='lat' dir='ltr'><strong>sinite</strong></span> <span class='ocrx_word' id='word_1_360' title='bbox 2366 1802 2723 1859; x_wconf 82' lang='lat' dir='ltr'><strong>confessionis</strong></span> <span class='ocrx_word' id='word_1_361' title='bbox 2750 1818 2778 1855; x_wconf 90' lang='lat' dir='ltr'><strong>a</strong></span> <span class='ocrx_word' id='word_1_362' title='bbox 2815 1813 2866 1859; x_wconf 88' lang='lat' dir='ltr'><strong>Ie</strong></span> <span class='ocrx_word' id='word_1_363' title='bbox 2892 1803 3322 1858; x_wconf 76' lang='lat' dir='ltr'><strong>cxhihito.Nulla</strong></span> <span class='ocrx_word' id='word_1_364' title='bbox 3354 1805 3418 1858; x_wconf 86' lang='lat' dir='ltr'><strong>dc</strong></span> <span class='ocrx_word' id='word_1_365' title='bbox 3440 1813 3640 1859; x_wconf 80' lang='lat' dir='ltr'><strong>caetero</strong></span> <span class='ocrx_word' id='word_1_366' title='bbox 3665 1818 3781 1857; x_wconf 78' lang='lat' dir='ltr'><strong>ma-</strong></span> 
     </span>
    </p>
   </div>
   <div class='ocr_carea' id='block_1_49' title="bbox 2196 1893 3780 1963">
    <p class='ocr_par' dir='ltr' id='par_1_49' title="bbox 2196 1893 3780 1963">
     <span class='ocr_line' id='line_1_49' title="bbox 2196 1893 3780 1963; baseline -0.003 -13"><span class='ocrx_word' id='word_1_367' title='bbox 2196 1896 2315 1951; x_wconf 89' lang='lat' dir='ltr'><strong>cula</strong></span> <span class='ocrx_word' id='word_1_368' title='bbox 2366 1893 2575 1963; x_wconf 82' lang='lat' dir='ltr'><strong>peccati</strong></span> <span class='ocrx_word' id='word_1_369' title='bbox 2624 1894 2803 1946; x_wconf 89' lang='lat' dir='ltr'><strong>anima</strong></span> <span class='ocrx_word' id='word_1_370' title='bbox 2862 1909 2979 1947; x_wconf 81' lang='lat' dir='ltr'><strong>mea</strong></span> <span class='ocrx_word' id='word_1_371' title='bbox 3031 1894 3376 1961; x_wconf 81' lang='lat' dir='ltr'><strong>inquinetur;</strong></span> <span class='ocrx_word' id='word_1_372' title='bbox 3433 1893 3528 1947; x_wconf 82' lang='lat' dir='ltr'><strong>sed</strong></span> <span class='ocrx_word' id='word_1_373' title='bbox 3578 1893 3780 1948; x_wconf 88' lang='lat' dir='ltr'><strong>mundo</strong></span> 
     </span>
    </p>
   </div>
   <div class='ocr_carea' id='block_1_50' title="bbox 2196 1981 3779 2053">
    <p class='ocr_par' dir='ltr' id='par_1_50' title="bbox 2196 1981 3779 2053">
     <span class='ocr_line' id='line_1_50' title="bbox 2196 1981 3779 2053; baseline -0.003 -11"><span class='ocrx_word' id='word_1_374' title='bbox 2196 1986 2361 2042; x_wconf 71' lang='lat' dir='ltr'><strong>corde</strong></span> <span class='ocrx_word' id='word_1_375' title='bbox 2387 1996 2445 2039; x_wconf 87' lang='lat' dir='ltr'><strong>et</strong></span> <span class='ocrx_word' id='word_1_376' title='bbox 2465 1994 2616 2038; x_wconf 86' lang='lat' dir='ltr'><strong>casto</strong></span> <span class='ocrx_word' id='word_1_377' title='bbox 2657 1998 2887 2053; x_wconf 87' lang='lat' dir='ltr'><strong>corpore</strong></span> <span class='ocrx_word' id='word_1_378' title='bbox 2930 1999 3024 2053; x_wconf 80' lang='lat' dir='ltr'><strong>per.</strong></span> <span class='ocrx_word' id='word_1_379' title='bbox 3062 1982 3250 2036; x_wconf 72' lang='lat' dir='ltr'><strong>merita</strong></span> <span class='ocrx_word' id='word_1_380' title='bbox 3279 1994 3381 2037; x_wconf 75' lang='lat' dir='ltr'><strong>tua:</strong></span> <span class='ocrx_word' id='word_1_381' title='bbox 3408 1981 3779 2037; x_wconf 63' lang='lat' dir='ltr'><strong>saluberrima:</strong></span> 
     </span>
    </p>
   </div>
   <div class='ocr_carea' id='block_1_51' title="bbox 2188 2072 3781 2145">
    <p class='ocr_par' dir='ltr' id='par_1_51' title="bbox 2188 2072 3781 2145">
     <span class='ocr_line' id='line_1_51' title="bbox 2188 2072 3781 2145; baseline -0.003 -14"><span class='ocrx_word' id='word_1_382' title='bbox 2188 2074 2527 2139; x_wconf 74' lang='lat' dir='ltr'><strong>nativitatis,</strong></span> <span class='ocrx_word' id='word_1_383' title='bbox 2571 2074 3023 2139; x_wconf 86' lang='lat' dir='ltr'><strong>annuntiationis,</strong></span> <span class='ocrx_word' id='word_1_384' title='bbox 3070 2084 3124 2130; x_wconf 89' lang='lat' dir='ltr'><strong>et</strong></span> <span class='ocrx_word' id='word_1_385' title='bbox 3171 2074 3499 2129; x_wconf 87' lang='lat' dir='ltr'><strong>sanctissimi</strong></span> <span class='ocrx_word' id='word_1_386' title='bbox 3552 2072 3781 2145; x_wconf 69' lang='lat' dir='ltr'><strong>virginei</strong></span> 
     </span>
    </p>
   </div>
   <div class='ocr_carea' id='block_1_52' title="bbox 2197 2164 3777 2237">
    <p class='ocr_par' dir='ltr' id='par_1_52' title="bbox 2197 2164 3777 2237">
     <span class='ocr_line' id='line_1_52' title="bbox 2197 2164 3777 2237; baseline 0.001 -16"><span class='ocrx_word' id='word_1_387' title='bbox 2197 2176 2383 2237; x_wconf 86' lang='lat' dir='ltr'><strong>partus</strong></span> <span class='ocrx_word' id='word_1_388' title='bbox 2406 2167 2511 2234; x_wconf 67' lang='lat' dir='ltr'><strong>tui,</strong></span> <span class='ocrx_word' id='word_1_389' title='bbox 2542 2172 2594 2221; x_wconf 80' lang='lat' dir='ltr'><strong>et</strong></span> <span class='ocrx_word' id='word_1_390' title='bbox 2629 2166 2950 2220; x_wconf 73' lang='lat' dir='ltr'><strong>castissima:</strong></span> <span class='ocrx_word' id='word_1_391' title='bbox 2975 2166 3390 2236; x_wconf 82' lang='lat' dir='ltr'><strong>purilicationis,</strong></span> <span class='ocrx_word' id='word_1_392' title='bbox 3420 2175 3473 2220; x_wconf 87' lang='lat' dir='ltr'><strong>et</strong></span> <span class='ocrx_word' id='word_1_393' title='bbox 3495 2164 3777 2234; x_wconf 76' lang='lat' dir='ltr'><strong>gloriosis-</strong></span> 
     </span>
    </p>
   </div>
   <div class='ocr_carea' id='block_1_53' title="bbox 2198 2242 3783 2330">
    <p class='ocr_par' dir='ltr' id='par_1_53' title="bbox 2198 2242 3783 2330">
     <span class='ocr_line' id='line_1_53' title="bbox 2198 2242 3783 2330; baseline 0 -18"><span class='ocrx_word' id='word_1_394' title='bbox 2198 2258 2347 2312; x_wconf 70' lang='lat' dir='ltr'><strong>sima:</strong></span> <span class='ocrx_word' id='word_1_395' title='bbox 2372 2242 2756 2325; x_wconf 65' lang='lat' dir='ltr'><strong>assumptionis</strong></span> <span class='ocrx_word' id='word_1_396' title='bbox 2787 2257 2838 2310; x_wconf 90' lang='lat' dir='ltr'><strong>in</strong></span> <span class='ocrx_word' id='word_1_397' title='bbox 2886 2257 3103 2311; x_wconf 76' lang='lat' dir='ltr'><strong>excelso</strong></span> <span class='ocrx_word' id='word_1_398' title='bbox 3131 2256 3390 2311; x_wconf 77' lang='lat' dir='ltr'><strong>cmlorum</strong></span> <span class='ocrx_word' id='word_1_399' title='bbox 3424 2256 3627 2326; x_wconf 88' lang='lat' dir='ltr'><strong>palatio</strong></span> <span class='ocrx_word' id='word_1_400' title='bbox 3654 2262 3783 2330; x_wconf 78' lang='lat' dir='ltr'><strong>pos-</strong></span> 
     </span>
    </p>
   </div>
   <div class='ocr_carea' id='block_1_54' title="bbox 2200 2345 3780 2421">
    <p class='ocr_par' dir='ltr' id='par_1_54' title="bbox 2200 2345 3780 2421">
     <span class='ocr_line' id='line_1_54' title="bbox 2200 2345 3780 2421; baseline 0.002 -20"><span class='ocrx_word' id='word_1_401' title='bbox 2200 2347 2663 2416; x_wconf 77' lang='lat' dir='ltr'><strong>simpraesentari,</strong></span> <span class='ocrx_word' id='word_1_402' title='bbox 2696 2347 2748 2400; x_wconf 94' lang='lat' dir='ltr'><strong>in</strong></span> <span class='ocrx_word' id='word_1_403' title='bbox 2788 2362 2895 2416; x_wconf 89' lang='lat' dir='ltr'><strong>quo</strong></span> <span class='ocrx_word' id='word_1_404' title='bbox 2939 2345 3169 2416; x_wconf 85' lang='lat' dir='ltr'><strong>gloriosa</strong></span> <span class='ocrx_word' id='word_1_405' title='bbox 3219 2348 3460 2401; x_wconf 82' lang='lat' dir='ltr'><strong>exsultas</strong></span> <span class='ocrx_word' id='word_1_406' title='bbox 3484 2356 3541 2403; x_wconf 88' lang='lat' dir='ltr'><strong>et</strong></span> <span class='ocrx_word' id='word_1_407' title='bbox 3587 2361 3780 2421; x_wconf 78' lang='lat' dir='ltr'><strong>regnas</strong></span> 
     </span>
    </p>
   </div>
   <div class='ocr_carea' id='block_1_55' title="bbox 2201 2433 3782 2511">
    <p class='ocr_par' dir='ltr' id='par_1_55' title="bbox 2201 2433 3782 2511">
     <span class='ocr_line' id='line_1_55' title="bbox 2201 2433 3782 2511; baseline -0.002 -17"><span class='ocrx_word' id='word_1_408' title='bbox 2201 2433 2395 2511; x_wconf 55' lang='lat' dir='ltr'><strong>regina&quot;</strong></span> <span class='ocrx_word' id='word_1_409' title='bbox 2417 2438 2732 2508; x_wconf 70' lang='lat' dir='ltr'><strong>angelorum</strong></span> <span class='ocrx_word' id='word_1_410' title='bbox 2760 2446 2814 2491; x_wconf 90' lang='lat' dir='ltr'><strong>et</strong></span> <span class='ocrx_word' id='word_1_411' title='bbox 2842 2438 3142 2501; x_wconf 86' lang='lat' dir='ltr'><strong>hominum,</strong></span> <span class='ocrx_word' id='word_1_412' title='bbox 3173 2436 3341 2491; x_wconf 84' lang='lat' dir='ltr'><strong>Mater</strong></span> <span class='ocrx_word' id='word_1_413' title='bbox 3368 2438 3578 2492; x_wconf 89' lang='lat' dir='ltr'><strong>Domini</strong></span> <span class='ocrx_word' id='word_1_414' title='bbox 3609 2438 3782 2507; x_wconf 76' lang='lat' dir='ltr'><strong>nostri</strong></span> 
     </span>
    </p>
   </div>
   <div class='ocr_carea' id='block_1_56' title="bbox 2198 2528 3785 2595">
    <p class='ocr_par' dir='ltr' id='par_1_56' title="bbox 2198 2528 3785 2595">
     <span class='ocr_line' id='line_1_56' title="bbox 2198 2528 3785 2595; baseline -0.001 -9"><span class='ocrx_word' id='word_1_415' title='bbox 2198 2530 2324 2587; x_wconf 81' lang='lat' dir='ltr'><strong>Jesu</strong></span> <span class='ocrx_word' id='word_1_416' title='bbox 2347 2528 2570 2585; x_wconf 85' lang='lat' dir='ltr'><strong>Christi.</strong></span> <span class='ocrx_word' id='word_1_417' title='bbox 2601 2528 2874 2584; x_wconf 89' lang='lat' dir='ltr'><strong>Succurre</strong></span> <span class='ocrx_word' id='word_1_418' title='bbox 2923 2529 3059 2583; x_wconf 89' lang='lat' dir='ltr'><strong>meis</strong></span> <span class='ocrx_word' id='word_1_419' title='bbox 3087 2528 3429 2595; x_wconf 83' lang='lat' dir='ltr'><strong>criminibus,</strong></span> <span class='ocrx_word' id='word_1_420' title='bbox 3456 2536 3633 2583; x_wconf 84' lang='lat' dir='ltr'><strong>mater</strong></span> <span class='ocrx_word' id='word_1_421' title='bbox 3664 2528 3785 2585; x_wconf 46' lang='lat' dir='ltr'><strong>imi-</strong></span> 
     </span>
    </p>
   </div>
   <div class='ocr_carea' id='block_1_57' title="bbox 2200 2616 3787 2688">
    <p class='ocr_par' dir='ltr' id='par_1_57' title="bbox 2200 2616 3787 2688">
     <span class='ocr_line' id='line_1_57' title="bbox 2200 2616 3787 2688; baseline -0.001 -14"><span class='ocrx_word' id='word_1_422' title='bbox 2200 2618 2543 2683; x_wconf 73' lang='lat' dir='ltr'><strong>sericordize,</strong></span> <span class='ocrx_word' id='word_1_423' title='bbox 2604 2618 2709 2672; x_wconf 90' lang='lat' dir='ltr'><strong>tuis</strong></span> <span class='ocrx_word' id='word_1_424' title='bbox 2760 2618 3019 2688; x_wconf 82' lang='lat' dir='ltr'><strong>virgineis</strong></span> <span class='ocrx_word' id='word_1_425' title='bbox 3074 2617 3325 2687; x_wconf 88' lang='lat' dir='ltr'><strong>precibus</strong></span> <span class='ocrx_word' id='word_1_426' title='bbox 3389 2617 3599 2672; x_wconf 79' lang='lat' dir='ltr'><strong>veniam</strong></span> <span class='ocrx_word' id='word_1_427' title='bbox 3652 2616 3787 2673; x_wconf 88' lang='lat' dir='ltr'><strong>mihi</strong></span> 
     </span>
    </p>
   </div>
   <div class='ocr_carea' id='block_1_58' title="bbox 2199 2707 3784 2779">
    <p class='ocr_par' dir='ltr' id='par_1_58' title="bbox 2199 2707 3784 2779">
     <span class='ocr_line' id='line_1_58' title="bbox 2199 2707 3784 2779; baseline -0.003 -11"><span class='ocrx_word' id='word_1_428' title='bbox 2199 2709 2492 2768; x_wconf 87' lang='lat' dir='ltr'><strong>obtinendo</strong></span> <span class='ocrx_word' id='word_1_429' title='bbox 2516 2709 2655 2777; x_wconf 89' lang='lat' dir='ltr'><strong>apud</strong></span> <span class='ocrx_word' id='word_1_430' title='bbox 2683 2718 2831 2762; x_wconf 89' lang='lat' dir='ltr'><strong>tuum</strong></span> <span class='ocrx_word' id='word_1_431' title='bbox 2854 2708 3066 2763; x_wconf 86' lang='lat' dir='ltr'><strong>dulcem</strong></span> <span class='ocrx_word' id='word_1_432' title='bbox 3097 2719 3279 2763; x_wconf 88' lang='lat' dir='ltr'><strong>natum</strong></span> <span class='ocrx_word' id='word_1_433' title='bbox 3297 2708 3482 2764; x_wconf 88' lang='lat' dir='ltr'><strong>Jesum</strong></span> <span class='ocrx_word' id='word_1_434' title='bbox 3507 2707 3784 2779; x_wconf 81' lang='lat' dir='ltr'><strong>Christum</strong></span> 
     </span>
    </p>
   </div>
   <div class='ocr_carea' id='block_1_59' title="bbox 2200 2795 3781 2869">
    <p class='ocr_par' dir='ltr' id='par_1_59' title="bbox 2200 2795 3781 2869">
     <span class='ocr_line' id='line_1_59' title="bbox 2200 2795 3781 2869; baseline -0.004 -14"><span class='ocrx_word' id='word_1_435' title='bbox 2200 2800 2485 2855; x_wconf 79' lang='lat' dir='ltr'><strong>Dominum</strong></span> <span class='ocrx_word' id='word_1_436' title='bbox 2516 2806 2778 2850; x_wconf 90' lang='lat' dir='ltr'><strong>nostrum.</strong></span> <span class='ocrx_word' id='word_1_437' title='bbox 2818 2795 2919 2863; x_wconf 84' lang='lat' dir='ltr'><strong>Qui</strong></span> <span class='ocrx_word' id='word_1_438' title='bbox 2947 2812 3071 2851; x_wconf 90' lang='lat' dir='ltr'><strong>cum</strong></span> <span class='ocrx_word' id='word_1_439' title='bbox 3113 2797 3293 2863; x_wconf 78' lang='lat' dir='ltr'><strong>Patre,</strong></span> <span class='ocrx_word' id='word_1_440' title='bbox 3328 2807 3383 2854; x_wconf 88' lang='lat' dir='ltr'><strong>et</strong></span> <span class='ocrx_word' id='word_1_441' title='bbox 3416 2796 3622 2869; x_wconf 88' lang='lat' dir='ltr'><strong>Spiritu</strong></span> <span class='ocrx_word' id='word_1_442' title='bbox 3650 2809 3781 2854; x_wconf 87' lang='lat' dir='ltr'><strong>san-</strong></span> 
     </span>
    </p>
   </div>
   <div class='ocr_carea' id='block_1_60' title="bbox 2199 2886 3259 2957">
    <p class='ocr_par' dir='ltr' id='par_1_60' title="bbox 2199 2886 3259 2957">
     <span class='ocr_line' id='line_1_60' title="bbox 2199 2886 3259 2957; baseline -0.006 -11"><span class='ocrx_word' id='word_1_443' title='bbox 2199 2901 2288 2946; x_wconf 91' lang='lat' dir='ltr'><strong>cto</strong></span> <span class='ocrx_word' id='word_1_444' title='bbox 2312 2887 2443 2943; x_wconf 86' lang='lat' dir='ltr'><strong>vivit</strong></span> <span class='ocrx_word' id='word_1_445' title='bbox 2471 2896 2526 2941; x_wconf 89' lang='lat' dir='ltr'><strong>et</strong></span> <span class='ocrx_word' id='word_1_446' title='bbox 2564 2895 2757 2957; x_wconf 78' lang='lat' dir='ltr'><strong>regnat</strong></span> <span class='ocrx_word' id='word_1_447' title='bbox 2779 2886 3118 2954; x_wconf 89' lang='lat' dir='ltr'><strong>benedictus,</strong></span> <span class='ocrx_word' id='word_1_448' title='bbox 3150 2895 3259 2943; x_wconf 90' lang='lat' dir='ltr'><strong>etc.</strong></span> 
     </span>
    </p>
   </div>
   <div class='ocr_carea' id='block_1_61' title="bbox 1635 2998 2672 3080">
    <p class='ocr_par' dir='ltr' id='par_1_61' title="bbox 1635 2998 2672 3080">
     <span class='ocr_line' id='line_1_61' title="bbox 1635 2998 2672 3080; baseline -0.014 -12"><span class='ocrx_word' id='word_1_449' title='bbox 1635 3008 1804 3080; x_wconf 74' lang='lat'><strong>286</strong></span> <span class='ocrx_word' id='word_1_450' title='bbox 1839 3008 2094 3065; x_wconf 78' lang='lat' dir='ltr'><strong>ORATIO</strong></span> <span class='ocrx_word' id='word_1_451' title='bbox 2136 3006 2247 3061; x_wconf 80' lang='lat' dir='ltr'><strong>LXI</strong></span> <span class='ocrx_word' id='word_1_452' title='bbox 2287 3002 2383 3075; x_wconf 82' lang='grc' dir='ltr'><strong>[οΙ.</strong></span> <span class='ocrx_word' id='word_1_453' title='bbox 2423 2998 2672 3073; x_wconf 68' lang='grc' dir='ltr'>ωψτιι.</span> 
     </span>
    </p>
   </div>
   <div class='ocr_carea' id='block_1_62' title="bbox 1198 3104 2093 3177">
    <p class='ocr_par' dir='ltr' id='par_1_62' title="bbox 1198 3104 2093 3177">
     <span class='ocr_line' id='line_1_62' title="bbox 1198 3104 2093 3177; baseline 0.001 -2"><span class='ocrx_word' id='word_1_454' title='bbox 1198 3104 1481 3177; x_wconf 22' lang='grc' dir='ltr'>,λιιιτιιιιυε</span> <span class='ocrx_word' id='word_1_455' title='bbox 1520 3135 1585 3172; x_wconf 75' lang='lat' dir='ltr'><strong>AD</strong></span> <span class='ocrx_word' id='word_1_456' title='bbox 1619 3136 1862 3176; x_wconf 74' lang='lat' dir='ltr'><strong>SANCTAI</strong></span> <span class='ocrx_word' id='word_1_457' title='bbox 1897 3137 2093 3177; x_wconf 66' lang='lat' dir='ltr'><strong>VIRGINI</strong></span> 
     </span>
    </p>
   </div>
   <div class='ocr_carea' id='block_1_63' title="bbox 2194 3104 3145 3177">
    <p class='ocr_par' dir='ltr' id='par_1_63' title="bbox 2195 3128 3145 3174">
     <span class='ocr_line' id='line_1_63' title="bbox 2195 3128 3145 3174; baseline -0.005 0"><span class='ocrx_word' id='word_1_458' title='bbox 2195 3134 2398 3174; x_wconf 66' lang='grc' dir='ltr'>ιιΑιιιιιι</span> <span class='ocrx_word' id='word_1_459' title='bbox 2437 3132 2507 3170; x_wconf 72' lang='grc' dir='ltr'><strong>ΕΤ</strong></span> <span class='ocrx_word' id='word_1_460' title='bbox 2544 3129 2611 3169; x_wconf 80' lang='grc' dir='ltr'><strong>ΑΙ)</strong></span> <span class='ocrx_word' id='word_1_461' title='bbox 2645 3128 2819 3169; x_wconf 66' lang='grc' dir='ltr'>οιιῑιεε</span> <span class='ocrx_word' id='word_1_462' title='bbox 2856 3129 3104 3171; x_wconf 66' lang='grc' dir='ltr'><strong>εΔΝετοε.</strong></span> <span class='ocrx_word' id='word_1_463' title='bbox 3140 3150 3145 3153; x_wconf 67' lang='lat'><em>~</em></span> 
     </span>
    </p>
   </div>
   <div class='ocr_carea' id='block_1_64' title="bbox 593 3234 1317 3303">
    <p class='ocr_par' dir='ltr' id='par_1_64' title="bbox 593 3234 1317 3303">
     <span class='ocr_line' id='line_1_64' title="bbox 593 3234 1317 3303; baseline 0.001 -16"><span class='ocrx_word' id='word_1_464' title='bbox 593 3234 760 3289; x_wconf 85' lang='lat' dir='ltr'><strong>Maria</strong></span> <span class='ocrx_word' id='word_1_465' title='bbox 791 3235 1047 3303; x_wconf 89' lang='lat' dir='ltr'><strong>templum</strong></span> <span class='ocrx_word' id='word_1_466' title='bbox 1082 3234 1317 3300; x_wconf 88' lang='lat' dir='ltr'><strong>Domini,</strong></span> 
     </span>
    </p>
   </div>
   <div class='ocr_carea' id='block_1_65' title="bbox 524 3326 1150 3395">
    <p class='ocr_par' dir='ltr' id='par_1_65' title="bbox 524 3326 1150 3395">
     <span class='ocr_line' id='line_1_65' title="bbox 524 3326 1150 3395; baseline 0.003 -16"><span class='ocrx_word' id='word_1_467' title='bbox 524 3327 836 3395; x_wconf 85' lang='lat' dir='ltr'><strong>Sacrarinm</strong></span> <span class='ocrx_word' id='word_1_468' title='bbox 866 3326 1150 3393; x_wconf 89' lang='lat' dir='ltr'><strong>Paracleti,</strong></span> 
     </span>
    </p>
   </div>
   <div class='ocr_carea' id='block_1_66' title="bbox 526 3407 1322 3487">
    <p class='ocr_par' dir='ltr' id='par_1_66' title="bbox 526 3407 1322 3487">
     <span class='ocr_line' id='line_1_66' title="bbox 526 3407 1322 3487; baseline -0.003 -15"><span class='ocrx_word' id='word_1_469' title='bbox 526 3418 1007 3473; x_wconf 84' lang='lat' dir='ltr'><strong>Sacrarum~decus</strong></span> <span class='ocrx_word' id='word_1_470' title='bbox 1031 3407 1322 3487; x_wconf 81' lang='lat' dir='ltr'><strong>virginum,</strong></span> 
     </span>
    </p>
   </div>
   <div class='ocr_carea' id='block_1_67' title="bbox 525 3503 1167 3557">
    <p class='ocr_par' dir='ltr' id='par_1_67' title="bbox 525 3503 1167 3557">
     <span class='ocr_line' id='line_1_67' title="bbox 525 3503 1167 3557; baseline 0 -3"><span class='ocrx_word' id='word_1_471' title='bbox 525 3503 865 3557; x_wconf 70' lang='lat' dir='ltr'><strong>Mmrentium</strong></span> <span class='ocrx_word' id='word_1_472' title='bbox 895 3503 1167 3557; x_wconf 88' lang='lat' dir='ltr'><strong>solatium.</strong></span> 
     </span>
    </p>
   </div>
   <div class='ocr_carea' id='block_1_68' title="bbox 594 3594 1282 3664">
    <p class='ocr_par' dir='ltr' id='par_1_68' title="bbox 594 3594 1282 3664">
     <span class='ocr_line' id='line_1_68' title="bbox 594 3594 1282 3664; baseline -0.003 -15"><span class='ocrx_word' id='word_1_473' title='bbox 594 3597 675 3650; x_wconf 79' lang='lat' dir='ltr'><strong>Ad</strong></span> <span class='ocrx_word' id='word_1_474' title='bbox 707 3605 756 3649; x_wconf 90' lang='lat' dir='ltr'><strong>te</strong></span> <span class='ocrx_word' id='word_1_475' title='bbox 784 3596 1020 3664; x_wconf 85' lang='lat' dir='ltr'><strong>suspiro,</strong></span> <span class='ocrx_word' id='word_1_476' title='bbox 1044 3594 1282 3658; x_wconf 89' lang='lat' dir='ltr'><strong>domina,</strong></span> 
     </span>
    </p>
   </div>
   <div class='ocr_carea' id='block_1_69' title="bbox 526 3687 1235 3757">
    <p class='ocr_par' dir='ltr' id='par_1_69' title="bbox 526 3687 1235 3757">
     <span class='ocr_line' id='line_1_69' title="bbox 526 3687 1235 3757; baseline -0.003 -15"><span class='ocrx_word' id='word_1_477' title='bbox 526 3687 673 3743; x_wconf 80' lang='lat' dir='ltr'><strong>Meas</strong></span> <span class='ocrx_word' id='word_1_478' title='bbox 690 3700 918 3757; x_wconf 80' lang='lat' dir='ltr'><strong>accepta</strong></span> <span class='ocrx_word' id='word_1_479' title='bbox 946 3687 1235 3756; x_wconf 80' lang='lat' dir='ltr'><strong>lacryinas,</strong></span> 
     </span>
    </p>
   </div>
   <div class='ocr_carea' id='block_1_70' title="bbox 527 3775 1147 3837">
    <p class='ocr_par' dir='ltr' id='par_1_70' title="bbox 527 3775 1147 3837">
     <span class='ocr_line' id='line_1_70' title="bbox 527 3775 1147 3837; baseline -0.002 -7"><span class='ocrx_word' id='word_1_480' title='bbox 527 3778 717 3832; x_wconf 89' lang='lat' dir='ltr'><strong>Sinum</strong></span> <span class='ocrx_word' id='word_1_481' title='bbox 764 3775 1147 3837; x_wconf 67' lang='lat' dir='ltr'><strong>misericordim</strong></span> 
     </span>
    </p>
   </div>
   <div class='ocr_carea' id='block_1_71' title="bbox 529 3868 1209 3938">
    <p class='ocr_par' dir='ltr' id='par_1_71' title="bbox 529 3868 1209 3938">
     <span class='ocr_line' id='line_1_71' title="bbox 529 3868 1209 3938; baseline 0 -16"><span class='ocrx_word' id='word_1_482' title='bbox 529 3870 761 3938; x_wconf 83' lang='lat' dir='ltr'><strong>Dignarc</strong></span> <span class='ocrx_word' id='word_1_483' title='bbox 796 3869 922 3923; x_wconf 89' lang='lat' dir='ltr'><strong>mihi</strong></span> <span class='ocrx_word' id='word_1_484' title='bbox 954 3868 1209 3938; x_wconf 88' lang='lat' dir='ltr'><strong>pandere.</strong></span> 
     </span>
    </p>
   </div>
   <div class='ocr_carea' id='block_1_72' title="bbox 596 3957 1199 4029">
    <p class='ocr_par' dir='ltr' id='par_1_72' title="bbox 596 3957 1199 4029">
     <span class='ocr_line' id='line_1_72' title="bbox 596 3957 1199 4029; baseline 0 -19"><span class='ocrx_word' id='word_1_485' title='bbox 596 3957 798 4028; x_wconf 78' lang='lat' dir='ltr'><strong>Regina</strong></span> <span class='ocrx_word' id='word_1_486' title='bbox 831 3958 950 4013; x_wconf 63' lang='lat' dir='ltr'><strong>costi</strong></span> <span class='ocrx_word' id='word_1_487' title='bbox 980 3957 1199 4029; x_wconf 72' lang='lat' dir='ltr'><strong>inclyta,</strong></span> 
     </span>
    </p>
   </div>
   <div class='ocr_carea' id='block_1_73' title="bbox 527 4045 1191 4115">
    <p class='ocr_par' dir='ltr' id='par_1_73' title="bbox 527 4045 1191 4115">
     <span class='ocr_line' id='line_1_73' title="bbox 527 4045 1191 4115; baseline -0.002 -14"><span class='ocrx_word' id='word_1_488' title='bbox 527 4045 688 4102; x_wconf 91' lang='lat' dir='ltr'><strong>Orbis</strong></span> <span class='ocrx_word' id='word_1_489' title='bbox 726 4047 932 4115; x_wconf 86' lang='lat' dir='ltr'><strong>lampas</strong></span> <span class='ocrx_word' id='word_1_490' title='bbox 959 4048 1191 4109; x_wconf 86' lang='lat' dir='ltr'><strong>siderea,</strong></span> 
     </span>
    </p>
   </div>
   <div class='ocr_carea' id='block_1_74' title="bbox 528 4131 1275 4209">
    <p class='ocr_par' dir='ltr' id='par_1_74' title="bbox 528 4131 1275 4209">
     <span class='ocr_line' id='line_1_74' title="bbox 528 4131 1275 4209; baseline 0.003 -17"><span class='ocrx_word' id='word_1_491' title='bbox 528 4137 675 4194; x_wconf 81' lang='lat' dir='ltr'><strong>Meas</strong></span> <span class='ocrx_word' id='word_1_492' title='bbox 702 4139 950 4209; x_wconf 86' lang='lat' dir='ltr'><strong>absterge</strong></span> <span class='ocrx_word' id='word_1_493' title='bbox 974 4131 1275 4208; x_wconf 42' lang='lat' dir='ltr'><strong>‘l’acrymas.</strong></span> 
     </span>
    </p>
   </div>
   <div class='ocr_carea' id='block_1_75' title="bbox 527 4228 1242 4297">
    <p class='ocr_par' dir='ltr' id='par_1_75' title="bbox 527 4228 1242 4297">
     <span class='ocr_line' id='line_1_75' title="bbox 527 4228 1242 4297; baseline -0.006 -11"><span class='ocrx_word' id='word_1_494' title='bbox 527 4228 597 4286; x_wconf 80' lang='lat' dir='ltr'><strong>Et</strong></span> <span class='ocrx_word' id='word_1_495' title='bbox 621 4238 966 4297; x_wconf 88' lang='lat' dir='ltr'><strong>peccatorum</strong></span> <span class='ocrx_word' id='word_1_496' title='bbox 998 4229 1242 4284; x_wconf 86' lang='lat' dir='ltr'><strong>nebulas.</strong></span> 
     </span>
    </p>
   </div>
   <div class='ocr_carea' id='block_1_76' title="bbox 600 4318 1259 4389">
    <p class='ocr_par' dir='ltr' id='par_1_76' title="bbox 600 4318 1259 4389">
     <span class='ocr_line' id='line_1_76' title="bbox 600 4318 1259 4389; baseline 0.002 -18"><span class='ocrx_word' id='word_1_497' title='bbox 600 4318 751 4385; x_wconf 77' lang='lat' dir='ltr'><strong>Quod</strong></span> <span class='ocrx_word' id='word_1_498' title='bbox 778 4318 922 4373; x_wconf 87' lang='lat' dir='ltr'><strong>voles</strong></span> <span class='ocrx_word' id='word_1_499' title='bbox 954 4320 1259 4389; x_wconf 88' lang='lat' dir='ltr'><strong>unigenitus</strong></span> 
     </span>
    </p>
   </div>
   <div class='ocr_carea' id='block_1_77' title="bbox 527 4409 1100 4473">
    <p class='ocr_par' dir='ltr' id='par_1_77' title="bbox 527 4409 1100 4473">
     <span class='ocr_line' id='line_1_77' title="bbox 527 4409 1100 4473; baseline 0 -10"><span class='ocrx_word' id='word_1_500' title='bbox 527 4409 758 4464; x_wconf 87' lang='lat' dir='ltr'><strong>Donabit</strong></span> <span class='ocrx_word' id='word_1_501' title='bbox 788 4409 877 4463; x_wconf 90' lang='lat' dir='ltr'><strong>tibi</strong></span> <span class='ocrx_word' id='word_1_502' title='bbox 906 4409 1100 4473; x_wconf 85' lang='lat' dir='ltr'><strong>Filius,</strong></span> 
     </span>
    </p>
   </div>
   <div class='ocr_carea' id='block_1_78' title="bbox 530 4498 1260 4569">
    <p class='ocr_par' dir='ltr' id='par_1_78' title="bbox 530 4498 1260 4569">
     <span class='ocr_line' id='line_1_78' title="bbox 530 4498 1260 4569; baseline 0.003 -17"><span class='ocrx_word' id='word_1_503' title='bbox 530 4498 633 4553; x_wconf 85' lang='lat' dir='ltr'><strong>Pro</strong></span> <span class='ocrx_word' id='word_1_504' title='bbox 656 4499 849 4569; x_wconf 90' lang='lat' dir='ltr'><strong>quibus</strong></span> <span class='ocrx_word' id='word_1_505' title='bbox 880 4500 1025 4555; x_wconf 85' lang='lat' dir='ltr'><strong>voles</strong></span> <span class='ocrx_word' id='word_1_506' title='bbox 1049 4502 1260 4555; x_wconf 90' lang='lat' dir='ltr'><strong>veniam</strong></span> 
     </span>
    </p>
   </div>
   <div class='ocr_carea' id='block_1_79' title="bbox 530 4590 1205 4663">
    <p class='ocr_par' dir='ltr' id='par_1_79' title="bbox 530 4590 1205 4663">
     <span class='ocr_line' id='line_1_79' title="bbox 530 4590 1205 4663; baseline 0.003 -19"><span class='ocrx_word' id='word_1_507' title='bbox 530 4590 848 4663; x_wconf 90' lang='lat' dir='ltr'><strong>Impetrabis</strong></span> <span class='ocrx_word' id='word_1_508' title='bbox 879 4600 933 4645; x_wconf 91' lang='lat' dir='ltr'><strong>et</strong></span> <span class='ocrx_word' id='word_1_509' title='bbox 957 4591 1205 4662; x_wconf 84' lang='lat' dir='ltr'><strong>gloriam.</strong></span> 
     </span>
    </p>
   </div>
   <div class='ocr_carea' id='block_1_80' title="bbox 600 4674 1383 4752">
    <p class='ocr_par' dir='ltr' id='par_1_80' title="bbox 600 4674 1383 4752">
     <span class='ocr_line' id='line_1_80' title="bbox 600 4674 1383 4752; baseline 0.003 -16"><span class='ocrx_word' id='word_1_510' title='bbox 600 4674 706 4737; x_wconf 86' lang='lat' dir='ltr'><strong>Sed</strong></span> <span class='ocrx_word' id='word_1_511' title='bbox 730 4696 806 4736; x_wconf 69' lang='lat' dir='ltr'><strong>vae</strong></span> <span class='ocrx_word' id='word_1_512' title='bbox 841 4682 1074 4752; x_wconf 88' lang='lat' dir='ltr'><strong>peccatis</strong></span> <span class='ocrx_word' id='word_1_513' title='bbox 1110 4684 1383 4739; x_wconf 88' lang='lat' dir='ltr'><strong>hominum</strong></span> 
     </span>
    </p>
   </div>
   <div class='ocr_carea' id='block_1_81' title="bbox 528 4770 1207 4842">
    <p class='ocr_par' dir='ltr' id='par_1_81' title="bbox 528 4770 1207 4842">
     <span class='ocr_line' id='line_1_81' title="bbox 528 4770 1207 4842; baseline 0.006 -19"><span class='ocrx_word' id='word_1_514' title='bbox 528 4770 585 4825; x_wconf 89' lang='lat' dir='ltr'><strong>lu</strong></span> <span class='ocrx_word' id='word_1_515' title='bbox 615 4770 851 4827; x_wconf 82' lang='lat' dir='ltr'><strong>tenebris</strong></span> <span class='ocrx_word' id='word_1_516' title='bbox 877 4772 1207 4842; x_wconf 85' lang='lat' dir='ltr'><strong>degentium,</strong></span> 
     </span>
    </p>
   </div>
   <div class='ocr_carea' id='block_1_82' title="bbox 529 4856 1211 4929">
    <p class='ocr_par' dir='ltr' id='par_1_82' title="bbox 529 4856 1211 4929">
     <span class='ocr_line' id='line_1_82' title="bbox 529 4856 1211 4929; baseline 0.006 -15"><span class='ocrx_word' id='word_1_517' title='bbox 529 4859 614 4914; x_wconf 74' lang='lat' dir='ltr'><strong>Me</strong></span> <span class='ocrx_word' id='word_1_518' title='bbox 634 4856 812 4916; x_wconf 63' lang='lat' dir='ltr'><strong>Yerret</strong></span> <span class='ocrx_word' id='word_1_519' title='bbox 853 4864 1211 4929; x_wconf 87' lang='lat' dir='ltr'><strong>conscientia,</strong></span> 
     </span>
    </p>
   </div>
   <div class='ocr_carea' id='block_1_83' title="bbox 604 5038 1349 5109">
    <p class='ocr_par' dir='ltr' id='par_1_83' title="bbox 604 5038 1349 5109">
     <span class='ocr_line' id='line_1_83' title="bbox 604 5038 1349 5109; baseline 0.007 -11"><span class='ocrx_word' id='word_1_520' title='bbox 604 5038 673 5098; x_wconf 88' lang='lat' dir='ltr'><strong>Ut</strong></span> <span class='ocrx_word' id='word_1_521' title='bbox 696 5042 863 5097; x_wconf 85' lang='lat' dir='ltr'><strong>Adam</strong></span> <span class='ocrx_word' id='word_1_522' title='bbox 893 5044 982 5075; x_wconf 73' lang='lat'><strong>‘7&quot;</strong></span> <span class='ocrx_word' id='word_1_523' title='bbox 1019 5044 1349 5109; x_wconf 82' lang='lat' dir='ltr'><strong>delitescere.</strong></span> 
     </span>
    </p>
   </div>
   <div class='ocr_carea' id='block_1_84' title="bbox 531 5134 1319 5211">
    <p class='ocr_par' dir='ltr' id='par_1_84' title="bbox 531 5134 1319 5211">
     <span class='ocr_line' id='line_1_84' title="bbox 531 5134 1319 5211; baseline 0.005 -21"><span class='ocrx_word' id='word_1_524' title='bbox 531 5134 626 5191; x_wconf 85' lang='lat' dir='ltr'><strong>Vel</strong></span> <span class='ocrx_word' id='word_1_525' title='bbox 654 5136 795 5191; x_wconf 85' lang='lat' dir='ltr'><strong>sicut</strong></span> <span class='ocrx_word' id='word_1_526' title='bbox 825 5137 955 5192; x_wconf 86' lang='lat' dir='ltr'><strong>Cain</strong></span> <span class='ocrx_word' id='word_1_527' title='bbox 998 5138 1088 5170; x_wconf 83' lang='grc'><strong>¹⁷³²</strong></span> <span class='ocrx_word' id='word_1_528' title='bbox 1120 5138 1319 5211; x_wconf 79' lang='lat' dir='ltr'><strong>fugere,</strong></span> 
     </span>
    </p>
   </div>
   <div class='ocr_carea' id='block_1_85' title="bbox 1010 5250 1051 5277">
    <p class='ocr_par' dir='ltr' id='par_1_85' title="bbox 1010 5250 1051 5277">
     <span class='ocr_line' id='line_1_85' title="bbox 1010 5250 1051 5277; baseline 0 0"><span class='ocrx_word' id='word_1_529' title='bbox 1010 5250 1051 5277; x_wconf 56' lang='grc' dir='ltr'><strong>ὓ</strong></span> 
     </span>
    </p>
   </div>
   <div class='ocr_carea' id='block_1_86' title="bbox 1635 3233 2349 3313">
    <p class='ocr_par' dir='ltr' id='par_1_86' title="bbox 1635 3233 2349 3313">
     <span class='ocr_line' id='line_1_86' title="bbox 1635 3233 2349 3313; baseline -0.006 -24"><span class='ocrx_word' id='word_1_530' title='bbox 1635 3234 1747 3289; x_wconf 83' lang='lat' dir='ltr'><strong>Mea</strong></span> <span class='ocrx_word' id='word_1_531' title='bbox 1781 3250 1865 3290; x_wconf 92' lang='lat' dir='ltr'><strong>me</strong></span> <span class='ocrx_word' id='word_1_532' title='bbox 1887 3247 2089 3313; x_wconf 75' lang='lat' dir='ltr'><strong>cogunt</strong></span> <span class='ocrx_word' id='word_1_533' title='bbox 2117 3233 2349 3305; x_wconf 77' lang='lat' dir='ltr'><strong>scelera,</strong></span> 
     </span>
    </p>
   </div>
   <div class='ocr_carea' id='block_1_87' title="bbox 1633 3323 2289 3394">
    <p class='ocr_par' dir='ltr' id='par_1_87' title="bbox 1633 3323 2289 3394">
     <span class='ocr_line' id='line_1_87' title="bbox 1633 3323 2289 3394; baseline 0.002 -19"><span class='ocrx_word' id='word_1_534' title='bbox 1633 3324 1768 3390; x_wconf 83' lang='lat' dir='ltr'><strong>Quia</strong></span> <span class='ocrx_word' id='word_1_535' title='bbox 1812 3324 1977 3379; x_wconf 89' lang='lat' dir='ltr'><strong>multa</strong></span> <span class='ocrx_word' id='word_1_536' title='bbox 2000 3334 2053 3378; x_wconf 91' lang='lat' dir='ltr'><strong>et</strong></span> <span class='ocrx_word' id='word_1_537' title='bbox 2082 3323 2289 3394; x_wconf 87' lang='lat' dir='ltr'><strong>gravia.</strong></span> 
     </span>
    </p>
   </div>
   <div class='ocr_carea' id='block_1_88' title="bbox 1706 3417 2389 3480">
    <p class='ocr_par' dir='ltr' id='par_1_88' title="bbox 1706 3417 2389 3480">
     <span class='ocr_line' id='line_1_88' title="bbox 1706 3417 2389 3480; baseline 0 -9"><span class='ocrx_word' id='word_1_538' title='bbox 1706 3417 1811 3473; x_wconf 83' lang='lat' dir='ltr'><strong>Sed</strong></span> <span class='ocrx_word' id='word_1_539' title='bbox 1842 3418 1984 3471; x_wconf 90' lang='lat' dir='ltr'><strong>inter</strong></span> <span class='ocrx_word' id='word_1_540' title='bbox 2008 3427 2154 3472; x_wconf 89' lang='lat' dir='ltr'><strong>tanta</strong></span> <span class='ocrx_word' id='word_1_541' title='bbox 2184 3417 2389 3480; x_wconf 84' lang='lat' dir='ltr'><strong>nubila,</strong></span> 
     </span>
    </p>
   </div>
   <div class='ocr_carea' id='block_1_89' title="bbox 1634 3507 2385 3575">
    <p class='ocr_par' dir='ltr' id='par_1_89' title="bbox 1634 3507 2385 3575">
     <span class='ocr_line' id='line_1_89' title="bbox 1634 3507 2385 3575; baseline -0.004 -15"><span class='ocrx_word' id='word_1_542' title='bbox 1634 3508 1700 3560; x_wconf 85' lang='lat' dir='ltr'><strong>Et</strong></span> <span class='ocrx_word' id='word_1_543' title='bbox 1745 3517 2088 3575; x_wconf 85' lang='lat' dir='ltr'><strong>peccatorum</strong></span> <span class='ocrx_word' id='word_1_544' title='bbox 2124 3507 2385 3575; x_wconf 84' lang='lat' dir='ltr'><strong>pondera,</strong></span> 
     </span>
    </p>
   </div>
   <div class='ocr_carea' id='block_1_90' title="bbox 1631 3592 2447 3652">
    <p class='ocr_par' dir='ltr' id='par_1_90' title="bbox 1631 3592 2447 3652">
     <span class='ocr_line' id='line_1_90' title="bbox 1631 3592 2447 3652; baseline -0.002 -7"><span class='ocrx_word' id='word_1_545' title='bbox 1631 3592 1848 3647; x_wconf 80' lang='lat' dir='ltr'><strong>Patrem</strong></span> <span class='ocrx_word' id='word_1_546' title='bbox 1874 3593 2162 3647; x_wconf 88' lang='lat' dir='ltr'><strong>recordans</strong></span> <span class='ocrx_word' id='word_1_547' title='bbox 2188 3593 2447 3652; x_wconf 81' lang='lat' dir='ltr'><strong>luminum</strong></span> 
     </span>
    </p>
   </div>
   <div class='ocr_carea' id='block_1_91' title="bbox 1633 3680 2316 3751">
    <p class='ocr_par' dir='ltr' id='par_1_91' title="bbox 1633 3680 2316 3751">
     <span class='ocr_line' id='line_1_91' title="bbox 1633 3680 2316 3751; baseline -0.001 -18"><span class='ocrx_word' id='word_1_548' title='bbox 1633 3680 1749 3735; x_wconf 89' lang='lat' dir='ltr'><strong>Non</strong></span> <span class='ocrx_word' id='word_1_549' title='bbox 1782 3681 2010 3751; x_wconf 63' lang='lat' dir='ltr'><strong>despero</strong></span> <span class='ocrx_word' id='word_1_550' title='bbox 2036 3680 2316 3734; x_wconf 74' lang='lat' dir='ltr'><strong>auxilium.</strong></span> 
     </span>
    </p>
   </div>
   <div class='ocr_carea' id='block_1_92' title="bbox 1704 3771 2366 3845">
    <p class='ocr_par' dir='ltr' id='par_1_92' title="bbox 1704 3771 2366 3845">
     <span class='ocr_line' id='line_1_92' title="bbox 1704 3771 2366 3845; baseline -0.003 -18"><span class='ocrx_word' id='word_1_551' title='bbox 1704 3771 1852 3827; x_wconf 74' lang='lat' dir='ltr'><strong>Nih‘il</strong></span> <span class='ocrx_word' id='word_1_552' title='bbox 1875 3774 2165 3841; x_wconf 77' lang='lat' dir='ltr'><strong>desperare</strong></span> <span class='ocrx_word' id='word_1_553' title='bbox 2195 3772 2366 3845; x_wconf 83' lang='lat' dir='ltr'><strong>pejus,</strong></span> 
     </span>
    </p>
   </div>
   <div class='ocr_carea' id='block_1_93' title="bbox 1636 3863 2294 3932">
    <p class='ocr_par' dir='ltr' id='par_1_93' title="bbox 1636 3863 2294 3932">
     <span class='ocr_line' id='line_1_93' title="bbox 1636 3863 2294 3932; baseline 0 -15"><span class='ocrx_word' id='word_1_554' title='bbox 1636 3863 1718 3917; x_wconf 81' lang='lat' dir='ltr'><strong>Nil</strong></span> <span class='ocrx_word' id='word_1_555' title='bbox 1750 3864 1934 3932; x_wconf 90' lang='lat' dir='ltr'><strong>putavi</strong></span> <span class='ocrx_word' id='word_1_556' title='bbox 1963 3864 2294 3932; x_wconf 83' lang='lat' dir='ltr'><strong>perversius,</strong></span> 
     </span>
    </p>
   </div>
   <div class='ocr_carea' id='block_1_94' title="bbox 1637 3948 2385 4027">
    <p class='ocr_par' dir='ltr' id='par_1_94' title="bbox 1637 3948 2385 4027">
     <span class='ocr_line' id='line_1_94' title="bbox 1637 3948 2385 4027; baseline -0.001 -20"><span class='ocrx_word' id='word_1_557' title='bbox 1637 3953 1941 4027; x_wconf 67' lang='lat' dir='ltr'><strong>Praesertim</strong></span> <span class='ocrx_word' id='word_1_558' title='bbox 1965 3955 2009 4008; x_wconf 91' lang='lat' dir='ltr'><strong>si</strong></span> <span class='ocrx_word' id='word_1_559' title='bbox 2038 3963 2115 4019; x_wconf 91' lang='lat' dir='ltr'><strong>tu,</strong></span> <span class='ocrx_word' id='word_1_560' title='bbox 2146 3948 2385 4017; x_wconf 86' lang='lat' dir='ltr'><strong>domina,</strong></span> 
     </span>
    </p>
   </div>
   <div class='ocr_carea' id='block_1_95' title="bbox 1634 4043 2431 4117">
    <p class='ocr_par' dir='ltr' id='par_1_95' title="bbox 1634 4043 2431 4117">
     <span class='ocr_line' id='line_1_95' title="bbox 1634 4043 2431 4117; baseline 0 -20"><span class='ocrx_word' id='word_1_561' title='bbox 1634 4043 1747 4099; x_wconf 79' lang='lat' dir='ltr'><strong>Mea</strong></span> <span class='ocrx_word' id='word_1_562' title='bbox 1784 4043 1994 4113; x_wconf 82' lang='lat' dir='ltr'><strong>perfers</strong></span> <span class='ocrx_word' id='word_1_563' title='bbox 2022 4045 2353 4113; x_wconf 88' lang='lat' dir='ltr'><strong>precamina.</strong></span> <span class='ocrx_word' id='word_1_564' title='bbox 2422 4106 2431 4117; x_wconf 36' lang='grc'><strong><em>⁸</em></strong></span> 
     </span>
    </p>
   </div>
   <div class='ocr_carea' id='block_1_96' title="bbox 1703 4128 2506 4202">
    <p class='ocr_par' dir='ltr' id='par_1_96' title="bbox 1703 4128 2506 4202">
     <span class='ocr_line' id='line_1_96' title="bbox 1703 4128 2506 4202; baseline -0.004 -14"><span class='ocrx_word' id='word_1_565' title='bbox 1703 4132 1835 4201; x_wconf 88' lang='lat' dir='ltr'><strong>Cum</strong></span> <span class='ocrx_word' id='word_1_566' title='bbox 1864 4140 2043 4185; x_wconf 88' lang='lat' dir='ltr'><strong>mente</strong></span> <span class='ocrx_word' id='word_1_567' title='bbox 2071 4140 2246 4186; x_wconf 86' lang='lat' dir='ltr'><strong>tracto</strong></span> <span class='ocrx_word' id='word_1_568' title='bbox 2266 4128 2506 4202; x_wconf 79' lang='lat' dir='ltr'><strong>angelos,</strong></span> 
     </span>
    </p>
   </div>
   <div class='ocr_carea' id='block_1_97' title="bbox 1631 4208 2354 4293">
    <p class='ocr_par' dir='ltr' id='par_1_97' title="bbox 1631 4208 2354 4293">
     <span class='ocr_line' id='line_1_97' title="bbox 1631 4208 2354 4293; baseline 0.008 -18"><span class='ocrx_word' id='word_1_569' title='bbox 1631 4222 1929 4293; x_wconf 67' lang='lat' dir='ltr'><strong>Prophetas</strong></span> <span class='ocrx_word' id='word_1_570' title='bbox 1966 4230 2020 4275; x_wconf 91' lang='lat' dir='ltr'><strong>et</strong></span> <span class='ocrx_word' id='word_1_571' title='bbox 2060 4208 2354 4292; x_wconf 79' lang='lat' dir='ltr'><strong>apestol03,</strong></span> 
     </span>
    </p>
   </div>
   <div class='ocr_carea' id='block_1_98' title="bbox 1633 4312 2294 4381">
    <p class='ocr_par' dir='ltr' id='par_1_98' title="bbox 1633 4312 2294 4381">
     <span class='ocr_line' id='line_1_98' title="bbox 1633 4312 2294 4381; baseline 0.008 -18"><span class='ocrx_word' id='word_1_572' title='bbox 1633 4312 1964 4370; x_wconf 79' lang='lat' dir='ltr'><strong>Victoriosos</strong></span> <span class='ocrx_word' id='word_1_573' title='bbox 2006 4323 2294 4381; x_wconf 83' lang='lat' dir='ltr'><strong>martyres,</strong></span> 
     </span>
    </p>
   </div>
   <div class='ocr_carea' id='block_1_99' title="bbox 1632 4404 2352 4475">
    <p class='ocr_par' dir='ltr' id='par_1_99' title="bbox 1632 4404 2352 4475">
     <span class='ocr_line' id='line_1_99' title="bbox 1632 4404 2352 4475; baseline -0.001 -18"><span class='ocrx_word' id='word_1_574' title='bbox 1632 4404 1695 4457; x_wconf 82' lang='lat' dir='ltr'><strong>Et</strong></span> <span class='ocrx_word' id='word_1_575' title='bbox 1730 4405 2048 4474; x_wconf 85' lang='lat' dir='ltr'><strong>perpudicas</strong></span> <span class='ocrx_word' id='word_1_576' title='bbox 2073 4404 2310 4475; x_wconf 88' lang='lat' dir='ltr'><strong>virgines</strong></span> <span class='ocrx_word' id='word_1_577' title='bbox 2340 4421 2352 4456; x_wconf 92' lang='lat'><strong>:</strong></span> 
     </span>
    </p>
   </div>
   <div class='ocr_carea' id='block_1_100' title="bbox 1703 4499 2387 4569">
    <p class='ocr_par' dir='ltr' id='par_1_100' title="bbox 1703 4499 2387 4569">
     <span class='ocr_line' id='line_1_100' title="bbox 1703 4499 2387 4569; baseline -0.003 -16"><span class='ocrx_word' id='word_1_578' title='bbox 1703 4499 1889 4554; x_wconf 85' lang='lat' dir='ltr'><strong>Nullus</strong></span> <span class='ocrx_word' id='word_1_579' title='bbox 1918 4500 2047 4554; x_wconf 89' lang='lat' dir='ltr'><strong>mihi</strong></span> <span class='ocrx_word' id='word_1_580' title='bbox 2086 4500 2387 4569; x_wconf 90' lang='lat' dir='ltr'><strong>potentior,</strong></span> 
     </span>
    </p>
   </div>
   <div class='ocr_carea' id='block_1_101' title="bbox 1632 4590 2279 4652">
    <p class='ocr_par' dir='ltr' id='par_1_101' title="bbox 1632 4590 2279 4652">
     <span class='ocr_line' id='line_1_101' title="bbox 1632 4590 2279 4652; baseline 0 -9"><span class='ocrx_word' id='word_1_581' title='bbox 1632 4590 1821 4646; x_wconf 87' lang='lat' dir='ltr'><strong>Nullus</strong></span> <span class='ocrx_word' id='word_1_582' title='bbox 1860 4591 2279 4652; x_wconf 88' lang='lat' dir='ltr'><strong>misericordior,</strong></span> 
     </span>
    </p>
   </div>
   <div class='ocr_carea' id='block_1_102' title="bbox 1630 4682 2291 4753">
    <p class='ocr_par' dir='ltr' id='par_1_102' title="bbox 1630 4682 2291 4753">
     <span class='ocr_line' id='line_1_102' title="bbox 1630 4682 2291 4753; baseline 0.002 -19"><span class='ocrx_word' id='word_1_583' title='bbox 1630 4682 1849 4736; x_wconf 83' lang='lat' dir='ltr'><strong>Illorum</strong></span> <span class='ocrx_word' id='word_1_584' title='bbox 1881 4698 2015 4753; x_wconf 88' lang='lat' dir='ltr'><strong>pace</strong></span> <span class='ocrx_word' id='word_1_585' title='bbox 2036 4682 2291 4747; x_wconf 86' lang='lat' dir='ltr'><strong>dixerim,</strong></span> 
     </span>
    </p>
   </div>
   <div class='ocr_carea' id='block_1_103' title="bbox 1635 4773 2329 4830">
    <p class='ocr_par' dir='ltr' id='par_1_103' title="bbox 1635 4773 2329 4830">
     <span class='ocr_line' id='line_1_103' title="bbox 1635 4773 2329 4830; baseline -0.003 -1"><span class='ocrx_word' id='word_1_586' title='bbox 1635 4774 1861 4830; x_wconf 83' lang='lat' dir='ltr'><strong>Videtur</strong></span> <span class='ocrx_word' id='word_1_587' title='bbox 1888 4784 2062 4830; x_wconf 86' lang='lat' dir='ltr'><strong>matre</strong></span> <span class='ocrx_word' id='word_1_588' title='bbox 2098 4773 2329 4829; x_wconf 80' lang='lat' dir='ltr'><strong>Domini.</strong></span> 
     </span>
    </p>
   </div>
   <div class='ocr_carea' id='block_1_104' title="bbox 1708 4861 2506 4937">
    <p class='ocr_par' dir='ltr' id='par_1_104' title="bbox 1708 4861 2506 4937">
     <span class='ocr_line' id='line_1_104' title="bbox 1708 4861 2506 4937; baseline -0.001 -18"><span class='ocrx_word' id='word_1_589' title='bbox 1708 4865 2048 4937; x_wconf 83' lang='lat' dir='ltr'><strong>Quapropter</strong></span> <span class='ocrx_word' id='word_1_590' title='bbox 2071 4865 2210 4921; x_wconf 85' lang='lat' dir='ltr'><strong>hanc</strong></span> <span class='ocrx_word' id='word_1_591' title='bbox 2236 4861 2506 4934; x_wconf 60' lang='lat' dir='ltr'><strong>praecipue</strong></span> 
     </span>
    </p>
   </div>
   <div class='ocr_carea' id='block_1_105' title="bbox 1641 4954 2344 5027">
    <p class='ocr_par' dir='ltr' id='par_1_105' title="bbox 1641 4954 2344 5027">
     <span class='ocr_line' id='line_1_105' title="bbox 1641 4954 2344 5027; baseline 0.006 -16"><span class='ocrx_word' id='word_1_592' title='bbox 1641 4959 1929 5027; x_wconf 86' lang='lat' dir='ltr'><strong>Patronam</strong></span> <span class='ocrx_word' id='word_1_593' title='bbox 1964 4973 2138 5012; x_wconf 90' lang='lat' dir='ltr'><strong>meam</strong></span> <span class='ocrx_word' id='word_1_594' title='bbox 2165 4954 2344 5015; x_wconf 73' lang='lat' dir='ltr'><strong>facere</strong></span> 
     </span>
    </p>
   </div>
   <div class='ocr_carea' id='block_1_106' title="bbox 1645 5050 2139 5120">
    <p class='ocr_par' dir='ltr' id='par_1_106' title="bbox 1645 5050 2139 5120">
     <span class='ocr_line' id='line_1_106' title="bbox 1645 5050 2139 5120; baseline -0.006 -16"><span class='ocrx_word' id='word_1_595' title='bbox 1645 5051 1787 5104; x_wconf 72' lang='lat' dir='ltr'><strong>Nihil</strong></span> <span class='ocrx_word' id='word_1_596' title='bbox 1817 5050 2139 5120; x_wconf 80' lang='lat' dir='ltr'><strong>religiosius,</strong></span> 
     </span>
    </p>
   </div>
   <div class='ocr_carea' id='block_1_107' title="bbox 1643 5139 2253 5219">
    <p class='ocr_par' dir='ltr' id='par_1_107' title="bbox 1643 5139 2253 5219">
     <span class='ocr_line' id='line_1_107' title="bbox 1643 5139 2253 5219; baseline 0 -25"><span class='ocrx_word' id='word_1_597' title='bbox 1643 5142 1939 5219; x_wconf 34' lang='lat' dir='ltr'><strong>Nihiliputo</strong></span> <span class='ocrx_word' id='word_1_598' title='bbox 1958 5139 2253 5207; x_wconf 69' lang='lat' dir='ltr'><strong>salubrius.</strong></span> 
     </span>
    </p>
   </div>
   <div class='ocr_carea' id='block_1_108' title="bbox 1807 5248 2483 5319">
    <p class='ocr_par' dir='ltr' id='par_1_108' title="bbox 1807 5248 2483 5319">
     <span class='ocr_line' id='line_1_108' title="bbox 1807 5248 2483 5319; baseline 0 -12"><span class='ocrx_word' id='word_1_599' title='bbox 1807 5249 2039 5308; x_wconf 71' lang='lat' dir='ltr'><strong>vanus</strong></span> <span class='ocrx_word' id='word_1_600' title='bbox 2080 5248 2483 5319; x_wconf 82' lang='lat' dir='ltr'><strong>LEC‘I‘IONES,</strong></span> 
     </span>
    </p>
   </div>
   <div class='ocr_carea' id='block_1_109' title="bbox 2812 3226 3468 3300">
    <p class='ocr_par' dir='ltr' id='par_1_109' title="bbox 2812 3226 3468 3300">
     <span class='ocr_line' id='line_1_109' title="bbox 2812 3226 3468 3300; baseline 0.008 -21"><span class='ocrx_word' id='word_1_601' title='bbox 2812 3226 2950 3300; x_wconf 86' lang='lat' dir='ltr'><strong>Ergo</strong></span> <span class='ocrx_word' id='word_1_602' title='bbox 2985 3238 3159 3284; x_wconf 89' lang='lat' dir='ltr'><strong>mater</strong></span> <span class='ocrx_word' id='word_1_603' title='bbox 3191 3230 3468 3296; x_wconf 83' lang='lat' dir='ltr'><strong>mellillua,</strong></span> 
     </span>
    </p>
   </div>
   <div class='ocr_carea' id='block_1_110' title="bbox 2742 3320 3393 3393">
    <p class='ocr_par' dir='ltr' id='par_1_110' title="bbox 2742 3320 3393 3393">
     <span class='ocr_line' id='line_1_110' title="bbox 2742 3320 3393 3393; baseline 0.002 -19"><span class='ocrx_word' id='word_1_604' title='bbox 2742 3320 2807 3374; x_wconf 88' lang='lat' dir='ltr'><strong>Et</strong></span> <span class='ocrx_word' id='word_1_605' title='bbox 2835 3323 2985 3392; x_wconf 88' lang='lat' dir='ltr'><strong>virgo</strong></span> <span class='ocrx_word' id='word_1_606' title='bbox 3021 3321 3393 3393; x_wconf 87' lang='lat' dir='ltr'><strong>pudicissima,</strong></span> 
     </span>
    </p>
   </div>
   <div class='ocr_carea' id='block_1_111' title="bbox 2743 3396 3554 3482">
    <p class='ocr_par' dir='ltr' id='par_1_111' title="bbox 2743 3396 3554 3482">
     <span class='ocr_line' id='line_1_111' title="bbox 2743 3396 3554 3482; baseline 0.004 -18"><span class='ocrx_word' id='word_1_607' title='bbox 2743 3411 2892 3467; x_wconf 83' lang='lat' dir='ltr'><strong>Nunc</strong></span> <span class='ocrx_word' id='word_1_608' title='bbox 2932 3414 2983 3467; x_wconf 90' lang='lat' dir='ltr'><strong>in</strong></span> <span class='ocrx_word' id='word_1_609' title='bbox 3025 3396 3275 3482; x_wconf 67' lang='lat' dir='ltr'><strong>prasenii</strong></span> <span class='ocrx_word' id='word_1_610' title='bbox 3302 3413 3554 3467; x_wconf 86' lang='lat' dir='ltr'><strong>sentiam.</strong></span> 
     </span>
    </p>
   </div>
   <div class='ocr_carea' id='block_1_112' title="bbox 2739 3484 3579 3566">
    <p class='ocr_par' dir='ltr' id='par_1_112' title="bbox 2739 3484 3579 3566">
     <span class='ocr_line' id='line_1_112' title="bbox 2739 3484 3579 3566; baseline 0.005 -14"><span class='ocrx_word' id='word_1_611' title='bbox 2739 3502 2911 3566; x_wconf 82' lang='lat' dir='ltr'><strong>Quam</strong></span> <span class='ocrx_word' id='word_1_612' title='bbox 2942 3504 3007 3557; x_wconf 86' lang='lat' dir='ltr'><strong>de</strong></span> <span class='ocrx_word' id='word_1_613' title='bbox 3048 3513 3100 3557; x_wconf 87' lang='lat' dir='ltr'><strong>te</strong></span> <span class='ocrx_word' id='word_1_614' title='bbox 3124 3505 3194 3559; x_wconf 91' lang='lat' dir='ltr'><strong>do</strong></span> <span class='ocrx_word' id='word_1_615' title='bbox 3232 3484 3579 3559; x_wconf 67' lang='lat' dir='ltr'><strong>sententiam.</strong></span> 
     </span>
    </p>
   </div>
   <div class='ocr_carea' id='block_1_113' title="bbox 2812 3590 3484 3664">
    <p class='ocr_par' dir='ltr' id='par_1_113' title="bbox 2812 3590 3484 3664">
     <span class='ocr_line' id='line_1_113' title="bbox 2812 3590 3484 3664; baseline 0.004 -20"><span class='ocrx_word' id='word_1_616' title='bbox 2812 3590 2911 3645; x_wconf 84' lang='lat' dir='ltr'><strong>Mei</strong></span> <span class='ocrx_word' id='word_1_617' title='bbox 2938 3594 3217 3661; x_wconf 87' lang='lat' dir='ltr'><strong>querelam</strong></span> <span class='ocrx_word' id='word_1_618' title='bbox 3255 3594 3484 3664; x_wconf 89' lang='lat' dir='ltr'><strong>gemitus</strong></span> 
     </span>
    </p>
   </div>
   <div class='ocr_carea' id='block_1_114' title="bbox 2737 3685 3404 3757">
    <p class='ocr_par' dir='ltr' id='par_1_114' title="bbox 2737 3685 3404 3757">
     <span class='ocr_line' id='line_1_114' title="bbox 2737 3685 3404 3757; baseline 0.003 -19"><span class='ocrx_word' id='word_1_619' title='bbox 2737 3685 2855 3739; x_wconf 84' lang='lat' dir='ltr'><strong>Tibi</strong></span> <span class='ocrx_word' id='word_1_620' title='bbox 2885 3688 3099 3755; x_wconf 91' lang='lat' dir='ltr'><strong>impono</strong></span> <span class='ocrx_word' id='word_1_621' title='bbox 3132 3687 3404 3757; x_wconf 87' lang='lat' dir='ltr'><strong>primitus,</strong></span> 
     </span>
    </p>
   </div>
   <div class='ocr_carea' id='block_1_115' title="bbox 2738 3773 3613 3843">
    <p class='ocr_par' dir='ltr' id='par_1_115' title="bbox 2738 3773 3613 3843">
     <span class='ocr_line' id='line_1_115' title="bbox 2738 3773 3613 3843; baseline 0.005 -19"><span class='ocrx_word' id='word_1_622' title='bbox 2738 3774 2909 3839; x_wconf 81' lang='lat' dir='ltr'><strong>Quam</strong></span> <span class='ocrx_word' id='word_1_623' title='bbox 2936 3773 3180 3843; x_wconf 79' lang='lat' dir='ltr'><strong>perferas</strong></span> <span class='ocrx_word' id='word_1_624' title='bbox 3204 3775 3270 3828; x_wconf 89' lang='lat' dir='ltr'><strong>ad</strong></span> <span class='ocrx_word' id='word_1_625' title='bbox 3303 3776 3613 3838; x_wconf 84' lang='lat' dir='ltr'><strong>Dominum,</strong></span> 
     </span>
    </p>
   </div>
   <div class='ocr_carea' id='block_1_116' title="bbox 2743 3844 3425 3917">
    <p class='ocr_par' dir='ltr' id='par_1_116' title="bbox 2743 3844 3425 3917">
     <span class='ocr_line' id='line_1_116' title="bbox 2743 3844 3425 3917; baseline -0.003 -2"><span class='ocrx_word' id='word_1_626' title='bbox 2743 3844 2807 3916; x_wconf 74' lang='lat' dir='ltr'><strong>Ei</strong></span> <span class='ocrx_word' id='word_1_627' title='bbox 2841 3873 2987 3917; x_wconf 89' lang='lat' dir='ltr'><strong>tuum</strong></span> <span class='ocrx_word' id='word_1_628' title='bbox 3013 3876 3204 3917; x_wconf 87' lang='lat' dir='ltr'><strong>verum</strong></span> <span class='ocrx_word' id='word_1_629' title='bbox 3236 3862 3425 3915; x_wconf 87' lang='lat' dir='ltr'><strong>tilium.</strong></span> 
     </span>
    </p>
   </div>
   <div class='ocr_carea' id='block_1_117' title="bbox 2738 3953 3396 4018">
    <p class='ocr_par' dir='ltr' id='par_1_117' title="bbox 2738 3953 3396 4018">
     <span class='ocr_line' id='line_1_117' title="bbox 2738 3953 3396 4018; baseline -0.002 -9"><span class='ocrx_word' id='word_1_630' title='bbox 2738 4000 2741 4009; x_wconf 48' lang='grc' dir='ltr'><strong>ι</strong></span> <span class='ocrx_word' id='word_1_631' title='bbox 2813 3953 2980 4011; x_wconf 81' lang='lat' dir='ltr'><strong>Maria</strong></span> <span class='ocrx_word' id='word_1_632' title='bbox 3017 3953 3105 4008; x_wconf 80' lang='lat' dir='ltr'><strong>lux</strong></span> <span class='ocrx_word' id='word_1_633' title='bbox 3137 3955 3396 4018; x_wconf 68' lang='lat' dir='ltr'><strong>mtherea,</strong></span> 
     </span>
    </p>
   </div>
   <div class='ocr_carea' id='block_1_118' title="bbox 2744 4041 3468 4113">
    <p class='ocr_par' dir='ltr' id='par_1_118' title="bbox 2744 4041 3468 4113">
     <span class='ocr_line' id='line_1_118' title="bbox 2744 4041 3468 4113; baseline 0 -16"><span class='ocrx_word' id='word_1_634' title='bbox 2744 4043 2809 4098; x_wconf 91' lang='lat' dir='ltr'><strong>Ut</strong></span> <span class='ocrx_word' id='word_1_635' title='bbox 2839 4057 2990 4098; x_wconf 86' lang='lat' dir='ltr'><strong>meas</strong></span> <span class='ocrx_word' id='word_1_636' title='bbox 3020 4054 3207 4113; x_wconf 80' lang='lat' dir='ltr'><strong>preces</strong></span> <span class='ocrx_word' id='word_1_637' title='bbox 3236 4041 3468 4104; x_wconf 76' lang='lat' dir='ltr'><strong>deferas,</strong></span> 
     </span>
    </p>
   </div>
   <div class='ocr_carea' id='block_1_119' title="bbox 2739 4133 3336 4202">
    <p class='ocr_par' dir='ltr' id='par_1_119' title="bbox 2739 4133 3336 4202">
     <span class='ocr_line' id='line_1_119' title="bbox 2739 4133 3336 4202; baseline -0.008 -12"><span class='ocrx_word' id='word_1_638' title='bbox 2739 4135 2839 4190; x_wconf 80' lang='lat' dir='ltr'><strong>Tui</strong></span> <span class='ocrx_word' id='word_1_639' title='bbox 2867 4142 3069 4190; x_wconf 87' lang='lat' dir='ltr'><strong>stratus</strong></span> <span class='ocrx_word' id='word_1_640' title='bbox 3091 4133 3336 4202; x_wconf 82' lang='lat' dir='ltr'><strong>vestigiis</strong></span> 
     </span>
    </p>
   </div>
   <div class='ocr_carea' id='block_1_120' title="bbox 2738 4224 3459 4295">
    <p class='ocr_par' dir='ltr' id='par_1_120' title="bbox 2738 4224 3459 4295">
     <span class='ocr_line' id='line_1_120' title="bbox 2738 4224 3459 4295; baseline -0.007 -13"><span class='ocrx_word' id='word_1_641' title='bbox 2738 4227 2920 4285; x_wconf 80' lang='lat' dir='ltr'><strong>Mente</strong></span> <span class='ocrx_word' id='word_1_642' title='bbox 2952 4226 3182 4295; x_wconf 71' lang='lat' dir='ltr'><strong>deposco</strong></span> <span class='ocrx_word' id='word_1_643' title='bbox 3212 4224 3459 4293; x_wconf 81' lang='lat' dir='ltr'><strong>supplici.</strong></span> 
     </span>
    </p>
   </div>
   <div class='ocr_carea' id='block_1_121' title="bbox 2809 4314 3533 4389">
    <p class='ocr_par' dir='ltr' id='par_1_121' title="bbox 2809 4314 3533 4389">
     <span class='ocr_line' id='line_1_121' title="bbox 2809 4314 3533 4389; baseline -0.007 -15"><span class='ocrx_word' id='word_1_644' title='bbox 2809 4318 3273 4389; x_wconf 83' lang='lat' dir='ltr'><strong>Computruerunt</strong></span> <span class='ocrx_word' id='word_1_645' title='bbox 3296 4314 3533 4386; x_wconf 75' lang='lat' dir='ltr'><strong>pristina</strong></span> 
     </span>
    </p>
   </div>
   <div class='ocr_carea' id='block_1_122' title="bbox 2742 4406 3398 4476">
    <p class='ocr_par' dir='ltr' id='par_1_122' title="bbox 2742 4406 3398 4476">
     <span class='ocr_line' id='line_1_122' title="bbox 2742 4406 3398 4476; baseline -0.003 -16"><span class='ocrx_word' id='word_1_646' title='bbox 2742 4407 3093 4463; x_wconf 73' lang='lat' dir='ltr'><strong>Pect-atorum</strong></span> <span class='ocrx_word' id='word_1_647' title='bbox 3129 4406 3398 4476; x_wconf 83' lang='lat' dir='ltr'><strong>contagia,</strong></span> 
     </span>
    </p>
   </div>
   <div class='ocr_carea' id='block_1_123' title="bbox 2741 4500 3494 4571">
    <p class='ocr_par' dir='ltr' id='par_1_123' title="bbox 2741 4500 3494 4571">
     <span class='ocr_line' id='line_1_123' title="bbox 2741 4500 3494 4571; baseline -0.005 -14"><span class='ocrx_word' id='word_1_648' title='bbox 2741 4501 2846 4557; x_wconf 79' lang='lat' dir='ltr'><strong>Sed</strong></span> <span class='ocrx_word' id='word_1_649' title='bbox 2881 4500 3097 4571; x_wconf 87' lang='lat' dir='ltr'><strong>sapiens</strong></span> <span class='ocrx_word' id='word_1_650' title='bbox 3116 4509 3200 4556; x_wconf 88' lang='lat' dir='ltr'><strong>est</strong></span> <span class='ocrx_word' id='word_1_651' title='bbox 3226 4500 3494 4561; x_wconf 87' lang='lat' dir='ltr'><strong>medicus;</strong></span> 
     </span>
    </p>
   </div>
   <div class='ocr_carea' id='block_1_124' title="bbox 2740 4591 3512 4663">
    <p class='ocr_par' dir='ltr' id='par_1_124' title="bbox 2740 4591 3512 4663">
     <span class='ocr_line' id='line_1_124' title="bbox 2740 4591 3512 4663; baseline -0.014 -12"><span class='ocrx_word' id='word_1_652' title='bbox 2740 4596 3096 4663; x_wconf 84' lang='lat' dir='ltr'><strong>Omnipotens</strong></span> <span class='ocrx_word' id='word_1_653' title='bbox 3125 4600 3206 4647; x_wconf 89' lang='lat' dir='ltr'><strong>est</strong></span> <span class='ocrx_word' id='word_1_654' title='bbox 3233 4591 3512 4645; x_wconf 86' lang='lat' dir='ltr'><strong>Dominus.</strong></span> 
     </span>
    </p>
   </div>
   <div class='ocr_carea' id='block_1_125' title="bbox 2808 4679 3483 4744">
    <p class='ocr_par' dir='ltr' id='par_1_125' title="bbox 2808 4679 3483 4744">
     <span class='ocr_line' id='line_1_125' title="bbox 2808 4679 3483 4744; baseline -0.006 -5"><span class='ocrx_word' id='word_1_655' title='bbox 2808 4686 2885 4739; x_wconf 90' lang='lat' dir='ltr'><strong>De</strong></span> <span class='ocrx_word' id='word_1_656' title='bbox 2912 4683 3048 4736; x_wconf 89' lang='lat' dir='ltr'><strong>mala</strong></span> <span class='ocrx_word' id='word_1_657' title='bbox 3066 4679 3483 4744; x_wconf 87' lang='lat' dir='ltr'><strong>consuetudine,</strong></span> 
     </span>
    </p>
   </div>
   <div class='ocr_carea' id='block_1_126' title="bbox 2740 4766 3404 4832">
    <p class='ocr_par' dir='ltr' id='par_1_126' title="bbox 2740 4766 3404 4832">
     <span class='ocr_line' id='line_1_126' title="bbox 2740 4766 3404 4832; baseline -0.005 -6"><span class='ocrx_word' id='word_1_658' title='bbox 2740 4770 2839 4828; x_wconf 81' lang='lat' dir='ltr'><strong>Est</strong></span> <span class='ocrx_word' id='word_1_659' title='bbox 2859 4768 3049 4825; x_wconf 74' lang='lat' dir='ltr'><strong>elcax</strong></span> <span class='ocrx_word' id='word_1_660' title='bbox 3078 4782 3165 4823; x_wconf 88' lang='lat' dir='ltr'><strong>me</strong></span> <span class='ocrx_word' id='word_1_661' title='bbox 3180 4766 3404 4832; x_wconf 76' lang='lat' dir='ltr'><strong>tollere,</strong></span> 
     </span>
    </p>
   </div>
   <div class='ocr_carea' id='block_1_127' title="bbox 2742 4860 3465 4929">
    <p class='ocr_par' dir='ltr' id='par_1_127' title="bbox 2742 4860 3465 4929">
     <span class='ocr_line' id='line_1_127' title="bbox 2742 4860 3465 4929; baseline 0 -13"><span class='ocrx_word' id='word_1_662' title='bbox 2742 4860 2844 4929; x_wconf 79' lang='lat' dir='ltr'><strong>Qui</strong></span> <span class='ocrx_word' id='word_1_663' title='bbox 2891 4860 3173 4927; x_wconf 79' lang='lat' dir='ltr'><strong>suscitavit</strong></span> <span class='ocrx_word' id='word_1_664' title='bbox 3198 4860 3465 4916; x_wconf 79' lang='lat' dir='ltr'><strong>Lazarum</strong></span> 
     </span>
    </p>
   </div>
   <div class='ocr_carea' id='block_1_128' title="bbox 2745 4955 3515 5023">
    <p class='ocr_par' dir='ltr' id='par_1_128' title="bbox 2745 4955 3515 5023">
     <span class='ocr_line' id='line_1_128' title="bbox 2745 4955 3515 5023; baseline -0.008 -13"><span class='ocrx_word' id='word_1_665' title='bbox 2745 4955 3179 5023; x_wconf 73' lang='lat' dir='ltr'><strong>Quatridua‘num</strong></span> <span class='ocrx_word' id='word_1_666' title='bbox 3217 4960 3515 5009; x_wconf 81' lang='lat' dir='ltr'><strong>mortuum.</strong></span> 
     </span>
    </p>
   </div>
   <div class='ocr_carea' id='block_1_129' title="bbox 2825 5040 3710 5113">
    <p class='ocr_par' dir='ltr' id='par_1_129' title="bbox 2825 5040 3710 5113">
     <span class='ocr_line' id='line_1_129' title="bbox 2825 5040 3710 5113; baseline -0.007 -14"><span class='ocrx_word' id='word_1_667' title='bbox 2825 5044 2953 5099; x_wconf 85' lang='lat' dir='ltr'><strong>Post</strong></span> <span class='ocrx_word' id='word_1_668' title='bbox 2981 5045 3187 5113; x_wconf 81' lang='lat' dir='ltr'><strong>iapsum</strong></span> <span class='ocrx_word' id='word_1_669' title='bbox 3219 5041 3434 5097; x_wconf 86' lang='lat' dir='ltr'><strong>Petrum</strong></span> <span class='ocrx_word' id='word_1_670' title='bbox 3469 5040 3710 5109; x_wconf 86' lang='lat' dir='ltr'><strong>respicit,</strong></span> 
     </span>
    </p>
   </div>
   <div class='ocr_carea' id='block_1_130' title="bbox 2758 5120 3499 5209">
    <p class='ocr_par' dir='ltr' id='par_1_130' title="bbox 2758 5120 3499 5209">
     <span class='ocr_line' id='line_1_130' title="bbox 2758 5120 3499 5209; baseline -0.016 -15"><span class='ocrx_word' id='word_1_671' title='bbox 2758 5140 2823 5194; x_wconf 87' lang='lat' dir='ltr'><strong>Et</strong></span> <span class='ocrx_word' id='word_1_672' title='bbox 2855 5152 3049 5209; x_wconf 87' lang='lat' dir='ltr'><strong>magno</strong></span> <span class='ocrx_word' id='word_1_673' title='bbox 3084 5135 3207 5190; x_wconf 79' lang='lat' dir='ltr'><strong>ﬂetu</strong></span> <span class='ocrx_word' id='word_1_674' title='bbox 3238 5120 3499 5196; x_wconf 73' lang='lat' dir='ltr'><strong>concutit,</strong></span> 
     </span>
    </p>
   </div>
   <div class='ocr_carea' id='block_1_131' title="bbox 606 5348 3784 5438">
    <p class='ocr_par' dir='ltr' id='par_1_131' title="bbox 606 5348 3784 5438">
     <span class='ocr_line' id='line_1_131' title="bbox 606 5348 3784 5438; baseline -0.002 -22"><span class='ocrx_word' id='word_1_675' title='bbox 606 5364 963 5438; x_wconf 18' lang='lat'><strong>‘13‘71&#39;11711&#39;53.</strong></span> <span class='ocrx_word' id='word_1_676' title='bbox 999 5368 1113 5422; x_wconf 84' lang='lat' dir='ltr'><strong>IGO.</strong></span> <span class='ocrx_word' id='word_1_677' title='bbox 1158 5368 1287 5423; x_wconf 75' lang='lat' dir='ltr'><strong>l’irt.</strong></span> <span class='ocrx_word' id='word_1_678' title='bbox 1322 5369 1441 5424; x_wconf 73' lang='grc' dir='ltr'><strong>ΚΙιῖ</strong></span> <span class='ocrx_word' id='word_1_679' title='bbox 1489 5370 1567 5423; x_wconf 81' lang='grc'><strong>16.</strong></span> <span class='ocrx_word' id='word_1_680' title='bbox 1601 5368 1756 5438; x_wconf 65' lang='lat' dir='ltr'><strong>simu!</strong></span> <span class='ocrx_word' id='word_1_681' title='bbox 1788 5367 1994 5423; x_wconf 83' lang='lat' dir='ltr'><strong>collatis</strong></span> <span class='ocrx_word' id='word_1_682' title='bbox 2070 5368 2161 5399; x_wconf 81' lang='grc'><strong>¹⁷²²</strong></span> <span class='ocrx_word' id='word_1_683' title='bbox 2202 5366 2546 5437; x_wconf 75' lang='lat' dir='ltr'><strong>Munuscript.</strong></span> <span class='ocrx_word' id='word_1_684' title='bbox 2593 5348 2731 5420; x_wconf 70' lang='lat' dir='ltr'><strong>Viri.</strong></span> <span class='ocrx_word' id='word_1_685' title='bbox 2768 5367 2852 5438; x_wconf 8' lang='lat' dir='ltr'><strong>Ille;</strong></span> <span class='ocrx_word' id='word_1_686' title='bbox 2878 5374 3043 5438; x_wconf 78' lang='lat' dir='ltr'><strong>terret</strong></span> <span class='ocrx_word' id='word_1_687' title='bbox 3083 5361 3409 5438; x_wconf 71' lang='lat' dir='ltr'><strong>conscientia</strong></span> <span class='ocrx_word' id='word_1_688' title='bbox 3439 5360 3563 5429; x_wconf 89' lang='lat' dir='ltr'><strong>quia</strong></span> <span class='ocrx_word' id='word_1_689' title='bbox 3601 5357 3784 5438; x_wconf 59' lang='lat' dir='ltr'><strong>delicti</strong></span> 
     </span>
    </p>
   </div>
   <div class='ocr_carea' id='block_1_132' title="bbox 518 5426 2093 5496">
    <p class='ocr_par' dir='ltr' id='par_1_132' title="bbox 518 5428 2093 5496">
     <span class='ocr_line' id='line_1_132' title="bbox 518 5428 2093 5496; baseline 0.001 -6"><span class='ocrx_word' id='word_1_690' title='bbox 518 5437 884 5489; x_wconf 74' lang='lat' dir='ltr'><strong>conscientia.</strong></span> <span class='ocrx_word' id='word_1_691' title='bbox 922 5438 985 5493; x_wconf 82' lang='lat' dir='ltr'><strong>Ut</strong></span> <span class='ocrx_word' id='word_1_692' title='bbox 1018 5440 1205 5494; x_wconf 81' lang='lat' dir='ltr'><strong>addam</strong></span> <span class='ocrx_word' id='word_1_693' title='bbox 1232 5458 1324 5494; x_wconf 83' lang='lat' dir='ltr'><strong>ms.</strong></span> <span class='ocrx_word' id='word_1_694' title='bbox 1356 5442 1508 5495; x_wconf 70' lang='lat' dir='ltr'><strong>Cori).</strong></span> <span class='ocrx_word' id='word_1_695' title='bbox 1553 5457 1636 5496; x_wconf 88' lang='lat' dir='ltr'><strong>ntc</strong></span> <span class='ocrx_word' id='word_1_696' title='bbox 1687 5428 1854 5495; x_wconf 68' lang='lat' dir='ltr'><strong>terret</strong></span> <span class='ocrx_word' id='word_1_697' title='bbox 1902 5442 2093 5494; x_wconf 74' lang='lat' dir='ltr'><strong>l&#39;OHSCit</strong></span> 
     </span>
    </p>
   </div>
   <div class='ocr_carea' id='block_1_133' title="bbox 2194 5426 3778 5496">
    <p class='ocr_par' dir='ltr' id='par_1_133' title="bbox 2194 5426 3778 5493">
     <span class='ocr_line' id='line_1_133' title="bbox 2194 5426 3778 5493; baseline -0.008 -1"><span class='ocrx_word' id='word_1_698' title='bbox 2194 5455 2249 5493; x_wconf 21' lang='lat' dir='ltr'><strong>ia.</strong></span> <span class='ocrx_word' id='word_1_699' title='bbox 2304 5437 2371 5493; x_wconf 90' lang='lat' dir='ltr'><strong>Ut</strong></span> <span class='ocrx_word' id='word_1_700' title='bbox 2418 5426 2608 5493; x_wconf 82' lang='lat' dir='ltr'><strong>addant</strong></span> <span class='ocrx_word' id='word_1_701' title='bbox 2689 5436 3115 5493; x_wconf 59' lang='lat' dir='ltr'><strong>&quot;33.315.Cis!cr.</strong></span> <span class='ocrx_word' id='word_1_702' title='bbox 3166 5434 3317 5487; x_wconf 72' lang='lat' dir='ltr'><strong>Sicut</strong></span> <span class='ocrx_word' id='word_1_703' title='bbox 3359 5426 3477 5485; x_wconf 83' lang='lat' dir='ltr'><strong>eam</strong></span> <span class='ocrx_word' id='word_1_704' title='bbox 3500 5446 3596 5482; x_wconf 81' lang='grc' dir='ltr'><strong>ηις.</strong></span> <span class='ocrx_word' id='word_1_705' title='bbox 3643 5426 3778 5479; x_wconf 71' lang='lat' dir='ltr'><strong>Vict.</strong></span> 
     </span>
    </p>
   </div>
   <div class='ocr_carea' id='block_1_134' title="bbox 534 5506 821 5561">
    <p class='ocr_par' dir='ltr' id='par_1_134' title="bbox 534 5506 821 5561">
     <span class='ocr_line' id='line_1_134' title="bbox 534 5506 821 5561; baseline -0.007 0"><span class='ocrx_word' id='word_1_706' title='bbox 534 5510 673 5561; x_wconf 81' lang='lat' dir='ltr'><strong>sicut</strong></span> <span class='ocrx_word' id='word_1_707' title='bbox 692 5506 821 5559; x_wconf 73' lang='lat' dir='ltr'><strong>Cain</strong></span> 
     </span>
    </p>
   </div>
  </div>
