4200 6188
537 175 641 239 967
853 187 911 245 S.
951 190 1253 248 ANSELMI
1294 189 1642 249 CANTUAll.
1676 186 1991 246 Αιιοηιῑι).
2035 188 2125 244 0P

2175 227 2191 243 .
2224 185 2402 269 PARS
2440 188 2484 241 ll
2534 218 2597 225 --
2628 182 2997 239 ΡΛΙΚᾹΖΝΕΤ.
3040 184 3128 244 ΕΤ
3159 184 3401 241 ASCET.

512 294 646 353 [Nec
667 296 977 359 Chananzeze
1005 308 1253 374 pret-ibus

538 388 740 445 Abnuit
762 391 849 447 ltic
889 396 1172 464 propitius.

612 476 773 533 θατὶά
814 489 933 547 post
961 488 1066 534 tatu
1101 482 1352 535 immania

460 614 468 623 .
540 567 792 626 Poenituit
812 571 1005 643 ﬂagitia
1021 612 1035 634 ,

471 706 477 715 .
542 660 606 717 Et
636 670 755 733 post
780 660 984 717 latttlat'i
1017 664 1213 719 meruit.

543 749 651 809 Ore
676 752 841 823 ipsius
870 752 1100 808 Domitii.

613 842 761 901 Unde
789 831 1011 900 securus
1042 846 1268 909 credidi,

541 940 581 991 Λ
616 949 955 1006 peccatorum
990 921 1249 992 vinculis;

544 1026 627 1081 Me
652 1028 761 1082 cito
794 1044 950 1097 posse
989 1027 1124 1091 erui,

545 1124 603 1179 Si
636 1133 689 1177 tu
726 1134 932 1178 tantum
964 1124 1205 1191 petieris.

614 1210 781 1266 Mater
807 1209 1207 1273 tniscricurdize,

544 1301 635 1354 Sic
666 1298 916 1355 affectum
950 1308 1294 1351 contemnere

545 1386 726 1453 Vales,
750 1403 869 1457 qua:
902 1388 1061 1441 recns
1081 1385 1289 1471 iptpios,

545 1478 614 1533 Et
632 1491 738 1530 non
766 1474 975 1545 spernis
1002 1469 1321 1526 incredulos.

617 1563 755 1631 Quid
785 1548 836 1617 iu
876 1560 1037 1616 Maria
1073 1557 1323 1630 gesseris,

542 1656 690 1711 Illam
716 1656 835 1709 dico
868 1652 1192 1725 Egyptiam,

547 1748 773 1801 Prorsus
797 1728 947 1799 novit
972 1741 1239 1806 Ecclesia;

547 1841 614 1895 Et
631 1839 863 1895 exsultat
889 1839 941 1893 in
973 1837 1169 1908 gratia.

619 1925 950 1997 TheOphilus
981 1922 1193 1979 diabolo

550 2017 659 2071 Suo
688 2019 844 2072 datus
872 2014 1255 2084 chirographo,
1290 2050 1296 2071 ι

549 2106 712 2173 Quasi
739 2121 767 2159 a
795 2105 955 2158 fundo
983 2102 1238 2165 barathri,

480 2194 485 2199 ’
550 2193 651 2251 Per
679 2204 730 2248 te
771 2190 953 2247 reduci
981 2191 1169 2259 potuit.

622 2280 723 2336 Sed
755 2279 874 2349 quis
897 2279 1072 2332 verbis
1095 2272 1574 2345 comprendere"m

550 2370 645 2425 Vel
675 2372 939 2439 scriptura
965 2368 1221 2435 dirigere,

548 2459 795 2526 Quotidie
822 2474 956 2527 quos
990 2457 1212 2521 liberas,

534 2538 615 2604 {Et
638 2552 745 2604 Deo
767 2549 1081 2604 reconcilias
1108 2546 1130 2599 τ

1632 305 1748 359 Jam
1772 305 2043 376 deputari,
2070 305 2307 360 domina.

1701 395 1833 451 Nam
1867 393 2160 462 Scriptum
2179 394 2486 457 auctoritas,

1634 486 1700 543 Et
1727 500 1883 542 sacra
1904 481 2101 542 clamat
2123 486 2327 544 veritas

1633 584 1841 653 Corpus
1872 583 2108 653 peccatis
2133 581 2421 646 subditum,

1635 673 1891 728 Sanctum
1916 674 2068 731 odire
2097 676 2369 745 spiritum,

1704 762 1879 816 Furor
1910 771 1960 816 et
2000 754 2298 836 indignatio

1635 853 1830 910 Procul
1858 855 1990 911 flant
2018 856 2088 911 ab
2116 842 2298 911 animo

1636 946 1806 1013 Quem
1830 944 2009 1001 tutelae
2036 944 2389 1000 sanctissimae
2438 1006 2441 1011 ἱ

1637 1036 2025 1117 Ρτειειειείιιηδ
2048 1036 2405 1091 committere.

1710 1126 1823 1181 Non
1853 1125 2031 1181 odimn
2067 1133 2352 1193 exasperet

1637 1218 1901 1273 lactantia
1930 1230 2035 1270 non
2067 1215 2255 1278 elevet,

1641 1311 1798 1364 Livor
1818 1310 1952 1365 edax
1983 1322 2088 1362 non
2119 1319 2296 1370 acuat,

1640 1398 1747 1455 Sed
1774 1414 1876 1467 pax
1906 1414 2031 1452 rcta
2062 1397 2350 1467 possideat.

1710 1489 1984 1552 Mundam,
2016 1488 2063 1544 si
2089 1487 2223 1544 ridet
2255 1487 2455 1557 fugiam
2489 1503 2502 1548 ;

1646 1584 1746 1638 Ant
1767 1583 1811 1637 si
1840 1584 2011 1645 saevit,
2042 1580 2326 1638 irrideant:

1640 1669 1775 1738 Quia
1805 1670 1894 1740 qui
1922 1670 2070 1723 illum
2101 1668 2295 1739 diligit,
2346 1728 2356 1737 ,

1641 1744 1856 1816 Christo
1895 1769 2143 1815 constare
2172 1758 2386 1814 desinit.

1716 1850 1823 1906 Sed
1870 1850 2109 1906 studiosa
2135 1849 2317 1916 lectio,

1647 1941 1713 1995 Et
1740 1948 2057 2008 compuncta
2092 1939 2287 2003 oratio,

1646 2030 2041 2083 lncumbenter‘n
2066 2028 2318 2081 exsatiet.

1646 2126 1706 2178 Et
1738 2125 2026 2189 ingerentem
2055 2122 2301 2177 inebriet.

1713 2212 1768 2266 In
1798 2221 1847 2265 te
1888 2211 2082 2265 mentis
2119 2210 2391 2275 intuitum,

1644 2302 1829 2357 Mortis
1858 2315 2063 2355 versent
2104 2301 2368 2362 aculeum,

1643 2393 1710 2446 Et
1734 2393 1777 2445 si
1811 2382 1960 2445 tanto
1983 2392 2070 2423 "3"
2104 2391 2425 2461 suspectior,

1644 2483 1853 2547 Quanto
1881 2488 2061 2536 manet
2084 2480 2343 2535 decultior
2360 2478 2473 2528 ³⁷³⁸.

1713 2571 1873 2642 287
1897 2569 1941 2625 Ο
1967 2569 2115 2636 Jesu,
2149 2569 2260 2622 Rex
2290 2568 2568 2632 altissime,

2805 302 2848 356 Ο
2875 317 2967 355 ros
2996 301 3262 355 malorum
3288 300 3495 364 incolae,

2732 394 2893 449 Cives
2914 409 3158 463 superna:
3181 396 3390 464 patriar,

2735 485 2834 552 Qui
2870 485 2977 539 Deo
3002 482 3096 515 ¹⁷³⁹
3124 484 3390 546 fruitnini,

2734 578 2898 633 Nobis
2934 587 2991 631 et
3018 576 3385 645 compatitnini
3426 576 3541 631 ’7“.

2806 665 3033 719 Michael
3062 664 3114 718 in
3144 654 3460 718 caelestibus

2652 786 2655 795 ι
2733 754 2833 821 Qui
2867 755 3154 824 pra-fulges
3176 754 3505 824 agminibus,

2658 868 2667 873 -
2734 845 2840 898 l‘ro
2866 846 3086 913 speciali
3114 846 3307 913 gloria.

2737 938 2900 994 Nobis
2929 939 3116 994 confer
3138 939 3350 993 solatia.

2806 1028 2991 1097 Angeli
3022 1044 3157 1098 quos
3178 1029 3459 1098 gravissim

2735 1120 2927 1175 Carnis
2960 1135 3064 1174 non
3103 1106 3299 1189 prcutit
3327 1104 3566 1185 sarcina,
3614 1132 3623 1145 '

2736 1202 2899 1264 (irate
2926 1224 3023 1277 pro
3044 1208 3370 1263 hominibus.

2739 1304 2851 1359 Sub
2877 1321 2941 1358 ea
2974 1303 3363 1358 laborantibus;

2806 1398 3043 1452 Joannes
3071 1378 3261 1449 ratum.
3280 1394 3538 1457 maxime,
3588 1416 3593 1417 ί

2741 1489 3060 1543 Precantum
3101 1486 3258 1561 verba
3281 1484 3497 1554 excipe;

2741 1575 2807 1629 Et
2829 1573 3210 1642 prophetarum
3245 1585 3525 1624 numerum

2739 1662 2818 1715 Ad
2844 1663 2943 1713 hoc
2971 1659 3151 1713 ascito.
3169 1659 3398 1713 socium.

2814 1751 2995 1815 Prtre,
3030 1751 3264 1820 piscator
3292 1748 3592 1810 hominum,

2744 1841 2806 1895 Et
2842 1839 3004 1893 Paule
3022 1840 3220 1901 doctor
3248 1837 3487 1907 gentium
3653 1837 3659 1840 ’

2645 1928 2655 1940 ’
2741 1930 2873 1983 Cum
2902 1928 3113 1981 caeteris
3134 1926 3394 1996 apostolis

2742 2018 3054 2087 Opejuvatc
3082 2018 3273 2075 celeri.

2813 2106 3081 2174 Stephano
3103 2122 3224 2160 cum
3246 2105 3557 2169 Laurentio,

2743 2196 2792 2249 Μ
2798 2211 2932 2265 agno
2953 2196 3158 2264 praelati
3185 2179 3395 2259 merito,

2743 2285 2874 2339 Cum
2901 2286 3064 2339 multa
3096 2286 3245 2339 turba
3272 2296 3587 2355 martyrum,

2742 2373 3145 2443 Magnumferte
3172 2376 3499 2444 przesidinm.

2816 2464 2919 2517 Vos
2944 2466 3276 2519 confessorcs
3300 2466 3546 2535 inclytus.

2748 2553 2862 2608 Vita
2889 2565 3087 2608 mterna
3116 2554 3368 2621 praeditus
3399 2555 3513 2616 '7“,

3660 187 3769 245 968

454 3332 463 3341 ,
549 3273 693 3326 Meas
722 3271 908 3325 sordes
940 3269 1143 3324 cluere.

622 2641 844 2709 llisjatn
870 2640 957 2693 diu
1000 2638 1363 2708 prmnmnitus,

551 2727 631 2781 Ad
660 2737 711 2782 te
732 2726 942 2796 confugi
966 2725 1236 2787 credulus,

548 2818 626 2875 Ne
661 2835 744 2875 me
770 2820 851 2888 pia
875 2818 1116 2887 abjicias,

548 2912 781 2983 Supplex
806 2926 901 2967 oro
939 2919 997 2964 ut
1028 2909 1370 2964 dill‘eras'm.

618 3004 927 3059 Devotionis
954 3003 1223 3072 lacrymas

543 3094 715 3165 Quam
749 3095 978 3163 primum
1012 3094 1140 3147 mihi
1185 3093 1431 3161 impetra,

549 3182 618 3237 Ut
638 3181 746 3235 sint
767 3180 896 3235 satis
916 3180 1127 3234 idonea:

617 3361 810 3429 Turpis
845 3358 1275 3428 concupiscentia

544 3451 752 3520 Corpus
772 3464 870 3505 nec
898 3458 1131 3503 mentem
1160 3447 1382 3517 polluat,

542 3546 675 3615 Qure
702 3554 789 3599 tua
820 3545 919 3600 sub
958 3544 1197 3599 custodia

956 3739 1210 3797 ORATIO
1245 3737 1379 3793 LXII
1419 3735 1513 3808 [οι.
1554 3733 1715 3802 LXI].

982 3848 1013 3885 Δ
1023 3848 1050 3885 ι)
1090 3844 1332 3884 ANGELUI
1370 3842 1665 3881 CUSTODEM.

612 3926 849 3983 Obsecro
876 3932 948 3987 te,
976 3921 1212 3991 angelice
1236 3917 1476 3986 spiritus,
1520 3916 1608 3969 cui
1667 3929 1766 3984 ego
1817 3914 1883 3965 ad
1930 3909 2106 3981 provi-

543 4018 775 4074 dendum
809 4012 1126 4069 commissus
1156 4027 1271 4064 sunt
1304 4027 1332 4064 a
1365 4011 1490 4071 Deo,
1532 4018 1588 4063 ut
1610 4006 1878 4062 custodias
1906 4018 1991 4056 me
2018 4003 2103 4056 in-

541 4108 849 4161 desinenter
875 4111 924 4153 et
950 4110 1218 4170 protegas,
1252 4100 1435 4154 visites
1463 4108 1518 4153 et
1543 4097 1796 4152 defendas
1827 4096 1931 4148 ab‘
1956 4093 2125 4151 omni

540 4199 757 4253 incursu
781 4193 974 4249 diaboli
996 4193 1304 4261 vigilantem
1334 4201 1388 4246 et
1419 4192 1789 4250 dormientem,
1831 4194 1985 4239 nocte
2037 4200 2102 4238 ac

541 4290 646 4352 die,
671 4289 819 4341 horis
840 4286 1103 4340 continuis
1128 4299 1191 4337 ac
1221 4284 1501 4337 momentis
1546 4281 1767 4335 conf0ve
1818 4294 1928 4341 me;
1986 4278 2102 4331 ubi-

540 4394 749 4446 cunque
778 4378 896 4430 ideo
918 4374 1176 4428 comitare
1205 4389 1434 4427 mecum.
1466 4372 1677 4442 Repello
1701 4387 1727 4423 a
1760 4384 1841 4423 me
1886 4384 2100 4422 omnem

543 4473 888 4526 teutatlouem
918 4465 1150 4526 Satana}.
1182 4473 1236 4518 et
1261 4464 1397 4531 quod
1425 4478 1539 4517 mea
1587 4480 1686 4514 nou
1724 4461 1945 4527 exigunt
1991 4472 2101 4510 mc-

542 4559 669 4620 rita,
703 4558 807 4610 tuis
842 4554 1089 4622 precibus
1115 4552 1295 4606 obtine
1348 4552 1486 4620 apud
1539 4548 2099 4603 tuisericordissinmm

536 4649 767 4719 judicem
789 4656 841 4700 et
866 4644 1142 4699 Dominum
1174 4652 1433 4705 nostrum,
1464 4642 1553 4709 qui
1583 4652 1632 4695 te
1682 4640 1811 4693 mihi
1870 4647 2097 4691 tutorem

542 4738 851 4806 assignavit,
878 4747 930 4788 et
962 4750 1043 4788 me
1074 4734 1164 4787 tibi
1195 4732 1605 4796 conmendavit,
1633 4740 1691 4783 ut
1745 4729 1872 4783 nihil
1923 4730 1973 4781 in
2015 4743 2100 4781 me

547 4827 641 4881 loci
676 4827 866 4881 habeat
888 4825 1172 4879 contrariae
1199 4824 1409 4880 virtutis
1436 4823 1703 4877 admistio.
1748 4821 1988 4888 Cumque
2017 4834 2099 4872 me

1580 2701 1583 2705 ν
1644 2665 1688 2719 Ο
1710 2666 1829 2719 fons
1855 2662 2253 2725 misericordite,

1645 2753 1839 2809 lloram
1867 2753 2055 2806 mortis
2078 2751 2393 2814 terribilem,

1643 2838 1747 2891 Pro
1767 2853 1860 2907 spe
1876 2838 2012 2891 bona
2042 2835 2127 2889 fac
2158 2834 2391 2889 facilem.

1713 2926 1913 2982 Secura
1943 2925 2276 2979 conscientia

1642 3019 1756 3073 Non
1782 3016 1855 3071 ibi
1884 3015 2109 3069 multum
2148 3014 2379 3082 trepidat

1641 3108 1775 3162 Nam
1805 3122 1900 3178 Spe
1916 3106 2054 3161 facta
2089 3105 2359 3159 robustior

1646 3198 1865 3251 Multum
1899 3194 2093 3248 transit
2120 3194 2474 3265 copstantior.

1714 3287 1828 3341 Non
1862 3286 2004 3340 aliud
2028 3285 2098 3339 sit
2123 3286 2393 3355 gaudium,

1645 3379 1743 3435 Vel
1771 3395 1946 3435 meum
1973 3379 2295 3434 desiderium

1642 3472 1815 3538 Quam
1844 3480 1902 3523 ut
1927 3470 2125 3525 exutus
2152 3483 2377 3537 corpore

1643 3561 1760 3615 Tibi
1790 3560 1989 3631 possim
2015 3554 2291 3615 assistere.

2740 2639 3086 2707 Netuaquam
3107 2638 3496 2699 obliviscitnur,

2743 2731 2846 2785 Sed
2872 2730 3067 2783 obnixe
3101 2728 3465 2796 deposcimus.
3628 2780 3635 2785 ο
3697 2736 3707 2764 ο

2814 2820 2879 2875 Ut
2903 2822 2992 2889 qui
3015 2835 3111 2887 per
3139 2818 3455 2887 temporalia

2738 2905 3032 2959 Transistis
3060 2914 3113 2957 ct
3138 2904 3371 2973 fragilia,

2740 2992 2929 3047 Adhuc
2952 3007 3049 3061 pro
3076 2990 3476 3044 decertantibus

2741 3077 2914 3130 Tanto
2952 3076 3162 3129 iustetis
3189 3074 3505 3143 promptius.

2810 3170 3010 3237 Agnes,
3034 3166 3215 3230 Tecla,
3249 3165 3461 3219 Ctecilia
3491 3164 3582 3195 am

2740 3256 2850 3312 Nec
2876 3272 2982 3310 non
3008 3264 3062 3309 et
3084 3254 3441 3321 Scholastica,

2744 3347 2810 3400 Et
2834 3352 3023 3400 omnes
3050 3354 3253 3398 sancta:
3286 3344 3539 3413 virgines.

2742 3433 2848 3489 Pro
2870 3433 3024 3489 nobis
3046 3442 3185 3486 state
3211 3432 3475 3501 supplices
3502 3429 3617 3482 ηδ’.

3518 3650 3531 3683 l

2130 3739 2181 3795 Α
2210 3741 2305 3794 per
2330 3709 2553 3793 abrupta
2584 3722 2835 3775 vitiorum
2866 3719 3083 3773 deviare
3110 3716 3469 3786 perspexeris,
3494 3730 3588 3783 per
3610 3716 3778 3769 semi-

2209 3826 2290 3869 tas
2315 3814 2536 3882 justitia:
2564 3813 2631 3866 ad
2662 3814 3069 3878 ltedemptorem
3101 3822 3276 3881 meum
3326 3806 3581 3861 reducere
3619 3813 3775 3883 sataf

2209 3923 2301 3976 gas
2332 3920 2437 3970 me,
2467 3904 2593 3975 etju
2630 3917 2945 3973 quacunque
2986 3900 3232 3968 angustia
3277 3914 3361 3951 me
3411 3912 3549 3966 perst
3566 3897 3773 3959 exeris,
3832 3894 3843 3905 '

2207 3997 2461 4049 auxilium
2516 3996 2605 4050 Dei
2638 3991 3017 4061 omnipotentis
3065 4000 3156 4043 tuo
3205 3987 3420 4041 obtentu
3468 4001 3630 4053 super
3685 4002 3775 4039 me

2204 4101 2325 4140 esse
2359 4085 2608 4139 sentiam.
2630 4082 2825 4136 Precor
2847 4096 2991 4150 ergo,
3022 4080 3065 4134 si
3094 4070 3431 4146 fieri'potest.
3478 4083 3537 4127 ut
3584 4084 3773 4128 notum

2208 4176 2338 4229 mihi
2376 4174 2542 4229 facias
2574 4173 2733 4227 finem
2770 4157 2968 4237 meum,
3023 4178 3227 4222 etcum
3287 4168 3351 4220 de
3392 4167 3492 4219 hoc
3547 4178 3776 4232 corpore

2204 4267 2428 4320 eductus
2457 4265 2626 4328 fuero,
2656 4264 3016 4318 noudituittas
3034 4259 3295 4326 malignos
3321 4257 3541 4327 spiritus
3568 4266 3775 4313 terrere

2214 4372 2320 4418 me,
2351 4368 2439 4408 aut
2468 4356 2714 4419 illudere,
2741 4368 2911 4422 neque
2941 4353 2992 4406 iu
3021 4352 3228 4405 foveam
3256 4347 3644 4420 desperationis
3682 4347 3773 4402 in-

2206 4446 2420 4499 ducere.
2463 4443 2647 4497 Etnou
2676 4442 3144 4511 mederelinquas,
3181 4440 3351 4494 donec
3393 4440 3657 4509 perducas
3703 4438 3776 4493 ad

2202 4537 2463 4591 .visioncm
2492 4530 2795 4590 Conditoris
2818 4535 2952 4599 mei,
2976 4534 3065 4588 ubi
3092 4532 3401 4603 perenniter
3440 4544 3562 4584 cum
3586 4529 3775 4582 omni-

2206 4626 2305 4680 bus
2339 4628 2540 4680 sanetis
2567 4637 2658 4680 tuo
2686 4627 2983 4678 interventu
3015 4638 3225 4679 merear
3250 4621 3442 4687 laetari,
3481 4625 3777 4689 prmstante

2208 4717 2432 4770 Dotnino
2462 4728 2643 4771 nostro
2665 4713 2786 4770 Jcsu
2815 4714 3046 4771 Christo.
3562 4786 3597 4827 '

1813 4996 1899 5048 \‘A
1917 4994 2049 5048 Rl/E
2094 4991 2493 5048 LECTlONES.

617 5171 1028 5249 ὕδρηςίδιςιξ.
1056 5169 1517 5249 Comprehendere
1560 5144 2389 5249 vel“scripturadiligentgdnis.
2428 5168 2555 5249 Vict.
2595 5167 3075 5249 comprehenderet
3106 5165 3223 5249 xci“
3248 5166 3507 5235 scriptura
3557 5165 3775 5232 digere-

542 5257 629 5305 ret
701 5243 791 5277 ¹⁷⁸³
821 5243 895 5297 Μ.
946 5240 1130 5295 Cister.
1163 5234 1226 5295 Ut
1250 5242 1462 5295 differas
1495 5258 1592 5293 ms.
1633 5240 1761 5291 Vict.
1794 5234 1877 5291 λϊι
1910 5234 2125 5291 differas
2200 5239 2287 5269 ’⁷³⁵
2315 5238 2417 5291 Ms.
2443 5238 2627 5290 Cister.
2658 5238 2935 5306 Przteelegit
2964 5254 3061 5288 ius.
3106 5234 3235 5288 Vict.
3266 5234 3508 5305 pracclcgi
3542 5236 3633 5306 mf
3665 5237 3773 5290 Ms.

540 5318 728 5373 Cister.
764 5315 829 5368 Et
853 5313 913 5367 fit
946 5321 1092 5364 tanto
1114 5327 1212 5362 ms.
1258 5308 1392 5362 Vict.
1416 5322 1468 5363 et
1499 5313 1564 5364 sit
1590 5319 1736 5362 tanto

1841 5308 1931 5338 ¹⁷³⁸
1960 5307 2063 5361 Ms.
2101 5307 2285 5361 Cistcr.
2330 5308 2600 5363 Decultior
2631 5324 2727 5360 ms.
2766 5306 2893 5358 Vict.
2920 5307 3179 5359 occultior

3275 5306 3365 5336 ¹⁷³³
3422 5306 3523 5360 Ms.
3579 5305 3771 5360 Cistcr.

537 5388 641 5454 Qui
692 5388 797 5439 Deo
817 5401 913 5436 ms.
949 5380 1078 5433 Vict.
1113 5380 1202 5446 qui
1230 5379 1369 5454 _j_atn
1397 5380 1524 5454 Deo
1579 5380 1694 5454 ¹⁷³⁰Α
1726 5378 1828 5454 Ms.
1886 5376 2070 5454 Cistcr.
2122 5376 2493 5454 Cotupatiuiini
2527 5394 2632 5454 ms.
2680 5376 2813 5454 Vict.
2864 5376 3292 5454 compatiaminin
3320 5376 3415 5454 "fi
3449 5375 3549 5454 Ms.
3582 5373 3776 5454 Cfs'er.

538 5459 796 5511 invictam
826 5454 1059 5511 perditos
1086 5465 1182 5501 ms.

1278 5450 1360 5501 icl.
1422 5449 1615 5503 invicta
1669 5448 1770 5501 fide
1803 5448 2051 5512 praeditos
2126 5448 2214 5477 ‘7"
2248 5444 2349 5501 Ms.
2384 5448 2565 5499 Cislrr.
2596 5447 2789 5500 Cecilia
2836 5462 2897 5498 ac
2930 5463 3023 5498 ms.
3079 5445 3211 5498 Vict.
3254 5445 3472 5512 Cecilia,
3503 5444 3671 5500 Lucia
3708 5457 3779 5499 ac

543 5528 638 5587 ’τη
680 5524 777 5579 ιιι.
824 5516 955 5575 Vict.
1001 5519 1308 5587 Expliciunt
1336 5518 1617 5573 Orationes
1645 5532 1738 5573 scu
1771 5516 2143 5571 Meditatioucs
2280 5518 2515 5571 Ansehni
2542 5516 2943 5571 (Iantuaricnsis
2965 5516 3385 5584 Archiepiscopi.
