4200 6238
418 245 525 302 977

1841 242 2249 303 ORATIONES.

3573 241 3675 299 938

419 352 634 413 evanuit
684 372 807 426 spes
847 367 900 410 et
947 357 1136 410 iiducra
1186 358 1310 411 tua?
1352 357 1681 425 lncmperam
1716 356 1807 391 ³⁸³⁸
1837 372 1997 411 orare
2024 361 2074 419 Α
2134 354 2137 359 ’
2169 355 2315 422 Jesu,
2354 356 2491 412 bone
2534 357 2778 424 Domine,
2807 376 2904 415 cur
2932 359 2997 415 de
3026 357 3163 414 ccelo
3192 356 3427 413 venisti?
3452 355 3587 422 Quid
3620 354 3673 409 in

419 464 542 503 cum
572 449 762 515 liducia
796 448 1133 511 temeritatis,
1155 458 1211 502 et
1235 447 1471 501 occurrit
1498 448 1799 517 desperatio
1826 464 1888 504 ex
1917 449 1997 502 in«

420 536 634 592 tellectu
661 538 924 602 veritatis,
949 547 1001 592 et
1024 539 1203 592 deticit
1223 538 1395 592 oratio
1417 538 1507 569 ¹⁸³⁶
1529 554 1593 593 ex
1622 541 1997 609 desperatione

417 628 645 697 alicujus
668 643 795 699 erga
826 646 913 684 me
938 630 1171 699 pietatis.
1199 630 1254 683 Si
1279 630 1420 684 enim
1447 630 1707 700 quidquid
1733 640 1835 695 est,
1852 630 1997 701 justo

416 720 608 773 contra
640 734 726 773 me
753 727 855 783 est,
899 720 1053 787 cujus
1096 718 1267 787 pietas
1296 734 1504 774 mecum
1548 719 1665 774 est?
1710 718 1766 772 Si
1815 720 1997 773 omnia

416 823 539 877 qua:
578 816 727 872 sunt,
759 818 906 863 recte
934 808 1076 862 mihi
1109 818 1236 864 sunt
1264 810 1509 877 adversa,
1536 808 1689 878 cujus
1726 811 1999 866 miseratio

418 901 488 954 ad
532 916 617 955 me
642 902 746 954 erit
771 902 1075 956 conversa?
1107 900 1163 955 Si
1201 902 1425 957 Creator
1452 909 1507 956 et
1530 911 1777 957 creatura
1806 903 1999 957 merito

420 1005 507 1044 me
533 990 779 1058 despicit,
810 991 964 1061 cujus
992 1002 1241 1061 aspectus
1282 1007 1367 1047 me
1398 992 1651 1061 respicit?
1691 992 1854 1047 Miser
1877 1008 1999 1063 pec-

419 1085 596 1142 cator,
620 1076 666 1131 si
695 1076 775 1132 sic
801 1088 902 1145 est,
947 1079 1079 1133 nihil
1121 1080 1215 1134 tibi
1262 1089 1523 1148 remanet,
1552 1081 1655 1135 nisi
1696 1096 1725 1135 a
1759 1096 1855 1150 spe
1892 1091 1995 1137 tor-

419 1179 572 1236 pere,
599 1177 654 1247 et
688 1168 754 1222 ab
778 1169 1021 1224 oratione
1048 1176 1247 1235 tacere,
1271 1180 1326 1224 et
1355 1170 1435 1225 sic
1463 1186 1676 1240 semper
1700 1170 1752 1225 in
1784 1171 1873 1202 ⁸⁸³⁷
1894 1172 2001 1232 mi-

402 1256 564 1336 seria
596 1267 682 1312 tua
705 1256 913 1325 jacere.
961 1258 1157 1330 Utique
1188 1261 1280 1332 qui
1326 1270 1378 1316 te
1421 1271 1610 1336 sponte
1637 1261 1810 1317 fecisti
1842 1262 2002 1317 mise-

419 1335 560 1411 i‘ttm,
607 1346 754 1415 jnste
804 1362 1023 1403 necesse
1072 1359 1157 1408 est
1204 1364 1417 1419 semper
1466 1335 1516 1405 te
1561 1366 1682 1430 esse
1720 1345 1996 1406 miserum.

422 1438 622 1509 Utique
665 1440 859 1495 misera
893 1441 1108 1508 delicta,
1138 1444 1218 1498 sic
1245 1443 1471 1499 redditis
1501 1454 1681 1499 vestra
1711 1445 1997 1514 promissa.

420 1525 557 1581 Dum
588 1531 879 1595 attrahitis,
923 1531 1101 1587 dulcia
1130 1534 1473 1603 promittitis;
1507 1548 1632 1588 cum
1662 1534 1998 1602 pertrahitis,

418 1634 727 1689 possessum
781 1630 1021 1677 vestrum
1076 1624 1433 1685 amaritudine
1484 1623 1823 1693 perfunditis.
1866 1626 1999 1678 Dum

2101 448 2301 502 mundo
2319 448 2537 503 fecisti?
2562 449 2641 503 Ad
2668 449 2795 519 quid
2827 460 2876 505 te
2904 451 3063 505 morti
3091 448 3309 513 dedisti,
3336 448 3440 503 nisi
3470 455 3531 502 ut
3552 448 3674 518 pec-

2100 536 2312 594 calores
2338 539 2617 600 salvares?
2646 538 2847 595 Sancte
2876 539 3058 603 Paule,
3084 541 3213 609 quid
3240 539 3383 593 aliud
3418 536 3672 593 mundum

2101 619 2518 697 pet-ambulando
2551 631 2814 685 docuisti?
2839 630 2918 685 Ad
2951 631 3089 685 hanc
3116 632 3272 686 (idem
3308 632 3423 701 ipse
3459 639 3515 686 ct
3542 644 3674 699 apo-

2100 718 2221 772 stoli
2245 718 2381 793 ejus,
2410 730 2463 775 et
2490 730 2542 774 tu
2570 722 2802 777 maxime
2832 735 2930 775 nos
2956 728 3267 790 peccatores
3290 720 3547 787 invitatis,
3574 721 3674 775 hoc

2102 806 2270 863 solum
2320 818 2490 863 tutum
2536 810 2793 880 refugium
2823 811 2975 866 nobis
3021 809 3352 865 monstratis.
3396 809 3673 877 Quomodo

2102 916 2230 969 ergo
2253 917 2359 955 non
2389 903 2643 970 Speraho,
2668 903 2714 957 si
2745 904 2845 957 hoc
2874 896 3059 967 credo,
3086 912 3142 957 et
3183 902 3233 956 in
3258 902 3364 957 hac
3390 901 3491 955 (ide
3518 902 3674 971 peto?
3758 896 3766 902 ’

2100 992 2499 1061 Autqnomodo
2530 1008 2615 1047 me
2645 980 2992 1047 frnstrabitbr
3038 1008 3159 1061 spes
3208 993 3327 1056 ista,
3375 991 3420 1045 si
3468 990 3536 1046 de
3568 1006 3675 1060 qua

2102 1083 2361 1147 nascitur,
2409 1098 2511 1137 non
2554 1096 2641 1137 me
2684 1081 2976 1136 fallitoﬁdes
3015 1082 3148 1136 ista?
3187 1080 3312 1136 Jesu
3344 1081 3501 1145 Deus,
3531 1088 3587 1134 et
3620 1087 3676 1155 tu

2101 1175 2340 1243 apostole
2365 1174 2503 1244 ejus,
2536 1175 2659 1229 huic
2690 1174 2818 1228 iiidei
2866 1180 3117 1242 peccator
3146 1187 3230 1226 me
3259 1183 3440 1227 vestro
3468 1162 3677 1224 monitu

2099 1268 2262 1323 credo
2287 1266 2396 1333 ‘9“,
2433 1266 2485 1319 in
2530 1266 2668 1321 hanc
2700 1280 2784 1320 me
2823 1265 2991 1332 jacto,
3022 1264 3133 1319 imo
3156 1262 3267 1332 jam
3297 1260 3423 1315 olim
3446 1259 3671 1330 jactavi.

2103 1355 2214 1411 liae
2241 1354 2480 1409 inductui
2520 1354 2723 1409 accessi
2755 1369 2848 1408 vos
2877 1353 2968 1384 ¹⁸³⁸
2996 1362 3269 1408 oraturus.
3309 1350 3365 1404 In
3399 1350 3499 1404 hac
3528 1356 3673 1433 pcto,

2104 1449 2157 1503 in
2186 1450 2287 1504 hac
2313 1463 2516 1519 quiero,
2548 1448 2600 1502 in
2628 1445 2729 1502 hac
2754 1446 2928 1517 pulso,
2956 1455 3013 1500 ut
3042 1443 3309 1515 peccaturi
3337 1441 3428 1475 '3“
3454 1441 3676 1497 misera-

2103 1538 2266 1605 mini;
2296 1546 2349 1592 tu
2379 1538 2669 1607 parcendo,
2705 1547 2757 1599 tu
2786 1535 3196 1599 intercedendo;
3232 1543 3285 1587 tu
3310 1531 3590 1595 salvando,
3619 1539 3676 1586 tu

2103 1628 2325 1683 orando.
2356 1628 2467 1682 llac
2492 1628 2595 1683 iidc
2616 1643 2798 1683 coram
2830 1627 2979 1682 vobis
3010 1641 3096 1681 me
3115 1622 3361 1686 obvolvo,
3388 1629 3445 1677 ut
3473 1621 3672 1693 possim

419 1711 683 1777 suadetis,
727 1713 957 1783 ungitis;
991 1725 1274 1788 postquam
1306 1711 1657 1785 persuadetis'
1680 1714 1793 1776 ⁸⁸³⁸,
1830 1730 1998 1785 usque
2030 1720 2071 1777 Β
2101 1717 2269 1773 latere
2298 1718 2643 1788 inquisitores
2668 1728 2721 1773 et
2740 1727 3019 1773 exactores
3040 1724 3383 1785 peccatorum
3406 1727 3680 1773 meorum,

420 1802 489 1881 ad
517 1811 743 1858 mortem
770 1803 963 1881 animm
988 1805 1261 1875 pungitis.
1298 1805 1433 1860 Dum
1465 1807 1669 1861 vocatis
1700 1806 1993 1876 in_.l‘oveam

418 1880 675 1957 vestram,
700 1895 855 1964 quasi
882 1880 1107 1963 Ll'acilem
1138 1896 1371 1952 reditum
1415 1911 1510 1966 per
1539 1898 1870 1967 paenitentiae
1897 1899 1993 1953 do~

409 1979 589 2036 larem
620 1984 967 2049 monstratis;
1013 1978 1291 2041 cumvero
1333 1986 1717 2057 prmeipitatis,
1754 1988 1996 2058 praecipi-

390 2126 393 2127 ν
421 2070 592 2124 tatum
618 2070 868 2147 obruitis,
895 2066 1149 2129 obrutum
1185 2076 1492 2140 obcaecatis,
1535 2076 1866 2132 obcaecatum
1901 2079 1999 2133 ob-

418 2158 649 2227 duratis,
679 2161 945 2218 obdurato
981 2177 1196 2219 omnem
1237 2164 1444 2219 exitum
1484 2166 1750 2226 obturatis
1774 2168 1866 2199 ¹⁸³¹⁹
1930 2168 1996 2222 Ει

418 2241 499 2314 sic
516 2248 784 2327 {miserum
807 2261 1048 2324 vestrum
1074 2256 1373 2325 deceptum,
1399 2256 1747 2326 captivatum,
1774 2257 1995 2327 ligatum

367 2336 371 2339 ’
418 2313 600 2393 facitis
627 2320 1177 2411 desperare,‘tacere,
1199 2313 1255 2399 et
1286 2313 1677 2411 insensibilem,‘
1699 2313 1846 2402 velut
1870 2350 1994 2418 pe‘r-

420 2427 592 2503 ditum
639 2429 734 2485 Dei
781 2439 837 2486 et
881 2432 1105 2488 oblitum
1148 2433 1239 2488 Dei
1271 2432 1362 2465 ω’
1382 2432 1589 2503 jacere,
1629 2436 1801 2491 donec
1844 2437 1994 2492 illum

419 2495 671 2575 vendatis
695 2522 1087 2609 mercatoribus
1111 2523 1337 2604 inferni,
1350 2526 1441 2596 qui
1467 2542 1675 2601 merces
1695 2542 1824 2583 suas
1849 2544 1995 2609 com-

402 2612 640 2693 portant
664 2612 719 2668 in
749 2613 922 2669 lacum
954 2616 1160 2681 mortis.
1192 2615 1307 2672 Hoc
1351 2625 1520 2672 totum
1553 2617 1620 2689 de
1649 2633 1737 2673 me
1767 2618 1990 2684 fecistis,

420 2701 542 2775 haec
560 2704 739 2760 omnia
766 2694 1021 2775 expertus
1053 2723 1193 2774 sum,
1231 2708 1331 2763 nisi
1358 2708 1482 2777 quia
1520 2698 1998 2779 nondtunmerca-

421 2791 630 2871 toribus
662 2784 792 2852 illis
820 2796 1047 2853 traditus
1086 2813 1229 2869 sum.
1274 2797 1427 2865 Quod
1457 2798 1548 2831 ““
1584 2800 1761 2855 tamen
1793 2810 1850 2855 et
1892 2815 1994 2868 εδει

378 2931 382 2933 Α
418 2878 676 2966 exspecto
717 2885 912 2942 misere
948 2887 1206 2963 timendo,
1253 2900 1311 2944 et
1349 2887 1425 2955 illi
1469 2889 1847 2962 praestolamur
1878 2905 1993 2946 ma-

398 2966 566 3058 iligne
592 2966 889 3058 gandéndo.

2098 1817 2153 1862 et
2195 1809 2306 1874 tui,
2346 1809 2506 1872 Deus,
2551 1808 2778 1864 districti
2824 1807 3011 1878 jndicii
3055 1805 3477 1876 percussionem.
3524 1800 3675 1857 lianc

2097 1899 2228 1969 petit
2254 1906 2437 1954 vestro
2460 1899 2683 1955 consilio
2702 1906 2955 1968 peccator
2979 1897 3408 1959 absconsionem;
3425 1893 3686 1956 obsecro,.

2099 2004 2167 2045 ne
2203 1988 2290 2021 ¹⁸⁸⁷
2324 1989 2583 2059 prodatur
2605 1978 2809 2058 judicio
2837 1972 3013 2042 vestro
3043 1986 3110 2039 ad
3138 1984 3560 2042 damnationem.

2168 2078 2275 2135 Sed
2306 2079 2440 2135 heu!
2472 2094 2599 2135 ecce
2626 2078 2863 2134 occurrit
2888 2074 2944 2133 et
2965 2076 3106 2131 aliud
3137 2074 3228 2107 ³⁸⁸⁸
3254 2070 3670 2144 ετανθηιιιειιιιιιι.

2098 2170 2389 2241 Sperabam
2436 2185 2524 2225 me
2549 2170 2639 2205 “5'
2664 2186 2762 2241 per
2803 2168 2963 2225 ﬁdem
2992 2182 3140 2237 spem
3172 2165 3436 2228 obtinere,
3465 2172 3520 2220 et
3545 2177 3674 2219 ecce

2096 2261 2253 2317 video
2284 2274 2384 2315 nec
2409 2258 2569 2316 ﬁdem
2595 2275 2681 2316 me
2712 2249 2914 2316 tenere.
2945 2258 3206 2312 Putabam
3235 2271 3320 2311 me
3350 2255 3402 2309 in
3434 2254 3536 2309 hac
3567 2251 3675 2308 [Ide

2095 2364 2217 2406 esse
2244 2348 2579 2415 obvolutum,
2608 2358 2663 2406 et
2702 2363 2963 2419 cognosco
2993 2347 3062 2402 ab
3088 2346 3175 2399 illa
3201 2360 3287 2401 me
3308 2351 3528 2399 exutum
3553 2340 3670 2395 ³⁸η.

2095 2441 2438 2497 Conlidebam
2471 2458 2557 2497 me
2587 2440 2755 2517 inilla
2786 2439 3018 2503 latitare,
3059 2446 3115 2493 et
3154 2437 3327 2491 sentio
3364 2450 3453 2490 me
3485 2434 3554 2491 ab
3574 2431 3670 2488 Ille

2095 2530 2370 2593 exsulare;
2394 2531 2524 2600 ﬁdes
2547 2529 2693 2586 enim
2714 2530 2826 2583 sine
2855 2526 3092 2597 operibus
3116 2535 3320 2579 mortua
3346 2532 3417 2579 est
3441 2520 3584 2593 (Jac.
3605 2536 3670 2586 tt,

2095 2619 2216 2688 20);
2248 2619 2382 2674 tides
2408 2632 2535 2674 vero
2561 2627 2790 2683 mortua,
2819 2617 2954 2673 ﬁdes
2977 2624 3216 2694 nonest.
3242 2613 3345 2681 Qui
3372 2627 3501 2683 ergo
3526 2624 3672 2667 mor-

2097 2718 2242 2764 tuam
2271 2708 2429 2765 tidem
2453 2708 2636 2773 habet,
2674 2707 2834 2763 tidem
2860 2722 2967 2763 non
2996 2705 3178 2762 habet.
3212 2703 3338 2759 Vae!
3365 2701 3673 2765 fecunditas

2094 2800 2359 2857 malorum
2395 2816 2625 2872 operum
2670 2790 2991 2871 prohibebat
3031 2812 3117 2853 me
3159 2811 3309 2866 spem
3353 2794 3578 2858 habere,
3610 2797 3675 2845 et

2093 2892 2350 2948 sterilitas
2379 2893 2645 2947 bonorum
2673 2905 2897 2961 operum
2938 2889 3129 2960 probat
3176 2903 3262 2942 me
3307 2885 3413 2941 tide
3450 2897 3659 2949 carere.

2096 2980 2186 3038 Va:
2211 2981 2349 3041 male
2381 2981 2589 3053 agenti!
2621 2996 2699 3035 vae
2723 2980 2859 3035 bona
2885 2978 3168 3051 negligenti
3193 2978 3206 3031 !
3240 2976 3380 3035 sicut
3401 2976 3546 3030 enim
3572 2986 3673 3028 ne-

490 3044 635 3123 HCII'!
670 3052 848 3139 (illam.
876 3070 1074 3132 malum
1103 3079 1189 3128 est
1229 3072 1310 3131 sic
1344 3073 1654 3143 desperare,
1682 3073 1761 3128 sic
1791 3064 1987 3139 tacere,
2019 3044 2061 3113 Ο
2095 3086 2248 3128 cesse
2276 3078 2359 3126 est
2398 3044 2453 3125 in
2494 3070 2652 3126 malis
2694 3044 3102 3140 operibus'Deo
3129 3055 3433 3136 displicere,
3460 3063 3535 3117 ita
3565 3061 3673 3117 im-

416 3150 499 3233 sic
535 3156 754 3229 jacere!
802 3159 871 3215 Et
914 3148 1044 3215 heu!
1093 3176 1255 3231 quam
1285 3178 1481 3233 vanum
1507 3162 1600 3195 ιω
1624 3170 1708 3219 est
1740 3164 1859 3221 sine
1898 3181 1993 3235 spe

406 3244 674 3315 clamare,
702 3251 956 3327 sinespe
982 3253 1194 3312 conari!
1234 3253 1397 3337 Deus,
1429 3252 1585 3321 cujus
1625 3254 1837 3311 bonitas
1881 3271 1989 3323 non

401 3335 759 3419 exhauritur,
781 3346 933 3416 cujus
958 3346 1324 3411 misericordia
1354 3335 1461 3405 non
1486 3350 1815 3429 exinanitur,
1838 3353 1992 3423 cujus
2008 3421 2022 3429 ί

413 3434 641 3490 scientia
672 3451 778 3491 non
807 3436 1008 3503 deﬁcit,
1038 3438 1194 3511 cujus
1228 3445 1465 3509 potestas
1488 3440 1629 3513 quod
1656 3440 1770 3494 vult
1806 3426 1989 3507 eﬂicit,

412 3526 560 3583 unde
583 3536 772 3603 potero
807 3528 1073 3599 respirare
1097 3520 1189 3600 qui
1236 3530 1317 3586 sic
1341 3531 1411 3588 ob
1440 3540 1656 3601 peccata
1684 3546 1802 3585 mea
1829 3546 1992 3603 cogor

411 3615 738 3695 desperare?
766 3617 898 3687 Nam
930 3621 1030 3698 etsi
1058 3620 1313 3697 irascaris
1335 3622 1705 3692 peccantibus,
1734 3622 1877 3677 soles
1906 3632 1989 3699 ta-

413 3724 560 3776 men,
586 3710 817 3782 benig‘ne
834 3710 1082 3779 Domine,
1101 3712 1232 3767 dare
1250 3713 1534 3767 consilium
1555 3714 1862 3782 petentibus
1876 3712 1985 3779 ‘9";

411 3801 549 3855 doce
596 3815 705 3867 me,
750 3802 998 3864 Domine.
1030 3803 1170 3858 unde
1198 3803 1418 3857 debeam
1449 3806 1671 3873 sperare
1700 3812 1758 3857 ut
1787 3804 1988 3871 possim

411 3906 591 3947 orare.
627 3878 798 3947 Orare
840 3907 1072 3963 namque
1100 3902 1152 3949 te
1181 3892 1331 3961 volo;
1363 3893 1459 3949 sed
1484 3908 1585 3948 nec
1607 3894 1743 3957 scio,
1773 3902 1990 3964 propter

412 3970 771 4053 ignorantiam
816 3996 1014 4047 meam,
1046 3998 1146 4039 nec
1191 3998 1430 4053 possum,
1474 3992 1694 4054 propter
1732 3985 1988 4040 duritiam

411 4085 610 4145 meam,
639 4080 691 4125 et
720 4072 1007 4140 prohibeor
1046 4072 1440 4141 desperatione,
1473 4084 1692 4143 propter
1731 4060 1986 4143 iniquita-

414 4168 522 4215 tem
555 4174 746 4213 meam.
775 4158 970 4226 Quaero
991 4160 1192 4229 aliquid
1220 4162 1361 4230 quod
1394 4177 1477 4216 me
1503 4170 1746 4227 excuset,
1771 4170 1827 4217 et
1851 4162 1987 4218 nihil

407 4235 495 4305 est
523 4249 667 4319 quod
696 4264 783 4305 me
808 4265 913 4305 non
943 4260 1180 4308 accuset.
1208 4249 1402 4318 Quaero
1426 4251 1517 4322 qui
1541 4244 1659 4307 oret
1681 4268 1777 4322 pro
1807 4267 1910 4316 me,
1931 4260 1987 4307 et

2094 3164 2345 3234 possibile
2368 3171 2453 3219 est
2492 3164 2608 3219 sine
2633 3161 2759 3228 ﬁde,
2788 3176 2906 3232 quae
2939 3160 3095 3217 bonis
3121 3157 3374 3230 operibus
3402 3154 3492 3193 "'-‘
3523 3150 3669 3209 nulla

2092 3268 2194 3322 est,
2228 3248 2337 3312 Deo
2367 3256 2598 3327 placere.

2161 3347 2273 3402 lmo
2301 3347 2348 3402 si
2382 3345 2561 3415 justus
2583 3360 2651 3400 ex
2698 3344 2803 3400 ﬁde
2826 3344 2979 3406 vivit,
3021 3344 3111 3414 qui
3140 3341 3297 3395 (idem
3346 3354 3451 3393 non
3480 3337 3668 3401 habet,

2094 3444 2341 3493 mortuus
2372 3442 2475 3490 est.
2527 3433 2631 3489 Sed
2674 3434 2718 3489 si
2760 3432 2958 3489 sterilis
2994 3432 3257 3486 bonorum
3300 3422 3545 3484 mortuus
3574 3425 3667 3460 ⁸⁸⁵³

2092 3536 2197 3592 est,
2222 3525 2412 3602 fertilis
2439 3524 2701 3579 malormn
2731 3532 2934 3595 quanto
2962 3521 3130 3591 magis
3156 3519 3247 3552 ⁸⁸⁸³
3274 3527 3522 3593 mortuus
3545 3516 3667 3573 est?

2086 3618 2222 3673 Nam
2257 3617 2303 3672 si
2331 3617 2511 3682 arbor,
2541 3630 2660 3684 quae
2689 3629 2792 3668 non
2830 3612 2958 3669 facit
2984 3611 3215 3667 fructum
3245 3610 3477 3674 bonum,
3512 3606 3665 3683 excf-

2089 3709 2168 3763 dit
2192 3714 2249 3763 ut
2273 3707 2449 3772 arida,
2471 3722 2589 3777 quae
2614 3705 2743 3760 facit
2771 3704 3006 3759 fructum
3029 3702 3253 3766 malum,
3278 3701 3463 3770 utique
3486 3697 3667 3755 eradi-

2088 3810 2243 3856 catur
2269 3799 2362 3832 “"
2390 3803 2450 3854 ut
2479 3798 2658 3853 noxia.
2700 3795 2841 3851 Mors
2883 3796 2999 3850 haec
3044 3810 3150 3851 non
3184 3792 3377 3849 carnis
3419 3798 3524 3855 est,
3567 3790 3664 3845 sed

2088 3891 2302 3944 animos.
2350 3888 2520 3954 Quam
2562 3886 2733 3955 magis
2780 3884 2895 3949 ¹⁸⁸⁸,
2944 3891 2999 3939 et
3039 3897 3199 3952 quam
3233 3878 3385 3950 pejus
3432 3878 3664 3934 moritur

2087 3983 2177 4052 qui
2239 3982 2340 4036 hac
2395 3988 2567 4035 morte
2606 3978 2855 4053 moritur,
2903 3991 3063 4045 quam
3109 3972 3199 4044 qui
3254 3969 3453 4027 carnis
3484 3975 3660 4025 morte

2086 4076 2334 4132 moritur.
2390 4073 2577 4129 Omnis
2628 4071 2771 4126 enim
2827 4071 3059 4124 humana
3116 4082 3245 4123 caro
3294 4070 3506 4120 merula
3562 4062 3663 4116 ali-

2084 4169 2298 4239 quando
2336 4165 2588 4237 resurgit,
2628 4163 2720 4220 sed
2764 4178 2868 4217 non
2908 4161 3081 4215 omnis
3121 4158 3299 4212 anima
3330 4163 3538 4217 mortua
3573 4168 3659 4208 rc-

2084 4242 2274 4328 surgit.
2298 4256 2363 4311 Et
2392 4255 2560 4325 magis
2589 4252 2805 4323 perimit
2836 4264 2981 4305 mors
3009 4248 3257 4317 illa,qu:c
3287 4242 3464 4298 aul‘ert
3492 4241 3658 4296 vitam

412 4341 627 4398 invenio
652 4341 911 4412 quidquid
937 4351 1165 4401 estesse
1187 4352 1377 4400 contra
1406 4358 1511 4399 me.
1540 4344 1732 4411 Quer
1762 4344 1853 4413 qui
1882 4346 1983 4399 mi-
2010 4379 2060 4438 ο
2087 4346 2308 4402 forsitan
2327 4357 2596 4412 nunquam
2626 4353 2986 4404 reversuram,
3006 4350 3165 4405 quam
3186 4349 3305 4438 qua:
3331 4330 3467 4432 tollit
3490 4330 3652 4431 vitam

409 4433 517 4489 seri
539 4433 876 4499 misereatur,
896 4443 953 4491 et
967 4449 1128 4511 omne
1148 4436 1288 4507 quod
1310 4445 1397 4492 est
1420 4437 1618 4491 misero
1639 4436 1974 4492 adversatur.

2085 4451 2151 4491 ex
2179 4433 2496 4491 necessitate
2518 4430 2839 4503 quandoque
2874 4427 3185 4484 redituram.
3217 4422 3285 4478 Et
3310 4419 3462 4491 pejus
3490 4420 3656 4475 mori-

1693 4632 1918 4687 VAlll/E
1962 4629 2363 4688 LECTIONES.

483 4743 573 4815 l‘”
596 4741 781 4815 Oratio
812 4744 948 4815 tua?
983 4743 1289 4815 incepelgrm
1346 4761 1472 4815 mss.
1516 4745 1697 4815 oratio
1743 4743 2020 4815 tua?an
2066 4741 2287 4799 evarmit
2332 4748 2457 4815 spes
2497 4750 2551 4794 et
2587 4734 2778 4815 ﬁducia
2827 4737 2958 4791 tua?
3006 4734 3312 4815 Inceperatn

1866 4798 1953 4846 ¹⁸ῖ⁷
1987 4814 2051 4868 Ει
2097 4827 2308 4879 semper
2355 4798 2408 4864 in
2448 4826 2571 4879 mss.
2616 4817 2669 4879 et
2702 4806 2790 4879 sic
2818 4820 3031 4879 semper
3067 4798 3144 4879 in'
3217 4800 3306 4834 ’⁸³⁸
3353 4798 3648 4879 Postquam

407 4813 523 4868 ﬁcit
548 4814 723 4866 oratio
747 4829 870 4877 mss.
898 4813 1052 4867 (ἐστι.
1088 4824 1136 4866 et
1184 4813 1318 4868 Thu.
1354 4814 1551 4869 defecit.
1592 4815 1766 4869 oratio

3417 4729 3507 4762 um
3542 4730 3646 4786 De,

409 4882 649 4953 suadetis
672 4876 797 4953 φη.
826 4880 967 4953 ΑΒςσ.
1024 4881 1157 4953 Vict.
1182 4881 1339 4940 Coro.
1380 4894 1431 4953 ct
1470 4881 1619 4953 Flor.
1662 4891 1947 4953 postquam
1982 4869 2319 4953 persuadens
2347 4878 2484 4953 “‘3”
2508 4879 2577 4953 Αζ
2617 4869 3143 4953 Exi_tnm_uhduratis
3169 4886 3294 4924 mss.
3322 4869 3522 4953 egitutn
3551 4870 3647 4925 ob-

407 4952 634 5006 turaris
685 4951 776 4983 ¹⁸⁸⁹
811 4950 1049 5007 Oblitnm
1078 4951 1161 5006 sui
1192 4968 1318 5006 mu.
1369 4952 1489 5007 Bec.
1545 4948 1701 5007 Cori}.
1746 4948 1879 5009 Vict.
1910 4965 1959 5007 et
1982 4948 2228 5006 ’ναι-[κισ.
2272 4950 2497 5005 oblitum
2546 4948 2639 5001 Dei

2716 4945 2804 4979 *8“
2842 4945 3107 5013 Expertus
3148 4956 3289 4996 sum.
3336 4938 3487 5013 Quod
3516 4956 3640 5013 mag.

404 5032 663 5088 expertus
684 5005 841 5097 sunt;
869 5005 1021 5097 ni_si_
1043 5020 1182 5097 quia
1201 5005 1878 5097 nontlum'mercatmih‘us‘
1915 5005 2021 5097 illis
2048 5005 2279 5097 traditus
2309 5035 2460 5097 sum;
2490 5017 2650 5097 quod
2691 5005 3022 5097 _‘.°“.Quam_
3045 5026 3259 5097 vanum
3268 5005 3539 5097 may-iet.
3585 5009 3642 5097 ᾗ.

404 5080 569 5160 quam
594 5090 792 5160 malum
827 5080 835 5084 ’
867 5090 959 5122 ¹⁸⁸²
983 5080 1278 5144 Consilium
1304 5093 1609 5158 petentibus
1637 5108 1763 5145 mss.
1790 5080 2074 5147 censilium
2103 5080 2522 5160 pmnitentihus'
2568 5085 2657 5118 ¹⁸“
2677 5080 2891 5160 νΜριιίιιι
2926 5083 3061 5139 cedo
3093 5097 3218 5160 mss.
3250 5080 3453 5160 monitu
3481 5080 3644 5160 credo

405 5145 501 5202 1³⁵⁸
557 5158 813 5215 Inductus
852 5160 1051 5214 accessi
1098 5160 1166 5211 ad
1213 5145 1318 5213 vos'
1351 5178 1474 5214 mss.
1520 5145 1674 5215 Co'rb.
1730 5145 1957 5216 ΤΙιιλξει
2001 5145 2231 5215 ναιέιάο.
2275 5159 2526 5213 inductus
2569 5155 2774 5211 accessi
2820 5168 2915 5209 vos
2971 5168 3095 5207 mss.
3140 5150 3264 5204 Bec.
3321 5145 3455 5200 Vict.
3490 5147 3639 5201 Flor.

405 5227 857 5301 indutusfaccessi
884 5244 976 5283 vos
1032 5227 1142 5301 Α¹³³⁶
1172 5226 1582 5301 Utpeecatoris
1602 5236 1748 5285 'mss.
1786 5240 1843 5285 ut
1872 5231 2179 5301 peccaturi“
2220 5229 2321 5301 “"7
2342 5227 2647 5301 ()bsecrans
2679 5241 2744 5281 ne
2769 5223 3150 5301 mss_.__olg§_ecro
3177 5234 3245 5273 ne
3318 5217 3409 5301 “4"
3436 5216 3640 5285 00.0"?-

403 5298 478 5368 !{i‘t
503 5298 642 5351 aliud
680 5315 804 5352 mss.
836 5297 1071 5352 occurrit
1116 5306 1170 5368 et
1200 5292 1343 5368 aliud
1420 5300 1510 5331 ‘8”
1542 5300 1838 5368 Sperabam
1870 5292 1955 5356 ine
1984 5318 2082 5354 ms.
2144 5298 2275 5354 Vict.
2305 5297 2389 5353 16.
2428 5297 2641 5368 speravi
2676 5311 2759 5349 me
2835 5292 2930 5324 ’⁸⁸⁸
2978 5292 3068 5346 llla
3098 5303 3216 5346 esse
3234 5296 3469 5368 _exut_um
3510 5302 3635 5340 mss.

403 5363 495 5420 illa
517 5375 736 5422 exutum
813 5368 903 5400 ³⁸⁸⁸
950 5368 1081 5441 Sine
1114 5366 1269 5441 b_onis
1295 5356 1559 5441 operibus
1580 5356 1677 5422 ins.
1721 5356 1857 5441 Tini.
1905 5371 2022 5425 sine
2047 5370 2301 5441 operibus
2382 5356 2472 5400 ¹⁸⁸ί
2510 5367 2780 5441 l}_onorum
2831 5374 3074 5441 mortuus
3101 5358 3345 5441 ηιξζ-βςς-
3376 5356 3642 5441 hariolum

403 5418 919 5508 epentivmimortuus
952 5418 1086 5471 Ἴδη
1129 5418 1357 5501 Quatuor
1373 5418 1544 5508 ἰιίὲῖεἷέ
1580 5418 2367 5504 bilis,"'V’iécfbéci'iiii-“13w.
2413 5447 2473 5491 et
2507 5418 2655 5489 Fid}.
2697 5450 2885 5508 quam_
2911 5433 3080 5508 magis
3154 5426 3632 5508 ’_°f_‘_Excidetttr...

404 5497 772 5561 eradicabitur
795 5524 918 5561 mss.
946 5497 1632 5577 exciditur...eradicatur
1688 5497 1794 5541 7"”
1820 5510 1990 5574 Quam
2016 5508 2189 5577 majus
2218 5526 2315 5562 ms.
2346 5508 2481 5562 'l‘lm.
2516 5520 2674 5576 quam
2706 5497 2759 5559 et
2785 5503 2923 5557 mala
2957 5497 3288 5557 detestabilis
3328 5511 3477 5550 tnors
3507 5497 3636 5557 is”.

400 5583 565 5647 quam
599 5577 768 5646 magis
797 5594 920 5631 mss.
962 5576 1095 5631 Vict.
1138 5573 1260 5628 Bec.
1305 5576 1538 5632 Val-Im.
1572 5589 1618 5632 et
1662 5577 1812 5634 Flor.
1853 5578 2026 5647 Quam
2060 5573 2231 5649 magis
