4200 6186
564 243 670 299 979

869 227 892 240 ἢ
930 239 987 300 S.
1019 240 1312 296 ANSELMI
1344 239 1690 295 CANTUAB.
1731 237 2048 294 AllClllEl’.
2090 239 2242 295 OPP.
2280 239 2456 295 PARS
2481 240 2545 292 ll.
2583 267 2651 278 ο-
2693 235 3056 292 PAIUENET.
3101 193 3187 292 ΙέΤ
3227 233 3467 293 ASCET.

3700 232 3800 290 980

560 365 656 410 tur
681 355 774 424 qui
819 355 990 424 perdit
1019 354 1179 406 vitam
1202 352 1442 419 justizize.
1479 369 1572 422 per
1597 352 1738 422 quod
1767 355 1938 422 perdit
1970 352 2129 405 vitam
2161 357 2205 411 Λ
2237 359 2338 402 tua:
2364 350 2455 380 ¹¹¹⁶³
2482 347 2766 419 potestatis
2793 347 2981 401 elfectu
3014 349 3103 380 ⁸⁸⁵⁸
3135 359 3374 405 mortuus
3404 349 3527 416 iste,
3569 359 3627 402 ut
3656 349 3804 403 vivus

563 441 800 508 beatam,
827 457 984 510 quam
1009 439 1096 510 qui
1127 441 1328 493 amittit
1356 440 1514 512 istam
1544 441 1792 495 miseram
1821 441 2004 493 vitam.
2034 439 2133 490 Dc-

565 534 730 605 nique
761 533 909 586 valde
951 530 1121 597 magis
1165 539 1221 585 et
1262 531 1513 589 miserius
1558 531 1740 583 interit
1785 529 1874 594 qui
1916 527 2137 582 dimittit

563 627 752 688 vitam,
781 637 901 692 quae
940 631 1156 677 servata
1199 630 1253 676 et
1295 622 1551 676 amissam
1579 620 1670 651 ‘m
1695 618 1937 685 corporis
1968 617 2132 672 vitam

563 710 843 767 meliorem
889 709 1146 775 restituit,
1196 720 1250 765 et
1290 709 1404 764 sine
1429 701 1533 775 q‘na
1560 706 1778 776 expedit
1821 720 1920 760 nec
1951 715 2135 758 natum

561 815 704 864 esse,
733 813 894 870 quam
921 799 1015 871 qui
1041 799 1239 854 deserit
1265 799 1426 860 illam,
1449 796 1572 850 sine
1599 809 1703 863 qua
1729 793 1860 847 nihil
1885 793 2137 862 prohibet

557 890 799 944 animam
830 888 1044 945 beatam
1072 902 1210 944 esse.
1242 885 1366 940 Hth
1396 884 1592 938 misera
1639 883 1743 936 vita
1788 884 1932 948 vivo,
1977 890 2032 937 et
2072 881 2139 935 ab

560 982 665 1038 bac
690 982 846 1038 beata
877 979 986 1034 vita
1014 987 1257 1034 mortuus
1295 989 1434 1030 sum.
1467 973 1524 1028 in
1554 987 1622 1029 eo
1646 974 1768 1027 vivo
1788 973 1930 1042 quod
1962 974 2028 1028 de
2053 987 2138 1028 me

487 1079 499 1089 '
561 1071 726 1126 vilius
767 1079 878 1134 est;
927 1069 980 1122 in
1008 1081 1073 1122 eo
1101 1074 1346 1121 mortuus
1369 1063 1460 1097 ¹⁸⁵⁷
1489 1079 1610 1120 sum
1637 1065 1779 1132 quod
1809 1063 2134 1118 meliusest.

563 1161 690 1216 Plus
730 1173 863 1229 ergo
909 1166 1154 1212 mortuus
1196 1165 1337 1212 sum‘
1360 1170 1522 1224 quam
1571 1153 1752 1215 vivus;
1800 1161 1856 1206 et
1902 1152 2139 1207 deterius

561 1257 806 1305 mortuus
860 1258 979 1301 sum
1036 1260 1201 1316 quam
1253 1260 1420 1300 carne
1473 1243 1764 1298 moriturus
1817 1257 1961 1296 sum.
2019 1241 2137 1297 Non

560 1337 823 1418 enititf“
849 1350 998 1392 mors
1024 1334 1111 1390 illa
1137 1333 1274 1389 mala
1310 1333 1436 1387 mihi
1464 1331 1585 1414 erit}
1616 1331 1716 1386 nisi
1745 1331 1871 1400 quia
1898 1331 1998 1386 ista
2025 1334 2137 1401 jam

560 1427 837 1497 praecedit.

632 1514 1049 1582 SanetePaule,
1084 1514 1202 1568 veni
1229 1513 1296 1568 ad
1325 1521 1376 1568 te
1405 1521 1463 1566 ut
1506 1522 1759 1582 peccator
1787 1511 2138 1567 reconciliau-

496 1648 498 1650 τ
560 1607 683 1674 dus,
715 1614 770 1662 et
792 1619 921 1662 ecce
949 1608 1194 1660 inventus”
1224 1619 1343 1659 sum
1370 1618 1552 1658 coram
1586 1614 1635 1657 te
1665 1611 1907 1660 mortuus
1933 1602 2030 1638 ‘3“
2056 1618 2137 1656 re-

563 1696 926 1753 suscitandas.
955 1694 1098 1753 ,νειιί
1130 1702 1191 1749 ιιι
1218 1709 1341 1750 reus
1367 1707 1504 1764 opus
1532 1694 1736 1749 habens
1764 1693 2137 1760 intercessore,
2174 1689 2214 1742 Β

561 1798 624 1843 et
659 1790 908 1844 inventus
937 1801 1057 1843 sum
1102 1785 1536 1849 malemortuus,
1568 1784 1814 1852 indigens
1851 1784 2142 1838 resuscita-

565 1886 698 1933 tore.
732 1875 802 1932 Ut
836 1875 1001 1931 miser
1029 1875 1173 1940 veni,
1205 1883 1258 1930 et
1287 1875 1650 1931 miserrimum
1694 1876 1779 1928 me
1809 1877 2007 1930 inveni.
2037 1875 2140 1929 Ac-

561 1968 700 2023 cessi
755 1967 902 2022 velut
953 1966 1105 2022 vivus
1139 1958 1443 2030 accusatus,
1488 1975 1541 2022 et
1569 1982 1695 2021 ecce
1724 1982 1907 2022 coram
1940 1975 1989 2021 te
2019 1981 2136 2022 smn

560 2070 811 2116 mortuus
837 2061 1142 2118 damnatus.
1183 2063 1318 2117 Nam
1341 2062 1442 2118 etsi
1483 2063 1716 2117 nondum
1749 2075 1866 2117 sum
1912 2061 2141 2118 traditus

561 2153 728 2218 morti
772 2153 1077 2222 torquenti,
1123 2153 1234 2222 jam
1287 2163 1462 2208 tamen
1511 2152 1761 2207 dimissus
1809 2168 1930 2206 sum
1981 2151 2138 2205 morti

562 2245 717 2307 illam,
755 2247 1071 2302 attraheuti.
1117 2245 1248 2300 Nam
1281 2246 1406 2299 licet
1443 2245 1676 2299 nondum
1707 2244 1808 2319 situ
1841 2244 1930 2275 ¹⁸⁶⁰
1957 2241 2139 2297 detru-

563 2354 659 2394 sus
684 2339 738 2392 in
767 2352 1044 2394 carcerem
1073 2321 1483 2396 tormentorum.
1511 2323 1691 2390 tamen
1715 2334 1829 2402 jam
1869 2348 1989 2388 sum
2011 2348 2140 2388 cou-

534 2489 536 2493 _
566 2426 748 2482 clusus
781 2426 834 2480 in
865 2426 1019 2481 fovea
1062 2433 1426 2496 peccatorum.
1469 2423 1727 2490 Quamvis
1747 2423 1892 2479 enim
1919 2423 2008 2455 ⁸⁸⁸³
2034 2437 2138 2476 non

564 2533 684 2573 sum
718 2517 893 2571 adhuc
924 2517 976 2571 in
1009 2515 1220 2571 inferno
1249 2515 1513 2583 sepultus,
1549 2515 1660 2584 jam
1699 2529 1816 2568 sum
1865 2521 2038 2567 tamen
2083 2520 2141 2565 ut

564 2607 919 2677 sepeliendus.
959 2607 1168 2662 delictis
1191 2605 1495 2660 obvolutus.
1524 2603 1634 2659 lloc
1655 2615 1771 2659 erat
1799 2612 1969 2669 certe,
1997 2603 2138 2672 quod

563 2712 724 2757 orare
756 2712 856 2753 nec
900 2708 1140 2768 poteram
1169 2711 1268 2750 nec
1305 2696 1560 2751 sciebam.
1593 2694 1704 2748 Hoc
1727 2703 1847 2749 erat
1875 2708 2000 2748 vere
2026 2694 2137 2756 ‘°",

563 2787 697 2858 quia
717 2802 804 2844 me
823 2787 968 2842 omni
997 2786 1072 2841 rei
1095 2785 1481 2852 exsecrabilem
1513 2783 1896 2853 intelligebam,
1921 2792 1975 2836 et
2000 2783 2143 2837 velut

563 2875 897 2931 iuseusibilis
935 2890 1042 2928 non
1086 2874 1353 2928 dolebam.
1398 2871 1759 2941 Intelligebam
1802 2885 1900 2939 per
1940 2880 2143 2925 natura:

563 2965 1007 3030 rationalitatcm,
1041 2980 1146 3018 non
1174 2965 1474 3019 sentiebam
1505 2977 1599 3028 per
1641 2962 1829 3016 mortis
1857 2960 2144 3016 insensibi-

564 3057 794 3112 litatcm.
824 3056 958 3111 Vere
979 3066 1226 3110 mortuus
1243 3070 1412 3117 eram,
1436 3063 1487 3106 et
1518 3061 1760 3106 utet-tuus
1785 3051 1926 3116 veni,
1949 3059 2002 3104 et
2024 3051 2147 3105 ideo
2170 3033 2214 3093 (ἶ

470 3204 475 3211 ,
566 3161 656 3201 me
687 3155 956 3200 mortuum
988 3143 1186 3199 inveni.

637 3233 684 3291 0
703 3236 865 3298 Deus,
886 3233 1009 3303 quis
1026 3234 1204 3288 orabit
1225 3248 1321 3301 pro
1344 3241 1557 3285 mortuo
1578 3229 1717 3284 isto?
1740 3230 1938 3284 Sancte
1957 3228 2144 3291 Paule,

570 3325 667 3383 tibi
709 3322 864 3378 attuli
895 3338 1048 3388 enm;
1083 3308 1160 3378 ne.
1191 3324 1456 3377 avertaris
1502 3337 1625 3377 eum
1657 3321 1778 3386 ¹⁸⁶³ς
1807 3336 1902 3376 ora
1933 3336 2030 3390 pro
2055 3336 2140 3375 eo.

569 3414 818 3478 Domine,
843 3414 987 3468 Elias
1009 3413 1098 3446 "W'
1124 3425 1175 3468 et
1204 3414 1430 3477 Eliseus,
1456 3423 1515 3467 ut
1540 3421 1781 3467 mortuos
1803 3413 2142 3474 suscitarent,

569 3507 799 3562 mortuis
845 3522 905 3559 se
949 3506 1271 3579 junxerunt,
1313 3515 1367 3558 et
1412 3505 1650 3563 mcu'ibra
1701 3501 1976 3562 membris,
2030 3499 2145 3552 vita

569 3597 802 3655 mortuis
827 3604 1235 3664 cooptaveruut.
1269 3593 1514 3654 Domine.
1549 3593 1655 3647 vivi
1684 3591 1777 3623 ’⁸⁸⁸
1801 3600 2042 3644 mortuos
2067 3597 2146 3641 at-
2186 3592 2192 3597 '

572 3699 750 3745 tactos
777 3688 1206 3750 viviﬁcaveruut,
1239 3696 1292 3740 et
1322 3685 1518 3740 mortui
1563 3683 1696 3737 vivis
1742 3683 1874 3736 nihil
1923 3681 2022 3734 nisi
2057 3679 2146 3712 ¹⁸⁶⁶

572 3780 798 3851 gloriam
830 3778 1144 3844 intulefunt.
1172 3775 1417 3837 Domine,
1443 3783 1498 3828 tu
1522 3789 1735 3842 quoque
1757 3773 1891 3826 dicis
1920 3771 2147 3838 teipsum

572 3871 753 3926 omnia
779 3868 1029 3926 omnibus
1057 3866 1274 3926 facturn.
1310 3875 1368 3918 ut
1393 3880 1580 3918 omnes
1604 3861 1929 3916 lucrifacias.
1964 3862 2149 3916 Amice

571 3959 692 4022 Dei,
731 3956 974 4026 exempla
1011 3955 1238 4009 aliorum
1283 3965 1367 4005 me
1398 3951 1598 4003 faciunt
1639 3963 1978 4018 przesumere,
1999 3941 2146 4005 dicta

574 4059 665 4100 tua
693 4061 777 4105 me
799 4046 1083 4098 hortantur
1103 4042 1392 4096 conlidere.
1421 4041 1600 4092 Dicam
1631 4052 1780 4108 ergo,
1806 4039 2040 4103 domine,
2067 4039 2148 4092 di-

575 4147 725 4200 cam;
754 4133 988 4197 domine,
1011 4133 1248 4196 domine,
1274 4128 1538 4183 descende
1568 4128 1632 4181 ad
1665 4138 1933 4182 mortuum
1962 4129 2149 4194 istum,

574 4224 816 4294 expande
851 4233 904 4278 te
934 4237 1096 4291 super
1142 4228 1414 4274 mortuum
1451 4218 1634 4283 istum,
1664 4218 1747 4273 fac
1791 4227 1840 4274 te
1868 4235 1972 4278 non
2007 4237 2144 4274 moro

577 4326 749 4379 tuum,
779 4315 871 4367 sed
900 4321 1152 4379 tauquam
1195 4317 1467 4363 mortuum
1498 4309 1678 4363 istum.
1707 4308 1929 4364 Caleliat
1956 4309 2143 4364 confo-

574 4417 661 4460 tus
684 4415 787 4460 tuae
807 4399 1192 4471 compassionis
1212 4398 1300 4429 “‘7
1317 4406 1518 4452 attactu
1543 4407 1785 4453 mortuus
1807 4399 1926 4462 iste,
1945 4399 2150 4454 revivat

2235 436 2496 506 gloriﬁcet
2523 437 2688 492 Deum
2719 446 2774 492 et
2803 445 2855 491 te
2914 447 3156 492 mortuus
3188 439 3307 494 iste.
3343 435 3584 504 Domine,
3617 455 3721 493 non
3746 453 3806 496 ea

2237 525 2502 594 impotens
2533 525 2676 580 hunc
2717 535 2988 580 mortuum
3031 527 3316 593 suscitare,
3359 529 3484 598 quia
3527 537 3663 586 teste
3698 529 3808 584 Deo

2237 612 2431 669 sullici't
2457 614 2549 669 tibi
2577 617 2748 684 gratia
2779 617 2891 673 Dei.
2936 617 3068 672 Nam
3099 619 3144 674 si
3191 619 3245 672 in
3291 630 3432 674 terra
3463 620 3679 691 degenti
3710 620 3803 673 tibi

2239 701 2470 768 sull‘ecit,
2517 705 2700 775 utique
2748 707 2799 760 in
2843 707 2981 762 cmlo
3028 709 3264 765 manenti
3313 725 3418 764 non
3465 711 3662 766 defecit
3695 711 3804 763 “7°.

2236 795 2365 862 Cur,
2407 797 2641 862 domine,
2680 799 2885 855 diutius
2925 801 3128 872 iacebit
3170 801 3382 856 oblatus
3428 801 3521 856 tibi
3569 812 3810 856 mortuus

2238 889 2353 942 sine
2381 889 2510 952 vita,
2541 903 2663 944 cum
2710 889 2850 945 Deus
2883 898 3112 946 testetur
3139 903 3282 946 tuam
3328 891 3643 960 potentiam,
3669 899 3726 945 et
3755 901 3810 944 tu

2241 979 2452 1032 testeris
2483 979 2596 1048 ipse
2637 987 2781 1032 tuam
2815 978 3110 1048 pietatem?
3141 980 3364 1035 Domine
3403 980 3566 1045 Deus,
3597 990 3649 1034 tu
3678 980 3814 1036 dicis

2237 1065 2403 1122 Paulo
2444 1085 2458 1120 :
2509 1067 2708 1137 Suﬂicit
2750 1063 2846 1123 tibi
2890 1071 3062 1144 gratia
3111 1086 3226 1123 mea
3261 1069 3360 1145 ‘(II
3403 1069 3525 1125 Cor.
3578 1087 3686 1135 xu,
3731 1069 3807 1140 9).

2238 1146 2437 1211 Sancte
2461 1155 2641 1223 Paule,
2677 1165 2730 1211 tu
2761 1157 2898 1213 dicis
2949 1158 3104 1214 nobis
3134 1177 3149 1212 :
3193 1157 3445 1224 Omnibus
3482 1162 3654 1214 omnia
3697 1176 3813 1214 sum

2239 1247 2406 1316 factus
2455 1248 2506 1318 (l
2550 1242 2672 1303 Cor.
2717 1263 2802 1313 ix,
2844 1247 2955 1319 22).
3007 1249 3074 1304 Et
3119 1264 3244 1306 ecce
3283 1249 3566 1305 verborum
3609 1259 3816 1307 vestro-

2238 1355 2359 1393 rum
2388 1339 2476 1371 ‘m
2505 1338 2758 1395 effectum
2793 1351 3070 1410 exspectat
3105 1351 3364 1409 mortuus,
3403 1344 3504 1399 hac
3526 1360 3622 1413 spe
3662 1345 3818 1400 vobis

2272 1431 2449 1487 llatus.
2483 1430 2587 1487 Vos
2615 1431 2814 1498 dicitis,
2839 1443 2892 1488 et
2935 1442 3178 1488 mortuus
3208 1433 3433 1489 audiens
3471 1445 3671 1502 sperat.
3704 1434 3817 1491 Vos

2254 1522 2570 1584 immittitis,
2598 1531 2654 1576 et
2693 1531 2938 1577 mortuus
2961 1538 3124 1578 orans
3151 1532 3445 1593 exspectat.
3480 1523 3586 1578 Vos
3610 1523 3817 1588 dicitis.

2238 1620 2293 1664 ct
2335 1626 2364 1664 a
2409 1611 2559 1666 vobis
2600 1620 2684 1666 est
2727 1610 3025 1680 prolatum,
3063 1611 3306 1673 obsecro.
3351 1614 3575 1666 sentiam
3622 1611 3814 1667 aﬂ'ectu

2241 1701 2382 1770 quod
2412 1701 2502 1734 ¹⁶”
2531 1702 2760 1758 nmudus
2787 1703 2985 1773 gaudet
3027 1717 3122 1771 per
3150 1715 3243 1757 vos
3289 1715 3409 1756 csse
3454 1700 3812 1770 prepalatnm.

2241 1790 2297 1845 Si
2346 1806 2377 1845 a
2409 1787 2558 1846 vobis
2586 1792 2786 1846 dictum
2840 1808 2944 1848 nou
2981 1793 3211 1865 negatis,
3257 1809 3353 1848 cur
3398 1793 3634 1861 poscenti
3680 1791 3815 1847 elle-

2240 1891 2384 1938 ctum
2426 1883 2740 1954 denegatis?
2778 1894 2872 1940 aut
2911 1885 2996 1955 cui
3043 1883 3286 1940 securius
3313 1893 3564 1937 mortuus.
3587 1871 3820 1938 resusci-

2241 1973 2435 2027 taudus
2477 1962 2746 2042 portatur,
2793 1973 2838 2026 si
2887 1988 2917 2027 a
2944 1959 3097 2028 vobis
3137 1972 3368 2038 oblatus,
3415 1987 3446 2026 a
3490 1972 3640 2026 vobis
3671 1967 3818 2026 mori

2243 2072 2363 2118 tuus
2392 2062 2485 2095 ¹⁸⁷³
2518 2065 2857 2132 reportatur?
2883 2063 3001 2130 Quo
3029 2063 3174 2117 illum
3222 2062 3451 2122 mittitis.
3495 2063 3539 2116 si
3586 2062 3662 2117 sic
3689 2077 3816 2116 eum

2240 2151 2548 2207 dimittitis?
2575 2151 2691 2220 Quo
2718 2151 2834 2211 ibit.
2871 2151 2916 2206 si
2945 2168 2976 2206 a
3010 2152 3160 2206 vobis
3192 2151 3391 2206 abibit?
3426 2151 3472 2206 Ο
3506 2152 3662 2214 Deus,
3691 2152 3821 2220 quis

2240 2243 2552 2307 resuscitat,
2583 2241 2629 2300 si
2674 2244 2816 2299 Deus
2845 2259 2951 2298 non
2985 2244 3303 2299 resuscitat?
3330 2245 3371 2295 A
3408 2258 3514 2310 quo
3542 2253 3818 2312 speratur.

2242 2335 2335 2389 sia
2360 2334 2469 2389 Deo
2489 2334 2839 2403 desperatur?
2863 2335 2904 2386 Α
2943 2350 3040 2402 tuo
3063 2333 3258 2388 amissa
3287 2332 3396 2387 vita
3426 2333 3677 2402 recipitur
3701 2331 3818 2398 "7",

2241 2425 2341 2480 nisi
2376 2440 2404 2478 a
2433 2442 2539 2495 quo
2569 2426 2718 2495 prius
2747 2425 3042 2494 accipitur?
3073 2426 3080 2432 '

2311 2512 2512 2568 Sancte
2537 2513 2721 2577 Paule,
2750 2515 2872 2583 quis
2903 2514 3162 2583 indigenti
3202 2523 3260 2568 et
3295 2513 3492 2568 dolenti
3541 2512 3657 2582 pius
3687 2512 3818 2577 erit,

2239 2604 2283 2658 si
2311 2604 2417 2667 ille,
2441 2605 2678 2674 quicum
2713 2604 3106 2659 inlirmantibus
3143 2603 3404 2657 inﬁrmari
3445 2617 3503 2658 se
3527 2602 3820 2671 prom'tlit,

2241 2696 2409 2750 durus
2449 2695 2586 2751 erit?
2620 2696 2752 2764 Quis
2796 2710 2955 2750 orare
3001 2709 3096 2764 pro
3127 2695 3325 2766 misere
3351 2693 3602 2763 dignatur
3625 2692 3737 2753 "'7',
3767 2695 3825 2746 si

2242 2785 2349 2850 ille,
2382 2787 2471 2854 qui
2521 2801 2578 2840 se
2623 2787 2873 2842 omnibus
2900 2786 3081 2842 otnnia
3122 2784 3322 2838 factum
3365 2782 3628 2853 publicat,
3670 2781 3824 2837 dedi-

2241 2876 2475 2943 gnatur?
2513 2876 2621 2929 Aut
2651 2875 2772 2944 quis
2801 2875 2886 2931 vel
2926 2874 3144 2930 auditur
3166 2873 3278 2936 ¹⁸⁷⁸,
3312 2872 3356 2927 si
3385 2869 3493 2936 ille,
3525 2871 3611 2926 cui
3640 2870 3826 2941 gratia

2245 2963 2339 3019 Dei
2380 2960 2597 3030 sullieit,
2645 2981 2752 3020 non
2800 2967 3088 3021 exauditur
3119 2964 3248 3016 “1”?
3285 2965 3366 3036 ᾼιι
3409 2962 3697 3032 illivpietas
3736 2963 3825 3038 vel

2246 3061 2481 3123 potestas
2505 3055 2708 3120 deﬁcit,
2733 3056 2819 3110 cui
2847 3053 3020 3126 gratia
3043 3055 3136 3110 Del
3171 3052 3399 3112 suiﬂcit?
3426 3052 3472 3109 Ο
3507 3068 3602 3107 vos
3635 3051 3820 3116 ambo,

2245 3143 2373 3213 quid
2419 3159 2513 3200 vos
2558 3155 2760 3211 movet,
2793 3145 2841 3200 si
2871 3144 2984 3202 haec
3023 3157 3133 3200 non
3177 3143 3424 3198 movent?
3474 3142 3623 3198 Unde
3661 3156 3821 3196 assu-

2246 3246 2410 3294 mam,
2447 3232 2546 3285 nisi
2579 3234 2644 3286 de
2667 3231 2841 3298 vobis,
2868 3231 3012 3303 quod
3034 3230 3100 3298 tul
3131 3231 3470 3287 excitandam
3505 3230 3822 3302 misericors-

2246 3322 2387 3386 diam
2417 3330 2648 3376 vestram
2687 3322 2977 3376 obtundam
3013 3317 3204 3378 vobis?
3237 3318 3444 3375 Mortua
3489 3319 3662 3372 anima
3687 3318 3824 3388 quid

2247 3409 2501 3464 obtendet
2533 3410 2600 3462 de
2644 3423 2720 3475 se,
2756 3409 2858 3464 nisi
2900 3408 3025 3478 quia
3060 3407 3334 3477 peccatrix
3375 3405 3430 3461 et
3467 3407 3660 3461 misera
3699 3408 3830 3460 est?

2247 3500 2520 3555 Ptenitens
2550 3508 2726 3554 tamen
2753 3508 2810 3554 et
2837 3499 3021 3554 dolens
3046 3508 3185 3554 orat.
3213 3499 3330 3554 0-si
3361 3497 3448 3551 ille
3472 3501 3565 3565 qui
3587 3496 3656 3550 de
3677 3496 3826 3550 eicio

2245 3590 2393 3643 venit
2414 3603 2610 3643 vocare
2631 3598 2939 3658 peccatores
2959 3590 3011 3644 in
3034 3587 3401 3658 pmuitedtiam
3421 3587 3530 3653 ⁸⁸7⁸,
3550 3596 3606 3640 et
3621 3586 3710 3641 ille
3725 3587 3824 3654 qui

2249 3689 2368 3749 post
2401 3694 2524 3734 eum
2556 3681 2622 3734 ad
2668 3682 2769 3735 hoc
2801 3680 2976 3748 ipsum
3021 3680 3140 3748 plus
3173 3680 3423 3735 omnibus
3459 3678 3738 3740 laboravit,
3774 3679 3831 3736 si,

2249 3771 2368 3826 ideo
2396 3779 2746 3826 contemnent
2793 3771 3142 3841 pamiteutem
3191 3770 3424 3823 animam
3466 3769 3588 3837 quia
3627 3782 3829 3836 pecca-

2252 3861 2355 3915 trix
2381 3861 2490 3916 est!
2517 3861 2576 3914 St
2603 3861 2709 3926 ille,
2736 3861 2824 3929 qui
2853 3861 2919 3915 de
2943 3860 3062 3914 sinu
3091 3858 3264 3913 Patris
3286 3844 3454 3912 exivit
3479 3864 3694 3926 portare
3724 3855 3848 3908 (Ιο-Δ

2249 3953 2390 4023 tores
2417 3961 2651 4016 nostros,
2692 3961 2748 4007 et
2787 3952 2896 4018 ille,
2939 3952 3028 4021 qui
3060 3966 3119 4005 se
3150 3965 3272 4004 cum
3303 3947 3696 4003 inﬁrmantibus
3726 3947 3832 3980 ³⁸⁷⁸

2251 4045 2381 4098 dicit
2425 4043 2707 4109 inﬁrmari,
2750 4044 2793 4098 si
2842 4043 3044 4098 ideirco
3077 4041 3378 4110 despiciunt
3407 4041 3496 4073 ¹⁸⁸⁰
3525 4040 3822 4103 dolentem,

2251 4132 2373 4201 quia
2405 4132 2598 4187 misera
2630 4144 2714 4188 est
2739 4133 2862 4185 '3“!
2899 4131 2956 4187 Si
3000 4131 3108 4197 ille,
3138 4131 3226 4200 qui
3261 4139 3318 4182 ιιι
3344 4139 3581 4186 mortuas
3607 4129 3824 4183 animus

2251 4221 2560 4286 suscitaret,
2589 4231 2861 4276 mortuum
2894 4235 2952 4276 se
2983 4220 3129 4284 fecit,
3155 4228 3210 4274 et
3238 4218 3327 4272 ille
3353 4217 3445 4286 qui
3478 4230 3536 4271 se
3567 4216 3825 4289 omnibus

2180 4347 2228 4407 θ
2253 4313 2432 4366 omnia
2461 4312 2658 4367 factum
2688 4313 2954 4382 perhibet,
2979 4311 3023 4366 si
3048 4312 3118 4366 ob
3143 4312 3244 4365 hoc
3271 4308 3516 4376 rejiciunt
3543 4306 3632 4340 ¹⁸³¹
3657 4321 3823 4361 oran-

2260 4411 2385 4466 teut,
2407 4403 2531 4473 quia
2557 4414 2763 4471 mortua
2793 4414 2877 4459 est
2899 4403 3019 4460 ""l
3048 4401 3265 4477 Non-ita
3291 4401 3452 4464 Deus,
3481 4415 3586 4454 non
3614 4397 3685 4451 ita
3708 4396 3780 4450 sit
3802 4410 3821 4449 :

1886 4535 2111 4613 vannis
2157 4536 2555 4593 LECTIONES.

655 4672 747 4705 ⁸⁸⁸⁸
777 4673 1000 4724 Servata
1031 4669 1281 4723 amissam
1312 4680 1673 4723 mss.~servata
1707 4680 1760 4724 et
1791 4671 2043 4725 amissam
2087 4689 2182 4726 ms.
2220 4670 2448 4726 Val-Inc.
2485 4684 2696 4728 servata
2727 4685 2783 4727 et
2823 4676 3022 4728 amissa
3137 4674 3228 4705 ¹⁸⁵⁷
3258 4674 3310 4726 lu
3343 4688 3406 4727 eo
3433 4678 3672 4725 mortuus
3712 4687 3816 4724 nu.

586 4741 722 4795 Vict.
764 4739 817 4792 ὅ.
850 4751 903 4791 et
932 4739 986 4790 in
1033 4753 1098 4791 eo
1127 4747 1368 4792 mortuus
1485 4739 1576 4772 ’⁸⁵⁸
1601 4739 1770 4804 Quam
1800 4755 1963 4793 carne
1993 4752 2237 4794 mortuus
2279 4757 2437 4794 sum:
2485 4761 2587 4794 non
2635 4744 2778 4796 enim
2813 4761 2935 4796 mss.
2969 4743 3087 4796 Bec.
3135 4741 3266 4796 Vict.
3298 4741 3450 4796 Corb.
3495 4739 3726 4793 Val-lue.
3767 4750 3818 4792 et

580 4811 731 4864 Flor.
775 4822 1124 4890 (luam'carne
1169 4809 1467 4863 moriturus
1490 4825 1785 4890 stntrguioti
1814 4809 1954 4890 enim
1987 4826 2082 4863 ms.
2117 4811 2439 4890 Tltn._qttattt
2467 4829 2628 4890 carne
2683 4823 2926 4866 mortuus
2951 4829 3101 4890 sum.
3116 4828 3276 4880 quam
3315 4826 3478 4890 carne
3506 4809 3819 4890 ,ιιιυινίιιιιηιιδ

581 4895 700 4934 sum
794 4875 900 4909 “”
945 4875 1019 4929 'l‘e
1067 4887 1124 4928 ιιι
1171 4887 1412 4932 mortuus
1441 4895 1562 4931 mss.
1608 4877 1735 4931 Vict.
1767 4880 1932 4931 nntiu.
1972 4888 2030 4930 nt
2132 4880 2220 4910 ¹⁸⁶⁰
2252 4875 2406 4932 Licet
2462 4882 2695 4934 nondum
2725 4896 2843 4939 sum
2895 4898 3017 4936 mss.
3065 4875 3195 4932 Vict.
3244 4881 3297 4935 ὅ.
3330 4889 3375 4931 et
3423 4877 3653 4934 Vni-Inc.
3688 4878 3819 4931 lit-ct

583 4947 816 5000 nondum
845 4946 946 4999 sim
1049 4945 1136 4977 ¹⁸⁶¹
1164 4945 1421 5011 Quamvis
1448 4948 1586 5001 enim
1634 4965 1729 5000 ms.
1774 4946 1904 5001 Vict.
1963 4950 2045 5000 l6.
2096 4948 2240 5007 omit.
2272 4950 2414 5005 enim
2519 4951 2609 4980 ¹⁸¹³¹
2641 4950 2766 5003 Erat
2809 4959 2959 5004 certe
2995 4967 3116 5003 mss.
3164 4947 3288 5001 Vict.
3337 4950 3388 5001 5.
3441 4947 3557 4999 Bec.
3589 4957 3636 4998 et
3678 4945 3811 4999 Tim.

585 5025 700 5068 erat
735 5031 858 5068 vere
972 5013 1061 5043 ⁸⁸⁸³
1110 5016 1182 5068 Ne
1214 5019 1476 5070 avertat-is
1519 5034 1639 5070 eum
1695 5035 1790 5070 ms.
1844 5016 1974 5068 'l‘lm.
2007 5020 2152 5071 omit.
2267 5019 2357 5048 ³⁸⁸³
2390 5018 2464 5070 Eo
2499 5021 2660 5072 Deum
2695 5017 2873 5072 llelias
2901 5034 3024 5072 mss.
3063 5034 3147 5079 eo,
3184 5017 3404 5070 Domine
3437 5015 3611 5077 Ilclias
3723 5016 3816 5046 '3“

585 5084 808 5137 Domine
839 5083 1016 5138 Paulo.
1048 5085 1151 5137 vivi
1197 5103 1317 5136 mas.
1351 5086 1516 5139 omitt.
1570 5087 1731 5139 Paule
1843 5087 1932 5116 ‘3“
1978 5087 2118 5140 Nihil
2150 5087 2251 5142 nisi
2301 5104 2396 5138 ms.
2432 5087 2562 5140 'l‘lm.
2594 5089 2739 5139 omit.
2854 5088 2941 5118 "‘3"
2969 5086 3368 5151 Compassionis
3417 5101 3511 5136 ms.
3559 5082 3691 5136 Virt.
3724 5085 3811 5139 l6.

583 5151 849 5222 passionis
898 5221 901 5222 ν
954 5152 1042 5184 ¹⁸⁶⁸
1075 5154 1295 5207 llevivat
1325 5165 1428 5207 tua:
1453 5174 1548 5207 ms.
1583 5155 1714 5207 Tim.
1748 5155 2029 5210 reviviseat
2063 5165 2166 5209 tua:
2273 5155 2365 5188 ¹⁸⁶⁹
2394 5157 2597 5209 Ail'cctu
2635 5173 2758 5209 mss.
2805 5157 2993 5210 ell'ectn
3073 5158 3161 5188 ¹⁸⁷⁰
3187 5155 3298 5209 Non
3332 5153 3513 5207 tlelicit
3554 5168 3676 5222 mss.
3705 5169 3815 5206 non

585 5219 784 5275 iicl'ccit
844 5221 980 5292 η¹⁸⁷¹
1033 5222 1327 5277 Verborum
1361 5236 1659 5278 vestrorum
1707 5240 1802 5275 ms.
1834 5223 1961 5278 l'ict.
2009 5227 2094 5278 lii.
2128 5227 2408 5279 verborum
2453 5235 2659 5277 tuorum
2777 5227 2868 5256 ¹⁸⁷¹
2915 5225 3192 5289 Etlectum,
3231 5226 3544 5292 t|tl0tlﬂtll88.
3571 5219 3814 5292 felicem,

586 5292 729 5362 quod
840 5291 998 5362 ⁸⁸⁷³Δρ
1041 5294 1186 5347 vobis
1232 5302 1473 5346 mortuus
1517 5311 1612 5345 ms.
1673 5293 1805 5345 Vict.
1861 5295 1943 5346 lii.
1990 5312 2019 5347 a
2081 5296 2234 5348 nobis
2286 5304 2527 5347 mortuus
2588 5327 2592 5336 ι
2640 5294 2729 5325 ⁸⁸⁷⁵
2765 5295 2881 5348 Vita
2935 5296 3188 5362 recipitur
3237 5291 3335 5345 ms.
3377 5291 3507 5344 Vict.
3563 5291 3649 5362 ιϐ.
3702 5291 3813 5362 vita

588 5359 827 5431 redditur
888 5360 1018 5431 77””
1049 5362 1237 5416 Misero
1273 5364 1524 5431 dignatur
1553 5379 1650 5414 ms.
1691 5362 1818 5414 Vict.
1857 5365 1935 5415 l6.
1992 5366 2189 5417 misero
2214 5364 2462 5429 dignetur
2565 5363 2656 5394 "‘7"
2685 5363 2774 5417 Vel
2805 5366 3020 5416 auditur
3047 5359 3143 5417 ius.
3182 5363 3314 5415 'l'lm.
3363 5362 3442 5414 vel
3475 5360 3624 5431 audit
3722 5360 3814 5420 9"

590 5426 703 5479 Non
732 5430 1010 5500 exauditur
1040 5447 1134 5482 ms.
1192 5426 1477 5483 'l'lmfnon
1506 5432 1724 5484 examlit
1801 5434 1888 5462 ³⁸⁷⁸
1918 5435 1992 5483 Ad
2041 5426 2407 5500 pwzaitentiani
2452 5450 2574 5484 mss.
2608 5433 2658 5484 in
2693 5434 3062 5499 poenitentiam
3140 5434 3227 5463 ιδίν
3256 5432 3386 5484 Cum
3433 5429 3659 5500 iulirmis
3689 5445 3814 5500 mss.

585 5512 707 5568 eum
733 5496 1135 5553 inﬁrmantibus
1235 5502 1323 5531 ¹⁸⁸⁰
1379 5501 1682 5568 Despician
1735 5520 1854 5554 mss.
1917 5495 2052 5554 Vict.
2099 5501 2252 5553 (ἔοι-ιι.
2287 5499 2435 5554 Flor.
2479 5495 2781 5567 despiciunt
2859 5503 2946 5533 ¹⁸δ¹
2981 5503 3140 5556 Miser
3168 5512 3244 5555 est
3281 5517 3400 5554 mss.
3441 5499 3573 5551 l'icl.
3607 5508 3651 5550 et
3692 5495 3820 5552 Val—

585 5563 690 5620 λιιι).
722 5568 913 5621 misera
943 5580 1022 5623 est
1098 5571 1184 5600 ¹⁸⁰²
1217 5569 1325 5624 ιιυυ
1358 5563 1595 5638 rejicient
1623 5587 1713 5623 ms.
1756 5569 1880 5623 Vict.
1925 5572 2001 5623 lb'.
2036 5572 2134 5624 huc
2169 5570 2426 5639 t‘ejiciuut
2497 5563 2586 5601 ιθδέ
2618 5571 2750 5637 Quia
2785 5581 3025 5625 llll.)l'lllilS
3070 5582 3148 5625 est
3181 5589 3302 5626 mss.
3334 5571 3456 5639 quia
3490 5578 3699 5622 mortua
3733 5574 3820 5621 est

3775 5963 3786 5970 .

3753 5983 3760 5994 ν
3865 5991 3882 6002 .-
