4200 6246
403 224 502 283 989

1820 228 1959 284 ORA
1968 227 2228 287 TIONES.

3544 230 3649 287 990

403 354 503 395 ma
528 339 775 411 pauperis
799 339 940 394 servi
970 339 1246 395 dilecturis
1269 341 1343 395 tui
1371 341 1484 406 Dei,
1511 338 1574 407 de
1598 340 1686 396 illa
1708 342 1959 411 opulenta
1990 350 2034 403 Α
2062 352 2118 397 et
2144 351 2349 411 quanto
2380 341 2514 396 facis
2548 341 2639 375 ⁸⁸⁸⁸
2669 349 2726 397 ιιι
2748 341 2927 411 plures
2944 340 3087 395 illum
3110 350 3322 408 alueul,
3353 353 3502 397 tante
3528 346 3649 413 plus

405 428 536 485 cella
570 427 764 485 mentis
794 438 897 482 tua:
924 429 1062 483 hanc
1109 428 1208 487 tibi
1254 444 1499 498 parvam,
1535 430 1665 485 mihi
1696 445 1971 500 magnam;

409 516 503 574 tibi
536 516 781 579 facilem,
815 516 948 570 milii
986 516 1204 572 vitalem
1228 515 1653 589 eleemosynarn,
1691 529 1747 574 ut
1790 522 1972 576 Domi-

406 623 505 662 nus
545 621 714 671 meus,
748 622 832 662 cur
862 608 1061 677 placuit
1088 608 1156 661 ad
1184 606 1383 663 multos
1410 608 1661 665 ditandos
1693 620 1744 664 te
1775 611 1972 681 ditare,

406 697 655 767 dignetur
678 711 797 752 eam
824 705 1041 766 pmpter
1071 705 1123 751 te
1146 694 1228 751 vel
1248 697 1317 751 ad
1342 697 1505 752 vitam
1534 699 1789 753 tuendam
1830 700 1975 756 refo-

404 785 615 841 cillare.
643 784 853 856 Pauper
881 770 1161 850 certe'est,
1201 785 1426 842 Domine
1456 788 1551 852 mi,
1573 788 1765 843 dilecte
1794 788 1975 851 Domi-

405 875 459 932 ni
491 876 684 942 nostri,
711 888 915 944 pauper
932 883 1015 929 est
1035 874 1211 929 anima
1232 859 1377 940 inea,
1408 875 1736 947 quodicogcr
1759 886 1814 933 et
1842 893 1968 933 erue

405 968 595 1024 bescor
660 965 929 1031 conﬁteri,
978 964 1258 1034 utriusque
1310 964 1611 1022 dilectionis
1663 967 1796 1033 Dei;
1848 968 1974 1038 quia

402 1058 557 1115 Valde
595 1055 734 1113 infra
760 1073 924 1128 quam
957 1056 1134 1120 debet,
1166 1055 1340 1125 diligit
1371 1056 1561 1125 Deum,
1583 1065 1639 1112 et
1663 1058 1833 1114 multo
1869 1057 1972 1114 mi-

405 1163 507 1203 nus
528 1164 691 1219 quam
722 1161 863 1221 eget,
894 1151 1136 1221 diligitur
1169 1167 1198 1206 a
1229 1151 1358 1207 Deo.
1393 1150 1651 1221 Equidem
1688 1151 1740 1205 in
1766 1165 1871 1205 uno
1890 1150 1973 1237 ga-

404 1248 521 1294 tcor
540 1255 625 1296 me
656 1242 806 1297 valde
842 1242 1134 1312 injustum,
1166 1242 1218 1297 in
1258 1243 1427 1299 altero
1448 1240 1653 1310 justum
1688 1241 1887 1306 Deum;
1917 1241 1971 1295 iu

338 1390 339 1393 η
405 1340 634 1400 utroque
656 1332 829 1387 sentio
853 1346 939 1387 me
960 1333 1119 1388 nimis
1149 1336 1426 1401 miserum,
1458 1333 1603 1404 justo
1626 1331 1829 1402 judicio
1856 1333 1970 1391 Dei.

400 1419 521 1476 Non
549 1435 669 1477 sum
699 1420 899 1477 oblitus
930 1423 1030 1479 boc
1044 1424 1250 1489 dicens,
1280 1440 1313 1478 ο
1334 1432 1388 1478 ιιι
1413 1421 1555 1491 juste
1578 1432 1633 1478 et
1662 1423 1979 1479 misericors

403 1503 547 1565 Deus
580 1527 594 1563 :
632 1524 730 1567 nec
758 1524 876 1566 sum
920 1510 1160 1582 ingratus
1200 1512 1526 1567 multimodis
1570 1512 1847 1567 beneﬁciis
1872 1522 1974 1567 tuae

402 1613 531 1668 erga
581 1613 667 1654 me
699 1597 1003 1654 dilectionis
1048 1594 1310 1655 ab’iuitio
1341 1600 1636 1657 crcatiouis
1666 1617 1835 1665 meae;
1874 1601 1987 1657 sed

403 1690 577 1744 donec
626 1686 1125 1759 satictur.utraque
1166 1698 1253 1743 tua
1297 1689 1604 1756 dilectione,
1652 1705 1867 1760 semper
1914 1682 1975 1746 se

401 1792 697 1850 pauperem
776 1786 831 1831 et
909 1792 1128 1847 egenam
1201 1777 1399 1834 clamat
1476 1780 1723 1834 esuriens
1797 1781 1973 1835 anima

402 1856 544 1921 mea.
700 1876 701 1879 ‘

471 1954 682 2024 Quippe
710 1954 812 2010 boc
838 1950 1013 2025 ipsum
1042 1965 1123 2013 est
1150 1957 1216 2012 de
1242 1957 1511 2024 maximis,
1552 1959 1619 2014 de
1651 1960 1975 2029 gratissimis

408 2046 500 2090 ⁸⁸³⁸
525 2046 656 2101 milii
693 2047 798 2101 tuis
818 2033 1115 2123 beneﬁciis,
1146 2047 1274 2116 quia
1295 2063 1393 2117 per
1413 2060 1631 2105 suavem
1656 2062 1868 2123 gustum
1899 2055 1972 2107 tui

409 2138 549 2191 banc
576 2137 629 2190 in
662 2150 746 2191 me
773 2117 1021 2190 excitasti
1045 2137 1379 2205 aviditatem,
1412 2148 1470 2193 ut
1496 2117 1685 2195 renuat
1715 2141 1973 2209 consulari

402 2227 589 2281 anima
616 2241 730 2279 mea
753 2222 924 2294 (Psal.
948 2240 1128 2293 Lxxvt,
1156 2227 1233 2296 3),
1261 2227 1363 2282 nisi
1382 2243 1476 2297 per
1500 2228 1614 2296 ejus
1637 2232 1965 2285 satietatem.

400 2318 481 2371 Ad
522 2330 683 2386 quam
712 2314 1102 2384 impetrandam
1132 2316 1388 2384 quoniam
1420 2334 1523 2379 non
1552 2318 1746 2373 suﬂicit
1775 2321 1973 2390 suppli-

400 2406 542 2462 catio
573 2406 748 2460 minus
773 2405 952 2460 dilecti
977 2408 1277 2474 peccatoris
1309 2408 1416 2473 tui;
1447 2409 1513 2477 ad
1542 2424 1660 2463 eam
1680 2410 1972 2480 impetran-

400 2499 525 2553 dam
574 2496 689 2563 "7“,
712 2496 912 2555 invoco
955 2497 1145 2555 merita
1200 2502 1425 2552 multum
1482 2498 1660 2555 dilecti
1698 2500 1971 2561 dilectotis

403 2588 499 2647 tui.
520 2587 682 2658 Ergo,
711 2597 763 2641 tu
796 2587 935 2641 boue
961 2585 1147 2649 dulcis,
1190 2595 1247 2642 et
1287 2588 1460 2643 dulcis
1498 2590 1660 2656 bone,
1698 2606 1727 2643 a
1756 2606 1861 2660 quo
1888 2600 1971 2647 est

399 2695 562 2738 omne
598 2681 823 2746 bonum,
854 2679 940 2736 iac
968 2678 1117 2735 illum
1148 2679 1278 2735 mihi
1305 2688 1360 2735 et
1379 2683 1442 2735 te
1470 2680 1567 2747 illi,
1600 2682 1709 2736 imo
1738 2691 1791 2737 et
1824 2692 1875 2737 te
1900 2683 1967 2737 il-

404 2771 516 2826 lum
546 2769 678 2826 mihi
728 2768 1082 2837 exorabilem,
1112 2778 1171 2824 ut
1204 2783 1303 2839 per
1338 2768 1485 2824 illum
1514 2784 1771 2840 assequar
1812 2770 1971 2844 hujus

398 2861 673 2918 satietatis
702 2861 1069 2919 desideratum
1104 2860 1323 2916 bonum.
1369 2859 1537 2927 Scio,
1561 2861 1808 2927 Domine,
1855 2865 1969 2919 scio

394 2961 451 3008 et
478 2950 654 3053 lateor
678 2951 806 3021 quia
836 2966 934 3021 ego
963 2966 1073 3013 non,
1093 2964 1211 3053 sum
1244 2948 1436 3019 dignus
1462 2964 1621 3018 quem
1650 2960 1706 3003 tu
1735 2950 1963 3023 diligas;
1994 2995 2036 3053 ϐ

395 3040 493 3096 sed
519 3051 670 3097 certe
700 3049 755 3096 tu
792 3054 900 3095 non
923 3056 981 3097 es
1011 3040 1260 3111 indignus
1286 3055 1448 3110 quem
1477 3055 1576 3111 ego
1608 3042 1851 3115 diligam.
1890 3046 1967 3099 Da

397 3148 532 3204 ergo
561 3133 715 3198 milii,
754 3132 1003 3198 Domine,
1037 3146 1135 3202 per
1155 3133 1271 3202 ejus
1305 3133 1524 3198 merita,
1555 3135 1694 3188 unde
1722 3146 1776 3188 tu
1798 3150 1858 3190 es
1887 3135 1971 3190 di-

394 3239 556 3295 gnus,
592 3234 647 3280 et
673 3239 767 3281 ero
803 3225 1019 3295 dignus,
1054 3226 1198 3279 unde
1226 3238 1344 3279 sum
1380 3225 1650 3296 indignus.
1692 3226 1799 3281 Sed
1842 3238 1968 3283 oret

398 3313 491 3348 "7'
528 3330 625 3384 pro
655 3331 740 3370 me
768 3315 964 3385 potius,
994 3315 1117 3385 quia
1149 3314 1264 3384 ipse
1283 3322 1459 3383 potest
1484 3314 1754 3371 eﬂicacins
1775 3318 1863 3373 ille
1890 3318 1971 3373 di-

395 3402 565 3461 lectus
613 3413 734 3459 tuus
769 3444 785 3470 ,
829 3405 1053 3460 Domine
1116 3404 1263 3460 Jesu.
1326 3404 1456 3461 Oret
1529 3405 1616 3461 ille
1668 3409 1814 3477 pium
1864 3423 1963 3476 pe-

395 3504 520 3550 ctus
572 3504 747 3561 tuum,
789 3496 943 3551 dulce
1016 3497 1420 3550 rcclinatorium
1487 3513 1640 3552 suum
1695 3514 1794 3567 pro
1841 3514 1965 3565 me;

394 3592 451 3638 ct
502 3584 695 3639 exaudi
750 3594 809 3639 ιιι
852 3584 1175 3641 desiderium
1228 3601 1405 3640 meum
1498 3600 1594 3641 uer
1637 3587 1787 3642 illum
1845 3604 1969 3657 pro-

394 3688 523 3747 pter
549 3690 621 3732 te.

469 3764 667 3821 Sancte
694 3764 927 3821 Joannes
946 3806 962 3831 ,
988 3764 1181 3820 dilecte
1209 3764 1334 3821 Jesu
1366 3765 1564 3839 Clu-isti
1601 3767 1808 3821 Domini
1840 3767 1965 3830 mei,

395 3864 550 3927 rogat
575 3865 625 3911 te
654 3869 841 3910 servus
867 3854 1025 3909 amici
1059 3855 1154 3919 tui,
1187 3864 1247 3909 ut
1274 3864 1488 3925 propter
1516 3871 1715 3911 nomen
1759 3858 1967 3911 Domini

394 3946 477 4002 sui
515 3944 785 4005 dilectoris
809 3944 881 3999 tui
924 3944 1183 4013 impetres
1229 3946 1306 4000 illi
1344 3955 1583 4001 mutuam
1624 3947 1966 4002 dilectionem

396 4035 514 4099 Dei,
546 4034 770 4101 impetra
801 4048 930 4103 ergo
971 4033 1062 4065 ⁸³⁷⁸
1100 4026 1231 4087 mihi
1271 4043 1536 4103 quatenus
1573 4035 1652 4089 sic
1685 4035 1872 4105 diligar
1901 4036 1968 4089 ab

396 4125 509 4190 illo,
543 4133 602 4177 ut
655 4134 705 4178 et
734 4138 834 4193 ego
865 4124 1024 4192 digne
1050 4123 1268 4194 diligam
1306 4125 1474 4179 illum.
1521 4124 1678 4180 Certe
1714 4140 1965 4194 namque,

393 4216 587 4272 dilecte
619 4214 734 4279 Dei,
769 4215 813 4269 si
840 4214 952 4284 ipse
984 4214 1157 4285 diligit
1185 4230 1281 4269 nos
1307 4225 1521 4285 propter
1552 4224 1625 4279 tc,
1660 4216 1969 4270 misericor-

2077 432 2457 489 illiretribuis.
2492 430 2601 486 Fac
2630 446 2779 501 ergo.
2826 430 3070 497 Domine,
3107 433 3245 488 lianc
3281 432 3507 502 supplici
3557 444 3647 488 tuo

2076 522 2519 586 miscricordiam,
2549 522 2689 577 unde
2732 531 2787 577 et
2833 532 2920 574 me
2969 520 3063 575 tibi
3094 522 3227 577 tanti
3278 524 3403 578 boui
3441 509 3646 579 debito-

2075 628 2225 679 rem,
2276 623 2331 667 et
2380 621 2433 667 te
2472 611 2583 667 Deo
2620 613 2779 667 unius
2832 614 3026 668 animae
3074 614 3640 668 l'aeias’redditorem.

2077 701 2201 766 Fac,
2230 715 2440 769 precor,
2464 700 2709 766 Domine,
2733 702 2815 756 fac
2841 716 2909 757 ne
2930 717 3147 767 renuas,
3171 704 3310 761 unde
3337 703 3463 756 nulli
3492 702 3647 756 dam-

2074 806 2201 845 num
2251 792 2494 857 eveniet,
2542 793 2637 846 sed
2690 782 2848 846 servo
2894 802 2984 846 tuo
3034 793 3203 857 salus,
3246 792 3339 846 tibi
3372 794 3561 862 gratia,
3591 802 3647 847 et

2075 879 2190 935 Deo
2218 878 2390 951 gloria
2438 880 2739 955 proveniet.
2790 881 3146 936 Dilectissime
3197 882 3450 950 discipule
3480 883 3648 951 picta.

2076 969 2165 1034 tis,
2196 986 2293 1023 cur
2322 972 2545 1038 negabis
2595 968 2876 1031 abundans
2918 972 3117 1039 egenti,
3166 979 3356 1038 poteus
3400 969 3643 1037 poscenti

2074 1061 2217 1131 quod
2259 1059 2387 1115 nulli
2435 1069 2518 1114 est
2571 1060 2788 1114 noxium
2819 1069 2874 1114 et
2904 1069 2981 1115 tot
3031 1059 3187 1114 bonis
3224 1059 3549 1114 obnoxium?
3586 1060 3645 1113 Si

2072 1150 2216 1206 enim
2244 1147 2513 1205 obsistunt
2546 1148 2750 1218 optanti
2782 1158 3002 1218 peccata
3035 1164 3161 1212 sua;
3192 1164 3292 1202 cur
3319 1163 3425 1201 non
3473 1148 3648 1216 potius

2074 1240 2333 1295 assistunt
2355 1239 2531 1294 oranti
2570 1238 2761 1292 merita
2785 1238 2908 1291 tua?
2935 1240 3016 1301 An
3057 1247 3275 1307 peccata
3314 1251 3431 1290 mea
3459 1246 3650 1305 poten-

2078 1333 2152 1387 tia
2183 1341 2307 1387 sunt
2336 1334 2402 1386 ad
2428 1331 2727 1386 nocendqu
2756 1330 2868 1393 "3‘,
2897 1339 2953 1383 et
2983 1330 3174 1384 merita
3204 1338 3291 1382 tua
3328 1329 3649 1397 impotentia

2066 1433 2198 1479 sunt
2244 1426 2310 1478 ad
2357 1422 2821 1476 subveniendum?
2850 1421 3026 1487 Absit,
3078 1420 3321 1482 Domine,
3384 1437 3448 1474 ne
3486 1436 3649 1490 cogar

2074 1512 2276 1569 sentire
2313 1512 2454 1579 quod
2509 1513 2703 1565 horreo
2761 1512 2961 1565 dicere.
3010 1510 3119 1566 Cur
3172 1510 3403 1579 denique
3447 1510 3649 1579 petenti

2074 1608 2297 1670 negetur
2333 1606 2550 1667 propter
2581 1607 2803 1667 peccata
2832 1613 2952 1664 sua,
2980 1598 3070 1665 qui
3104 1613 3165 1651 ea
3198 1597 3646 1673 contitendo,.ni-

2006 1671 2047 1729 Β
2078 1690 2151 1743 hil
2181 1704 2277 1758 per
2298 1702 2393 1741 sua
2426 1688 2614 1742 merita
2642 1687 2834 1757 quacrit
2858 1687 2947 1741 sed
2971 1701 3066 1756 per
3091 1694 3182 1739 tua
3210 1686 3234 1739 ?
3257 1686 3385 1750 Cur,
3404 1687 3647 1755 inquam,

2075 1795 2195 1835 cum
2236 1782 2439 1848 potiora
2491 1778 2599 1832 sint
2645 1778 2837 1831 merita
2878 1791 2999 1846 quae
3038 1774 3106 1828 ab
3160 1789 3225 1828 co
3259 1766 3657 1839 obtenduntur,

2075 1886 2234 1939 quam
2258 1870 2450 1925 delicta
2482 1884 2600 1937 qua:
2624 1868 2700 1921 illi
2734 1866 3093 1935 oliiciuutur?
3121 1867 3312 1921 Certus
3336 1867 3477 1919 enim
3505 1880 3644 1928 sum,

2062 1959 2322 2026 Domine,
2354 1960 2478 2030 quia
2501 1959 2544 2013 si
2572 1959 2650 2011 vis
2679 1958 2798 2026 plus
2824 1957 2966 2011 valet
2988 1958 3159 2026 gratia
3191 1965 3277 2009 tua
3312 1956 3451 2024 apud
3479 1956 3647 2012 Deum

2074 2049 2386 2104 dilectorem
2421 2059 2590 2113 tuum,
2619 2064 2776 2116 quam
2804 2056 2883 2112 ut,
2914 2046 3147 2101 dimissis
3194 2045 3430 2115 peccatis
3480 2046 3637 2111 meis,
3672 2094 3675 2095 ν

2074 2157 2157 2194 me
2184 2140 2412 2195 amando
2441 2139 2599 2193 faciat
2617 2148 2909 2193 amatorem
2933 2153 3113 2211 suum.

2143 2228 2303 2297 Ergo,
2331 2241 2367 2280 ον
2393 2226 2551 2281 beate
2596 2226 2850 2291 Joannes,
2902 2228 2988 2280 fac
3026 2234 3085 2279 ιιι
3113 2225 3202 2295 qui
3246 2234 3299 2279 te
3341 2224 3535 2295 diligit,
3563 2241 3662 2291 me

2071 2332 2284 2386 quoque
2312 2316 2499 2385 diligat
2518 2332 2612 2385 per
2642 2316 2784 2370 illam
2812 2304 3091 2371 cbaritatis
3108 2316 3459 2370 latitudinem
3482 2331 3645 2385 quam

2074 2404 2304 2460 docuisti
2358 2412 2412 2458 et
2465 2403 2662 2470 babes;
2696 2414 2752 2459 et
2796 2420 2900 2474 qua
2932 2404 3062 2458 nulli
3109 2403 3338 2468 invides,
3368 2404 3461 2459 sed
3492 2419 3644 2458 com-

2070 2516 2232 2555 mune
2262 2502 2343 2555 vis
2372 2504 2491 2555 esse
2514 2500 2711 2555 bonum
2739 2487 2847 2569 quo
2867 2498 3086 2569 gaudes.
3116 2496 3223 2551 Fac
3248 2510 3345 2566 per
3370 2496 3540 2549 vicem
3566 2493 3647 2551 di-

2071 2591 2317 2647 lectionis
2344 2606 2505 2662 quam
2537 2590 2611 2645 illi
2643 2589 2831 2653 debes,
2871 2598 2929 2642 ut
2968 2603 3142 2642 meam
3170 2601 3383 2657 quoque
3402 2587 3647 2641 dilectio-

2070 2698 2193 2738 nem
2223 2698 2343 2737 CUIII
2380 2692 2467 2737 tua
2497 2680 2571 2737 illi
2603 2672 2781 2736 solvas
2820 2680 2933 2748 "”,
2971 2680 3057 2734 cui
3089 2693 3185 2748 pro
3238 2693 3350 2732 soia
3407 2693 3506 2733 sua
3554 2676 3647 2713 ’⁸⁸³

2070 2793 2175 2833 non
2226 2778 2396 2834 solam
2442 2786 2628 2843 tuam,
2679 2778 2774 2833 sed
2865 2775 3059 2831 multas
3142 2775 3323 2831 debes.
3393 2774 3598 2845 Quippe
3628 2817 3642 2839 ,

2069 2870 2224 2925 beate
2257 2868 2493 2925 Joannes
2516 2909 2531 2934 ,
2556 2869 2671 2939 ipsa
2707 2877 2795 2922 tua
2826 2865 3125 2923 beatudine
3151 2879 3211 2920 es
3242 2875 3494 2935 expertus
3520 2866 3642 2934 quia

2069 2960 2212 3016 sicut
2236 2959 2412 3037 nullus
2441 2960 2550 3014 Deo
2576 2959 2725 3030 prius
2754 2974 2914 3028 quam
2946 2957 3139 3013 debeat
3172 2967 3351 3028 potest
3370 2957 3643 3021 tribuere;

2068 3051 2148 3107 sic
2177 3066 2277 3106 nec
2314 3051 2596 3121 plusquam
2645 3050 2825 3114 debet,
2851 3049 2993 3104 valet
3023 3049 3337 3104 retribuere.
3386 3048 3442 3102 Si
3510 3063 3646 3117 ergo

2068 3150 2334 3208 quotquot
2356 3142 2521 3193 Deum
2549 3150 2845 3217 amatorem
2888 3147 3034 3192 tuum
3058 3153 3156 3208 per
3186 3148 3236 3193 te
3265 3137 3511 3206 diligunt,
3537 3154 3643 3193 non

2066 3241 2293 3300 possunt
2322 3230 2663 3299 compensari
2713 3229 2837 3293 "3‘;
2866 3243 3077 3298 precor,
3127 3227 3368 3287 Domine,
3404 3242 3469 3282 ne
3512 3225 3646 3295 abji-

2067 3321 2179 3375 cias
2212 3320 2360 3375 illum
2392 3321 2483 3389 qui
2512 3322 2565 3373 in
2616 3320 2723 3374 illis
2752 3320 2922 3389 poscit
2957 3319 3356 3373 connumerari.
3392 3318 3643 3374 Accende

2067 3426 2251 3465 amore
2276 3410 2392 3479 ejus
2422 3410 2512 3441 ³³⁸⁵
2545 3417 2833 3477 tepentem,
2866 3419 2917 3463 et
2963 3409 3126 3463 redde
3175 3408 3486 3462 ferventem.
3520 3409 3633 3463 Ad-

2060 3498 2186 3567 juva
2211 3499 2491 3563 nitentem,
2512 3498 2704 3553 exaudi
2731 3507 3000 3554 orantem.
3408 3485 3421 3494 ’

2136 3587 2264 3643 Jesu
2299 3588 2543 3652 Domine,
2585 3603 2743 3655 quem
2778 3597 2905 3657 opto
2941 3588 3343 3654 exauditorem;
3387 3589 3642 3655 Joannes,

2066 3692 2225 3744 quem
2272 3677 2483 3745 postulo
2525 3678 2962 3743 intercessorem,
3005 3679 3085 3733 sic
3126 3695 3213 3733 me
3252 3680 3397 3749 cogit
3432 3681 3643 3735 deside-

2070 3770 2207 3822 rium
2237 3782 2437 3833 meum,
2474 3779 2531 3821 ut
2555 3768 2647 3799 ⁸⁸⁸⁸
2670 3782 2864 3837 cogere
2886 3783 2981 3822 vos
3000 3769 3266 3823 desideret
3298 3757 3393 3824 cor
3428 3786 3641 3835 meum;

2065 3874 2252 3911 verum
2290 3872 2393 3911 non
2430 3858 2624 3913 invitos
2647 3859 2761 3923 "3",
2796 3859 2890 3913 sed
2922 3870 3280 3927 spontaneos;
3314 3875 3420 3912 non
3456 3861 3644 3914 uolen-

2070 3955 2167 4009 tes,
2201 3947 2294 3998 sed
2327 3945 2593 3999 volentes.
2641 3946 2894 3999 Patimini
2929 3947 3091 4015 igitur
3134 3955 3189 3999 et
3227 3948 3461 4015 parcite;
3501 3958 3557 4002 et
3596 3950 3642 4003 si

2066 4034 2195 4102 quid
2229 4033 2501 4102 excogitat
2540 4048 2634 4088 cur
2668 4048 2867 4099 meum,
2895 4044 3140 4102 torquete
3172 4036 3238 4087 ad
3270 4050 3509 4089 amorem
3529 4036 3639 4089 “’5.

2070 4122 2378 4188 Sustinete,
2437 4123 2688 4192 inquam,
2754 4139 2871 4189 me,
2916 4122 3041 4195 quia
3098 4136 3252 4177 amor
3305 4126 3507 4179 amoris
3546 4125 3642 4179 Dei

2024 4218 2037 4231 ⁶
2070 4213 2215 4282 cogit
2256 4228 2362 4267 me.
2407 4212 2633 4266 Domine
2672 4222 2725 4267 et
2749 4212 2993 4277 Domine,
3033 4214 3215 4280 credo,
3249 4214 3361 4269 scio
3393 4214 3519 4281 quia
3559 4215 3655 4268 iu-

394 4304 539 4359 diam
572 4302 723 4357 nobis
762 4303 1023 4371 impendis
1047 4319 1063 4368 ;
1086 4312 1140 4356 et
1170 4304 1213 4358 si
1257 4320 1350 4359 nos
1384 4305 1667 4389 diligamus
1698 4306 1843 4359 illum
1877 4322 1968 4373 per
2000 4328 2043 4381 υ
2073 4305 2241 4356 vicem
2291 4318 2383 4357 vos
2420 4293 2666 4371 diligitis.
2737 4301 2846 4358 Sed
2885 4304 3027 4358 unde
3066 4304 3167 4358 huc
3207 4304 3321 4373 ipse
3362 4318 3651 4372 experiar;

396 4408 469 4462 te,
496 4394 987 4467 gratiamilli292
1008 4397 1272 4466 rependis.
1291 4397 1469 4460 Certe,
1496 4385 1735 4461 Domine,
1753 4398 1795 4451 si
1819 4397 1966 4450 illum

394 4490 769 4564 convertisad
792 4506 890 4546 uos
928 4489 1240 4552 amandum,
1270 4488 1407 4542 facis
1430 4504 1528 4542 nos
1554 4489 1647 4542 tibi
1684 4489 1817 4542 tanti
1841 4487 1967 4543 boui

398 4581 490 4614 ¹⁹⁷⁹
521 4580 792 4634 debitores
817 4595 830 4643 ;
852 4588 906 4632 et
941 4580 983 4631 si
1017 4594 1113 4631 nos
1135 4578 1379 4631 accendis
1396 4578 1628 4632 adillum
1654 4578 1966 4644 amandum,

395 4670 528 4723 fucis
566 4680 615 4723 te
663 4667 735 4744 illi
767 4665 932 4720 debiti
987 4667 1330 4721 redditorem.
1377 4666 1536 4720 Certe
1588 4667 1765 4730 beate,
1796 4682 1965 4734 quan-

395 4773 723 4830 tumcunque
750 4760 917 4813 facias
957 4767 1012 4812 ut
1044 4756 1223 4826 plures
1251 4766 1418 4821 amet,
1454 4756 1584 4809 nihil
1609 4757 1701 4810 tibi
1734 4758 1961 4820 minutis;

2068 4396 2113 4449 si
2139 4394 2280 4462 quod
2317 4402 2440 4463 peto
2464 4403 2684 4463 propter
2714 4393 2964 4460 invicem,
2992 4411 3097 4449 non
3122 4393 3458 4449 conceditis?
3478 4393 3644 4448 Jesu?

2068 4485 2210 4537 unde
2258 4494 2313 4537 tu
2358 4483 2488 4537 mibi
2517 4523 2532 4548 ,
2596 4495 2688 4537 aut
2731 4499 2833 4552 ego
2872 4484 3121 4554 cuiquam
3167 4486 3334 4553 probo
3383 4484 3472 4517 "5’
3515 4485 3645 4551 quia

2068 4590 2220 4629 amas
2264 4574 2431 4641 illum,
2470 4574 2515 4628 si
2551 4590 2651 4629 nec
2680 4576 2848 4629 amari
2892 4592 2920 4629 a
2961 4584 3031 4639 te,
3076 4588 3176 4629 nec
3218 4575 3299 4629 vel
3340 4589 3524 4628 amare
3566 4559 3641 4638 te,

2066 4668 2164 4720 das
2190 4666 2396 4735 optanti
2434 4666 2563 4721 milii
2594 4675 2811 4734 propter
2845 4665 3033 4739 illum}?
3070 4662 3323 4728 Joannes,
3361 4664 3501 4718 unde
3534 4679 3636 4734 ego

2070 4758 2298 4812 sentiam
2343 4756 2468 4826 quia
2506 4758 2680 4827 diligit
2727 4768 2814 4824 te,
2874 4758 2922 4812 si
2960 4771 3066 4811 non
3108 4756 3237 4811 mihi
3278 4757 3533 4829 impetres
3575 4766 3633 4809 ut

1698 4846 1779 4899 VA
1791 4846 1925 4900 ιῖΙΛΞ
1964 4845 2357 4905 LECTIONES.

469 4944 560 4975 ’³⁷⁸
605 4924 676 4996 De
728 4939 1222 5010 gi':wissint_is_mss.
1280 4934 1344 4989 de
1390 4937 1709 5010 gratissimis

1816 4937 1907 4967 ’³⁷⁸
1954 4938 2034 4991 Ad
2080 4951 2200 5004 eum
2248 4936 2635 5004 implorandum
2676 4953 2799 4987 mss.
2849 4934 2981 4987 Vict.
3012 4934 3096 4988 16.
3130 4945 3175 4987 et
3212 4932 3364 5004 Flor.
3402 4933 3470 5004 ad
3508 4948 3643 5004 cum

396 5000 786 5082 impetrandam
864 5009 949 5039 ¹⁹⁷⁷
983 5007 1088 5061 Sed
1131 5014 1184 5058 et
1210 5000 1491 5082 oret_uis_s_._
1516 5006 1644 5082 Vict.
1685 5005 1913 5082 l’uLIuC.
1948 5018 1994 5059 et
2046 5002 2200 5082 Flor.
2242 5000 2348 5082 sed
2375 5015 2491 5082 oret
2566 5006 2937 5082 _"7'-Inlnnpletra
2972 5020 3099 5082 rogo
3130 5019 3252 5081 mss.
3286 5000 3642 5082 Corb.mVrcl.

399 5076 487 5136 ισῖ
524 5092 571 5135 et
620 5076 752 5132 Tim.
798 5089 1030 5147 impetra
1054 5090 1181 5144 ergo

406 5152 639 5205 ναι-[ιω.
682 5146 906 5216 quanto”
932 5146 1065 5199 facis

397 5221 474 5276 illi
504 5214 805 5277 salvas—ms.
856 5216 989 5268 Vict.
1024 5214 1109 5267 16.
1143 5228 1261 5266 cum
1300 5214 1372 5266 illi
1404 5214 1581 5269 solvas

398 5289 732 5359 couqieusari

399 5375 599 5423 )IlCtllIt,
634 5363 714 5411 ut'

1292 5076 1384 5106 "1’
1421 5076 1530 5128 I‘ibi
1584 5076 1706 5127 L-oni
1738 5077 1867 5129 tanti
1923 5093 2046 5128 mss.
2085 5074 2220 5127 Vict.
2247 5077 2413 5127 omitt.
2452 5075 2576 5129 boui

1175 5144 1264 5175 ¹⁹⁸¹
1314 5144 1391 5196 Ad
1444 5147 1766 5211 poscendum
1814 5162 1937 5198 mss.
1982 5144 2111 5197 Vict.
2179 5143 2410 5196 Val-Inc.
2444 5154 2489 5196 et
2541 5142 2691 5195 Flor.
2728 5144 2793 5195 ad
2848 5141 3145 5211 nocendum

1694 5214 1785 5245 ¹⁹⁸³
1817 5213 1918 5267 Per
1944 5215 2111 5268 solam
2158 5229 2307 5266 suam
2367 5230 2489 5265 mss.
2525 5228 2620 5279 pro
2648 5212 2757 5279 scla
2808 5226 2900 5263 sua

826 5287 917 5317 ¹⁹⁸⁸
943 5286 1141 5338 Amore
1162 5282 1277 5349 ejus
1321 5300 1444 5335 mss.
1516 5283 1645 5335 Vict.
1681 5283 1764 5337 16.
1798 5294 1846 5337 et
1876 5282 2025 5336 Flor.
2061 5297 2298 5335 amorem
2329 5280 2443 5347 ejus

797 5356 882 5387 ⁸⁸⁸⁷
917 5355 1029 5407 Non
1060 5351 1257 5406 invitos
1274 5369 1371 5405 ms.
1409 5349 1539 5405 Vict.
1568 5353 1619 5405 ὖ,
1646 5357 1749 5406 non
1782 5353 2035 5407 invitatos

2695 5068 3021 5138 "‘“Quauto
3038 5068 3228 5125 vinciet
3254 5087 3376 5123 mss.
3443 5068 3575 5123 Vict.
3598 5086 3641 5123 et

2728 5144 2793 5193 ad
2848 5141 3145 5193 nocendum
3262 5139 3351 5169 ¹⁹⁸²
3378 5137 3512 5193 Cum
3554 5149 3641 5193 tua

3425 5155 3512 5194 ιιιιι
3554 5149 3642 5194 tua

2749 5156 2793 5195 HJ
2848 5156 3145 5211 uocetutum
3263 5156 3512 5195 ιὀ-ιιιιιιι
3554 5156 3640 5194 tua

2749 5228 2757 5283 ι
2808 5226 2900 5283 sua
3015 5210 3105 5240 “3"
3132 5211 3492 5283 Compensare
3518 5225 3640 5283 mss.

2548 5282 2638 5313 "‘5
2669 5276 3019 5345 DeSidcrium,
3052 5288 3109 5331 ut
3161 5276 3284 5331 mss.
3317 5276 3641 5330 desiderium

2146 5352 2237 5382 “33
2262 5351 2465 5417 Siquid
2490 5351 2760 5417 excogitat
2783 5364 2935 5400 antur
2959 5361 3013 5402 ut
3032 5356 3351 5415 extorqueat
3382 5361 3638 5398 amorem.

400 5444 498 5481 nis.
527 5419 681 5481 εισι.
713 5427 775 5480 Ει
805 5426 881 5479 sic
918 5422 1188 5490 excogitat
1228 5438 1321 5473 cur
1351 5438 1524 5474 meum
1557 5433 1807 5490 torquere
1837 5424 1909 5478 ad,
1941 5436 2178 5476 amorem
2208 5437 2305 5473 ms.
2337 5420 2469 5472 'I'lm.
2500 5430 2553 5473 et
2584 5420 2708 5484 quid
2738 5419 3007 5490 excogitat
3038 5434 3139 5490 cur
3185 5432 3359 5469 meum
3394 5425 3641 5490 torquere

399 5499 467 5549 ad
499 5514 733 5551 amntem

814 5496 902 5526 ³³⁸³
936 5483 1084 5547 Unde
1128 5500 1179 5542 tu
1211 5490 1340 5542 mihi
1389 5502 1600 5558 autcgn
1627 5483 1879 5559 cuiquam
1929 5492 2094 5560 probo
2141 5507 2235 5542 ms.
2282 5492 2400 5543 ltiti.
2465 5490 2568 5541 Sed
2595 5483 2732 5539 unde
2760 5488 2857 5560 lim:
2892 5483 2944 5539 tu
2977 5488 3104 5540 milii
3138 5495 3225 5538 aut
3268 5500 3366 5553 ego
3395 5483 3641 5547 cuiquam

401 5570 567 5636 probo
604 5583 696 5620 uta.
734 5567 864 5621 'l'lm.
910 5562 1044 5617 unde
1080 5570 1126 5611 tc
1161 5561 1288 5613 milii
1320 5577 1415 5614 ec.
1454 5578 1546 5613 ms.
1592 5558 2023 5637 ι’ῑςιζιϋμιιιιιιρ
2056 5570 2109 5615 ιιι
2139 5560 2265 5613 mihi
2299 5570 2382 5611 aut
2412 5559 2655 5626 cuiquam
2686 5558 2849 5624 probo

616 5756 631 5791 ι
