4200 6252
447 190 551 245 993

1847 179 2263 236 ORATIONES.

3582 164 3688 230 993
3734 223 3740 230 .

446 298 616 369 gloria
668 314 765 352 sua
814 296 1087 362 viderent;
1158 295 1299 366 quod
1360 302 1511 348 tanta
1561 291 1848 347 charitatis
1905 295 1998 323 ¹⁰¹¹
2033 298 2077 349 Α
2105 292 2330 360 Semper
2369 288 2612 343 infernus
2654 297 2891 357 apertus,
2925 297 2980 342 et
3011 282 3424 353 tormentaeth
3457 294 3674 354 parata,

394 414 399 418 -
445 391 645 458 pietate
678 387 877 449 arsisti,
924 395 981 440 ιιι
1010 388 1152 456 pium
1182 401 1243 441 os
1276 395 1421 439 tuum
1454 385 1541 453 pie
1585 399 1681 453 pro
1732 383 1911 453 impiis
1959 393 2012 437 te

449 476 843 547 perimentibus
873 486 1075 531 oraret.
1104 475 1196 531 Sic
1241 475 1361 539 fuit,
1400 474 1540 530 bone
1588 475 1888 541 Stcphane,
1929 475 2008 528 sic

447 567 566 620 fuit.
605 568 694 622 Sic
719 567 923 637 gaudeo
951 566 1119 621 fuisse
1149 565 1274 632 “"3
1305 575 1362 620 et
1388 566 1467 620 sic
1495 565 1725 635 gaudeo,
1760 565 1933 626 lzctor,
1957 572 2011 617 ct

442 656 657 712 exsulto
687 671 770 710 me
798 656 1133 726 cognovisse.
1158 654 1367 724 Quippe
1388 663 1633 709 metuens
1655 656 1785 723 tuin
1812 653 2012 722 judicis

443 744 739 799 districtam
768 744 1112 807 sententiam,
1142 752 1405 806 metuens,
1432 744 1671 810 inquam,
1699 730 1799 811 ego
1825 757 2011 812 pecca-

444 842 527 886 tor
560 843 615 888 et
639 849 781 894 reus,
813 834 1059 902 meritam
1099 848 1341 902 poenam,
1371 846 1507 901 opus
1533 832 1705 886 habeo
1741 830 2009 900 adjutore,

441 931 496 976 et
527 923 682 977 dulce.
712 931 768 977 et
811 931 980 977 tutum
1013 924 1186 977 habeo
1214 932 1265 975 te
1309 922 1522 976 mittere
1571 921 2009 985 intercessorem,

442 1021 503 1065 ut
557 1010 738 1080 places
782 1014 876 1065 ‘9"
916 1014 1046 1066 mihi
1090 1013 1512 1079 omnipotentem
1556 1013 1790 1066 amicum
1840 1021 2009 1075 tuum,

440 1102 725 1155 Dominum
749 1113 799 1157 et
832 1100 1144 1155 Creatorem
1179 1117 1357 1156 tncum
1391 1112 1445 1155 et
1474 1110 1645 1155 tuum.
1693 1101 1819 1157 Scio
1843 1103 2009 1167 enim,

440 1181 677 1253 domine,
708 1202 763 1246 et
806 1203 986 1246 certus
1012 1208 1130 1246 sum
1160 1208 1227 1246 ex
1268 1193 1476 1262 magnis
1518 1193 1724 1247 meritis
1754 1194 1859 1247 tuis
1885 1192 2011 1262 quia

437 1296 617 1353 potes;
649 1282 858 1338 conﬁdo
886 1298 950 1337 ex
975 1285 1188 1352 copiosa
1214 1284 1477 1337 eharitate
1500 1284 1621 1352 quia
1646 1284 1826 1347 voles;
1852 1298 2011 1352 spero

439 1389 505 1427 cx
538 1374 801 1428 immensa
841 1374 1211 1427 misericordia
1245 1372 1445 1439 judicis
1480 1374 1603 1443 quia
1637 1390 1741 1428 non
1770 1376 2009 1445 negabit.
2048 1445 2056 1452 Ι

438 1463 646 1518 Auxius
671 1464 851 1532 itaque
877 1472 930 1519 et
956 1472 1190 1518 tremens
1218 1462 1498 1534 rcl‘ngitad
1521 1472 1573 1517 te
1600 1464 1738 1520 male
1761 1465 2011 1521 conscius

437 1553 539 1606 sibi
578 1562 847 1621 peccator.

513 1642 646 1698 Vide
693 1659 846 1714 ergo,
889 1644 981 1713 pie
1030 1644 1321 1715 Stephano,
1360 1644 1661 1714 angustiam
1709 1660 1907 1711 meam,
1954 1656 2010 1700 et

444 1733 607 1787 dilata
654 1750 815 1804 super
851 1749 971 1789 eam
1013 1735 1109 1765 ’°"
1146 1736 1465 1789 eharitatem
1504 1747 1667 1789 tuam.
1699 1735 1838 1790 Ecce
1862 1732 2007 1791 enim

444 1833 589 1878 astat
616 1840 738 1879 reus
759 1834 883 1878 ante
907 1826 1243 1879 tremendum
1263 1823 1519 1891 iudicem.
1548 1825 1847 1878 Accusatur
1872 1826 2010 1880 mul-

445 1916 518 1970 tis
554 1925 609 1970 et
662 1898 887 1986 magnis
917 1916 1156 1969 olfensis.
1211 1914 1562 1970 Convineitur
1610 1922 1746 1969 teste
1788 1916 2007 1985 propria

441 2006 792 2070 conscientia,
832 2014 886 2060 et
915 2007 1138 2060 testibus
1174 2005 1349 2061 oculis
1390 2004 1558 2072 ipsius
1586 2004 1812 2074 judicis.
1853 2004 2003 2059 Dona

388 2100 398 2109 ‘
434 2102 543 2146 non
577 2094 706 2162 egit,
748 2108 867 2162 quas
897 2093 1037 2147 male
1071 2094 1208 2153 actis
1248 2102 1575 2162 compensct.
1611 2092 1823 2147 Nullum
1852 2095 2007 2148 fami-

436 2180 626 2235 liarem
649 2181 847 2250 judicis
887 2180 1066 2250 aliquo
1090 2180 1364 2248 praeterito
1402 2181 1661 2248 obsequio
1697 2182 1893 2235 meruit
1923 2183 2007 2235 iu-

441 2270 814 2334 tercessorem,
851 2284 1043 2324 omnes
1069 2270 1388 2324 oliendendo
1419 2270 1614 2323 meruit
1641 2279 2003 2326 accusatores.

436 2359 607 2415 Jndex
638 2359 953 2414 terribiliter
986 2359 1287 2425 districtus,
1328 2358 1742 2437 intolerabiliter
1762 2375 2005 2429 severus,

437 2451 790 2505 immoderate
827 2449 1083 2513 oﬂensus,
1116 2451 1465 2505 vehementer
1500 2451 1691 2505 iratus.
1724 2440 2003 2507 Sententia

436 2541 555 2611 eius
590 2538 755 2593 semel
790 2537 997 2608 prolata
1029 2538 1400 2604 immutabilis,
1431 2554 1619 2594 career
1650 2540 2006 2597 irremeabilis

436 2640 677 2700 apertus.
726 2629 782 2683 In
835 2644 1055 2684 carcere
1103 2639 1368 2685 tormenta
1418 2627 1672 2685 immania
1722 2632 2001 2700 disposita,

435 2728 667 2773 tortores
689 2718 878 2787 parati,
896 2726 976 2781 ut,
993 2718 1114 2772 data
1143 2719 1431 2783 sententia,
1463 2720 1772 2775 damnatum
1802 2722 1867 2774 ad
1894 2729 2005 2775 tor-

436 2806 625 2862 menta
646 2808 874 2876 rapiant.
916 2804 1203 2860 Tormenta
1232 2806 1352 2860 sine
1398 2807 1522 2870 line,
1554 2809 1671 2863 sine
1701 2809 2000 2877 intervallo,

434 2894 551 2948 sine
572 2902 1017 2963 temperamento,
1046 2902 1277 2949 tortores
1297 2895 1607 2960 horribiles,
1622 2897 1712 2965 qui
1736 2911 2000 2967 nusquam

435 2980 750 3042 lassescunt,
799 2982 891 3050 qui
930 2997 1201 3050 nunquam
1246 2983 1595 3039 miserentur.
1628 2986 1815 3040 Timor
1851 3004 2000 3041 reum

434 3071 635 3132 turbat,
653 3071 980 3125 conscientia
1000 3070 1299 3137 confundit,
1315 3073 1675 3142 cogitationes
1697 3076 1999 3144 increpant,

435 3162 619 3231 fugere
643 3177 747 3215 non
775 3162 919 3215 licet.
961 3162 1051 3217 Sic
1070 3148 1190 3216 Astat
1212 3178 1504 3233 suspensus
1535 3165 1598 3218 ad
1629 3166 2000 3233 gravissimam

436 3238 784 3305 sententiam.
818 3251 953 3306 Ecce
997 3238 1255 3321 miserum
1306 3253 1359 3305 in
1389 3264 1616 3322 angusto
1645 3253 1909 3324 periculo,
1949 3257 2000 3309 in

433 3343 735 3413 periculosa
794 3346 1060 3412 angustia.
1123 3343 1262 3398 Ecce
1326 3344 1597 3399 hominem
1675 3346 2000 3416 indigentem

434 3432 633 3486 festino
662 3432 879 3487 auxilio.
918 3433 1014 3489 Ubi
1062 3449 1204 3488 nunc
1233 3435 1350 3489 est?
1380 3434 1531 3490 Nunc
1567 3437 1870 3501 subveniat,
1907 3439 1997 3506 qui

435 3523 537 3575 sub
574 3537 825 3590 pressura
860 3522 1090 3592 lapidum
1131 3524 1383 3579 misertus
1419 3533 1504 3579 est
1535 3540 1593 3579 se
1622 3525 1995 3593 lapidantimn.

432 3611 587 3666 Nune
621 3623 739 3666 oret
767 3613 863 3644 '°"
893 3628 991 3682 pro
1034 3628 1118 3679 eo,
1165 3615 1256 3682 qui
1304 3615 1443 3685 apud
1490 3617 1735 3670 eumdem
1758 3615 1996 3683 iudicem

433 3702 640 3755 exstitit
671 3717 769 3771 pro
812 3704 924 3756 suis
969 3702 1252 3758 homicidis
1293 3713 1493 3758 orator.
1528 3705 1823 3773 Stcphane,
1870 3705 1996 3762 Stc-

433 3774 631 3858 phané,
673 3798 726 3843 et
766 3804 892 3843 vere
924 3790 1219 3858 Stcphane,
1245 3793 1367 3860 quia
1396 3807 1523 3847 vere
1564 3804 1843 3849 coronato.
1873 3795 1998 3851 Ste-
2040 3786 2046 3791 ’

433 3883 630 3949 phane,
665 3880 903 3949 inquam,
933 3881 1225 3950 Stephano,
1247 3897 1313 3937 en
1340 3883 1490 3938 locus
1508 3872 1744 3954 pictatis,
1767 3902 1833 3940 eu
1869 3897 2000 3941 teat-

434 3987 534 4041 pus
567 3970 948 4029 misericordia:
976 3974 1092 4039 ’°‘“,
1128 3990 1195 4029 eu
1227 3976 1413 4045 utique
1442 3980 1652 4033 occasio
1682 3980 1999 4035 exhibenda:

433 4066 740 4120 charitatis.
774 4066 830 4120 in
871 4068 973 4121 hoc
1013 4084 1244 4135 namque
1289 4068 1529 4137 periculo
1557 4072 1792 4132 consisto
1824 4072 1999 4125 inces-

434 4165 640 4223 santer,
667 4156 769 4210 nisi
795 4158 917 4225 quia
949 4172 1055 4210 non
1075 4171 1287 4229 semper
1307 4158 1401 4190 ¹⁰¹⁷
1428 4160 1528 4213 hoc
1557 4161 1762 4229 cogito;
1796 4172 1850 4215 et
1872 4170 1998 4215 tunc

2115 395 2328 451 semper
2366 380 2660 434 invisibiles
2706 379 3050 455 insidiatores
3095 377 3292 446 parati,
3331 386 3392 431 ut
3438 375 3565 430 illuc
3594 375 3691 407 ²⁸¹⁸

2115 474 2323 542 rapiant
2355 472 2607 525 miseram
2633 470 2892 523 animam.

2186 564 2277 617 Sic
2300 579 2418 617 sum
2446 562 2673 631 positus,
2698 576 2818 615 cum
2844 559 3037 630 vigilo;
3066 558 3143 613 sic
3166 574 3282 613 sum
3308 574 3428 614 eum
3456 556 3689 622 dormio,

2113 653 2191 707 sic
2233 668 2350 707 smn
2391 668 2514 707 cmn
2568 634 2747 716 rideo;
2789 652 2867 705 sic
2918 665 3039 704 sum
3081 665 3203 703 cum
3239 648 3422 716 joeor;
3464 649 3543 703 sic
3569 662 3690 702 sum

2113 757 2233 797 cum
2260 739 2530 811 superhio,
2554 756 2676 794 cum
2697 741 2944 804 detraho;
2963 739 3042 793 sic
3059 752 3181 793 cum
3204 739 3428 804 irascor,
3446 754 3566 793 cum
3603 754 3689 794 me

2100 834 2359 907 vindico;
2391 833 2467 887 sic
2492 832 2571 887 sic
2590 846 2707 886 sum
2734 848 2854 886 cum
2879 831 3101 885 delicias
3136 831 3381 900 corporis
3412 828 3691 907 miserabi-

2111 923 2237 979 liter
2263 925 2581 993 amplector.
2615 922 2855 992 Denique
2884 923 2963 977 sic
2984 937 3103 978 sum
3139 937 3356 991 semper
3388 929 3441 976 et
3469 922 3685 991 ubique.

2112 1012 2371 1068 Accclera
2420 1028 2571 1085 ergo,
2633 1012 2745 1081 pie,
2804 1027 3025 1081 precor,
3092 1013 3333 1067 accelera
3398 1023 3686 1081 antequam

2112 1104 2358 1167 damner,
2392 1114 2685 1171 antequam
2725 1118 2812 1157 me
2848 1103 3060 1172 rapiant
3089 1112 3339 1169 tortores,
3376 1103 3560 1157 hostes
3589 1104 3690 1158 hu-

2113 1192 2256 1246 mani
2290 1194 2525 1262 generis,
2557 1193 2873 1262 priusquam
2912 1208 2999 1247 me
3027 1192 3314 1249 absorbent
3338 1188 3526 1249 carcer
3552 1188 3689 1249 inle-

2113 1284 2298 1349 rnalis,
2334 1284 2648 1353 priusquam
2667 1300 2752 1339 me
2779 1295 3101 1338 consumant
3122 1293 3388 1339 tormenta
3407 1287 3685 1355 gehcunm.

2184 1376 2290 1431 Sed
2326 1394 2359 1430 ο
2386 1391 2504 1440 vos,
2533 1391 2566 1430 o
2589 1391 2705 1442 vos,
2742 1385 2960 1445 peccata
2992 1376 3085 1407 ¹⁰¹⁹
3128 1392 3269 1441 mea,
3317 1391 3511 1445 magna
3551 1376 3686 1432 estis

2114 1468 2293 1531 nimis,
2320 1467 2486 1522 multa
2516 1467 2649 1522 estis
2678 1466 2858 1528 nimis,
2899 1476 2957 1520 ut
2988 1466 3184 1522 merito
3222 1477 3451 1537 negetur
3490 1469 3686 1524 anima

2113 1574 2244 1613 meae
2272 1558 2425 1612 venia
2474 1567 2673 1612 vestra.
2702 1557 2829 1611 Scio
2869 1574 2881 1609 :
2928 1557 3091 1611 etiam
3136 1572 3304 1623 certe,
3335 1557 3409 1611 ita
3437 1570 3520 1613 est
3546 1560 3683 1626 '°",‘

2038 1626 2082 1686 Β
2111 1648 2373 1703 confiteor
2397 1687 2412 1712 ,
2462 1648 2534 1701 ita
2589 1656 2693 1701 est.
2732 1645 2838 1700 Sed
2874 1658 3076 1717 quanto
3123 1646 3340 1717 gravior
3379 1642 3498 1702 mea
3547 1647 3687 1704 inlc-

2110 1738 2308 1803 licitas,
2366 1747 2570 1807 quanto
2630 1739 2907 1808 angustior
2943 1753 3082 1810 _mea
3152 1738 3483 1805 necessitas;
3537 1748 3686 1792 tanto

2107 1828 2406 1881 mirabilior
2468 1827 2573 1881 erit
2639 1828 2815 1896 pietas
2896 1825 3217 1891 imlultoris,
3297 1835 3447 1882 tanto
3513 1829 3688 1899 major

2109 1918 2579 1986 apparebit‘apud
2646 1917 2970 1972 indultorem
3035 1918 3209 1987 gratia
3280 1918 3679 1974 intercessoris.

2110 2006 2236 2063 Scio
2288 2009 2421 2062 satis
2453 2047 2466 2070 ,
2528 2007 2791 2069 Domine,
2830 2006 3026 2061 dilecte
3072 2006 3165 2061 Dei
3213 2006 3502 2076 Scphane,
3556 2011 3682 2079 quia

2107 2113 2230 2152 cum
2261 2097 2426 2151 Deum
2455 2096 2670 2159 emendi,
2702 2103 2755 2150 te
2776 2111 2992 2166 quoque
3017 2103 3072 2150 et
3101 2111 3293 2151 omnes
3324 2104 3539 2152 sanctos
3562 2096 3685 2167 ejus

2083 2186 2331 2245 .oﬂ'endi.
2378 2187 2578 2240 Verum
2626 2194 2773 2239 tanta
2815 2193 2896 2240 est
2951 2186 3244 2240 necessitas
3294 2200 3411 2240 mea
3464 2185 3583 2251 κί’,
3626 2194 3686 2241 ιιι

2108 2285 2267 2347 cogat
2295 2291 2380 2330 me
2419 2290 2646 2345 poscere
2692 2275 2988 2329 subsidium
3025 2276 3187 2343 etiam
3214 2275 3283 2328 ab
3314 2276 3379 2330 iis
3414 2291 3443 2330 a
3476 2277 3683 2346 quibus
3715 2315 3723 2321 .

2107 2368 2278 2425 merui
2320 2368 2661 2438 supplicium.
2691 2366 2759 2421 Et
2792 2375 2998 2421 tantum
3030 2365 3221 2435 repleti
3248 2366 3383 2422 estis
3412 2375 3465 2420 tu
3500 2375 3557 2421 et
3586 2366 3679 2422 alii

2106 2459 2275 2515 sancti
2309 2459 2398 2512 illo
2424 2458 2661 2528 copioso,
2688 2456 2778 2512 illo
2800 2454 3162 2511 intestimab'li
3190 2454 3339 2510 fonte
3361 2456 3600 2521 pietatis,
3619 2463 3681 2509 ιιι

2106 2548 2335 2603 delectet
2357 2564 2454 2601 vos
2484 2548 2645 2600 etiam
2675 2560 2768 2601 cos
2794 2546 2882 2615 pie
2919 2544 3171 2610 liberare,
3196 2558 3332 2615 quos
3351 2542 3499 2611 juste
3528 2552 3681 2615 pote—
3734 2618 3751 2631 α

2100 2640 2205 2693 stis
2227 2638 2487 2692 damnare
2519 2638 2633 2689 πη.
2668 2636 2857 2707 Magna
2880 2643 3028 2700 sunt,
3049 2650 3237 2704 magne
3256 2635 3352 2667 ’°"
3383 2634 3678 2704 Stephane,

2105 2742 2298 2799 magna
2332 2735 2458 2782 sunt
2499 2727 2691 2780 merita
2740 2736 2853 2787 tua,
2885 2734 2944 2779 ιιι
2983 2724 3226 2779 sufﬁcere
3255 2724 3462 2794 possint
3494 2726 3588 2780 tibi
3625 2734 3679 2780 et

2104 2819 2272 2882 mihi;
2306 2827 2361 2873 et
2387 2819 2431 2870 si
2467 2825 2694 2885 prosunt
2718 2816 2870 2880 mihi,
2908 2816 3041 2872 nihil
3081 2816 3176 2870 tibi
3215 2818 3506 2872 minuetur.
3541 2818 3680 2873 Ecce

2104 2922 2286 2962 coram
2316 2896 2447 2970 Deo,
2487 2914 2543 2961 et
2573 2913 2754 2963 coram
2782 2914 2854 2971 te,
2883 2906 3039 2982 beate
3071 2904 3365 2973 Stephano,
3398 2916 3522 2960 sunt
3545 2922 3679 2961 cun-

2090 3008 2192 3053 ‘cta
2225 3006 2443 3067 peccata
2470 3013 2612 3059 mea,
2637 3013 2755 3065 qua:
2785 2998 3053 3059 territant,
3084 3011 3203 3066 quae
3225 2997 3533 3058 sollicitant,
3556 3012 3681 3067 qua:

2106 3095 2333 3156 gravant
2360 3087 2591 3140 animam
2626 3101 2815 3147 meam.
2849 3086 2944 3139 Dic.
2977 3101 3129 3157 ergo.
3162 3101 3195 3141 ο
3224 3088 3328 3156 pie,
3353 3086 3593 3161 piissimo
3622 3098 3678 3142 et

2106 3177 2458 3232 dilectissimo
2490 3176 2733 3230 dilectori
2760 3176 2856 3207 ²⁰²⁸
2889 3186 3002 3242 ιιιο,
3040 3177 3148 3240 dic,
3188 3176 3424 3239 Domine,
3466 3193 3530 3230 ne
3567 3186 3676 3230 sta-

2104 3277 2222 3319 tuas
2246 3266 2321 3320 illi
2351 3267 2464 3319 haec
2487 3274 2705 3334 peccata
2736 3266 2831 3298 ’°”
2862 3268 2999 3335 (Act.
3026 3282 3121 3325 vn.
3146 3265 3257 3336 59).
3289 3267 3401 3328 Dic,
3432 3266 3673 3335 inquam,

2103 3371 2202 3425 pro
2234 3369 2402 3424 egeno
2429 3354 2522 3408 tibi
2554 3354 2914 3423 supplicante,
2945 3354 3087 3422 quod
3121 3352 3305 3407 dixisti
3352 3369 3449 3422 pro
3477 3355 3673 3422 popqu

2106 3455 2158 3498 te
2200 3443 2524 3499 trueidantc.
2582 3445 2736 3498 Dicat
2785 3452 2989 3497 tantmn
3032 3443 3117 3511 pia
3167 3442 3403 3496 charitas
3454 3453 3575 3507 tua;
3617 3452 3674 3496 et

2103 3542 2284 3589 certus
2311 3549 2428 3587 sum
2452 3534 2580 3602 quia
2612 3533 2847 3586 remittet
2872 3532 3292 3601 benignissimus
3318 3533 3457 3586 Deus
3480 3542 3677 3586 cuncta

2106 3624 2245 3678 mala
2294 3638 2434 3678 mea.
2486 3624 2605 3689 Ipse
2652 3622 2794 3676 enim
2854 3629 2937 3674 est
2987 3620 3297 3679 misericors
3344 3630 3399 3674 et
3447 3621 3674 3675 Creator

2103 3730 2275 3777 meus,
2307 3729 2408 3785 ego
2454 3715 2617 3767 miser
2668 3721 2721 3767 et
2763 3726 2899 3780 opus
2927 3712 3067 3780 ejus,
3118 3720 3174 3765 tu
3208 3710 3434 3765 dilectus
3464 3712 3673 3766 amicus

2101 3805 2218 3875 eius
2243 3804 2333 3872 qui
2360 3812 2441 3909 εδδ
2472 3804 2783 3857 benedictus
2816 3804 2866 3855 in
2899 3802 3112 3856 sarcula.
3139 3805 3306 3855 Amen
3336 3800 3431 3832 '0"

2375 3936 2691 3990 Retractatio
2721 3934 2994 3987 charitatis
3026 3932 3086 3985 S.
3115 3924 3399 4001 Strplmni.‘

2172 4070 2302 4125 Cum
2326 4067 2469 4123 enim
2499 4066 2672 4121 insani
2710 4065 2911 4119 inimici
2945 4066 3018 4119 tui
3064 4076 3115 4121 te
3140 4065 3507 4135 opprimerent
3534 4066 3669 4119 ami-

2100 4176 2223 4216 cum
2269 4174 2448 4224 suum,
2494 4157 2636 4211 sicut
2672 4156 2951 4224 Scriptura
2994 4157 3088 4187 ³⁰²⁷
3134 4170 3295 4209 verax
3332 4164 3578 4219 testatur,
3610 4167 3667 4209 tu

438 4247 687 4303 miserior
748 4258 805 4303 et
857 4250 1238 4315 miserabilior,
1288 4266 1409 4306 eum
1469 4252 1706 4307 oblivisci
1755 4270 1994 4322 possmu.
2036 4293 2077 4345 D
2104 4250 2295 4322 positis
2319 4249 2547 4319 genibus
2579 4246 2823 4300 clamasti
2856 4246 2951 4279 ³⁰¹⁸
2985 4260 3113 4300 voce
3147 4260 3334 4315 magna
3374 4263 3387 4297 ε
3422 4244 3667 4311 Domine,

438 4338 662 4407 Semper
676 4330 817 4395 enim
839 4341 981 4395 videt
999 4356 1084 4395 me
1111 4342 1265 4402 Deus.
1291 4351 1344 4396 et
1368 4353 1582 4411 peccata
1608 4359 1753 4408 mea;
1783 4359 1996 4411 semper

437 4429 671 4485 minatur
692 4432 929 4485 districta
946 4431 1152 4500 justitia
1180 4433 1293 4501 ejus
1314 4434 1598 4501 peccatrici
1622 4434 1815 4487 animm
1840 4450 1994 4489 ιιιυὶιέ.

2105 4356 2168 4394 ne
2205 4348 2405 4392 statuas
2435 4337 2541 4391 illis
2587 4337 2683 4388 hoc
2715 4334 2977 4405 peccatum
3017 4335 3154 4404 (Act.
3199 4352 3296 4401 vn,
3331 4332 3445 4402 59).
3486 4334 3531 4389 Ο
3575 4350 3671 4387 cor

2107 4429 2416 4502 opulentum
2448 4426 2772 4497 pinguedine
2802 4427 3109 4488 charitatis;
3142 4426 3207 4480 de
3235 4442 3361 4497 quo.
3384 4442 3505 4481 cum
3534 4425 3669 4479 διίΠί-

1729 4580 1804 4634 S'A
1817 4581 1953 4635 [lle
1991 4578 2374 4636 LECTIUNES

508 4691 600 4760 ὀη
630 4690 799 4755 Tanta
854 4690 1137 4744 charitatis
1194 4691 1391 4760 pietate
1446 4707 1544 4743 ms.
1585 4689 1718 4743 Vict.
1761 4692 1847 4744 ili.
1888 4700 2047 4757 tanta:
2096 4689 2375 4744 charitatis
2430 4688 2631 4760 pietate

440 4760 520 4815 sic
572 4759 691 4813 fuit.
744 4759 834 4813 Sic
885 4763 1089 4827 gaudeo
1134 4757 1299 4814 fuisse
1329 4778 1432 4814 ms.
1467 4760 1599 4813 Tim.
1633 4762 1711 4813 sic
1759 4760 1927 4821 fuisti,
1973 4763 2109 4814 bone
2160 4760 2449 4827 Stephano,
2488 4759 2567 4812 sic
2594 4757 2800 4827 gaudeo
2840 4757 2910 4808 l‘ui
2945 4772 3003 4810 se

1576 4830 1671 4861 ὀλδ
1702 4829 1875 4897 Super
1904 4846 2022 4884 eam
2060 4845 2159 4881 ms.
2206 4826 2473 4881 Sim-Ger.
2526 4826 2792 4897 superine

443 4828 579 4884 ΤΙιιι.
618 4829 769 4882 Corb.
802 4838 864 4898 ret
901 4827 1160 4882 Son-Ger.
1214 4842 1271 4883 ιιι
1301 4830 1476 4898 places

442 4908 559 4953 ιιι-οι

445 4968 578 5033 Quia
608 4982 713 5021 non
766 4981 978 5033 semper
1003 4984 1124 5019 mss.
1177 4968 1278 5036 nisi
1325 4969 1449 5036 quia
1500 4983 1603 5019 non
1652 4983 1866 5036 semper

446 5038 550 5113 Sed
572 5053 603 5082 οι
628 5052 721 5113 vos
755 5044 971 5113 peccata
1020 5035 1664 5113 nissw,Vict._"i’.a‘l-lur_.‘c_t
1697 5035 1845 5089 Flor.
1896 5037 2000 5091 Sed
2030 5054 2062 5091 ο
2087 5051 2201 5099 vos,
2228 5051 2381 5113 omvos
2413 5046 2628 5113 peccata

447 5106 570 5159 Scio
594 5106 751 5159 etiam
788 5113 935 5157 certe
959 5105 1030 5158 ita
1060 5104 1263 5159 estlms.
1308 5104 1535 5159 Val-(uc.
1568 5106 1743 5159 Etiam
1789 5116 1933 5159 certa
1981 5114 2064 5159 est
2106 5122 2205 5158 ms.
2236 5104 2385 5157 Flor.
2413 5108 2598 5171 etiam,
2626 5115 2771 5159 certe
2797 5104 2864 5158 ita
2892 5113 2975 5157 est

654 4898 748 4928 ’°”
770 4895 1411 4966 'l‘empnstnisericordim
1440 4915 1535 4951 ms.
1579 4898 1710 4951 Vict.
1742 4895 1796 4950 5.
1847 4900 2035 4953 omittit

654 4982 713 5021 on
766 4981 978 5021 semper
1003 4984 1124 5019 mss.
1177 4968 1278 5021 nisi
1325 4969 1449 5021 auia
1500 4983 1603 5019 non
1652 4983 1866 5021 semper
1960 4970 2038 4999 ²⁰¹¹

2101 4898 2459 4957 niscricordirc
2480 4913 2581 4951 ms.
2622 4895 2752 4948 Vict.
2796 4895 2880 4948 16.
2915 4896 3057 4950 locus
3089 4896 3470 4951 misericordiae

2109 4967 2177 5021 Ut
2226 4968 2329 5020 illic
2372 4983 2496 5019 atas.
2555 4966 2685 5018 Vict.
2732 4964 2962 5017 Val-(uc.
3000 4973 3045 5016 et
3076 4962 3219 5018 Flor.
3254 4978 3309 5017 ιιι
3340 4965 3463 5020 illuc

2159 4978 2177 5020 t
2226 4975 2329 5020 illic
2372 4983 2496 5019 atas.
2558 4975 2685 5018 Vict.
2737 4975 2962 5017 ναι-ναις.
3000 4975 3045 5016 et
3076 4975 3219 5018 [τιον.
3254 4978 3309 5017 ιιι
3340 4975 3463 5020 illuc

2740 4686 2951 4763 ’°“_S_ic
3010 4687 3313 4763 l'uit,_l_rlon_c
3370 4689 3668 4756 Stephano,

3110 4752 3213 4787 ²⁰¹³³
3244 4757 3308 4810 Ut
3338 4752 3495 4826 paces
3532 4752 3665 4815 mss.

2888 4828 2982 4857 ²⁰¹⁸
3024 4827 3172 4879 lluuc
3198 4837 3317 4879 uret
3365 4845 3488 4881 mss.
3516 4845 3665 4884 nunc

2915 4896 3055 4930 Innna
3089 4896 3469 4930 unicae-inanan
3568 4898 3667 4930 IOI1

3567 4967 3670 5000 1019

2732 5036 2825 5067 ²⁰²⁰
2851 5034 2972 5087 Seio
3000 5043 3143 5087 certe
3176 5036 3242 5086 ita
3282 5044 3363 5087 est
3392 5052 3483 5089 ms.
3524 5036 3664 5091 Vict.

3081 5103 3171 5132 ²⁰²¹
3198 5103 3497 5158 Necessitas
3544 5122 3665 5159 mea

443 5183 506 5227 ut
558 5191 654 5225 ms.
710 5173 841 5225 Vict.
890 5173 972 5225 16.
1012 5174 1237 5228 ollensio
1267 5188 1382 5228 mea
1432 5184 1490 5227 ut
1538 5191 1662 5227 mss.
1705 5174 1837 5227 Vict.
1869 5176 1921 5228 5.
1956 5173 2213 5229 Sun-Ger.
2240 5186 2286 5228 et
2328 5172 2555 5227 Val-Iuc.
2583 5176 2874 5227 necessitas
2903 5182 2959 5224 ut
3030 5171 3125 5202 ²⁰¹²
3150 5172 3375 5225 Potestis
3404 5174 3668 5227 damnare

444 5258 543 5311 nis.
578 5242 708 5295 Thu.
760 5242 986 5311 possetis
1028 5245 1286 5298 damnare

447 5306 687 5380 dilectori
717 5306 842 5380 uias.
878 5310 1009 5380 Vict.
1044 5311 1309 5367 Sun-Ger.
1340 5311 1519 5366 Carth.
1554 5306 1787 5365 Val-lac.
1819 5306 1869 5365 et
1902 5311 2049 5365 Flor.
2082 5314 2320 5380 piissimo
2351 5323 2404 5363 et
2434 5306 2777 5374 dilectissimo
2808 5312 3054 5364 dilectori

1313 5390 1588 5451 peccatum
1610 5397 1708 5451 tua.
1736 5380 1846 5435 Sun
1876 5380 1997 5435 Ger.
2028 5393 2301 5451 peccatum
2340 5398 2492 5433 suum

1488 5450 1578 5480 ¹⁰²⁷
1611 5449 1702 5504 Sic
1731 5453 1993 5517 scriptura
2028 5446 2167 5502 ἰιιδε.
2212 5450 2337 5503 Vict.
2374 5452 2459 5503 16.
2497 5459 2544 5503 et
2574 5449 2719 5501 Flor.
2749 5449 2886 5502 sicut
2918 5450 3179 5515 scriptura
3255 5447 3348 5477 ²⁰²⁸
3374 5448 3444 5499 Te
3473 5446 3663 5513 positis

451 5519 669 5584 genibus
688 5517 945 5573 clamasse
965 5534 1061 5572 ms.
1107 5517 1244 5572 Vict.
1264 5519 1347 5571 16.
1379 5519 1564 5588 positis
1586 5520 1808 5589 genibus
1830 5520 2071 5571 clamasti

448 5396 568 5433 mss.
598 5377 713 5431 Bec.
742 5379 873 5431 Thu.
903 5378 1039 5432 Vict.
1073 5382 1158 5434 i6.
1189 5383 1289 5436 hoc

450 5450 612 5501 etatio
638 5448 914 5519 charitatis
952 5448 1093 5503 beati
1112 5448 1413 5519 Stephani.

1384 5244 1485 5313 “"7
1506 5243 1691 5313 Magna
1733 5252 1875 5307 sunt,
1915 5259 2133 5313 _ma,<:ne
2183 5261 2278 5295 ms.
2328 5241 2597 5296 Sun-Ger.
2625 5260 2814 5311 magna
2848 5250 3011 5313 sunt,
3042 5250 3239 5313 sancte_
3289 5240 3667 5313 _’_°“Piissimo

3148 5311 3240 5340 ’(³⁸⁵
3289 5308 3407 5363 ΙΙςυρ
3440 5322 3662 5376 peccata

2595 5382 2687 5411 ’°“
2717 5384 2905 5432 Amen.
2955 5398 3050 5432 ms.
3082 5378 3211 5429 Tlm.
3244 5378 3434 5431 Amen.
3471 5380 3662 5430 Retra-
