4200 6184
547 283 655 340 995

905 280 965 337 S.
992 277 1288 336 ANShuMI
1325 273 1626 333 CATUAR.
1662 270 1983 330 ARCHIEP.
2023 269 2173 326 OPP.
2261 263 2392 319 ARS
2426 262 2489 316 ll.
2525 291 2592 301 ——
2624 257 2991 316 PARIENET.
3036 257 3123 312 ET
3164 255 3404 312 ASCET.

3670 255 3775 312 996

554 402 799 468 geretur,
825 403 931 448 tam
960 393 1170 461 cepiosa
1199 389 1562 446 misericordia
1597 385 2036 456 superemuctxat!
2069 381 2112 435 Ο
2142 382 2186 438 Λ
2221 389 2367 433 Item.
2413 387 2555 424 ςοιιθ
2601 375 2941 439 Velim-“Nlla!
2995 365 3438 420 miscricordiam.
3483 362 3579 416 Dic
3622 379 3775 434 ergo,

548 502 704 558 mens
724 486 1068 540 vehementer
1091 481 1289 536 ardens
1311 495 1517 543 amore,
1546 480 1781 548 copiose
1803 487 1959 532 uncta
1983 474 2112 528 eba-

552 577 744 636 ritate;
789 573 854 626 dc
892 585 1019 640 qua,
1057 583 1178 624 cum
1215 567 1588 630 tribularetur,
1617 577 1724 619 tam
1765 562 2003 616 suaviter
2031 574 2117 612 ar-

555 665 745 719 dentes
769 669 824 713 et
855 669 961 713 tam
988 660 1242 713 ardenter
1269 672 1463 712 suaves
1487 653 1730 711 scintilla:
1744 649 2041 706 micabant!
2073 647 2119 703 0

555 749 710 802 favus
736 748 946 819 pinguis
973 747 1130 803 melle
1159 744 1484 807 dilectionis;
1517 745 1582 796 de
1611 756 1738 812 quo,
1769 756 1888 795 cum
1909 752 2122 810 preme—

553 850 731 904 retur,
797 847 906 894 tam
937 837 1242 907 opulentae,
1284 844 1392 888 tam
1438 831 1688 900 jucunda:
1734 839 1898 902 gutta:
1945 828 2119 883 distil-

549 931 758 984 labant.
787 928 1026 990 Domine,
1079 941 1142 980 ne
1181 933 1384 978 statuas
1423 920 1532 974 illis
1580 921 1676 974 hoc
1710 928 1998 988 peccatum.
2028 913 2123 969 Vir

551 1021 733 1086 beate,
791 1027 1048 1090 quantum
1089 1029 1238 1085 spem
1285 1013 1456 1067 donas
1498 1009 1877 1082 peccatoribus
1926 1007 2122 1060 amicis

551 1114 682 1181 tuis,
711 1127 831 1168 cum
863 1109 1087 1169 audiunt
1114 1115 1167 1160 te
1190 1105 1270 1160 sic
1302 1103 1474 1159 luisse
1500 1101 1793 1158 sollicitum
1823 1113 1918 1167 pro
1944 1096 2124 1166 impiis

554 1203 789 1260 inimicis
817 1199 952 1254 tuis?
981 1198 1085 1253 Vas
1112 1193 1398 1252 charitatis
1423 1189 1864 1262 superabundans
1895 1186 2124 1256 plenitu-

554 1292 703 1355 dine,
735 1302 841 1359 qua
871 1287 1118 1344 ubertate
1144 1282 1358 1356 potabis
1398 1279 1769 1336 desiderantes
1792 1273 2041 1343 amplecti
2074 1280 2127 1327 te

557 1383 699 1437 intra
734 1394 830 1435 cor
860 1393 1039 1442 suum,
1069 1390 1190 1432 cum
1219 1374 1299 1430 sic
1330 1369 1610 1442 perfundis
1642 1367 1740 1400 '°"
1772 1366 2047 1438 ejicientes
2073 1371 2127 1418 te

559 1483 716 1529 extra
737 1471 1014 1527 civitatem
1043 1465 1234 1524 suam?
1263 1534 1265 1537 ι

520 1563 524 1566 ’
570 1631 575 1634 ,
626 1562 760 1618 Cum
778 1561 857 1616 sic
882 1558 1134 1630 propinas
1159 1555 1343 1609 furore
1363 1552 1570 1608 anhelis
1597 1549 1929 1606 irruentibus
1956 1549 2008 1603 in
2041 1555 2124 1603 te:

558 1651 831 1723 quomodo
879 1643 1199 1703 refocillabis
1241 1643 1435 1698 timore
1484 1641 1708 1697 anhelos
1752 1638 2017 1710 fugientes
2059 1637 2126 1692 ad

561 1743 647 1798 te?
699 1739 914 1793 Domine
935 1728 973 1801 ,1
1000 1752 1063 1789 ne

562 1829 723 1886 modo
746 1823 1095 1898 respondebit
1123 1823 1431 1886 invocatus,
1458 1820 1548 1890 qui
1576 1820 1656 1875 sic
1684 1817 2003 1890 obiurgabat
2033 1815 2127 1848 ’°’°

559 1915 928 1989 provocatus?
959 1913 1128 1980 Quam
1155 1909 1384 1980 benigne
1425 1909 1629 1965 fovebit
1668 1908 1900 1964 humiles
1925 1907 2130 1962 exalta-

565 2019 655 2063 tns
696 2007 817 2072 'm,
862 2005 953 2076 qui
993 2003 1075 2060 sic
1109 2001 1358 2071 superbis
1396 1995 1750 2054 succurrebat
1779 1995 2131 2067 humiliatus?

569 2096 686 2163 Qua
710 2094 989 2151 celeritate
1025 2089 1278 2147 liberabit
1307 2087 1536 2144 alllictos
1568 2094 1819 2158 potenter
1849 2083 2132 2148 liberatus.

565 2153 657 2254 qui
682 2185 761 2240 sic
790 2181 1148 2254 alliigentibus
1183 2177 1537 2236 subveniebat
1568 2153 1848 2232 amictus?
1875 2176 1951 2229 Illi
1983 2153 2156 2230 festi;

570 2275 774 2331 nabant
799 2272 1015 2328 aulerre
1043 2271 1278 2324 animam
1315 2278 1494 2333 tuam;
1529 2277 1584 2322 tu
1622 2267 1908 2336 satagebas
1928 2265 2137 2320 anima-

567 2369 668 2423 bus
695 2359 906 2422 eorum
931 2361 1154 2419 reddere
1192 2360 1358 2416 vitam
1403 2373 1582 2415 suam.
1613 2346 1713 2413 illli
1764 2357 1938 2427 rigido
1975 2355 2134 2420 collo,

568 2467 765 2528 magno
792 2452 974 2509 furore
995 2449 1320 2514 fremebant,
1346 2458 1408 2504 ut
1437 2456 1491 2503 te
1521 2447 1879 2522 perimerent;
1911 2453 1966 2499 tn
1995 2445 2137 2514 posi-

577 2527 924 2616 tisgcnibus
965 2557 1098 2596 voce
1140 2555 1337 2612 magna
1379 2539 1597 2605 orabas,
1642 2549 1710 2600 ne
1755 2534 1831 2589 illi
1875 2527 2136 2605 perirent.

573 2636 774 2705 Utique
820 2646 953 2686 voce
1005 2645 1220 2702 magna.
1277 2627 1402 2698 quia
1462 2625 1730 2682 charitate
1795 2637 2022 2693 magna;
2085 2631 2143 2676 et

564 2718 768 2797 positis
811 2721 1060 2794 genibus,
1109 2718 1236 2790 quia
1287 2733 1417 2774 vera
1469 2715 1839 2786 simplicitate.
1871 2712 2141 2782 Superbia

578 2809 938 2864 humilitatem
968 2804 1069 2859 sub
1105 2811 1230 2858 cote
1261 2801 1554 2857 tribulabat
1585 2801 1712 2866 m',‘
1735 2809 1789 2854 et
1809 2798 1942 2853 odor
1968 2798 2144 2852 chari-

578 2898 706 2951 tatis
747 2895 871 2948 inde
920 2888 1218 2960 fragrabat.
1262 2885 1627 2945 Charitasab
1654 2885 1780 2941 odio
1822 2899 1943 2940 eum
1992 2895 2140 2956 petra

579 2983 1003 3070 pcgcntiebatur,
1044 2987 1098 3036 et
1143 2978 1366 3039 tinnitus
1410 2976 1625 3047 pietatis
1663 2974 2009 3030 reddebatur.
2041 2973 2145 3028 lm-

580 3048 754 3142 pietas
789 3073 1040 3142 pietatem
1079 3068 1254 3141 lapide
1292 3067 1593 3137 premebat,
1643 3074 1699 3119 et
1725 3063 1898 3121 oleum
1932 3065 2145 3119 miseri-
2173 3048 2218 3109 C

579 3164 778 3218 cordizc
807 3161 1116 3216 ebulliebat.

653 3250 817 3322 294.
837 3250 881 3305 0
909 3251 952 3304 si
976 3264 1210 3318 unquam
1240 3247 1487 3302 merebor
1508 3247 1575 3301 de
1596 3247 1862 3300 cbaritate
1891 3244 2146 3315 Stephani

581 3339 758 3395 oleum
784 3338 1036 3407 precibus
1060 3336 1276 3398 elicere,
1305 3336 1447 3404 quod
1470 3335 1542 3389 illi
1571 3344 1858 3405 potuerunt
1887 3335 2152 3403 lapidibus

585 3426 1166 3501 exprimerelbanguct
1183 3440 1416 3496 namque
1432 3425 1526 3458 ’°“
1551 3427 1728 3481 anima
1753 3442 1869 3481 mea
1899 3426 2156 3496 languore

588 3522 927 3592 gravissimo,
958 3520 1048 3588 qui
1078 3533 1185 3573 non
1216 3526 1438 3572 sanatur
1467 3518 1569 3571 nisi
1603 3517 1986 3571 misericordia:
2011 3516 2152 3570 oleo.

591 3612 809 3668 Utinam
831 3610 918 3666 vel
943 3608 1109 3665 semel
1138 3616 1391 3679 suggerat
1417 3608 1528 3662 Deo
1556 3623 1652 3676 pro
1679 3622 1784 3670 me,
1816 3615 1870 3662 ct
1893 3623 1992 3676 pro
2027 3622 2157 3661 cun-

592 3712 682 3757 cto
712 3710 933 3772 peccato
953 3713 1070 3755 meo
1099 3718 1109 3752 :
1138 3699 1356 3753 Domine
1369 3714 1430 3752 ne
1447 3707 1649 3752 statuas
1674 3698 1745 3751 illi
1771 3699 1866 3751 hoc
1892 3686 2158 3764 peccatum

592 3793 735 3848 Doce
783 3807 908 3856 me”
960 3791 1114 3845 beata
1157 3789 1336 3842 anima
1377 3789 1521 3844 beati
1568 3788 1866 3857 Stephani,
1907 3801 2012 3854 quo
2070 3802 2158 3841 sa-

590 3898 724 3953 pore
749 3879 1160 3950 jneundabaris,
1191 3893 1294 3948 qua
1331 3877 1581 3933 satietate
1610 3876 1702 3907 ’⁸³⁸
1725 3875 2008 3942 mstnabas,
2039 3891 2158 3929 cum

594 3973 958 4032 eructavitcor
979 3979 1125 4025 tuum
1148 3968 1354 4023 verbum
1379 3977 1485 4022 tam
1511 3967 1699 4020 bonum
1725 3965 1894 4036 (Psal.
1919 3981 2056 4025 XLIV,
2082 3967 2161 4037 9).

599 4063 769 4128 Quam
791 4061 948 4117 dulce
970 4060 1065 4090 ‘°"
1095 4059 1335 4127 {auribus
1365 4058 1557 4110 animze
1575 4071 1705 4110 mea:
1721 4055 1989 4126 eloquium:
2017 4065 2161 4111 tuum

599 4152 776 4212 (Psal.
809 4168 1000 4214 cxvm,
1034 4151 1176 4219 105).
1206 4164 1358 4217 super
1387 4147 1488 4200 mel
1516 4159 1561 4200 et
1596 4147 1770 4214 favum
1806 4147 1978 4219 (Psal.
2009 4166 2164 4215 xvm,

601 4245 691 4314 ll)
718 4243 799 4298 ori
831 4258 951 4297 meo
982 4241 1097 4291 ὀδδ.
1130 4237 1449 4302 Mandcndo,
1491 4239 1661 4306 magis
1690 4253 1752 4292 ac
1793 4239 1962 4310 magis
1989 4240 2166 4292 dulce.-

602 4337 731 4395 scit;
766 4332 1000 4404 sugendo
1043 4331 1160 4400 plus
1200 4337 1253 4381 et
1293 4327 1409 4397 plus
1452 4327 1805 4381 suavissimus
1849 4344 2008 4397 sapor
2051 4328 2165 4396 ejus

605 4425 791 4478 alllnit.
838 4425 958 4476 Plus
1013 4421 1259 4481 videndo,
1318 4419 1434 4488 plus
1482 4418 1752 4488 l'ulgescit;
1812 4421 1954 4474 omni
2011 4419 2166 4474 modo

581 4522 914 4570 'tractatum.
943 4524 1153 4576 semper
1173 4509 1236 4560 ad
1255 4506 1658 4561 delectationem
1679 4508 1889 4561 crescit.
1919 4508 2165 4562 Formam

608 4604 746 4672 gerit
776 4602 921 4664 fidei,
956 4599 1280 4654 soliditatem
1319 4596 1477 4651 habet
1514 4599 1802 4666 patientizn.
1843 4599 2170 4666 Simplicita-

614 4695 682 4745 tis
708 4691 937 4759 puritate
968 4687 1120 4750 nitet,
1159 4686 1505 4756 benignitatis
1533 4687 1711 4741 colore
1739 4688 1896 4740 lucet.
1927 4688 2168 4742 Charita-

613 4789 718 4833 tem
754 4777 912 4846 sapit,
948 4778 1200 4845 pietatem
1240 4774 1367 4838 olet,
1412 4784 1556 4830 tactu
1591 4777 1765 4830 reddit
1803 4778 2172 4830 mansuetudi-

2215 467 2373 520 beate
2400 463 2698 532 Stepbane,
2725 459 2856 530 quid
2884 459 3029 532 intus
3056 455 3296 515 fovebas,
3325 455 3465 509 unde
3492 454 3774 508 misturam

2219 558 2296 610 tot
2324 555 2647 610 suavitatum
2675 550 2819 605 foras
2846 527 3195 616 ernﬁtpchas?
3224 542 3488 598 Nimirum
3514 544 3580 599 iis
3604 543 3779 597 omni-

2221 649 2321 702 bus
2348 646 2536 716 plenus
2565 657 2707 716 eras,
2735 641 2986 696 omnibus
3013 640 3079 694 iis
3104 645 3328 692 ornatus
3356 649 3500 700 eras,
3533 635 3782 689 omnibus

2221 737 2288 790 iis
2311 745 2572 787 accensus
2617 744 2760 784 eras.
2807 728 2914 782 Per
2951 728 3052 781 has
3090 739 3278 780 omnes
3315 723 3543 776 virtutes
3590 722 3784 790 quibus

2222 820 2549 885 abundabas,
2591 828 2643 872 te
2676 830 2893 888 precor,
2932 829 2966 870 o
3005 813 3327 870 charitative
3361 812 3454 843 ὀν’
3487 811 3782 878 Stephano,

2221 929 2316 970 ora
2343 921 2404 966 ut
2426 909 2712 966 ebaritatis
2746 907 2898 972 adipe
2928 914 2977 959 et
3004 905 3316 970 pinguedine
3351 901 3609 971 repleatur
3637 898 3785 952 arida

2221 990 2400 1064 anima
2437 1023 2551 1060 mea
2583 1001 2756 1073 (Psal.
2797 1016 2933 1067 Lxu,
2979 1000 3055 1067 6).
3093 997 3319 1066 Adjuva.
3352 1005 3410 1047 ut
3433 1008 3571 1064 pane
3605 990 3788 1047 chari-

2227 1100 2352 1154 tatis
2382 1099 2606 1152 satietur
2634 1093 2882 1148 esuriens
2911 1089 3086 1142 anima
3117 1102 3261 1140 mea.
3288 1085 3396 1139 Fac
3422 1094 3477 1137 ut
3511 1084 3632 1152 igne
3659 1081 3792 1149 eba-

2225 1185 2403 1239 ritatis
2430 1182 2620 1251 ﬂagret
2653 1177 2847 1248 frigido
2883 1174 3062 1230 anima
3101 1184 3240 1234 mea,
3276 1178 3572 1240 praestante
3603 1181 3668 1223 eo
3696 1165 3790 1235 qui

2227 1270 2428 1327 creavit
2450 1283 2569 1324 eam
2596 1265 2715 1317 ⁸⁸³⁸.
3087 1273 3104 1286 ‘
3493 1299 3499 1303 .
3631 1281 3634 1284 ~

2468 1396 2788 1452 Retractalio
2809 1368 3138 1447 domuitionis
3163 1389 3226 1446 S.
3261 1387 3536 1457 Stephani.

2301 1529 2368 1584 Et
2389 1543 2505 1583 cum
2522 1527 2617 1580 hoc
2640 1527 2879 1594 dixisset,
2896 1521 3205 1577 obdormivit
3230 1520 3283 1573 in
3302 1517 3523 1572 Domino
3545 1517 3682 1580 (Act.
3698 1530 3792 1576 vn.

2229 1623 2344 1693 59).
2381 1622 2426 1676 0
2454 1617 2810 1674 obdormivit!
2842 1632 2876 1672 υ
2916 1630 3136 1670 somnus
3189 1627 3310 1668 cum
3346 1611 3548 1682 requie,
3580 1609 3798 1679 requies

1116 1742 1320 1787 statuas
1373 1730 1480 1785 illis
1517 1731 1613 1784 hoc
1649 1699 1936 1800 peccal'um.
1987 1727 2130 1794 Qua-
2160 1713 2205 1773 lt
2234 1727 2356 1768 eum
2393 1708 2704 1772 securitate,
2733 1705 3001 1762 securitas
3027 1719 3147 1759 cum
3175 1701 3506 1756 :rternitate!
3541 1699 3801 1768 Requies-

2235 1803 2338 1868 cis,
2367 1817 2400 1857 o
2425 1800 2576 1863 felix,
2614 1800 2666 1852 in
2703 1797 2920 1868 gaudio.
2951 1794 3156 1863 ttaudes
3191 1793 3244 1848 in
3286 1792 3491 1862 requie.
3512 1779 3798 1856 Gloriaris,

2231 1911 2266 1950 ο
2290 1909 2497 1955 secure.
2524 1891 2883 1965 lin-satietate,
2911 1887 3130 1942 satiaris
3157 1886 3210 1940 in
3242 1883 3435 1956 gloria.
3467 1881 3674 1938 Laetitia
3708 1888 3802 1936 tua

2236 2002 2341 2042 non
2373 1984 2688 2046 mutabitur,
2726 1979 2905 2034 lumen
2938 1987 3083 2032 tuum
3118 1991 3226 2032 non
3257 1973 3489 2030 deﬁciet.
3523 1972 3798 2042 Quidquid

2235 2094 2344 2134 nsn
2380 2079 2485 2141 vis,
2520 2074 2705 2146 procul
2744 2073 2925 2135 abest;
2957 2067 3218 2139 quidquid
3254 2067 3355 2132 vis,
3387 2066 3454 2120 ad
3492 2073 3676 2118 votum
3707 2061 3806 2118 ad-

2235 2179 2336 2228 est.
2366 2169 2562 2226 .Sitivit
2605 2167 2783 2220 anima
2829 2173 2916 2216 tua
2957 2160 3058 2192 ’m
3098 2159 3166 2212 ad
3209 2158 3372 2212 Deum
3413 2155 3604 2226 fontem
3632 2153 3806 2208 vivum

2224 2258 2412 2333 ,(Psal.
2466 2272 2555 2312 xu
2606 2255 2689 2325 ὅ).
2717 2252 2922 2309 Venisti
2950 2249 3018 2304 ad
3042 2262 3188 2314 eum,
3213 2256 3268 2302 et
3299 2245 3441 2333 bibis
3468 2244 3536 2300 de
3561 2241 3810 2300 torrente

2235 2320 2524 2420 voluptatis
2548 2320 2666 2417 ejus
2695 2351 2954 2414 quantum
2985 2339 3090 2403 vis,
3125 2320 3402 2407 quomodo.
3423 2335 3524 2398 vis,
3567 2331 3809 2402 quandin

2238 2421 2341 2495 vis.
2372 2438 2601 2507 Semper
2630 2436 2857 2490 satiatus
2875 2445 3088 2500 semper
3120 2421 3282 2492 bibis,
3313 2425 3437 2495 quia
3464 2437 3676 2501 semper
3711 2421 3813 2477 de-

2243 2534 2408 2590 lectat
2432 2543 2486 2588 te
2507 2530 2720 2592 bibere,
2753 2541 2854 2582 nec
2883 2536 3120 2594 unquam
3153 2518 3387 2574 fastidis.
3426 2515 3538 2572 Nec
3561 2515 3722 2579 bibis,
3747 2521 3814 2568 ut

2243 2625 2335 2679 llat
2363 2623 2457 2678 tibi
2489 2621 2714 2677 satietas
2734 2614 2889 2686 quasi
2908 2611 3154 2669 nondum
3188 2607 3449 2673 babenti;
3477 2605 3571 2662 sed
3592 2618 3816 2678 semper

2214 2695 2406 2776 bibis,
2441 2721 2501 2764 ut
2546 2721 2760 2777 semper
2793 2705 2948 2760 duret
2976 2701 3068 2733 ’m
3103 2697 3326 2754 satietas
3345 2696 3459 2765 jam
3488 2692 3811 2767 possidenti.

2245 2800 2470 2870 Semper
2495 2797 2642 2853 enim
2673 2787 2950 2850 desideras
2975 2789 3119 2860 quod
3143 2800 3354 2857 semper
3377 2785 3562 2850 babes,
3585 2782 3816 2856 etquod

2245 2903 2460 2958 semper
2495 2898 2721 2942 securus
2757 2885 2818 2936 e's
2861 2889 2915 2933 te
2952 2891 3166 2960 semper
3213 2872 3817 2930 habere'lncessauter

2246 2978 2445 3047 quippe
2477 2984 2533 3031 et
2559 2970 2952 3041 delectabiliter
2977 2968 3252 3042 desideras
3281 2965 3459 3034 ipsum
3493 2960 3817 3018 delectabile

2250 3076 2341 3108 ’°“
2365 3071 2730 3133 desiderium;
2765 3076 2820 3120 et
2854 3049 3068 3134 semper
3101 3062 3240 3116 bibis
3266 3073 3387 3114 cum
3414 3051 3712 3110 delectabili
3735 3067 3826 3105 arb

2252 3165 2381 3219 dore
2429 3161 2602 3231 ipsum
2640 3155 2990 3218 desiderium,
3035 3165 3157 3207 cum
3204 3149 3419 3227 copiosa
3453 3145 3735 3206 satietate.
3771 3138 3816 3196 0

2253 3251 2520 3308 sufﬁciens
2540 3246 2837 3308 beatitudo,
2863 3255 2918 3300 et
2939 3240 3095 3299 beata
3121 3235 3467 3296 sullicientia!
3493 3234 3663 3303 Quam
3689 3231 3815 3286 felix

2253 3341 2582 3403 obdormire,
2612 3337 2921 3393 obdormire
2949 3336 2998 3390 in
3035 3331 3290 3387 Domino!
3323 3323 3529 3396 Quanta
3566 3338 3696 3396 pace
3715 3322 3812 3377 ob-

2255 3432 2551 3492 dormiunt,
2579 3429 2669 3497 qui
2715 3425 3062 3481 obdormiunt
3112 3423 3164 3475 in
3215 3419 3468 3474 Domino!
3513 3415 3628 3471 Non
3674 3412 3820 3468 enim

2259 3519 2560 3590 gravabunt
2584 3530 2676 3570 eos
2709 3512 2938 3581 amplius
2957 3512 3207 3581 pondera
3250 3506 3456 3568 carnis,
3483 3511 3588 3558 non
3617 3516 3712 3558 eos
3742 3501 3813 3557 π.

2258 3613 2448 3682 ﬂigent
2483 3608 2697 3662 dolores
2732 3604 3113 3673 corruptionis.
3157 3599 3270 3654 Nan
3301 3596 3693 3669 impugnabant
3719 3594 3820 3648 sti-

2263 3701 2390 3756 muli
2423 3698 2802 3753 tcntationum.
2835 3711 2938 3748 non
2967 3693 3187 3748 terrebit
3210 3687 3542 3744 conscientia
3575 3695 3824 3756 peceato-

2264 3807 2406 3846 rum.
2440 3789 2588 3842 Nulla
2615 3803 2707 3842 cos
2727 3780 3361 3850 sollicitaliitintlbgentia.
3394 3777 3662 3833 Abstersit
3685 3773 3821 3829 Deus

2264 3897 2465 3935 onmem
2497 3880 2780 3947 lacrymam
2815 3875 2876 3928 ab
2908 3875 3072 3929 oculis
3095 3889 3270 3926 eorum
3292 3871 3475 3942 (Apoc.
3493 3884 3586 3937 vn,
3608 3867 3688 3941 i7)
3706 3867 3803 3901 ⁸⁸⁸⁸

2335 3970 2378 4023 Ο
2417 3970 2565 4022 dives
2590 3976 2643 4021 et
2669 3965 2827 4019 beata
2861 3979 2986 4034 pax,
3011 3978 3171 4032 quam
3201 3963 3358 4031 longe
3383 3976 3500 4015 sum
3525 3974 3555 4012 a
3580 3958 3658 4013 te!
3691 3956 3833 4013 Ecce

2267 4060 2411 4114 enim
2440 4056 2530 4125 qni
2562 4070 2732 4110 conor
2758 4054 2838 4106 vel
2871 4053 3106 4106 tenuiter
3138 4058 3354 4119 gustare
3384 4047 3608 4102 salivam
3635 4045 3838 4101 alienae

2267 4149 2564 4211 fclicitatis,
2590 4161 2755 4215 cogor
2781 4143 3061 4197 allluenter
3105 4141 3300 4211 glutire
3340 4137 3564 4192 acerbos
3605 4137 3826 4192 haustu~

2270 4255 2403 4294 mere
2431 4235 2782 4298 infelicitatis,
2817 4233 2906 4302 qui
2930 4246 3016 4300 me
3045 4236 3386 4285 commovent
3407 4237 3584 4282 tacere
3601 4239 3666 4282 ea
3689 4223 3827 4278 bona

2271 4345 2386 4402 qua:
2419 4344 2516 4382 nec
2548 4343 2762 4396 possum
2793 4324 3052 4394 cogitare,
3082 4329 3135 4376 et
3175 4319 3303 4374 ﬂere
3335 4317 3517 4387 gravia
3551 4315 3686 4370 mala
3709 4327 3834 4384 qua.

2269 4419 2574 4476 sull‘ercndo
2617 4433 2836 4488 possum
2884 4413 3128 4482 palpare.
3162 4409 3276 4464 llen
3306 4423 3390 4462 me
3420 4403 3708 4462 miserum!
3743 4402 3834 4458 iiii

2271 4528 2377 4566 non
2418 4525 2557 4575 sum,
2601 4519 2655 4563 et
2691 4509 2777 4561 ubi
2817 4521 2959 4568 sum,
2998 4504 3087 4572 qui
3137 4500 3317 4555 nescio
3353 4499 3442 4553 ubi
3473 4498 3684 4551 futurus
3710 4509 3834 4551 sum

2271 4600 2386 4652 "*3.
2424 4601 2700 4654 Discordat
2730 4598 2926 4667 quippe
2957 4591 3339 4648 miserabiliter
3371 4589 3549 4642 anima
3573 4600 3691 4640 mea
3711 4599 3836 4642 eum

2273 4691 2517 4761 copulata
2549 4691 2648 4744 sibi
2674 4704 2838 4744 carne
2861 4701 3000 4748 mea;
3031 4698 3189 4754 quam
3215 4677 3384 4750 sequi,
3409 4694 3514 4732 non
3559 4675 3696 4737 vult.
3741 4692 3840 4730 nte

2273 4791 2447 4850 potest
2471 4782 2585 4833 s'uc
2611 4779 2799 4832 timore
2832 4795 2844 4829 :
2893 4777 3191 4843 relinquere
3222 4779 3325 4825 neu
3364 4771 3546 4831 audet,
3575 4780 3672 4819 nec
3695 4765 3844 4824 valet

1908 4969 2136 5024 VARI/1‘3
2168 4971 2565 5027 LECTlONES.

691 5106 783 5138 m‘
812 5105 1161 5174 Snperl'undis
1215 5123 1312 5159 ms.
1373 5106 1506 5159 νει-ι.
1542 5105 1624 5159 lli.
1654 5119 1699 5158 ct
1737 5105 1883 5160 Flor.
1931 5108 2204 5174 perfundis

621 5175 848 5232 Humilis
876 5175 1137 5227 t:X:tilalttS
1159 5192 1281 5228 mss.
1305 5177 1532 5230 lmmilcs
1555 5176 1821 5230 exaltatus

613 5253 740 5301 ‘cote
775 5245 990 5298 lribulat

626 5331 727 5382 qua
760 5315 1008 5367 satietate
1104 5314 1199 5383 "‘"f
1227 5314 1364 5378 Quia
1399 5316 1553 5368 dulce
1582 5331 1708 5371 mss.
1749 5332 1909 5383 quam
1944 5318 2093 5370 dulce

627 5384 712 5436 19.
760 5383 801 5437 Ο
852 5384 1012 5437 chare

627 5452 814 5505 Anima
846 5462 927 5504 tua
960 5470 1080 5505 mss.
1109 5453 1284 5504 anima
1335 5470 1448 5507 mea

626 5535 834 5574 ciorum
875 5538 992 5572 mss.
1030 5523 1195 5575 oculis
1239 5537 1421 5574 eorum

628 5591 836 5644 futurus
868 5606 981 5642 sum

2311 5108 2404 5180 ’(³³9
2436 5103 2866 5180 Sicobjurgalgt
2893 5120 2988 5155 ms.
3015 5035 3258 5180 i’ictz‘lli.
3291 5099 3389 5180 _sic
3418 5098 3686 5180 iurgabit“
3729 5096 3797 5169 f'

1093 5192 1281 5274 mss.
1305 5177 1532 5255 humiles
1555 5176 1821 5230 exaltatus
1921 5157 2012 5209 {0”
2049 5179 2159 5230 Sub
2197 5187 2313 5232 cote
2339 5157 2632 5229 triludabat'
2672 5157 2767 5227 m‘s.
2806 5173 2937 5224 'l'lm.
2964 5173 3063 5224 sub
3090 5172 3308 5224 tribulat
3332 5157 3437 5221 ms:
3465 5157 3596 5220 Vict.
3625 5157 3852 5222 l6.'suh

1145 5245 1187 5275 3:
1238 5247 1249 5275 I
1280 5247 1502 5275 ωιτη-,Λα
1533 5262 1760 5275 ..ηηη-..η
1785 5257 1860 5275 Α...
1890 5264 1992 5275 ...η
2069 5247 2178 5275 In“...
2239 5249 2302 5275 si:
2356 5260 2393 5275 η,
2428 5245 2551 5275 1.“1η.ο
2601 5241 2821 5275 1ηηηηηι”
2845 5256 3075 5275 ..οηηιιιη
3169 5239 3261 5270 ἱοδδ
3287 5237 3400 5275 nam
3434 5235 3691 5275 εηιιίμτιῖρ
3718 5251 3812 5275 ηις-

1238 5246 1504 5326 Lapguida
1533 5262 1760 5313 namque
1785 5257 1866 5300 est
1890 5264 2012 5300 mss.
2069 5247 2199 5300 Vict.
2239 5249 2322 5299 lli.
2351 5260 2393 5297 et
2423 5245 2568 5297 Flor.
2599 5241 2821 5312 languet
2845 5256 3075 5311 namque
3169 5239 3261 5270 ’°"°
3287 5237 3401 5302 Qua
3433 5235 3691 5290 sociefaie
3718 5251 3812 5288 ms-
3841 5277 3851 5285 .

1238 5316 1361 5368 Dura
1399 5316 1553 5368 dulce
1582 5331 1708 5368 mss.
1749 5332 1909 5368 (tuam
1944 5318 2093 5368 dulce
2168 5317 2260 5346 ’⁸³³⁸
2287 5316 2376 5368 0ri
2403 5315 2515 5368 eius
2541 5329 2660 5365 mss.
2692 5313 2769 5364 ori
2811 5327 2926 5365 meo
2988 5354 2990 5357 .
3025 5311 3116 5340 ’(³³⁷
3143 5309 3185 5362 Ο
3226 5307 3487 5360 cbaritate
3538 5319 3636 5357 ms.
3702 5301 3794 5357 Vir
3817 5313 3836 5352 -:

2338 5332 2376 5366 ΓΙ
2403 5330 2515 5366 ClllS
2541 5329 2660 5365 "138.
2692 5329 2769 5364 Ul‘l
2811 5327 2926 5365 Πὶὲο

1227 5331 1361 5378 υιιιιι
1399 5331 1553 5368 (1111ςο
1582 5331 1708 5371 mss.
1749 5332 1909 5383 quam
1944 5331 2093 5370 unlcc
2287 5331 2376 5368 Ul‘l
2403 5331 2515 5381 ρμιε
2541 5331 2660 5365 mss.
2692 5331 2769 5364 Ul‘l
2811 5331 2926 5365 meo
2988 5354 2990 5357 .
3143 5331 3185 5362 U
3226 5331 3487 5360 tuatua“:
3538 5331 3636 5357 νη·
3711 5331 3731 5356 ν
3755 5331 3793 5357 ι(

1115 5382 1205 5413 ³⁰³⁸
1234 5385 1443 5436 Urcavit
1497 5400 1637 5438 eam.
1694 5403 1791 5438 ms.
1841 5386 1969 5438 Tim.
2007 5387 2207 5439 creavit
2252 5401 2388 5438 eam.
2430 5383 2756 5436 ltelractatio
2812 5380 3149 5435 dormitionis
3181 5377 3319 5437 beati
3355 5372 3632 5442 Stephani
3753 5374 3794 5404 “

1664 5457 1906 5534 Anbundet
1951 5473 2071 5508 mss.
2111 5458 2264 5534 duret
2315 5451 2823 5534 "°"'_l)csidcr=abile
2852 5467 2974 5502 mss.
3005 5446 3314 5534 deltirtalnle
3387 5439 3479 5534 ’βξ-ί
3504 5439 3687 5497 Oculis
3716 5457 3797 5497 sat
3845 5477 3854 5480 -

1545 5523 1638 5592 ἓ⁰³³
1680 5524 1742 5577 Et
1777 5525 1860 5577 ubi
1894 5541 2029 5588 sum,
2064 5527 2150 5591 qui
2185 5525 2362 5577 nescio
2405 5524 2489 5574 ubi
2550 5520 2759 5572 futurus
2803 5535 2915 5571 sum
2961 5537 3055 5570 ms.
3094 5517 3222 5569 'l'lm.
3278 5524 3324 5567 et
3370 5513 3455 5566 ubi
3487 5526 3625 5574 sunt,
3664 5521 3720 5568 et
3759 5517 3834 5565 ll"

2988 5301 3004 5357 .’
3025 5311 3116 5340 ’(⁵³⁷
3143 5309 3185 5362 Ο
3226 5301 3487 5360 ςιιεὶιίιδιε
3538 5319 3636 5357 ms.
3702 5301 3794 5357 Vir
3817 5313 3836 5352 -:

3689 6029 3692 6032 .
3739 6031 3754 6044 θ
3973 5989 3976 5992 ’
4031 6039 4034 6044 _

3497 6129 3634 6172 μικρ-
