  <div class='ocr_page' id='page_1' title='image "/cluster/home/n/w/nwhite01/storage/ocr_20150623/158/uva.x000829800/500.png"; bbox 0 0 4200 6218; ppageno 0'>
   <div class='ocr_carea' id='block_1_1' title="bbox 393 243 497 304">
    <p class='ocr_par' dir='ltr' id='par_1_1' title="bbox 393 243 497 304">
     <span class='ocr_line' id='line_1_1' title="bbox 393 243 497 304; baseline -0.058 0"><span class='ocrx_word' id='word_1_1' title='bbox 393 243 497 304; x_wconf 75' lang='lat'><strong>997</strong></span> 
     </span>
    </p>
   </div>
   <div class='ocr_carea' id='block_1_2' title="bbox 1813 202 2199 291">
    <p class='ocr_par' dir='ltr' id='par_1_2' title="bbox 1813 202 2199 291">
     <span class='ocr_line' id='line_1_2' title="bbox 1813 202 2199 291; baseline -0.003 0"><span class='ocrx_word' id='word_1_2' title='bbox 1813 202 2199 291; x_wconf 70' lang='lat' dir='ltr'><strong>onartoues</strong></span> 
     </span>
    </p>
   </div>
   <div class='ocr_carea' id='block_1_3' title="bbox 3511 231 3623 303">
    <p class='ocr_par' dir='ltr' id='par_1_3' title="bbox 3511 231 3623 303">
     <span class='ocr_line' id='line_1_3' title="bbox 3511 231 3623 303; baseline 0.045 -5"><span class='ocrx_word' id='word_1_3' title='bbox 3511 231 3623 303; x_wconf 69' lang='grc' dir='ltr'>9ῦὸ</span> 
     </span>
    </p>
   </div>
   <div class='ocr_carea' id='block_1_4' title="bbox 396 324 3603 423">
    <p class='ocr_par' dir='ltr' id='par_1_4' title="bbox 396 324 3603 423">
     <span class='ocr_line' id='line_1_4' title="bbox 396 324 3603 423; baseline -0.001 -14"><span class='ocrx_word' id='word_1_4' title='bbox 396 355 513 413; x_wconf 83' lang='lat' dir='ltr'><strong>sine</strong></span> <span class='ocrx_word' id='word_1_5' title='bbox 535 353 754 417; x_wconf 88' lang='lat' dir='ltr'><strong>dolore;</strong></span> <span class='ocrx_word' id='word_1_6' title='bbox 790 352 1001 405; x_wconf 90' lang='lat' dir='ltr'><strong>trahere</strong></span> <span class='ocrx_word' id='word_1_7' title='bbox 1023 364 1140 407; x_wconf 86' lang='lat' dir='ltr'><strong>eam</strong></span> <span class='ocrx_word' id='word_1_8' title='bbox 1160 350 1254 382; x_wconf 65' lang='grc'><strong>’(³⁵⁵</strong></span> <span class='ocrx_word' id='word_1_9' title='bbox 1293 357 1414 418; x_wconf 89' lang='lat' dir='ltr'><strong>post</strong></span> <span class='ocrx_word' id='word_1_10' title='bbox 1437 363 1494 403; x_wconf 92' lang='lat' dir='ltr'><strong>se</strong></span> <span class='ocrx_word' id='word_1_11' title='bbox 1521 324 1741 413; x_wconf 87' lang='lat' dir='ltr'><strong>vult,et</strong></span> <span class='ocrx_word' id='word_1_12' title='bbox 1763 348 1947 416; x_wconf 89' lang='lat' dir='ltr'><strong>nequit</strong></span> <span class='ocrx_word' id='word_1_13' title='bbox 1975 351 2021 405; x_wconf 83' lang='grc' dir='ltr'><strong>Α</strong></span> <span class='ocrx_word' id='word_1_14' title='bbox 2047 347 2181 401; x_wconf 89' lang='lat' dir='ltr'><strong>delis</strong></span> <span class='ocrx_word' id='word_1_15' title='bbox 2214 354 2267 399; x_wconf 90' lang='lat' dir='ltr'><strong>et</strong></span> <span class='ocrx_word' id='word_1_16' title='bbox 2291 346 2523 423; x_wconf 75' lang='lat' dir='ltr'><strong>prudens</strong></span> <span class='ocrx_word' id='word_1_17' title='bbox 2553 347 2892 415; x_wconf 72' lang='lat' dir='ltr'><strong>dispensator</strong></span> <span class='ocrx_word' id='word_1_18' title='bbox 2934 350 3254 419; x_wconf 71' lang='lat' dir='ltr'><strong>pauperibus</strong></span> <span class='ocrx_word' id='word_1_19' title='bbox 3296 351 3603 418; x_wconf 84' lang='lat' dir='ltr'><strong>distribuit;</strong></span> 
     </span>
    </p>
   </div>
   <div class='ocr_carea' id='block_1_5' title="bbox 397 435 1950 508">
    <p class='ocr_par' dir='ltr' id='par_1_5' title="bbox 397 435 1950 508">
     <span class='ocr_line' id='line_1_5' title="bbox 397 435 1950 508; baseline -0.006 -10"><span class='ocrx_word' id='word_1_20' title='bbox 397 442 483 498; x_wconf 87' lang='lat' dir='ltr'><strong>vel</strong></span> <span class='ocrx_word' id='word_1_21' title='bbox 514 458 633 497; x_wconf 90' lang='lat' dir='ltr'><strong>cum</strong></span> <span class='ocrx_word' id='word_1_22' title='bbox 660 441 861 495; x_wconf 89' lang='lat' dir='ltr'><strong>labore.</strong></span> <span class='ocrx_word' id='word_1_23' title='bbox 906 438 1102 507; x_wconf 77' lang='lat' dir='ltr'><strong>Infelix</strong></span> <span class='ocrx_word' id='word_1_24' title='bbox 1139 455 1230 508; x_wconf 86' lang='lat' dir='ltr'><strong>ego</strong></span> <span class='ocrx_word' id='word_1_25' title='bbox 1256 440 1429 501; x_wconf 83' lang='lat' dir='ltr'><strong>homo,</strong></span> <span class='ocrx_word' id='word_1_26' title='bbox 1460 437 1577 505; x_wconf 77' lang='lat' dir='ltr'><strong>quis</strong></span> <span class='ocrx_word' id='word_1_27' title='bbox 1606 453 1687 490; x_wconf 87' lang='lat' dir='ltr'><strong>me</strong></span> <span class='ocrx_word' id='word_1_28' title='bbox 1714 435 1950 489; x_wconf 81' lang='lat' dir='ltr'><strong>liberabit</strong></span> 
     </span>
    </p>
   </div>
   <div class='ocr_carea' id='block_1_6' title="bbox 393 523 1947 600">
    <p class='ocr_par' dir='ltr' id='par_1_6' title="bbox 393 523 1947 600">
     <span class='ocr_line' id='line_1_6' title="bbox 393 523 1947 600; baseline -0.006 -11"><span class='ocrx_word' id='word_1_29' title='bbox 393 533 459 589; x_wconf 75' lang='lat' dir='ltr'><strong>de</strong></span> <span class='ocrx_word' id='word_1_30' title='bbox 505 547 717 600; x_wconf 83' lang='lat' dir='ltr'><strong>corpore</strong></span> <span class='ocrx_word' id='word_1_31' title='bbox 763 526 942 585; x_wconf 73' lang='lat' dir='ltr'><strong>mortis</strong></span> <span class='ocrx_word' id='word_1_32' title='bbox 980 530 1175 598; x_wconf 78' lang='lat' dir='ltr'><strong>hujus?</strong></span> <span class='ocrx_word' id='word_1_33' title='bbox 1200 523 1368 599; x_wconf 84' lang='lat' dir='ltr'><strong>(Rom.</strong></span> <span class='ocrx_word' id='word_1_34' title='bbox 1399 542 1498 590; x_wconf 89' lang='lat' dir='ltr'><strong>vtt,</strong></span> <span class='ocrx_word' id='word_1_35' title='bbox 1519 526 1631 597; x_wconf 61' lang='grc' dir='ltr'><strong>Ἡ).</strong></span> <span class='ocrx_word' id='word_1_36' title='bbox 1664 525 1882 591; x_wconf 85' lang='lat' dir='ltr'><strong>Precor,</strong></span> <span class='ocrx_word' id='word_1_37' title='bbox 1913 539 1947 579; x_wconf 88' lang='grc' dir='ltr'>ο</span> 
     </span>
    </p>
   </div>
   <div class='ocr_carea' id='block_1_7' title="bbox 394 615 1956 691">
    <p class='ocr_par' dir='ltr' id='par_1_7' title="bbox 394 615 1956 691">
     <span class='ocr_line' id='line_1_7' title="bbox 394 615 1956 691; baseline -0.006 -13"><span class='ocrx_word' id='word_1_38' title='bbox 394 618 550 678; x_wconf 80' lang='lat' dir='ltr'><strong>beate</strong></span> <span class='ocrx_word' id='word_1_39' title='bbox 593 620 885 691; x_wconf 86' lang='lat' dir='ltr'><strong>Stephane.</strong></span> <span class='ocrx_word' id='word_1_40' title='bbox 921 636 1129 689; x_wconf 85' lang='lat' dir='ltr'><strong>precor,</strong></span> <span class='ocrx_word' id='word_1_41' title='bbox 1161 626 1467 688; x_wconf 83' lang='lat' dir='ltr'><strong>compatere</strong></span> <span class='ocrx_word' id='word_1_42' title='bbox 1500 627 1554 671; x_wconf 92' lang='grc' dir='ltr'><strong>ιιι</strong></span> <span class='ocrx_word' id='word_1_43' title='bbox 1586 616 1713 670; x_wconf 90' lang='lat' dir='ltr'><strong>mihi</strong></span> <span class='ocrx_word' id='word_1_44' title='bbox 1758 615 1956 671; x_wconf 88' lang='lat' dir='ltr'><strong>misero</strong></span> 
     </span>
    </p>
   </div>
   <div class='ocr_carea' id='block_1_8' title="bbox 399 702 1954 781">
    <p class='ocr_par' dir='ltr' id='par_1_8' title="bbox 399 702 1954 781">
     <span class='ocr_line' id='line_1_8' title="bbox 399 702 1954 781; baseline -0.006 -17"><span class='ocrx_word' id='word_1_45' title='bbox 399 711 675 781; x_wconf 87' lang='lat' dir='ltr'><strong>indigenti.</strong></span> <span class='ocrx_word' id='word_1_46' title='bbox 702 711 793 779; x_wconf 88' lang='lat' dir='ltr'><strong>qui</strong></span> <span class='ocrx_word' id='word_1_47' title='bbox 832 708 1141 778; x_wconf 81' lang='lat' dir='ltr'><strong>congaudeo</strong></span> <span class='ocrx_word' id='word_1_48' title='bbox 1189 707 1283 761; x_wconf 90' lang='lat' dir='ltr'><strong>tibi</strong></span> <span class='ocrx_word' id='word_1_49' title='bbox 1322 703 1497 769; x_wconf 89' lang='lat' dir='ltr'><strong>beato,</strong></span> <span class='ocrx_word' id='word_1_50' title='bbox 1530 703 1654 758; x_wconf 89' lang='lat' dir='ltr'><strong>licet</strong></span> <span class='ocrx_word' id='word_1_51' title='bbox 1680 718 1784 757; x_wconf 90' lang='lat' dir='ltr'><strong>non</strong></span> <span class='ocrx_word' id='word_1_52' title='bbox 1813 702 1954 755; x_wconf 88' lang='lat' dir='ltr'><strong>indi-</strong></span> 
     </span>
    </p>
   </div>
   <div class='ocr_carea' id='block_1_9' title="bbox 397 794 1956 871">
    <p class='ocr_par' dir='ltr' id='par_1_9' title="bbox 397 794 1956 871">
     <span class='ocr_line' id='line_1_9' title="bbox 397 794 1956 871; baseline -0.008 -14"><span class='ocrx_word' id='word_1_53' title='bbox 397 801 562 871; x_wconf 72' lang='lat' dir='ltr'><strong>genti.</strong></span> <span class='ocrx_word' id='word_1_54' title='bbox 591 800 809 857; x_wconf 80' lang='lat' dir='ltr'><strong>Liberet</strong></span> <span class='ocrx_word' id='word_1_55' title='bbox 836 816 919 854; x_wconf 90' lang='lat' dir='ltr'><strong>me</strong></span> <span class='ocrx_word' id='word_1_56' title='bbox 942 798 1011 853; x_wconf 90' lang='lat' dir='ltr'><strong>de</strong></span> <span class='ocrx_word' id='word_1_57' title='bbox 1032 811 1259 867; x_wconf 85' lang='lat' dir='ltr'><strong>corpore</strong></span> <span class='ocrx_word' id='word_1_58' title='bbox 1299 796 1489 851; x_wconf 89' lang='lat' dir='ltr'><strong>mortis</strong></span> <span class='ocrx_word' id='word_1_59' title='bbox 1516 794 1673 863; x_wconf 83' lang='lat' dir='ltr'><strong>hujus</strong></span> <span class='ocrx_word' id='word_1_60' title='bbox 1701 794 1806 847; x_wconf 90' lang='lat' dir='ltr'><strong>tuis</strong></span> <span class='ocrx_word' id='word_1_61' title='bbox 1845 805 1956 845; x_wconf 80' lang='lat' dir='ltr'><strong>me-</strong></span> 
     </span>
    </p>
   </div>
   <div class='ocr_carea' id='block_1_10' title="bbox 397 884 1951 962">
    <p class='ocr_par' dir='ltr' id='par_1_10' title="bbox 397 884 1951 962">
     <span class='ocr_line' id='line_1_10' title="bbox 397 884 1951 962; baseline -0.006 -17"><span class='ocrx_word' id='word_1_62' title='bbox 397 892 515 959; x_wconf 87' lang='lat' dir='ltr'><strong>ritis</strong></span> <span class='ocrx_word' id='word_1_63' title='bbox 552 892 721 962; x_wconf 83' lang='lat' dir='ltr'><strong>gratia</strong></span> <span class='ocrx_word' id='word_1_64' title='bbox 765 891 857 944; x_wconf 85' lang='lat' dir='ltr'><strong>Dei</strong></span> <span class='ocrx_word' id='word_1_65' title='bbox 902 905 999 959; x_wconf 90' lang='lat' dir='ltr'><strong>per</strong></span> <span class='ocrx_word' id='word_1_66' title='bbox 1028 888 1215 944; x_wconf 81' lang='lat' dir='ltr'><strong>Jesum</strong></span> <span class='ocrx_word' id='word_1_67' title='bbox 1246 887 1517 942; x_wconf 87' lang='lat' dir='ltr'><strong>Christum</strong></span> <span class='ocrx_word' id='word_1_68' title='bbox 1543 884 1825 938; x_wconf 89' lang='lat' dir='ltr'><strong>Dominum</strong></span> <span class='ocrx_word' id='word_1_69' title='bbox 1854 895 1951 935; x_wconf 88' lang='lat' dir='ltr'><strong>no-</strong></span> 
     </span>
    </p>
   </div>
   <div class='ocr_carea' id='block_1_11' title="bbox 396 974 1953 1050">
    <p class='ocr_par' dir='ltr' id='par_1_11' title="bbox 396 974 1953 1050">
     <span class='ocr_line' id='line_1_11' title="bbox 396 974 1953 1050; baseline -0.007 -13"><span class='ocrx_word' id='word_1_70' title='bbox 396 990 588 1047; x_wconf 78' lang='lat' dir='ltr'><strong>Strum,</strong></span> <span class='ocrx_word' id='word_1_71' title='bbox 621 990 680 1034; x_wconf 90' lang='lat' dir='ltr'><strong>ut</strong></span> <span class='ocrx_word' id='word_1_72' title='bbox 706 981 1028 1049; x_wconf 83' lang='lat' dir='ltr'><strong>quandoque</strong></span> <span class='ocrx_word' id='word_1_73' title='bbox 1055 980 1109 1033; x_wconf 89' lang='lat' dir='ltr'><strong>in</strong></span> <span class='ocrx_word' id='word_1_74' title='bbox 1132 978 1258 1050; x_wconf 79' lang='lat' dir='ltr'><strong>pare</strong></span> <span class='ocrx_word' id='word_1_75' title='bbox 1282 979 1335 1030; x_wconf 85' lang='lat' dir='ltr'><strong>in</strong></span> <span class='ocrx_word' id='word_1_76' title='bbox 1362 976 1586 1043; x_wconf 76' lang='lat' dir='ltr'><strong>idipsum</strong></span> <span class='ocrx_word' id='word_1_77' title='bbox 1614 974 1873 1029; x_wconf 75' lang='lat' dir='ltr'><strong>dormiant</strong></span> <span class='ocrx_word' id='word_1_78' title='bbox 1903 982 1953 1026; x_wconf 89' lang='lat' dir='ltr'><strong>et</strong></span> 
     </span>
    </p>
   </div>
   <div class='ocr_carea' id='block_1_12' title="bbox 396 1065 1955 1141">
    <p class='ocr_par' dir='ltr' id='par_1_12' title="bbox 396 1065 1955 1141">
     <span class='ocr_line' id='line_1_12' title="bbox 396 1065 1955 1141; baseline -0.004 -16"><span class='ocrx_word' id='word_1_79' title='bbox 396 1074 710 1140; x_wconf 75' lang='lat' dir='ltr'><strong>requiescam</strong></span> <span class='ocrx_word' id='word_1_80' title='bbox 738 1069 910 1141; x_wconf 74' lang='lat' dir='ltr'><strong>(Paul.</strong></span> <span class='ocrx_word' id='word_1_81' title='bbox 942 1086 1017 1135; x_wconf 86' lang='lat' dir='ltr'><strong>Iv,</strong></span> <span class='ocrx_word' id='word_1_82' title='bbox 1040 1069 1101 1139; x_wconf 31' lang='lat'><strong>,9)</strong></span> <span class='ocrx_word' id='word_1_83' title='bbox 1129 1070 1181 1123; x_wconf 91' lang='lat' dir='ltr'><strong>in</strong></span> <span class='ocrx_word' id='word_1_84' title='bbox 1206 1068 1454 1133; x_wconf 86' lang='lat' dir='ltr'><strong>Domino,</strong></span> <span class='ocrx_word' id='word_1_85' title='bbox 1481 1066 1570 1136; x_wconf 88' lang='lat' dir='ltr'><strong>qui</strong></span> <span class='ocrx_word' id='word_1_86' title='bbox 1598 1065 1730 1120; x_wconf 81' lang='lat' dir='ltr'><strong>vivit</strong></span> <span class='ocrx_word' id='word_1_87' title='bbox 1750 1074 1805 1120; x_wconf 87' lang='lat' dir='ltr'><strong>et</strong></span> <span class='ocrx_word' id='word_1_88' title='bbox 1836 1080 1955 1134; x_wconf 78' lang='lat' dir='ltr'><strong>reg-</strong></span> 
     </span>
    </p>
   </div>
   <div class='ocr_carea' id='block_1_13' title="bbox 397 1157 1791 1232">
    <p class='ocr_par' dir='ltr' id='par_1_13' title="bbox 397 1157 1791 1232">
     <span class='ocr_line' id='line_1_13' title="bbox 397 1157 1791 1232; baseline -0.002 -16"><span class='ocrx_word' id='word_1_89' title='bbox 397 1171 489 1218; x_wconf 90' lang='lat' dir='ltr'><strong>nat</strong></span> <span class='ocrx_word' id='word_1_90' title='bbox 515 1160 671 1217; x_wconf 86' lang='lat' dir='ltr'><strong>Deus</strong></span> <span class='ocrx_word' id='word_1_91' title='bbox 692 1176 791 1232; x_wconf 87' lang='lat' dir='ltr'><strong>per</strong></span> <span class='ocrx_word' id='word_1_92' title='bbox 813 1163 993 1217; x_wconf 83' lang='lat' dir='ltr'><strong>omnia</strong></span> <span class='ocrx_word' id='word_1_93' title='bbox 1022 1159 1217 1216; x_wconf 67' lang='lat' dir='ltr'><strong>saecula</strong></span> <span class='ocrx_word' id='word_1_94' title='bbox 1240 1159 1577 1215; x_wconf 72' lang='lat' dir='ltr'><strong>smculorum.</strong></span> <span class='ocrx_word' id='word_1_95' title='bbox 1600 1157 1791 1213; x_wconf 85' lang='lat' dir='ltr'><strong>Amen.</strong></span> 
     </span>
    </p>
   </div>
   <div class='ocr_carea' id='block_1_14' title="bbox 699 1267 1643 1341">
    <p class='ocr_par' dir='ltr' id='par_1_14' title="bbox 699 1267 1643 1341">
     <span class='ocr_line' id='line_1_14' title="bbox 699 1267 1643 1341; baseline -0.004 -15"><span class='ocrx_word' id='word_1_96' title='bbox 699 1268 954 1326; x_wconf 79' lang='lat' dir='ltr'><strong>ORATIO</strong></span> <span class='ocrx_word' id='word_1_97' title='bbox 981 1269 1121 1331; x_wconf 71' lang='lat' dir='ltr'><strong>Lxx</strong></span> <span class='ocrx_word' id='word_1_98' title='bbox 1151 1268 1244 1341; x_wconf 88' lang='grc' dir='ltr'><strong>[οι.</strong></span> <span class='ocrx_word' id='word_1_99' title='bbox 1268 1267 1498 1339; x_wconf 83' lang='lat' dir='ltr'><strong>vam]</strong></span> <span class='ocrx_word' id='word_1_100' title='bbox 1524 1268 1643 1322; x_wconf 71' lang='grc' dir='ltr'><strong>ιοη.</strong></span> 
     </span>
    </p>
   </div>
   <div class='ocr_carea' id='block_1_15' title="bbox 810 1393 1539 1435">
    <p class='ocr_par' dir='ltr' id='par_1_15' title="bbox 810 1393 1539 1435">
     <span class='ocr_line' id='line_1_15' title="bbox 810 1393 1539 1435; baseline -0.004 0"><span class='ocrx_word' id='word_1_101' title='bbox 810 1393 878 1435; x_wconf 75' lang='grc' dir='ltr'><strong>Αἰ)</strong></span> <span class='ocrx_word' id='word_1_102' title='bbox 906 1395 1147 1435; x_wconf 70' lang='lat' dir='ltr'><strong>SANCTUI</strong></span> <span class='ocrx_word' id='word_1_103' title='bbox 1176 1394 1539 1435; x_wconf 72' lang='lat' dir='ltr'><strong>LAURENTIUII.</strong></span> 
     </span>
    </p>
   </div>
   <div class='ocr_carea' id='block_1_16' title="bbox 466 1476 1953 1561">
    <p class='ocr_par' dir='ltr' id='par_1_16' title="bbox 466 1476 1953 1561">
     <span class='ocr_line' id='line_1_16' title="bbox 466 1476 1953 1561; baseline -0.003 -16"><span class='ocrx_word' id='word_1_104' title='bbox 466 1488 781 1545; x_wconf 89' lang='lat' dir='ltr'><strong>Beatissime</strong></span> <span class='ocrx_word' id='word_1_105' title='bbox 852 1497 1062 1561; x_wconf 85' lang='lat' dir='ltr'><strong>martyr</strong></span> <span class='ocrx_word' id='word_1_106' title='bbox 1095 1476 1170 1542; x_wconf 79' lang='lat' dir='ltr'><strong>ac</strong></span> <span class='ocrx_word' id='word_1_107' title='bbox 1218 1487 1610 1543; x_wconf 79' lang='lat' dir='ltr'><strong>ferventissime</strong></span> <span class='ocrx_word' id='word_1_108' title='bbox 1658 1487 1953 1542; x_wconf 89' lang='lat' dir='ltr'><strong>Salvatoris</strong></span> 
     </span>
    </p>
   </div>
   <div class='ocr_carea' id='block_1_17' title="bbox 393 1580 1951 1654">
    <p class='ocr_par' dir='ltr' id='par_1_17' title="bbox 393 1580 1951 1654">
     <span class='ocr_line' id='line_1_17' title="bbox 393 1580 1951 1654; baseline -0.003 -17"><span class='ocrx_word' id='word_1_109' title='bbox 393 1584 643 1647; x_wconf 86' lang='lat' dir='ltr'><strong>dilector,</strong></span> <span class='ocrx_word' id='word_1_110' title='bbox 684 1595 828 1637; x_wconf 72' lang='lat' dir='ltr'><strong>verm</strong></span> <span class='ocrx_word' id='word_1_111' title='bbox 858 1580 1132 1636; x_wconf 88' lang='lat' dir='ltr'><strong>felicitatis</strong></span> <span class='ocrx_word' id='word_1_112' title='bbox 1159 1580 1344 1635; x_wconf 89' lang='lat' dir='ltr'><strong>laurea</strong></span> <span class='ocrx_word' id='word_1_113' title='bbox 1384 1580 1634 1635; x_wconf 85' lang='lat' dir='ltr'><strong>redimite</strong></span> <span class='ocrx_word' id='word_1_114' title='bbox 1673 1580 1951 1654; x_wconf 61' lang='lat' dir='ltr'><strong>Laurenti,</strong></span> 
     </span>
    </p>
   </div>
   <div class='ocr_carea' id='block_1_18' title="bbox 396 1669 1954 1741">
    <p class='ocr_par' dir='ltr' id='par_1_18' title="bbox 396 1669 1954 1741">
     <span class='ocr_line' id='line_1_18' title="bbox 396 1669 1954 1741; baseline -0.001 -18"><span class='ocrx_word' id='word_1_115' title='bbox 396 1680 453 1724; x_wconf 91' lang='lat' dir='ltr'><strong>tu</strong></span> <span class='ocrx_word' id='word_1_116' title='bbox 482 1671 615 1725; x_wconf 87' lang='lat' dir='ltr'><strong>illud</strong></span> <span class='ocrx_word' id='word_1_117' title='bbox 638 1671 933 1741; x_wconf 89' lang='lat' dir='ltr'><strong>pretiosum</strong></span> <span class='ocrx_word' id='word_1_118' title='bbox 960 1685 1053 1724; x_wconf 90' lang='lat' dir='ltr'><strong>vas</strong></span> <span class='ocrx_word' id='word_1_119' title='bbox 1076 1672 1265 1725; x_wconf 87' lang='lat' dir='ltr'><strong>domus</strong></span> <span class='ocrx_word' id='word_1_120' title='bbox 1292 1670 1411 1735; x_wconf 89' lang='lat' dir='ltr'><strong>Dei,</strong></span> <span class='ocrx_word' id='word_1_121' title='bbox 1448 1678 1502 1724; x_wconf 89' lang='lat' dir='ltr'><strong>tu</strong></span> <span class='ocrx_word' id='word_1_122' title='bbox 1532 1669 1620 1724; x_wconf 91' lang='lat' dir='ltr'><strong>ille</strong></span> <span class='ocrx_word' id='word_1_123' title='bbox 1644 1669 1816 1724; x_wconf 80' lang='lat' dir='ltr'><strong>fidelis</strong></span> <span class='ocrx_word' id='word_1_124' title='bbox 1845 1671 1954 1725; x_wconf 85' lang='lat' dir='ltr'><strong>dis-</strong></span> 
     </span>
    </p>
   </div>
   <div class='ocr_carea' id='block_1_19' title="bbox 392 1760 1949 1845">
    <p class='ocr_par' dir='ltr' id='par_1_19' title="bbox 392 1760 1949 1845">
     <span class='ocr_line' id='line_1_19' title="bbox 392 1760 1949 1845; baseline 0.001 -31"><span class='ocrx_word' id='word_1_125' title='bbox 392 1769 646 1830; x_wconf 86' lang='lat' dir='ltr'><strong>pensalor</strong></span> <span class='ocrx_word' id='word_1_126' title='bbox 677 1761 913 1817; x_wconf 81' lang='lat' dir='ltr'><strong>thesauri</strong></span> <span class='ocrx_word' id='word_1_127' title='bbox 943 1761 1199 1825; x_wconf 68' lang='lat' dir='ltr'><strong>caelestis,</strong></span> <span class='ocrx_word' id='word_1_128' title='bbox 1239 1770 1293 1815; x_wconf 87' lang='lat' dir='ltr'><strong>et</strong></span> <span class='ocrx_word' id='word_1_129' title='bbox 1334 1760 1718 1845; x_wconf 81' lang='lat' dir='ltr'><strong>benignissime</strong></span> <span class='ocrx_word' id='word_1_130' title='bbox 1750 1777 1949 1831; x_wconf 87' lang='lat' dir='ltr'><strong>paupe-</strong></span> 
     </span>
    </p>
   </div>
   <div class='ocr_carea' id='block_1_20' title="bbox 393 1852 1951 1920">
    <p class='ocr_par' dir='ltr' id='par_1_20' title="bbox 393 1852 1951 1920">
     <span class='ocr_line' id='line_1_20' title="bbox 393 1852 1951 1920; baseline -0.001 -14"><span class='ocrx_word' id='word_1_131' title='bbox 393 1866 512 1906; x_wconf 85' lang='lat' dir='ltr'><strong>rum</strong></span> <span class='ocrx_word' id='word_1_132' title='bbox 550 1852 750 1907; x_wconf 87' lang='lat' dir='ltr'><strong>Christi</strong></span> <span class='ocrx_word' id='word_1_133' title='bbox 796 1852 1059 1920; x_wconf 86' lang='lat' dir='ltr'><strong>provisor,</strong></span> <span class='ocrx_word' id='word_1_134' title='bbox 1109 1861 1159 1906; x_wconf 88' lang='lat' dir='ltr'><strong>te</strong></span> <span class='ocrx_word' id='word_1_135' title='bbox 1204 1852 1391 1906; x_wconf 80' lang='lat' dir='ltr'><strong>invoco</strong></span> <span class='ocrx_word' id='word_1_136' title='bbox 1438 1853 1489 1906; x_wconf 91' lang='lat' dir='ltr'><strong>in</strong></span> <span class='ocrx_word' id='word_1_137' title='bbox 1522 1853 1786 1907; x_wconf 80' lang='lat' dir='ltr'><strong>auxilium</strong></span> <span class='ocrx_word' id='word_1_138' title='bbox 1823 1853 1951 1906; x_wconf 89' lang='lat' dir='ltr'><strong>mihi</strong></span> 
     </span>
    </p>
   </div>
   <div class='ocr_carea' id='block_1_21' title="bbox 394 1939 1956 2009">
    <p class='ocr_par' dir='ltr' id='par_1_21' title="bbox 394 1939 1956 2009">
     <span class='ocr_line' id='line_1_21' title="bbox 394 1939 1956 2009; baseline -0.002 -15"><span class='ocrx_word' id='word_1_139' title='bbox 394 1940 722 1995; x_wconf 88' lang='lat' dir='ltr'><strong>desideranti</strong></span> <span class='ocrx_word' id='word_1_140' title='bbox 765 1941 1038 2009; x_wconf 85' lang='lat' dir='ltr'><strong>deprecari</strong></span> <span class='ocrx_word' id='word_1_141' title='bbox 1068 1939 1260 1997; x_wconf 78' lang='lat' dir='ltr'><strong>faciem</strong></span> <span class='ocrx_word' id='word_1_142' title='bbox 1306 1940 1419 2004; x_wconf 86' lang='lat' dir='ltr'><strong>Dei,</strong></span> <span class='ocrx_word' id='word_1_143' title='bbox 1451 1941 1544 1995; x_wconf 91' lang='lat' dir='ltr'><strong>sed</strong></span> <span class='ocrx_word' id='word_1_144' title='bbox 1584 1948 1681 2009; x_wconf 91' lang='lat' dir='ltr'><strong>pro</strong></span> <span class='ocrx_word' id='word_1_145' title='bbox 1707 1951 1956 2009; x_wconf 87' lang='lat' dir='ltr'><strong>peceato-</strong></span> 
     </span>
    </p>
   </div>
   <div class='ocr_carea' id='block_1_22' title="bbox 392 2027 1951 2097">
    <p class='ocr_par' dir='ltr' id='par_1_22' title="bbox 392 2027 1951 2097">
     <span class='ocr_line' id='line_1_22' title="bbox 392 2027 1951 2097; baseline -0.001 -13"><span class='ocrx_word' id='word_1_146' title='bbox 392 2044 512 2084; x_wconf 84' lang='lat' dir='ltr'><strong>rum</strong></span> <span class='ocrx_word' id='word_1_147' title='bbox 540 2029 904 2097; x_wconf 83' lang='lat' dir='ltr'><strong>magnitudine</strong></span> <span class='ocrx_word' id='word_1_148' title='bbox 926 2029 991 2081; x_wconf 88' lang='lat' dir='ltr'><strong>ad</strong></span> <span class='ocrx_word' id='word_1_149' title='bbox 1022 2043 1143 2083; x_wconf 90' lang='lat' dir='ltr'><strong>eum</strong></span> <span class='ocrx_word' id='word_1_150' title='bbox 1169 2027 1355 2082; x_wconf 80' lang='lat' dir='ltr'><strong>faciem</strong></span> <span class='ocrx_word' id='word_1_151' title='bbox 1379 2028 1557 2083; x_wconf 87' lang='lat' dir='ltr'><strong>levare</strong></span> <span class='ocrx_word' id='word_1_152' title='bbox 1582 2045 1686 2085; x_wconf 93' lang='lat' dir='ltr'><strong>non</strong></span> <span class='ocrx_word' id='word_1_153' title='bbox 1712 2031 1951 2083; x_wconf 82' lang='lat' dir='ltr'><strong>audenti.</strong></span> 
     </span>
    </p>
   </div>
   <div class='ocr_carea' id='block_1_23' title="bbox 393 2115 1953 2187">
    <p class='ocr_par' dir='ltr' id='par_1_23' title="bbox 393 2115 1953 2187">
     <span class='ocr_line' id='line_1_23' title="bbox 393 2115 1953 2187; baseline 0.001 -16"><span class='ocrx_word' id='word_1_154' title='bbox 393 2117 508 2187; x_wconf 78' lang='lat' dir='ltr'><strong>Age</strong></span> <span class='ocrx_word' id='word_1_155' title='bbox 540 2131 687 2186; x_wconf 84' lang='lat' dir='ltr'><strong>ergo,</strong></span> <span class='ocrx_word' id='word_1_156' title='bbox 716 2117 869 2171; x_wconf 89' lang='lat' dir='ltr'><strong>testis</strong></span> <span class='ocrx_word' id='word_1_157' title='bbox 896 2115 1185 2171; x_wconf 80' lang='lat' dir='ltr'><strong>fortissime</strong></span> <span class='ocrx_word' id='word_1_158' title='bbox 1214 2117 1463 2185; x_wconf 70' lang='lat' dir='ltr'><strong>potentias</strong></span> <span class='ocrx_word' id='word_1_159' title='bbox 1484 2115 1708 2178; x_wconf 87' lang='lat' dir='ltr'><strong>Christi.</strong></span> <span class='ocrx_word' id='word_1_160' title='bbox 1731 2121 1953 2173; x_wconf 84' lang='lat' dir='ltr'><strong>ostende</strong></span> 
     </span>
    </p>
   </div>
   <div class='ocr_carea' id='block_1_24' title="bbox 394 2206 1950 2271">
    <p class='ocr_par' dir='ltr' id='par_1_24' title="bbox 394 2206 1950 2271">
     <span class='ocr_line' id='line_1_24' title="bbox 394 2206 1950 2271; baseline 0.002 -11"><span class='ocrx_word' id='word_1_161' title='bbox 394 2207 449 2260; x_wconf 86' lang='lat' dir='ltr'><strong>in</strong></span> <span class='ocrx_word' id='word_1_162' title='bbox 483 2222 569 2261; x_wconf 89' lang='lat' dir='ltr'><strong>me</strong></span> <span class='ocrx_word' id='word_1_163' title='bbox 597 2206 1022 2271; x_wconf 75' lang='lat' dir='ltr'><strong>benevolentiam</strong></span> <span class='ocrx_word' id='word_1_164' title='bbox 1047 2214 1215 2270; x_wconf 84' lang='lat' dir='ltr'><strong>tuam,</strong></span> <span class='ocrx_word' id='word_1_165' title='bbox 1248 2215 1305 2259; x_wconf 92' lang='lat' dir='ltr'><strong>et</strong></span> <span class='ocrx_word' id='word_1_166' title='bbox 1335 2206 1550 2261; x_wconf 85' lang='lat' dir='ltr'><strong>attende</strong></span> <span class='ocrx_word' id='word_1_167' title='bbox 1575 2208 1950 2263; x_wconf 81' lang='lat' dir='ltr'><strong>necessitatem</strong></span> 
     </span>
    </p>
   </div>
   <div class='ocr_carea' id='block_1_25' title="bbox 395 2294 1951 2368">
    <p class='ocr_par' dir='ltr' id='par_1_25' title="bbox 395 2294 1951 2368">
     <span class='ocr_line' id='line_1_25' title="bbox 395 2294 1951 2368; baseline 0.003 -19"><span class='ocrx_word' id='word_1_168' title='bbox 395 2308 593 2361; x_wconf 87' lang='lat' dir='ltr'><strong>meam,</strong></span> <span class='ocrx_word' id='word_1_169' title='bbox 642 2305 695 2350; x_wconf 90' lang='lat' dir='ltr'><strong>et</strong></span> <span class='ocrx_word' id='word_1_170' title='bbox 723 2294 872 2352; x_wconf 82' lang='lat' dir='ltr'><strong>defer</strong></span> <span class='ocrx_word' id='word_1_171' title='bbox 912 2296 986 2350; x_wconf 91' lang='lat' dir='ltr'><strong>illi</strong></span> <span class='ocrx_word' id='word_1_172' title='bbox 1024 2295 1322 2351; x_wconf 88' lang='lat' dir='ltr'><strong>orationem</strong></span> <span class='ocrx_word' id='word_1_173' title='bbox 1369 2311 1565 2350; x_wconf 82' lang='lat' dir='ltr'><strong>meam.</strong></span> <span class='ocrx_word' id='word_1_174' title='bbox 1608 2297 1819 2352; x_wconf 85' lang='lat' dir='ltr'><strong>Evacua</strong></span> <span class='ocrx_word' id='word_1_175' title='bbox 1865 2302 1951 2368; x_wconf 89' lang='lat' dir='ltr'><strong>pia</strong></span> 
     </span>
    </p>
   </div>
   <div class='ocr_carea' id='block_1_26' title="bbox 395 2385 1952 2455">
    <p class='ocr_par' dir='ltr' id='par_1_26' title="bbox 395 2385 1952 2455">
     <span class='ocr_line' id='line_1_26' title="bbox 395 2385 1952 2455; baseline 0.001 -17"><span class='ocrx_word' id='word_1_176' title='bbox 395 2385 777 2441; x_wconf 85' lang='lat' dir='ltr'><strong>intercessione</strong></span> <span class='ocrx_word' id='word_1_177' title='bbox 835 2394 1051 2455; x_wconf 89' lang='lat' dir='ltr'><strong>peccata</strong></span> <span class='ocrx_word' id='word_1_178' title='bbox 1117 2399 1260 2447; x_wconf 86' lang='lat' dir='ltr'><strong>mea,</strong></span> <span class='ocrx_word' id='word_1_179' title='bbox 1317 2386 1553 2454; x_wconf 76' lang='lat' dir='ltr'><strong>exstirpa</strong></span> <span class='ocrx_word' id='word_1_180' title='bbox 1618 2385 1952 2439; x_wconf 85' lang='lat' dir='ltr'><strong>misericordi</strong></span> 
     </span>
    </p>
   </div>
   <div class='ocr_carea' id='block_1_27' title="bbox 392 2473 1950 2543">
    <p class='ocr_par' dir='ltr' id='par_1_27' title="bbox 392 2473 1950 2543">
     <span class='ocr_line' id='line_1_27' title="bbox 392 2473 1950 2543; baseline -0.001 -16"><span class='ocrx_word' id='word_1_181' title='bbox 392 2473 745 2529; x_wconf 84' lang='lat' dir='ltr'><strong>subventione</strong></span> <span class='ocrx_word' id='word_1_182' title='bbox 774 2474 903 2528; x_wconf 89' lang='lat' dir='ltr'><strong>vitia</strong></span> <span class='ocrx_word' id='word_1_183' title='bbox 927 2487 1065 2539; x_wconf 89' lang='lat' dir='ltr'><strong>mea,</strong></span> <span class='ocrx_word' id='word_1_184' title='bbox 1098 2482 1156 2527; x_wconf 91' lang='lat' dir='ltr'><strong>ut</strong></span> <span class='ocrx_word' id='word_1_185' title='bbox 1180 2475 1246 2529; x_wconf 91' lang='lat' dir='ltr'><strong>ab</strong></span> <span class='ocrx_word' id='word_1_186' title='bbox 1277 2474 1406 2543; x_wconf 88' lang='lat' dir='ltr'><strong>ipsis</strong></span> <span class='ocrx_word' id='word_1_187' title='bbox 1431 2482 1604 2537; x_wconf 83' lang='lat' dir='ltr'><strong>emta,</strong></span> <span class='ocrx_word' id='word_1_188' title='bbox 1632 2475 1950 2527; x_wconf 88' lang='lat' dir='ltr'><strong>cbaritatem</strong></span> 
     </span>
    </p>
   </div>
   <div class='ocr_carea' id='block_1_28' title="bbox 393 2562 1952 2635">
    <p class='ocr_par' dir='ltr' id='par_1_28' title="bbox 393 2562 1952 2635">
     <span class='ocr_line' id='line_1_28' title="bbox 393 2562 1952 2635; baseline -0.004 -16"><span class='ocrx_word' id='word_1_189' title='bbox 393 2563 561 2631; x_wconf 81' lang='lat' dir='ltr'><strong>illam,</strong></span> <span class='ocrx_word' id='word_1_190' title='bbox 627 2580 733 2635; x_wconf 89' lang='lat' dir='ltr'><strong>qua</strong></span> <span class='ocrx_word' id='word_1_191' title='bbox 789 2566 841 2618; x_wconf 92' lang='lat' dir='ltr'><strong>in</strong></span> <span class='ocrx_word' id='word_1_192' title='bbox 889 2564 1089 2620; x_wconf 83' lang='lat' dir='ltr'><strong>Christi</strong></span> <span class='ocrx_word' id='word_1_193' title='bbox 1140 2562 1465 2618; x_wconf 87' lang='lat' dir='ltr'><strong>desiderium</strong></span> <span class='ocrx_word' id='word_1_194' title='bbox 1526 2562 1952 2617; x_wconf 83' lang='lat' dir='ltr'><strong>totus‘feliciter</strong></span> 
     </span>
    </p>
   </div>
   <div class='ocr_carea' id='block_1_29' title="bbox 393 2652 1983 2751">
    <p class='ocr_par' dir='ltr' id='par_1_29' title="bbox 393 2652 1983 2727">
     <span class='ocr_line' id='line_1_29' title="bbox 393 2652 1983 2727; baseline -0.004 -17"><span class='ocrx_word' id='word_1_195' title='bbox 393 2655 670 2717; x_wconf 82' lang='lat' dir='ltr'><strong>exarsisli.</strong></span> <span class='ocrx_word' id='word_1_196' title='bbox 699 2654 1073 2724; x_wconf 88' lang='lat' dir='ltr'><strong>quoquomodo</strong></span> <span class='ocrx_word' id='word_1_197' title='bbox 1098 2654 1149 2708; x_wconf 91' lang='lat' dir='ltr'><strong>in</strong></span> <span class='ocrx_word' id='word_1_198' title='bbox 1181 2668 1238 2708; x_wconf 89' lang='lat' dir='ltr'><strong>se</strong></span> <span class='ocrx_word' id='word_1_199' title='bbox 1264 2653 1559 2708; x_wconf 82' lang='lat' dir='ltr'><strong>accendere</strong></span> <span class='ocrx_word' id='word_1_200' title='bbox 1580 2652 1751 2706; x_wconf 81' lang='lat' dir='ltr'><strong>valeat</strong></span> <span class='ocrx_word' id='word_1_201' title='bbox 1773 2653 1951 2705; x_wconf 88' lang='lat' dir='ltr'><strong>anima</strong></span> <span class='ocrx_word' id='word_1_202' title='bbox 1981 2723 1983 2727; x_wconf 13' lang='grc' dir='ltr'>η</span> 
     </span>
    </p>
   </div>
   <div class='ocr_carea' id='block_1_30' title="bbox 2016 2652 3620 2751">
    <p class='ocr_par' dir='ltr' id='par_1_30' title="bbox 2016 2670 3620 2751">
     <span class='ocr_line' id='line_1_30' title="bbox 2016 2670 3620 2751; baseline 0.001 -18"><span class='ocrx_word' id='word_1_203' title='bbox 2016 2744 2017 2747; x_wconf 21' lang='grc' dir='ltr'><strong>η</strong></span> <span class='ocrx_word' id='word_1_204' title='bbox 2052 2695 2198 2735; x_wconf 82' lang='lat' dir='ltr'><strong>renae</strong></span> <span class='ocrx_word' id='word_1_205' title='bbox 2221 2679 2588 2736; x_wconf 81' lang='lat' dir='ltr'><strong>delectationis</strong></span> <span class='ocrx_word' id='word_1_206' title='bbox 2626 2680 2878 2745; x_wconf 88' lang='lat' dir='ltr'><strong>evadere,</strong></span> <span class='ocrx_word' id='word_1_207' title='bbox 2910 2691 2963 2735; x_wconf 88' lang='lat' dir='ltr'><strong>et</strong></span> <span class='ocrx_word' id='word_1_208' title='bbox 3002 2683 3196 2736; x_wconf 84' lang='lat' dir='ltr'><strong>famem</strong></span> <span class='ocrx_word' id='word_1_209' title='bbox 3229 2670 3473 2751; x_wconf 74' lang='lat' dir='ltr'><strong>superna:</strong></span> <span class='ocrx_word' id='word_1_210' title='bbox 3498 2683 3620 2736; x_wconf 91' lang='lat' dir='ltr'><strong>dul-</strong></span> 
     </span>
    </p>
   </div>
   <div class='ocr_carea' id='block_1_31' title="bbox 392 2742 1953 2815">
    <p class='ocr_par' dir='ltr' id='par_1_31' title="bbox 392 2742 1953 2815">
     <span class='ocr_line' id='line_1_31' title="bbox 392 2742 1953 2815; baseline -0.006 -14"><span class='ocrx_word' id='word_1_211' title='bbox 392 2761 533 2801; x_wconf 89' lang='lat' dir='ltr'><strong>mea.</strong></span> <span class='ocrx_word' id='word_1_212' title='bbox 562 2745 643 2800; x_wconf 91' lang='lat' dir='ltr'><strong>0b</strong></span> <span class='ocrx_word' id='word_1_213' title='bbox 683 2746 801 2810; x_wconf 77' lang='lat' dir='ltr'><strong>hoc,</strong></span> <span class='ocrx_word' id='word_1_214' title='bbox 838 2745 1227 2815; x_wconf 88' lang='lat' dir='ltr'><strong>pretiosissime</strong></span> <span class='ocrx_word' id='word_1_215' title='bbox 1266 2743 1508 2803; x_wconf 83' lang='lat' dir='ltr'><strong>Domine.</strong></span> <span class='ocrx_word' id='word_1_216' title='bbox 1545 2742 1611 2795; x_wconf 90' lang='lat' dir='ltr'><strong>ad</strong></span> <span class='ocrx_word' id='word_1_217' title='bbox 1657 2752 1708 2796; x_wconf 89' lang='lat' dir='ltr'><strong>te</strong></span> <span class='ocrx_word' id='word_1_218' title='bbox 1736 2742 1953 2811; x_wconf 85' lang='lat' dir='ltr'><strong>potissi-</strong></span> 
     </span>
    </p>
   </div>
   <div class='ocr_carea' id='block_1_32' title="bbox 394 2833 1949 2906">
    <p class='ocr_par' dir='ltr' id='par_1_32' title="bbox 394 2833 1949 2906">
     <span class='ocr_line' id='line_1_32' title="bbox 394 2833 1949 2906; baseline -0.002 -16"><span class='ocrx_word' id='word_1_219' title='bbox 394 2851 536 2890; x_wconf 91' lang='lat' dir='ltr'><strong>mum</strong></span> <span class='ocrx_word' id='word_1_220' title='bbox 566 2838 785 2897; x_wconf 85' lang='lat' dir='ltr'><strong>accedo,</strong></span> <span class='ocrx_word' id='word_1_221' title='bbox 819 2836 943 2906; x_wconf 85' lang='lat' dir='ltr'><strong>quia</strong></span> <span class='ocrx_word' id='word_1_222' title='bbox 984 2835 1263 2890; x_wconf 89' lang='lat' dir='ltr'><strong>charitatis</strong></span> <span class='ocrx_word' id='word_1_223' title='bbox 1294 2834 1453 2902; x_wconf 88' lang='lat' dir='ltr'><strong>hujus</strong></span> <span class='ocrx_word' id='word_1_224' title='bbox 1474 2834 1533 2885; x_wconf 87' lang='lat' dir='ltr'><strong>in</strong></span> <span class='ocrx_word' id='word_1_225' title='bbox 1564 2843 1614 2887; x_wconf 91' lang='lat' dir='ltr'><strong>te</strong></span> <span class='ocrx_word' id='word_1_226' title='bbox 1650 2833 1949 2887; x_wconf 90' lang='lat' dir='ltr'><strong>mirabilem</strong></span> 
     </span>
    </p>
   </div>
   <div class='ocr_carea' id='block_1_33' title="bbox 391 2924 1951 2993">
    <p class='ocr_par' dir='ltr' id='par_1_33' title="bbox 391 2924 1951 2993">
     <span class='ocr_line' id='line_1_33' title="bbox 391 2924 1951 2993; baseline 0 -15"><span class='ocrx_word' id='word_1_227' title='bbox 391 2925 658 2980; x_wconf 81' lang='lat' dir='ltr'><strong>flammam</strong></span> <span class='ocrx_word' id='word_1_228' title='bbox 687 2927 989 2979; x_wconf 75' lang='lat' dir='ltr'><strong>considero.</strong></span> <span class='ocrx_word' id='word_1_229' title='bbox 1018 2925 1151 2991; x_wconf 85' lang='lat' dir='ltr'><strong>Quis</strong></span> <span class='ocrx_word' id='word_1_230' title='bbox 1177 2924 1319 2979; x_wconf 87' lang='lat' dir='ltr'><strong>enim</strong></span> <span class='ocrx_word' id='word_1_231' title='bbox 1357 2925 1615 2993; x_wconf 86' lang='lat' dir='ltr'><strong>cogitare,</strong></span> <span class='ocrx_word' id='word_1_232' title='bbox 1651 2939 1769 2992; x_wconf 84' lang='lat' dir='ltr'><strong>quae</strong></span> <span class='ocrx_word' id='word_1_233' title='bbox 1800 2940 1951 2978; x_wconf 90' lang='lat' dir='ltr'><strong>mens</strong></span> 
     </span>
    </p>
   </div>
   <div class='ocr_carea' id='block_1_34' title="bbox 390 3010 1948 3084">
    <p class='ocr_par' dir='ltr' id='par_1_34' title="bbox 390 3010 1948 3084">
     <span class='ocr_line' id='line_1_34' title="bbox 390 3010 1948 3084; baseline -0.003 -14"><span class='ocrx_word' id='word_1_234' title='bbox 390 3011 677 3081; x_wconf 60' lang='lat' dir='ltr'><strong>aestimare,</strong></span> <span class='ocrx_word' id='word_1_235' title='bbox 724 3016 844 3084; x_wconf 87' lang='lat' dir='ltr'><strong>quis</strong></span> <span class='ocrx_word' id='word_1_236' title='bbox 885 3016 1185 3070; x_wconf 90' lang='lat' dir='ltr'><strong>intellectus</strong></span> <span class='ocrx_word' id='word_1_237' title='bbox 1222 3028 1413 3083; x_wconf 84' lang='lat' dir='ltr'><strong>capere</strong></span> <span class='ocrx_word' id='word_1_238' title='bbox 1454 3010 1681 3067; x_wconf 80' lang='lat' dir='ltr'><strong>sufliciat</strong></span> <span class='ocrx_word' id='word_1_239' title='bbox 1721 3029 1826 3083; x_wconf 86' lang='lat' dir='ltr'><strong>quo</strong></span> <span class='ocrx_word' id='word_1_240' title='bbox 1868 3029 1948 3067; x_wconf 62' lang='grc' dir='ltr'>τινα</span> 
     </span>
    </p>
   </div>
   <div class='ocr_carea' id='block_1_35' title="bbox 390 3094 1945 3174">
    <p class='ocr_par' dir='ltr' id='par_1_35' title="bbox 390 3094 1945 3174">
     <span class='ocr_line' id='line_1_35' title="bbox 390 3094 1945 3174; baseline -0.003 -13"><span class='ocrx_word' id='word_1_241' title='bbox 390 3094 543 3167; x_wconf 78' lang='lat' dir='ltr'><strong>dore.</strong></span> <span class='ocrx_word' id='word_1_242' title='bbox 578 3120 683 3174; x_wconf 92' lang='lat' dir='ltr'><strong>quo</strong></span> <span class='ocrx_word' id='word_1_243' title='bbox 722 3113 882 3159; x_wconf 66' lang='lat' dir='ltr'><strong>aestus</strong></span> <span class='ocrx_word' id='word_1_244' title='bbox 930 3104 1101 3159; x_wconf 88' lang='lat' dir='ltr'><strong>sancti</strong></span> <span class='ocrx_word' id='word_1_245' title='bbox 1130 3103 1341 3165; x_wconf 82' lang='lat' dir='ltr'><strong>all&#39;eetu,</strong></span> <span class='ocrx_word' id='word_1_246' title='bbox 1374 3101 1487 3169; x_wconf 88' lang='lat' dir='ltr'><strong>ejus</strong></span> <span class='ocrx_word' id='word_1_247' title='bbox 1515 3118 1751 3157; x_wconf 88' lang='lat' dir='ltr'><strong>amorem</strong></span> <span class='ocrx_word' id='word_1_248' title='bbox 1776 3103 1869 3133; x_wconf 65' lang='lat' dir='ltr'><strong>&quot;M</strong></span> <span class='ocrx_word' id='word_1_249' title='bbox 1895 3105 1945 3156; x_wconf 94' lang='lat' dir='ltr'><strong>in</strong></span> 
     </span>
    </p>
   </div>
   <div class='ocr_carea' id='block_1_36' title="bbox 390 3192 1947 3258">
    <p class='ocr_par' dir='ltr' id='par_1_36' title="bbox 390 3192 1947 3258">
     <span class='ocr_line' id='line_1_36' title="bbox 390 3192 1947 3258; baseline -0.002 -10"><span class='ocrx_word' id='word_1_250' title='bbox 390 3196 552 3249; x_wconf 89' lang='lat' dir='ltr'><strong>corde</strong></span> <span class='ocrx_word' id='word_1_251' title='bbox 581 3204 669 3247; x_wconf 87' lang='lat' dir='ltr'><strong>tuo</strong></span> <span class='ocrx_word' id='word_1_252' title='bbox 702 3194 861 3247; x_wconf 84' lang='lat' dir='ltr'><strong>fixum</strong></span> <span class='ocrx_word' id='word_1_253' title='bbox 895 3195 1146 3258; x_wconf 86' lang='lat' dir='ltr'><strong>tenebas;</strong></span> <span class='ocrx_word' id='word_1_254' title='bbox 1190 3193 1297 3245; x_wconf 92' lang='lat' dir='ltr'><strong>imo</strong></span> <span class='ocrx_word' id='word_1_255' title='bbox 1322 3207 1417 3247; x_wconf 89' lang='lat' dir='ltr'><strong>cor</strong></span> <span class='ocrx_word' id='word_1_256' title='bbox 1454 3201 1598 3245; x_wconf 89' lang='lat' dir='ltr'><strong>tuum</strong></span> <span class='ocrx_word' id='word_1_257' title='bbox 1638 3192 1807 3245; x_wconf 90' lang='lat' dir='ltr'><strong>amori</strong></span> <span class='ocrx_word' id='word_1_258' title='bbox 1832 3192 1947 3258; x_wconf 86' lang='lat' dir='ltr'><strong>ejus</strong></span> 
     </span>
    </p>
   </div>
   <div class='ocr_carea' id='block_1_37' title="bbox 392 3278 1943 3356">
    <p class='ocr_par' dir='ltr' id='par_1_37' title="bbox 392 3278 1943 3356">
     <span class='ocr_line' id='line_1_37' title="bbox 392 3278 1943 3356; baseline -0.001 -17"><span class='ocrx_word' id='word_1_259' title='bbox 392 3286 664 3350; x_wconf 82' lang='lat' dir='ltr'><strong>infixeras,</strong></span> <span class='ocrx_word' id='word_1_260' title='bbox 716 3287 929 3356; x_wconf 88' lang='lat' dir='ltr'><strong>quando</strong></span> <span class='ocrx_word' id='word_1_261' title='bbox 970 3288 1049 3338; x_wconf 90' lang='lat' dir='ltr'><strong>sic</strong></span> <span class='ocrx_word' id='word_1_262' title='bbox 1091 3284 1315 3338; x_wconf 89' lang='lat' dir='ltr'><strong>interius</strong></span> <span class='ocrx_word' id='word_1_263' title='bbox 1346 3283 1489 3337; x_wconf 88' lang='lat' dir='ltr'><strong>illius</strong></span> <span class='ocrx_word' id='word_1_264' title='bbox 1518 3278 1799 3339; x_wconf 88' lang='lat' dir='ltr'><strong>dulcedine</strong></span> <span class='ocrx_word' id='word_1_265' title='bbox 1851 3284 1943 3315; x_wconf 74' lang='lat'><strong>&quot;&quot;7</strong></span> 
     </span>
    </p>
   </div>
   <div class='ocr_carea' id='block_1_38' title="bbox 391 3374 1945 3446">
    <p class='ocr_par' dir='ltr' id='par_1_38' title="bbox 391 3374 1945 3446">
     <span class='ocr_line' id='line_1_38' title="bbox 391 3374 1945 3446; baseline -0.002 -16"><span class='ocrx_word' id='word_1_266' title='bbox 391 3377 705 3446; x_wconf 82' lang='lat' dir='ltr'><strong>replebaris,</strong></span> <span class='ocrx_word' id='word_1_267' title='bbox 734 3385 793 3430; x_wconf 92' lang='lat' dir='ltr'><strong>ut</strong></span> <span class='ocrx_word' id='word_1_268' title='bbox 820 3374 1061 3429; x_wconf 73' lang='lat' dir='ltr'><strong>ﬂairimas</strong></span> <span class='ocrx_word' id='word_1_269' title='bbox 1087 3378 1325 3430; x_wconf 79' lang='lat' dir='ltr'><strong>exterius</strong></span> <span class='ocrx_word' id='word_1_270' title='bbox 1362 3385 1412 3430; x_wconf 88' lang='lat' dir='ltr'><strong>te</strong></span> <span class='ocrx_word' id='word_1_271' title='bbox 1448 3384 1751 3445; x_wconf 87' lang='lat' dir='ltr'><strong>prementes</strong></span> <span class='ocrx_word' id='word_1_272' title='bbox 1773 3375 1945 3443; x_wconf 67' lang='lat' dir='ltr'><strong>parvi-</strong></span> 
     </span>
    </p>
   </div>
   <div class='ocr_carea' id='block_1_39' title="bbox 389 3465 1983 3535">
    <p class='ocr_par' dir='ltr' id='par_1_39' title="bbox 389 3465 1983 3535">
     <span class='ocr_line' id='line_1_39' title="bbox 389 3465 1983 3535; baseline -0.001 -16"><span class='ocrx_word' id='word_1_273' title='bbox 389 3466 686 3534; x_wconf 86' lang='lat' dir='ltr'><strong>penderes?</strong></span> <span class='ocrx_word' id='word_1_274' title='bbox 708 3465 1010 3535; x_wconf 82' lang='lat' dir='ltr'><strong>Ingredere,</strong></span> <span class='ocrx_word' id='word_1_275' title='bbox 1043 3466 1220 3519; x_wconf 89' lang='lat' dir='ltr'><strong>anima</strong></span> <span class='ocrx_word' id='word_1_276' title='bbox 1252 3483 1392 3530; x_wconf 88' lang='lat' dir='ltr'><strong>mea,</strong></span> <span class='ocrx_word' id='word_1_277' title='bbox 1417 3465 1672 3520; x_wconf 78' lang='lat' dir='ltr'><strong>interiora</strong></span> <span class='ocrx_word' id='word_1_278' title='bbox 1695 3465 1950 3535; x_wconf 87' lang='lat' dir='ltr'><strong>spiritua-</strong></span> <span class='ocrx_word' id='word_1_279' title='bbox 1980 3470 1983 3475; x_wconf 78' lang='lat'><strong><em>&#39;</em></strong></span> 
     </span>
    </p>
   </div>
   <div class='ocr_carea' id='block_1_40' title="bbox 390 3556 1945 3624">
    <p class='ocr_par' dir='ltr' id='par_1_40' title="bbox 390 3556 1945 3624">
     <span class='ocr_line' id='line_1_40' title="bbox 390 3556 1945 3624; baseline -0.001 -16"><span class='ocrx_word' id='word_1_280' title='bbox 390 3557 454 3610; x_wconf 90' lang='lat' dir='ltr'><strong>lis</strong></span> <span class='ocrx_word' id='word_1_281' title='bbox 476 3557 731 3620; x_wconf 76' lang='lat' dir='ltr'><strong>intuitus,</strong></span> <span class='ocrx_word' id='word_1_282' title='bbox 749 3565 802 3610; x_wconf 89' lang='lat' dir='ltr'><strong>et</strong></span> <span class='ocrx_word' id='word_1_283' title='bbox 822 3567 1042 3624; x_wconf 89' lang='lat' dir='ltr'><strong>penetra</strong></span> <span class='ocrx_word' id='word_1_284' title='bbox 1064 3556 1109 3609; x_wconf 87' lang='lat' dir='ltr'><strong>si</strong></span> <span class='ocrx_word' id='word_1_285' title='bbox 1140 3568 1291 3623; x_wconf 84' lang='lat' dir='ltr'><strong>potes</strong></span> <span class='ocrx_word' id='word_1_286' title='bbox 1312 3565 1577 3609; x_wconf 86' lang='lat' dir='ltr'><strong>secretum</strong></span> <span class='ocrx_word' id='word_1_287' title='bbox 1602 3556 1739 3610; x_wconf 85' lang='lat' dir='ltr'><strong>beati</strong></span> <span class='ocrx_word' id='word_1_288' title='bbox 1766 3565 1945 3624; x_wconf 82' lang='lat' dir='ltr'><strong>pecto-</strong></span> 
     </span>
    </p>
   </div>
   <div class='ocr_carea' id='block_1_41' title="bbox 391 3638 1945 3714">
    <p class='ocr_par' dir='ltr' id='par_1_41' title="bbox 391 3638 1945 3714">
     <span class='ocr_line' id='line_1_41' title="bbox 391 3638 1945 3714; baseline -0.001 -17"><span class='ocrx_word' id='word_1_289' title='bbox 391 3645 500 3709; x_wconf 78' lang='lat' dir='ltr'><strong>ris,’</strong></span> <span class='ocrx_word' id='word_1_290' title='bbox 531 3654 639 3697; x_wconf 89' lang='lat' dir='ltr'><strong>tam</strong></span> <span class='ocrx_word' id='word_1_291' title='bbox 678 3638 830 3714; x_wconf 87' lang='lat' dir='ltr'><strong>igniti</strong></span> <span class='ocrx_word' id='word_1_292' title='bbox 877 3643 1148 3697; x_wconf 88' lang='lat' dir='ltr'><strong>dilectoris</strong></span> <span class='ocrx_word' id='word_1_293' title='bbox 1187 3643 1388 3696; x_wconf 87' lang='lat' dir='ltr'><strong>domini</strong></span> <span class='ocrx_word' id='word_1_294' title='bbox 1422 3643 1520 3707; x_wconf 88' lang='lat' dir='ltr'><strong>tui,</strong></span> <span class='ocrx_word' id='word_1_295' title='bbox 1561 3652 1616 3697; x_wconf 89' lang='lat' dir='ltr'><strong>et</strong></span> <span class='ocrx_word' id='word_1_296' title='bbox 1660 3641 1945 3697; x_wconf 88' lang='lat' dir='ltr'><strong>considera</strong></span> 
     </span>
    </p>
   </div>
   <div class='ocr_carea' id='block_1_42' title="bbox 388 3732 1947 3802">
    <p class='ocr_par' dir='ltr' id='par_1_42' title="bbox 388 3732 1947 3802">
     <span class='ocr_line' id='line_1_42' title="bbox 388 3732 1947 3802; baseline 0 -17"><span class='ocrx_word' id='word_1_297' title='bbox 388 3749 547 3802; x_wconf 91' lang='lat' dir='ltr'><strong>quam</strong></span> <span class='ocrx_word' id='word_1_298' title='bbox 585 3741 837 3786; x_wconf 86' lang='lat' dir='ltr'><strong>nectarco</strong></span> <span class='ocrx_word' id='word_1_299' title='bbox 862 3732 1055 3786; x_wconf 63' lang='lat' dir='ltr'><strong>divina“:</strong></span> <span class='ocrx_word' id='word_1_300' title='bbox 1078 3732 1292 3786; x_wconf 91' lang='lat' dir='ltr'><strong>vinculo</strong></span> <span class='ocrx_word' id='word_1_301' title='bbox 1327 3733 1607 3786; x_wconf 84' lang='lat' dir='ltr'><strong>cbaritatis</strong></span> <span class='ocrx_word' id='word_1_302' title='bbox 1638 3732 1765 3787; x_wconf 80' lang='lat' dir='ltr'><strong>felix</strong></span> <span class='ocrx_word' id='word_1_303' title='bbox 1797 3748 1947 3785; x_wconf 83' lang='lat' dir='ltr'><strong>meus</strong></span> 
     </span>
    </p>
   </div>
   <div class='ocr_carea' id='block_1_43' title="bbox 386 3810 1947 3893">
    <p class='ocr_par' dir='ltr' id='par_1_43' title="bbox 386 3810 1947 3893">
     <span class='ocr_line' id='line_1_43' title="bbox 386 3810 1947 3893; baseline -0.001 -16"><span class='ocrx_word' id='word_1_304' title='bbox 386 3824 504 3893; x_wconf 88' lang='lat' dir='ltr'><strong>ejus</strong></span> <span class='ocrx_word' id='word_1_305' title='bbox 546 3821 646 3875; x_wconf 90' lang='lat' dir='ltr'><strong>fuit</strong></span> <span class='ocrx_word' id='word_1_306' title='bbox 691 3810 1129 3892; x_wconf 47' lang='lat' dir='ltr'><strong>colligatajcum</strong></span> <span class='ocrx_word' id='word_1_307' title='bbox 1178 3837 1395 3875; x_wconf 89' lang='lat' dir='ltr'><strong>carnem</strong></span> <span class='ocrx_word' id='word_1_308' title='bbox 1441 3824 1681 3877; x_wconf 79' lang='lat' dir='ltr'><strong>exterius</strong></span> <span class='ocrx_word' id='word_1_309' title='bbox 1727 3821 1947 3876; x_wconf 82' lang='lat' dir='ltr'><strong>crudele</strong></span> 
     </span>
    </p>
   </div>
   <div class='ocr_carea' id='block_1_44' title="bbox 374 3911 1947 3978">
    <p class='ocr_par' dir='ltr' id='par_1_44' title="bbox 374 3911 1947 3978">
     <span class='ocr_line' id='line_1_44' title="bbox 374 3911 1947 3978; baseline 0 -11"><span class='ocrx_word' id='word_1_310' title='bbox 374 3924 640 3971; x_wconf 74' lang='lat' dir='ltr'><strong>torreret.</strong></span> <span class='ocrx_word' id='word_1_311' title='bbox 668 3915 997 3978; x_wconf 90' lang='lat' dir='ltr'><strong>iucendimn,</strong></span> <span class='ocrx_word' id='word_1_312' title='bbox 1027 3922 1077 3967; x_wconf 88' lang='lat' dir='ltr'><strong>et</strong></span> <span class='ocrx_word' id='word_1_313' title='bbox 1106 3911 1327 3967; x_wconf 81' lang='lat' dir='ltr'><strong>affectus</strong></span> <span class='ocrx_word' id='word_1_314' title='bbox 1365 3913 1589 3969; x_wconf 86' lang='lat' dir='ltr'><strong>interior</strong></span> <span class='ocrx_word' id='word_1_315' title='bbox 1627 3914 1947 3967; x_wconf 82' lang='lat' dir='ltr'><strong>exsultando</strong></span> 
     </span>
    </p>
   </div>
   <div class='ocr_carea' id='block_1_45' title="bbox 386 4004 1943 4076">
    <p class='ocr_par' dir='ltr' id='par_1_45' title="bbox 386 4004 1943 4076">
     <span class='ocr_line' id='line_1_45' title="bbox 386 4004 1943 4076; baseline -0.003 -16"><span class='ocrx_word' id='word_1_316' title='bbox 386 4004 572 4060; x_wconf 83' lang='lat' dir='ltr'><strong>laudes</strong></span> <span class='ocrx_word' id='word_1_317' title='bbox 598 4006 851 4076; x_wconf 78' lang='lat' dir='ltr'><strong>dirigeret</strong></span> <span class='ocrx_word' id='word_1_318' title='bbox 888 4006 937 4058; x_wconf 90' lang='lat' dir='ltr'><strong>in</strong></span> <span class='ocrx_word' id='word_1_319' title='bbox 969 4007 1186 4059; x_wconf 65' lang='lat' dir='ltr'><strong>malum.</strong></span> <span class='ocrx_word' id='word_1_320' title='bbox 1218 4005 1464 4069; x_wconf 85' lang='lat' dir='ltr'><strong>Attende,</strong></span> <span class='ocrx_word' id='word_1_321' title='bbox 1504 4005 1737 4074; x_wconf 89' lang='lat' dir='ltr'><strong>inquam,</strong></span> <span class='ocrx_word' id='word_1_322' title='bbox 1770 4014 1823 4059; x_wconf 87' lang='lat' dir='ltr'><strong>et</strong></span> <span class='ocrx_word' id='word_1_323' title='bbox 1847 4007 1943 4057; x_wconf 85' lang='lat' dir='ltr'><strong>ad-</strong></span> 
     </span>
    </p>
   </div>
   <div class='ocr_carea' id='block_1_46' title="bbox 387 4095 1946 4164">
    <p class='ocr_par' dir='ltr' id='par_1_46' title="bbox 387 4095 1946 4164">
     <span class='ocr_line' id='line_1_46' title="bbox 387 4095 1946 4164; baseline 0.001 -17"><span class='ocrx_word' id='word_1_324' title='bbox 387 4096 608 4159; x_wconf 88' lang='lat' dir='ltr'><strong>mirare,</strong></span> <span class='ocrx_word' id='word_1_325' title='bbox 653 4095 849 4149; x_wconf 87' lang='lat' dir='ltr'><strong>mirare</strong></span> <span class='ocrx_word' id='word_1_326' title='bbox 887 4105 941 4148; x_wconf 90' lang='lat' dir='ltr'><strong>et</strong></span> <span class='ocrx_word' id='word_1_327' title='bbox 987 4098 1179 4163; x_wconf 85' lang='lat' dir='ltr'><strong>gaude,</strong></span> <span class='ocrx_word' id='word_1_328' title='bbox 1229 4097 1400 4164; x_wconf 85' lang='lat' dir='ltr'><strong>gaude</strong></span> <span class='ocrx_word' id='word_1_329' title='bbox 1442 4104 1495 4150; x_wconf 92' lang='lat' dir='ltr'><strong>et</strong></span> <span class='ocrx_word' id='word_1_330' title='bbox 1535 4110 1680 4160; x_wconf 87' lang='lat' dir='ltr'><strong>ama,</strong></span> <span class='ocrx_word' id='word_1_331' title='bbox 1733 4110 1851 4149; x_wconf 83' lang='lat' dir='ltr'><strong>ama</strong></span> <span class='ocrx_word' id='word_1_332' title='bbox 1892 4104 1946 4149; x_wconf 90' lang='lat' dir='ltr'><strong>et</strong></span> 
     </span>
    </p>
   </div>
   <div class='ocr_carea' id='block_1_47' title="bbox 386 4184 1943 4255">
    <p class='ocr_par' dir='ltr' id='par_1_47' title="bbox 386 4184 1943 4255">
     <span class='ocr_line' id='line_1_47' title="bbox 386 4184 1943 4255; baseline 0.001 -17"><span class='ocrx_word' id='word_1_333' title='bbox 386 4184 575 4249; x_wconf 86' lang='lat' dir='ltr'><strong>lauda;</strong></span> <span class='ocrx_word' id='word_1_334' title='bbox 620 4196 1092 4255; x_wconf 77' lang='lat' dir='ltr'><strong>quantumcunque</strong></span> <span class='ocrx_word' id='word_1_335' title='bbox 1130 4186 1272 4239; x_wconf 90' lang='lat' dir='ltr'><strong>enim</strong></span> <span class='ocrx_word' id='word_1_336' title='bbox 1310 4197 1361 4241; x_wconf 89' lang='lat' dir='ltr'><strong>te</strong></span> <span class='ocrx_word' id='word_1_337' title='bbox 1400 4188 1464 4240; x_wconf 87' lang='lat' dir='ltr'><strong>ad</strong></span> <span class='ocrx_word' id='word_1_338' title='bbox 1494 4187 1943 4241; x_wconf 88' lang='lat' dir='ltr'><strong>considerandum</strong></span> 
     </span>
    </p>
   </div>
   <div class='ocr_carea' id='block_1_48' title="bbox 388 4260 1944 4349">
    <p class='ocr_par' dir='ltr' id='par_1_48' title="bbox 388 4260 1944 4349">
     <span class='ocr_line' id='line_1_48' title="bbox 388 4260 1944 4349; baseline -0.002 -19"><span class='ocrx_word' id='word_1_339' title='bbox 388 4260 697 4337; x_wconf 84' lang='lat' dir='ltr'><strong>intenderis,</strong></span> <span class='ocrx_word' id='word_1_340' title='bbox 730 4277 881 4345; x_wconf 79' lang='lat' dir='ltr'><strong>longe</strong></span> <span class='ocrx_word' id='word_1_341' title='bbox 923 4286 1068 4331; x_wconf 91' lang='lat' dir='ltr'><strong>tuum</strong></span> <span class='ocrx_word' id='word_1_342' title='bbox 1094 4287 1313 4349; x_wconf 82' lang='lat' dir='ltr'><strong>superat</strong></span> <span class='ocrx_word' id='word_1_343' title='bbox 1340 4278 1434 4310; x_wconf 61' lang='grc' dir='ltr'><strong>ὀδε</strong></span> <span class='ocrx_word' id='word_1_344' title='bbox 1481 4277 1803 4332; x_wconf 88' lang='lat' dir='ltr'><strong>intellectum</strong></span> <span class='ocrx_word' id='word_1_345' title='bbox 1829 4278 1944 4331; x_wconf 86' lang='lat' dir='ltr'><strong>dul-</strong></span> 
     </span>
    </p>
   </div>
   <div class='ocr_carea' id='block_1_49' title="bbox 2056 432 3610 511">
    <p class='ocr_par' dir='ltr' id='par_1_49' title="bbox 2056 432 3610 511">
     <span class='ocr_line' id='line_1_49' title="bbox 2056 432 3610 511; baseline 0.005 -21"><span class='ocrx_word' id='word_1_346' title='bbox 2056 436 2132 491; x_wconf 84' lang='lat' dir='ltr'><strong>sic</strong></span> <span class='ocrx_word' id='word_1_347' title='bbox 2161 437 2226 490; x_wconf 84' lang='lat' dir='ltr'><strong>tle</strong></span> <span class='ocrx_word' id='word_1_348' title='bbox 2253 432 2503 511; x_wconf 78' lang='lat' dir='ltr'><strong>thesauro</strong></span> <span class='ocrx_word' id='word_1_349' title='bbox 2528 436 2808 491; x_wconf 83' lang='lat' dir='ltr'><strong>citaritalis</strong></span> <span class='ocrx_word' id='word_1_350' title='bbox 2842 446 3043 491; x_wconf 87' lang='lat' dir='ltr'><strong>tantum</strong></span> <span class='ocrx_word' id='word_1_351' title='bbox 3087 442 3178 494; x_wconf 85' lang='lat' dir='ltr'><strong>tibi</strong></span> <span class='ocrx_word' id='word_1_352' title='bbox 3212 442 3401 495; x_wconf 83' lang='lat' dir='ltr'><strong>saltem</strong></span> <span class='ocrx_word' id='word_1_353' title='bbox 3430 443 3610 497; x_wconf 81' lang='lat' dir='ltr'><strong>distil-</strong></span> 
     </span>
    </p>
   </div>
   <div class='ocr_carea' id='block_1_50' title="bbox 2058 526 3619 601">
    <p class='ocr_par' dir='ltr' id='par_1_50' title="bbox 2058 526 3619 601">
     <span class='ocr_line' id='line_1_50' title="bbox 2058 526 3619 601; baseline 0.007 -21"><span class='ocrx_word' id='word_1_354' title='bbox 2058 526 2147 594; x_wconf 86' lang='lat' dir='ltr'><strong>let,</strong></span> <span class='ocrx_word' id='word_1_355' title='bbox 2180 542 2285 596; x_wconf 89' lang='lat' dir='ltr'><strong>quo</strong></span> <span class='ocrx_word' id='word_1_356' title='bbox 2313 528 2367 580; x_wconf 85' lang='lat' dir='ltr'><strong>in</strong></span> <span class='ocrx_word' id='word_1_357' title='bbox 2397 528 2513 583; x_wconf 87' lang='lat' dir='ltr'><strong>dies</strong></span> <span class='ocrx_word' id='word_1_358' title='bbox 2541 528 2808 582; x_wconf 80' lang='lat' dir='ltr'><strong>desiderio</strong></span> <span class='ocrx_word' id='word_1_359' title='bbox 2834 530 2950 597; x_wconf 85' lang='lat' dir='ltr'><strong>ejus</strong></span> <span class='ocrx_word' id='word_1_360' title='bbox 2990 532 3161 597; x_wconf 85' lang='lat' dir='ltr'><strong>magis</strong></span> <span class='ocrx_word' id='word_1_361' title='bbox 3191 530 3469 589; x_wconf 85' lang='lat' dir='ltr'><strong>famelicus</strong></span> <span class='ocrx_word' id='word_1_362' title='bbox 3500 535 3619 601; x_wconf 82' lang='lat' dir='ltr'><strong>fias,</strong></span> 
     </span>
    </p>
   </div>
   <div class='ocr_carea' id='block_1_51' title="bbox 2055 616 3174 693">
    <p class='ocr_par' dir='ltr' id='par_1_51' title="bbox 2055 616 3174 693">
     <span class='ocr_line' id='line_1_51' title="bbox 2055 616 3174 693; baseline 0.001 -23"><span class='ocrx_word' id='word_1_363' title='bbox 2055 624 2110 670; x_wconf 89' lang='lat' dir='ltr'><strong>et</strong></span> <span class='ocrx_word' id='word_1_364' title='bbox 2141 616 2283 670; x_wconf 90' lang='lat' dir='ltr'><strong>illius</strong></span> <span class='ocrx_word' id='word_1_365' title='bbox 2311 616 2613 671; x_wconf 80' lang='lat' dir='ltr'><strong>satietatem</strong></span> <span class='ocrx_word' id='word_1_366' title='bbox 2642 633 2853 693; x_wconf 77' lang='lat' dir='ltr'><strong>semper</strong></span> <span class='ocrx_word' id='word_1_367' title='bbox 2883 618 3174 672; x_wconf 86' lang='lat' dir='ltr'><strong>desideres.</strong></span> 
     </span>
    </p>
   </div>
   <div class='ocr_carea' id='block_1_52' title="bbox 2124 705 3621 777">
    <p class='ocr_par' dir='ltr' id='par_1_52' title="bbox 2124 705 3621 777">
     <span class='ocr_line' id='line_1_52' title="bbox 2124 705 3621 777; baseline 0.005 -18"><span class='ocrx_word' id='word_1_368' title='bbox 2124 705 2205 765; x_wconf 78' lang='lat' dir='ltr'><strong>Ad</strong></span> <span class='ocrx_word' id='word_1_369' title='bbox 2232 716 2282 759; x_wconf 90' lang='lat' dir='ltr'><strong>te</strong></span> <span class='ocrx_word' id='word_1_370' title='bbox 2307 706 2489 774; x_wconf 81' lang='lat' dir='ltr'><strong>igitur,</strong></span> <span class='ocrx_word' id='word_1_371' title='bbox 2518 707 2893 775; x_wconf 78' lang='lat' dir='ltr'><strong>potentissime</strong></span> <span class='ocrx_word' id='word_1_372' title='bbox 2922 717 2976 760; x_wconf 82' lang='lat' dir='ltr'><strong>et</strong></span> <span class='ocrx_word' id='word_1_373' title='bbox 3016 708 3400 777; x_wconf 79' lang='lat' dir='ltr'><strong>pretiosissima</strong></span> <span class='ocrx_word' id='word_1_374' title='bbox 3431 711 3621 767; x_wconf 90' lang='lat' dir='ltr'><strong>Salva-</strong></span> 
     </span>
    </p>
   </div>
   <div class='ocr_carea' id='block_1_53' title="bbox 2060 797 3613 873">
    <p class='ocr_par' dir='ltr' id='par_1_53' title="bbox 2060 797 3613 873">
     <span class='ocr_line' id='line_1_53' title="bbox 2060 797 3613 873; baseline 0.006 -22"><span class='ocrx_word' id='word_1_375' title='bbox 2060 798 2191 853; x_wconf 83' lang='lat' dir='ltr'><strong>toris</strong></span> <span class='ocrx_word' id='word_1_376' title='bbox 2227 797 2407 851; x_wconf 90' lang='lat' dir='ltr'><strong>mundi</strong></span> <span class='ocrx_word' id='word_1_377' title='bbox 2439 799 2590 852; x_wconf 87' lang='lat' dir='ltr'><strong>testis</strong></span> <span class='ocrx_word' id='word_1_378' title='bbox 2618 797 2895 863; x_wconf 87' lang='lat' dir='ltr'><strong>Laurenti,</strong></span> <span class='ocrx_word' id='word_1_379' title='bbox 2925 800 2993 853; x_wconf 91' lang='lat' dir='ltr'><strong>ad</strong></span> <span class='ocrx_word' id='word_1_380' title='bbox 3027 808 3132 854; x_wconf 82' lang='lat' dir='ltr'><strong>tuae</strong></span> <span class='ocrx_word' id='word_1_381' title='bbox 3158 801 3373 869; x_wconf 89' lang='lat' dir='ltr'><strong>pietatis</strong></span> <span class='ocrx_word' id='word_1_382' title='bbox 3395 821 3613 873; x_wconf 81' lang='lat' dir='ltr'><strong>jaunam</strong></span> 
     </span>
    </p>
   </div>
   <div class='ocr_carea' id='block_1_54' title="bbox 2055 879 3621 964">
    <p class='ocr_par' dir='ltr' id='par_1_54' title="bbox 2055 879 3621 964">
     <span class='ocr_line' id='line_1_54' title="bbox 2055 879 3621 964; baseline 0.005 -24"><span class='ocrx_word' id='word_1_383' title='bbox 2055 885 2254 941; x_wconf 85' lang='lat' dir='ltr'><strong>clamat</strong></span> <span class='ocrx_word' id='word_1_384' title='bbox 2286 886 2372 941; x_wconf 89' lang='lat' dir='ltr'><strong>hic</strong></span> <span class='ocrx_word' id='word_1_385' title='bbox 2400 883 2700 952; x_wconf 85' lang='lat' dir='ltr'><strong>famelicus,</strong></span> <span class='ocrx_word' id='word_1_386' title='bbox 2746 887 2831 964; x_wconf 79' lang='lat' dir='ltr'><strong>hic</strong></span> <span class='ocrx_word' id='word_1_387' title='bbox 2867 887 3111 941; x_wconf 88' lang='lat' dir='ltr'><strong>esuriens</strong></span> <span class='ocrx_word' id='word_1_388' title='bbox 3148 879 3382 957; x_wconf 64' lang='lat' dir='ltr'><strong>pauper;</strong></span> <span class='ocrx_word' id='word_1_389' title='bbox 3419 908 3522 946; x_wconf 91' lang='lat' dir='ltr'><strong>non</strong></span> <span class='ocrx_word' id='word_1_390' title='bbox 3563 904 3621 948; x_wconf 88' lang='lat' dir='ltr'><strong>ut</strong></span> 
     </span>
    </p>
   </div>
   <div class='ocr_carea' id='block_1_55' title="bbox 2056 974 3622 1047">
    <p class='ocr_par' dir='ltr' id='par_1_55' title="bbox 2056 974 3622 1047">
     <span class='ocr_line' id='line_1_55' title="bbox 2056 974 3622 1047; baseline 0.005 -18"><span class='ocrx_word' id='word_1_391' title='bbox 2056 974 2172 1044; x_wconf 85' lang='lat' dir='ltr'><strong>ejus</strong></span> <span class='ocrx_word' id='word_1_392' title='bbox 2201 976 2395 1034; x_wconf 86' lang='lat' dir='ltr'><strong>famem</strong></span> <span class='ocrx_word' id='word_1_393' title='bbox 2424 990 2675 1041; x_wconf 88' lang='lat' dir='ltr'><strong>evacues,</strong></span> <span class='ocrx_word' id='word_1_394' title='bbox 2722 976 2813 1031; x_wconf 89' lang='lat' dir='ltr'><strong>sed</strong></span> <span class='ocrx_word' id='word_1_395' title='bbox 2859 987 2916 1030; x_wconf 89' lang='lat' dir='ltr'><strong>ut</strong></span> <span class='ocrx_word' id='word_1_396' title='bbox 2958 978 3316 1047; x_wconf 86' lang='lat' dir='ltr'><strong>qualicunque</strong></span> <span class='ocrx_word' id='word_1_397' title='bbox 3346 981 3622 1037; x_wconf 85' lang='lat' dir='ltr'><strong>charitatis</strong></span> 
     </span>
    </p>
   </div>
   <div class='ocr_carea' id='block_1_56' title="bbox 2056 1064 3621 1138">
    <p class='ocr_par' dir='ltr' id='par_1_56' title="bbox 2056 1064 3621 1138">
     <span class='ocr_line' id='line_1_56' title="bbox 2056 1064 3621 1138; baseline 0.003 -17"><span class='ocrx_word' id='word_1_398' title='bbox 2056 1075 2213 1137; x_wconf 79' lang='lat' dir='ltr'><strong>gustu</strong></span> <span class='ocrx_word' id='word_1_399' title='bbox 2259 1064 2613 1121; x_wconf 87' lang='lat' dir='ltr'><strong>refocillatam</strong></span> <span class='ocrx_word' id='word_1_400' title='bbox 2655 1066 2827 1135; x_wconf 84' lang='lat' dir='ltr'><strong>magis</strong></span> <span class='ocrx_word' id='word_1_401' title='bbox 2854 1069 3138 1134; x_wconf 88' lang='lat' dir='ltr'><strong>accendas,</strong></span> <span class='ocrx_word' id='word_1_402' title='bbox 3170 1072 3621 1138; x_wconf 89' lang='lat' dir='ltr'><strong>quantulamcun-</strong></span> 
     </span>
    </p>
   </div>
   <div class='ocr_carea' id='block_1_57' title="bbox 2041 1152 3620 1226">
    <p class='ocr_par' dir='ltr' id='par_1_57' title="bbox 2041 1152 3620 1226">
     <span class='ocr_line' id='line_1_57' title="bbox 2041 1152 3620 1226; baseline 0.004 -18"><span class='ocrx_word' id='word_1_403' title='bbox 2041 1170 2160 1226; x_wconf 76' lang='lat' dir='ltr'><strong>.q_ue</strong></span> <span class='ocrx_word' id='word_1_404' title='bbox 2184 1153 2381 1208; x_wconf 91' lang='lat' dir='ltr'><strong>stillam</strong></span> <span class='ocrx_word' id='word_1_405' title='bbox 2420 1152 2722 1209; x_wconf 87' lang='lat' dir='ltr'><strong>dulcedinis</strong></span> <span class='ocrx_word' id='word_1_406' title='bbox 2747 1154 2863 1222; x_wconf 90' lang='lat' dir='ltr'><strong>ejus</strong></span> <span class='ocrx_word' id='word_1_407' title='bbox 2889 1153 3093 1208; x_wconf 89' lang='lat' dir='ltr'><strong>sitienti</strong></span> <span class='ocrx_word' id='word_1_408' title='bbox 3124 1157 3315 1211; x_wconf 64' lang='lat' dir='ltr'><strong>animae</strong></span> <span class='ocrx_word' id='word_1_409' title='bbox 3363 1174 3495 1213; x_wconf 82' lang='lat' dir='ltr'><strong>meae</strong></span> <span class='ocrx_word' id='word_1_410' title='bbox 3534 1161 3620 1213; x_wconf 86' lang='lat' dir='ltr'><strong>in-</strong></span> 
     </span>
    </p>
   </div>
   <div class='ocr_carea' id='block_1_58' title="bbox 2059 1244 3621 1315">
    <p class='ocr_par' dir='ltr' id='par_1_58' title="bbox 2059 1244 3621 1315">
     <span class='ocr_line' id='line_1_58' title="bbox 2059 1244 3621 1315; baseline 0.004 -17"><span class='ocrx_word' id='word_1_411' title='bbox 2059 1244 2347 1308; x_wconf 87' lang='lat' dir='ltr'><strong>fundendo,</strong></span> <span class='ocrx_word' id='word_1_412' title='bbox 2396 1244 2541 1298; x_wconf 86' lang='lat' dir='ltr'><strong>sitim</strong></span> <span class='ocrx_word' id='word_1_413' title='bbox 2586 1244 2726 1315; x_wconf 83' lang='lat' dir='ltr'><strong>illius</strong></span> <span class='ocrx_word' id='word_1_414' title='bbox 2769 1244 2821 1297; x_wconf 86' lang='lat' dir='ltr'><strong>in</strong></span> <span class='ocrx_word' id='word_1_415' title='bbox 2872 1259 2957 1298; x_wconf 91' lang='lat' dir='ltr'><strong>me</strong></span> <span class='ocrx_word' id='word_1_416' title='bbox 3000 1260 3226 1314; x_wconf 80' lang='lat' dir='ltr'><strong>augeas;</strong></span> <span class='ocrx_word' id='word_1_417' title='bbox 3280 1257 3336 1301; x_wconf 90' lang='lat' dir='ltr'><strong>ut</strong></span> <span class='ocrx_word' id='word_1_418' title='bbox 3390 1264 3621 1304; x_wconf 84' lang='lat' dir='ltr'><strong>onerosa</strong></span> 
     </span>
    </p>
   </div>
   <div class='ocr_carea' id='block_1_59' title="bbox 1986 1324 3621 1403">
    <p class='ocr_par' dir='ltr' id='par_1_59' title="bbox 1986 1324 3621 1403">
     <span class='ocr_line' id='line_1_59' title="bbox 1986 1324 3621 1403; baseline 0.004 -16"><span class='ocrx_word' id='word_1_419' title='bbox 1986 1324 1989 1327; x_wconf 42' lang='grc'><strong>⁷</strong></span> <span class='ocrx_word' id='word_1_420' title='bbox 2058 1333 2188 1387; x_wconf 91' lang='lat' dir='ltr'><strong>mihi</strong></span> <span class='ocrx_word' id='word_1_421' title='bbox 2210 1334 2481 1397; x_wconf 67' lang='lat' dir='ltr'><strong>sit,omnis</strong></span> <span class='ocrx_word' id='word_1_422' title='bbox 2510 1332 2756 1399; x_wconf 88' lang='lat' dir='ltr'><strong>dulcedo,</strong></span> <span class='ocrx_word' id='word_1_423' title='bbox 2784 1332 3075 1403; x_wconf 45' lang='lat' dir='ltr'><strong>qum&#39;lllius</strong></span> <span class='ocrx_word' id='word_1_424' title='bbox 3106 1351 3172 1390; x_wconf 78' lang='lat' dir='ltr'><strong>ex</strong></span> <span class='ocrx_word' id='word_1_425' title='bbox 3202 1335 3351 1392; x_wconf 87' lang='lat' dir='ltr'><strong>fonte</strong></span> <span class='ocrx_word' id='word_1_426' title='bbox 3380 1354 3484 1393; x_wconf 91' lang='lat' dir='ltr'><strong>non</strong></span> <span class='ocrx_word' id='word_1_427' title='bbox 3514 1355 3621 1394; x_wconf 89' lang='lat' dir='ltr'><strong>ma-</strong></span> 
     </span>
    </p>
   </div>
   <div class='ocr_carea' id='block_1_60' title="bbox 2056 1424 3619 1497">
    <p class='ocr_par' dir='ltr' id='par_1_60' title="bbox 2056 1424 3619 1497">
     <span class='ocr_line' id='line_1_60' title="bbox 2056 1424 3619 1497; baseline 0.003 -18"><span class='ocrx_word' id='word_1_428' title='bbox 2056 1434 2183 1489; x_wconf 88' lang='lat' dir='ltr'><strong>nat;</strong></span> <span class='ocrx_word' id='word_1_429' title='bbox 2207 1424 2251 1480; x_wconf 91' lang='lat' dir='ltr'><strong>si</strong></span> <span class='ocrx_word' id='word_1_430' title='bbox 2280 1434 2458 1478; x_wconf 90' lang='lat' dir='ltr'><strong>tamen</strong></span> <span class='ocrx_word' id='word_1_431' title='bbox 2488 1424 2716 1479; x_wconf 88' lang='lat' dir='ltr'><strong>dulcedo</strong></span> <span class='ocrx_word' id='word_1_432' title='bbox 2740 1434 2884 1478; x_wconf 85' lang='lat' dir='ltr'><strong>recte</strong></span> <span class='ocrx_word' id='word_1_433' title='bbox 2914 1425 3137 1479; x_wconf 87' lang='lat' dir='ltr'><strong>dicemla</strong></span> <span class='ocrx_word' id='word_1_434' title='bbox 3163 1435 3266 1489; x_wconf 84' lang='lat' dir='ltr'><strong>est,</strong></span> <span class='ocrx_word' id='word_1_435' title='bbox 3298 1443 3419 1497; x_wconf 72' lang='lat' dir='ltr'><strong>qua:</strong></span> <span class='ocrx_word' id='word_1_436' title='bbox 3443 1428 3511 1483; x_wconf 90' lang='lat' dir='ltr'><strong>de</strong></span> <span class='ocrx_word' id='word_1_437' title='bbox 3534 1429 3619 1483; x_wconf 91' lang='lat' dir='ltr'><strong>illa</strong></span> 
     </span>
    </p>
   </div>
   <div class='ocr_carea' id='block_1_61' title="bbox 2055 1514 3625 1588">
    <p class='ocr_par' dir='ltr' id='par_1_61' title="bbox 2055 1514 3625 1588">
     <span class='ocr_line' id='line_1_61' title="bbox 2055 1514 3625 1588; baseline 0.001 -17"><span class='ocrx_word' id='word_1_438' title='bbox 2055 1531 2302 1585; x_wconf 85' lang='lat' dir='ltr'><strong>saporem</strong></span> <span class='ocrx_word' id='word_1_439' title='bbox 2334 1531 2440 1570; x_wconf 92' lang='lat' dir='ltr'><strong>non</strong></span> <span class='ocrx_word' id='word_1_440' title='bbox 2481 1515 2663 1570; x_wconf 88' lang='lat' dir='ltr'><strong>habet.</strong></span> <span class='ocrx_word' id='word_1_441' title='bbox 2711 1514 2826 1569; x_wconf 84' lang='lat' dir='ltr'><strong>Non</strong></span> <span class='ocrx_word' id='word_1_442' title='bbox 2867 1515 3067 1585; x_wconf 89' lang='lat' dir='ltr'><strong>itaque,</strong></span> <span class='ocrx_word' id='word_1_443' title='bbox 3117 1516 3497 1588; x_wconf 82' lang='lat' dir='ltr'><strong>benignissime</strong></span> <span class='ocrx_word' id='word_1_444' title='bbox 3528 1520 3625 1573; x_wconf 83' lang='lat' dir='ltr'><strong>do-</strong></span> 
     </span>
    </p>
   </div>
   <div class='ocr_carea' id='block_1_62' title="bbox 2058 1594 3619 1676">
    <p class='ocr_par' dir='ltr' id='par_1_62' title="bbox 2058 1594 3619 1676">
     <span class='ocr_line' id='line_1_62' title="bbox 2058 1594 3619 1676; baseline 0.002 -16"><span class='ocrx_word' id='word_1_445' title='bbox 2058 1594 2221 1670; x_wconf 83' lang='lat' dir='ltr'><strong>mine,</strong></span> <span class='ocrx_word' id='word_1_446' title='bbox 2260 1606 2384 1661; x_wconf 87' lang='lat' dir='ltr'><strong>lieet</strong></span> <span class='ocrx_word' id='word_1_447' title='bbox 2411 1605 2574 1660; x_wconf 90' lang='lat' dir='ltr'><strong>nimis</strong></span> <span class='ocrx_word' id='word_1_448' title='bbox 2601 1604 2833 1674; x_wconf 88' lang='lat' dir='ltr'><strong>tepidam</strong></span> <span class='ocrx_word' id='word_1_449' title='bbox 2863 1605 3055 1659; x_wconf 88' lang='lat' dir='ltr'><strong>famem</strong></span> <span class='ocrx_word' id='word_1_450' title='bbox 3089 1606 3267 1661; x_wconf 90' lang='lat' dir='ltr'><strong>cordis</strong></span> <span class='ocrx_word' id='word_1_451' title='bbox 3298 1606 3426 1673; x_wconf 91' lang='lat' dir='ltr'><strong>mei,</strong></span> <span class='ocrx_word' id='word_1_452' title='bbox 3459 1623 3619 1676; x_wconf 89' lang='lat' dir='ltr'><strong>quam</strong></span> 
     </span>
    </p>
   </div>
   <div class='ocr_carea' id='block_1_63' title="bbox 1987 1695 3618 1770">
    <p class='ocr_par' dir='ltr' id='par_1_63' title="bbox 1987 1695 3618 1770">
     <span class='ocr_line' id='line_1_63' title="bbox 1987 1695 3618 1770; baseline 0.001 -19"><span class='ocrx_word' id='word_1_453' title='bbox 1987 1705 2030 1762; x_wconf 80' lang='grc' dir='ltr'><strong>Β</strong></span> <span class='ocrx_word' id='word_1_454' title='bbox 2060 1698 2159 1753; x_wconf 86' lang='lat' dir='ltr'><strong>hac</strong></span> <span class='ocrx_word' id='word_1_455' title='bbox 2184 1696 2363 1752; x_wconf 89' lang='lat' dir='ltr'><strong>esurie</strong></span> <span class='ocrx_word' id='word_1_456' title='bbox 2401 1696 2621 1766; x_wconf 87' lang='lat' dir='ltr'><strong>patitur,</strong></span> <span class='ocrx_word' id='word_1_457' title='bbox 2652 1695 2876 1750; x_wconf 87' lang='lat' dir='ltr'><strong>satietas</strong></span> <span class='ocrx_word' id='word_1_458' title='bbox 2922 1695 3100 1770; x_wconf 76' lang='lat' dir='ltr'><strong>aliqua</strong></span> <span class='ocrx_word' id='word_1_459' title='bbox 3144 1697 3428 1752; x_wconf 85' lang='lat' dir='ltr'><strong>mundanae</strong></span> <span class='ocrx_word' id='word_1_460' title='bbox 3474 1713 3618 1753; x_wconf 79' lang='lat' dir='ltr'><strong>vom-</strong></span> 
     </span>
    </p>
   </div>
   <div class='ocr_carea' id='block_1_64' title="bbox 2056 1784 3624 1859">
    <p class='ocr_par' dir='ltr' id='par_1_64' title="bbox 2056 1784 3624 1859">
     <span class='ocr_line' id='line_1_64' title="bbox 2056 1784 3624 1859; baseline 0.001 -17"><span class='ocrx_word' id='word_1_461' title='bbox 2056 1789 2219 1859; x_wconf 86' lang='lat' dir='ltr'><strong>ptatis</strong></span> <span class='ocrx_word' id='word_1_462' title='bbox 2262 1798 2485 1843; x_wconf 89' lang='lat' dir='ltr'><strong>evacuet</strong></span> <span class='ocrx_word' id='word_1_463' title='bbox 2527 1803 2543 1842; x_wconf 90' lang='lat'><strong>:</strong></span> <span class='ocrx_word' id='word_1_464' title='bbox 2588 1802 2699 1857; x_wconf 26' lang='lat' dir='ltr'><strong>non.</strong></span> <span class='ocrx_word' id='word_1_465' title='bbox 2731 1784 2847 1853; x_wconf 80' lang='lat' dir='ltr'><strong>ejus</strong></span> <span class='ocrx_word' id='word_1_466' title='bbox 2892 1786 3037 1839; x_wconf 88' lang='lat' dir='ltr'><strong>sitim</strong></span> <span class='ocrx_word' id='word_1_467' title='bbox 3070 1785 3352 1841; x_wconf 85' lang='lat' dir='ltr'><strong>delectatio</strong></span> <span class='ocrx_word' id='word_1_468' title='bbox 3375 1788 3624 1855; x_wconf 62' lang='lat' dir='ltr'><strong>qualibet</strong></span> 
     </span>
    </p>
   </div>
   <div class='ocr_carea' id='block_1_65' title="bbox 2057 1875 3627 1951">
    <p class='ocr_par' dir='ltr' id='par_1_65' title="bbox 2057 1875 3627 1951">
     <span class='ocr_line' id='line_1_65' title="bbox 2057 1875 3627 1951; baseline -0.001 -19"><span class='ocrx_word' id='word_1_469' title='bbox 2057 1876 2287 1932; x_wconf 89' lang='lat' dir='ltr'><strong>carnalis</strong></span> <span class='ocrx_word' id='word_1_470' title='bbox 2313 1875 2777 1945; x_wconf 48' lang='lat' dir='ltr'><strong>exstinguatysed</strong></span> <span class='ocrx_word' id='word_1_471' title='bbox 2818 1875 2870 1928; x_wconf 91' lang='lat' dir='ltr'><strong>in</strong></span> <span class='ocrx_word' id='word_1_472' title='bbox 2915 1875 3210 1951; x_wconf 39' lang='lat' dir='ltr'><strong>mentevtui</strong></span> <span class='ocrx_word' id='word_1_473' title='bbox 3247 1876 3463 1929; x_wconf 87' lang='lat' dir='ltr'><strong>humilis</strong></span> <span class='ocrx_word' id='word_1_474' title='bbox 3490 1877 3627 1930; x_wconf 84' lang='lat' dir='ltr'><strong>dile-</strong></span> 
     </span>
    </p>
   </div>
   <div class='ocr_carea' id='block_1_66' title="bbox 2056 1964 3622 2038">
    <p class='ocr_par' dir='ltr' id='par_1_66' title="bbox 2056 1964 3622 2038">
     <span class='ocr_line' id='line_1_66' title="bbox 2056 1964 3622 2038; baseline -0.001 -15"><span class='ocrx_word' id='word_1_475' title='bbox 2056 1969 2219 2023; x_wconf 90' lang='lat' dir='ltr'><strong>ctoris</strong></span> <span class='ocrx_word' id='word_1_476' title='bbox 2248 1967 2409 2038; x_wconf 72' lang='lat'><strong>295</strong></span> <span class='ocrx_word' id='word_1_477' title='bbox 2442 1968 2494 2020; x_wconf 92' lang='lat' dir='ltr'><strong>in</strong></span> <span class='ocrx_word' id='word_1_478' title='bbox 2524 1967 2640 2020; x_wconf 89' lang='lat' dir='ltr'><strong>dies</strong></span> <span class='ocrx_word' id='word_1_479' title='bbox 2667 1973 2967 2019; x_wconf 81' lang='lat' dir='ltr'><strong>excrescat.</strong></span> <span class='ocrx_word' id='word_1_480' title='bbox 2992 1964 3286 2019; x_wconf 70' lang='lat' dir='ltr'><strong>Sitanima</strong></span> <span class='ocrx_word' id='word_1_481' title='bbox 3315 1981 3433 2020; x_wconf 88' lang='lat' dir='ltr'><strong>mea</strong></span> <span class='ocrx_word' id='word_1_482' title='bbox 3458 1964 3622 2037; x_wconf 75' lang='lat' dir='ltr'><strong>hujus</strong></span> 
     </span>
    </p>
   </div>
   <div class='ocr_carea' id='block_1_67' title="bbox 2056 2050 3622 2125">
    <p class='ocr_par' dir='ltr' id='par_1_67' title="bbox 2056 2050 3622 2125">
     <span class='ocr_line' id='line_1_67' title="bbox 2056 2050 3622 2125; baseline -0.002 -15"><span class='ocrx_word' id='word_1_483' title='bbox 2056 2057 2210 2110; x_wconf 87' lang='lat' dir='ltr'><strong>avida</strong></span> <span class='ocrx_word' id='word_1_484' title='bbox 2244 2056 2421 2120; x_wconf 87' lang='lat' dir='ltr'><strong>famis,</strong></span> <span class='ocrx_word' id='word_1_485' title='bbox 2451 2055 2517 2109; x_wconf 89' lang='lat' dir='ltr'><strong>ad</strong></span> <span class='ocrx_word' id='word_1_486' title='bbox 2540 2053 2719 2108; x_wconf 91' lang='lat' dir='ltr'><strong>omnia</strong></span> <span class='ocrx_word' id='word_1_487' title='bbox 2769 2061 2987 2125; x_wconf 65' lang='lat' dir='ltr'><strong>terrena</strong></span> <span class='ocrx_word' id='word_1_488' title='bbox 3030 2050 3332 2117; x_wconf 88' lang='lat' dir='ltr'><strong>fastidiosa,</strong></span> <span class='ocrx_word' id='word_1_489' title='bbox 3358 2062 3417 2107; x_wconf 88' lang='lat' dir='ltr'><strong>ut</strong></span> <span class='ocrx_word' id='word_1_490' title='bbox 3454 2054 3521 2107; x_wconf 89' lang='lat' dir='ltr'><strong>ab</strong></span> <span class='ocrx_word' id='word_1_491' title='bbox 3550 2052 3622 2123; x_wconf 85' lang='lat' dir='ltr'><strong>iis</strong></span> 
     </span>
    </p>
   </div>
   <div class='ocr_carea' id='block_1_68' title="bbox 2055 2126 3622 2219">
    <p class='ocr_par' dir='ltr' id='par_1_68' title="bbox 2055 2126 3622 2219">
     <span class='ocr_line' id='line_1_68' title="bbox 2055 2126 3622 2219; baseline -0.003 -17"><span class='ocrx_word' id='word_1_492' title='bbox 2055 2146 2335 2209; x_wconf 62' lang='lat' dir='ltr'><strong>deficiexs,</strong></span> <span class='ocrx_word' id='word_1_493' title='bbox 2384 2143 2437 2199; x_wconf 89' lang='lat' dir='ltr'><strong>in</strong></span> <span class='ocrx_word' id='word_1_494' title='bbox 2472 2144 2617 2198; x_wconf 90' lang='lat' dir='ltr'><strong>illam</strong></span> <span class='ocrx_word' id='word_1_495' title='bbox 2664 2126 2972 2213; x_wconf 67' lang='lat' dir='ltr'><strong>proficiens,</strong></span> <span class='ocrx_word' id='word_1_496' title='bbox 3004 2158 3101 2211; x_wconf 88' lang='lat' dir='ltr'><strong>per</strong></span> <span class='ocrx_word' id='word_1_497' title='bbox 3127 2142 3462 2215; x_wconf 87' lang='lat' dir='ltr'><strong>spiritualcm</strong></span> <span class='ocrx_word' id='word_1_498' title='bbox 3499 2158 3622 2219; x_wconf 56' lang='lat' dir='ltr'><strong>esu-</strong></span> 
     </span>
    </p>
   </div>
   <div class='ocr_carea' id='block_1_69' title="bbox 2054 2231 3624 2301">
    <p class='ocr_par' dir='ltr' id='par_1_69' title="bbox 2054 2231 3624 2301">
     <span class='ocr_line' id='line_1_69' title="bbox 2054 2231 3624 2301; baseline -0.003 -12"><span class='ocrx_word' id='word_1_499' title='bbox 2054 2236 2189 2289; x_wconf 86' lang='lat' dir='ltr'><strong>riem</strong></span> <span class='ocrx_word' id='word_1_500' title='bbox 2220 2235 2285 2287; x_wconf 88' lang='lat' dir='ltr'><strong>ad</strong></span> <span class='ocrx_word' id='word_1_501' title='bbox 2316 2236 2525 2287; x_wconf 87' lang='lat' dir='ltr'><strong>beatam</strong></span> <span class='ocrx_word' id='word_1_502' title='bbox 2546 2233 2826 2301; x_wconf 81' lang='lat' dir='ltr'><strong>perveniat</strong></span> <span class='ocrx_word' id='word_1_503' title='bbox 2850 2234 3176 2301; x_wconf 85' lang='lat' dir='ltr'><strong>satietatem,</strong></span> <span class='ocrx_word' id='word_1_504' title='bbox 3199 2247 3303 2301; x_wconf 88' lang='lat' dir='ltr'><strong>qua</strong></span> <span class='ocrx_word' id='word_1_505' title='bbox 3337 2232 3451 2301; x_wconf 84' lang='lat' dir='ltr'><strong>ipse</strong></span> <span class='ocrx_word' id='word_1_506' title='bbox 3492 2231 3624 2286; x_wconf 86' lang='lat' dir='ltr'><strong>iusi-</strong></span> 
     </span>
    </p>
   </div>
   <div class='ocr_carea' id='block_1_70' title="bbox 2056 2308 3616 2392">
    <p class='ocr_par' dir='ltr' id='par_1_70' title="bbox 2056 2308 3616 2392">
     <span class='ocr_line' id='line_1_70' title="bbox 2056 2308 3616 2392; baseline -0.001 -16"><span class='ocrx_word' id='word_1_507' title='bbox 2056 2324 2251 2392; x_wconf 84' lang='lat' dir='ltr'><strong>gnibus</strong></span> <span class='ocrx_word' id='word_1_508' title='bbox 2280 2320 2429 2392; x_wconf 73' lang='lat' dir='ltr'><strong>dives</strong></span> <span class='ocrx_word' id='word_1_509' title='bbox 2455 2321 2663 2376; x_wconf 89' lang='lat' dir='ltr'><strong>meritis</strong></span> <span class='ocrx_word' id='word_1_510' title='bbox 2707 2321 2896 2375; x_wconf 85' lang='lat' dir='ltr'><strong>satiari</strong></span> <span class='ocrx_word' id='word_1_511' title='bbox 2929 2330 2983 2375; x_wconf 91' lang='lat' dir='ltr'><strong>et</strong></span> <span class='ocrx_word' id='word_1_512' title='bbox 3012 2308 3305 2375; x_wconf 75' lang='lat' dir='ltr'><strong>beatificar‘i</strong></span> <span class='ocrx_word' id='word_1_513' title='bbox 3347 2321 3616 2375; x_wconf 88' lang='lat' dir='ltr'><strong>meruisti.</strong></span> 
     </span>
    </p>
   </div>
   <div class='ocr_carea' id='block_1_71' title="bbox 2053 2390 3614 2481">
    <p class='ocr_par' dir='ltr' id='par_1_71' title="bbox 2053 2390 3614 2481">
     <span class='ocr_line' id='line_1_71' title="bbox 2053 2390 3614 2481; baseline -0.003 -14"><span class='ocrx_word' id='word_1_514' title='bbox 2053 2390 2258 2467; x_wconf 50' lang='lat' dir='ltr'><strong>Adeaut</strong></span> <span class='ocrx_word' id='word_1_515' title='bbox 2286 2390 2373 2465; x_wconf 69' lang='grc' dir='ltr'>Ξιιι</span> <span class='ocrx_word' id='word_1_516' title='bbox 2396 2411 2867 2481; x_wconf 78' lang='lat' dir='ltr'><strong>pauperesjanuas</strong></span> <span class='ocrx_word' id='word_1_517' title='bbox 2889 2410 3133 2473; x_wconf 89' lang='lat' dir='ltr'><strong>divitutn,</strong></span> <span class='ocrx_word' id='word_1_518' title='bbox 3162 2419 3221 2464; x_wconf 90' lang='lat' dir='ltr'><strong>ut</strong></span> <span class='ocrx_word' id='word_1_519' title='bbox 3240 2410 3470 2465; x_wconf 87' lang='lat' dir='ltr'><strong>terrenis</strong></span> <span class='ocrx_word' id='word_1_520' title='bbox 3490 2426 3614 2481; x_wconf 89' lang='lat' dir='ltr'><strong>epu-</strong></span> 
     </span>
    </p>
   </div>
   <div class='ocr_carea' id='block_1_72' title="bbox 2055 2500 3618 2571">
    <p class='ocr_par' dir='ltr' id='par_1_72' title="bbox 2055 2500 3618 2571">
     <span class='ocr_line' id='line_1_72' title="bbox 2055 2500 3618 2571; baseline -0.001 -15"><span class='ocrx_word' id='word_1_521' title='bbox 2055 2503 2121 2557; x_wconf 88' lang='lat' dir='ltr'><strong>lis</strong></span> <span class='ocrx_word' id='word_1_522' title='bbox 2162 2504 2339 2558; x_wconf 85' lang='lat' dir='ltr'><strong>satiati</strong></span> <span class='ocrx_word' id='word_1_523' title='bbox 2393 2515 2668 2570; x_wconf 73' lang='lat' dir='ltr'><strong>corporeze</strong></span> <span class='ocrx_word' id='word_1_524' title='bbox 2715 2500 2876 2556; x_wconf 88' lang='lat' dir='ltr'><strong>famis</strong></span> <span class='ocrx_word' id='word_1_525' title='bbox 2924 2500 3196 2571; x_wconf 82' lang='lat' dir='ltr'><strong>expellant</strong></span> <span class='ocrx_word' id='word_1_526' title='bbox 3249 2501 3618 2568; x_wconf 75' lang='lat' dir='ltr'><strong>incommoda;</strong></span> 
     </span>
    </p>
   </div>
   <div class='ocr_carea' id='block_1_73' title="bbox 2051 2590 3622 2662">
    <p class='ocr_par' dir='ltr' id='par_1_73' title="bbox 2051 2590 3622 2662">
     <span class='ocr_line' id='line_1_73' title="bbox 2051 2590 3622 2662; baseline 0 -16"><span class='ocrx_word' id='word_1_527' title='bbox 2051 2606 2151 2661; x_wconf 78' lang='lat' dir='ltr'><strong>ego</strong></span> <span class='ocrx_word' id='word_1_528' title='bbox 2181 2592 2250 2645; x_wconf 87' lang='lat' dir='ltr'><strong>ad</strong></span> <span class='ocrx_word' id='word_1_529' title='bbox 2281 2599 2385 2644; x_wconf 82' lang='lat' dir='ltr'><strong>tme</strong></span> <span class='ocrx_word' id='word_1_530' title='bbox 2413 2592 2631 2661; x_wconf 88' lang='lat' dir='ltr'><strong>pietatis</strong></span> <span class='ocrx_word' id='word_1_531' title='bbox 2656 2590 2857 2660; x_wconf 81' lang='lat' dir='ltr'><strong>jannas</strong></span> <span class='ocrx_word' id='word_1_532' title='bbox 2888 2593 3064 2662; x_wconf 90' lang='lat' dir='ltr'><strong>pulso,</strong></span> <span class='ocrx_word' id='word_1_533' title='bbox 3092 2602 3149 2647; x_wconf 91' lang='lat' dir='ltr'><strong>ut</strong></span> <span class='ocrx_word' id='word_1_534' title='bbox 3182 2594 3486 2647; x_wconf 88' lang='lat' dir='ltr'><strong>satietatem</strong></span> <span class='ocrx_word' id='word_1_535' title='bbox 3513 2600 3622 2647; x_wconf 82' lang='lat' dir='ltr'><strong>ter-</strong></span> 
     </span>
    </p>
   </div>
   <div class='ocr_carea' id='block_1_74' title="bbox 2054 2766 3619 2839">
    <p class='ocr_par' dir='ltr' id='par_1_74' title="bbox 2054 2766 3619 2839">
     <span class='ocr_line' id='line_1_74' title="bbox 2054 2766 3619 2839; baseline 0.004 -21"><span class='ocrx_word' id='word_1_536' title='bbox 2054 2767 2258 2821; x_wconf 84' lang='lat' dir='ltr'><strong>cedinis</strong></span> <span class='ocrx_word' id='word_1_537' title='bbox 2280 2766 2670 2821; x_wconf 88' lang='lat' dir='ltr'><strong>imleficientem</strong></span> <span class='ocrx_word' id='word_1_538' title='bbox 2697 2783 2912 2822; x_wconf 85' lang='lat' dir='ltr'><strong>merear</strong></span> <span class='ocrx_word' id='word_1_539' title='bbox 2933 2768 3195 2823; x_wconf 90' lang='lat' dir='ltr'><strong>obtinere.</strong></span> <span class='ocrx_word' id='word_1_540' title='bbox 3222 2768 3370 2823; x_wconf 83' lang='lat' dir='ltr'><strong>lianc</strong></span> <span class='ocrx_word' id='word_1_541' title='bbox 3392 2770 3619 2839; x_wconf 88' lang='lat' dir='ltr'><strong>esurire,</strong></span> 
     </span>
    </p>
   </div>
   <div class='ocr_carea' id='block_1_75' title="bbox 2053 2856 3622 2929">
    <p class='ocr_par' dir='ltr' id='par_1_75' title="bbox 2053 2856 3622 2929">
     <span class='ocr_line' id='line_1_75' title="bbox 2053 2856 3622 2929; baseline 0.004 -20"><span class='ocrx_word' id='word_1_542' title='bbox 2053 2856 2190 2909; x_wconf 85' lang='lat' dir='ltr'><strong>hanc</strong></span> <span class='ocrx_word' id='word_1_543' title='bbox 2222 2856 2395 2918; x_wconf 89' lang='lat' dir='ltr'><strong>sitire,</strong></span> <span class='ocrx_word' id='word_1_544' title='bbox 2441 2857 2507 2908; x_wconf 91' lang='lat' dir='ltr'><strong>ad</strong></span> <span class='ocrx_word' id='word_1_545' title='bbox 2538 2856 2678 2910; x_wconf 90' lang='lat' dir='ltr'><strong>hanc</strong></span> <span class='ocrx_word' id='word_1_546' title='bbox 2706 2872 2941 2926; x_wconf 81' lang='lat' dir='ltr'><strong>gemere,</strong></span> <span class='ocrx_word' id='word_1_547' title='bbox 2988 2859 3113 2913; x_wconf 89' lang='lat' dir='ltr'><strong>huic</strong></span> <span class='ocrx_word' id='word_1_548' title='bbox 3154 2860 3432 2929; x_wconf 88' lang='lat' dir='ltr'><strong>suspirare</strong></span> <span class='ocrx_word' id='word_1_549' title='bbox 3478 2860 3622 2915; x_wconf 88' lang='lat' dir='ltr'><strong>inar-</strong></span> 
     </span>
    </p>
   </div>
   <div class='ocr_carea' id='block_1_76' title="bbox 2054 2947 2506 3021">
    <p class='ocr_par' dir='ltr' id='par_1_76' title="bbox 2054 2947 2506 3021">
     <span class='ocr_line' id='line_1_76' title="bbox 2054 2947 2506 3021; baseline -0.004 -22"><span class='ocrx_word' id='word_1_550' title='bbox 2054 2947 2235 3000; x_wconf 90' lang='lat' dir='ltr'><strong>desco.</strong></span> <span class='ocrx_word' id='word_1_551' title='bbox 2490 3007 2506 3021; x_wconf 37' lang='lat'><em>’</em></span> 
     </span>
    </p>
   </div>
   <div class='ocr_carea' id='block_1_77' title="bbox 2120 3035 3621 3106">
    <p class='ocr_par' dir='ltr' id='par_1_77' title="bbox 2120 3035 3621 3106">
     <span class='ocr_line' id='line_1_77' title="bbox 2120 3035 3621 3106; baseline 0.003 -15"><span class='ocrx_word' id='word_1_552' title='bbox 2120 3035 2348 3091; x_wconf 87' lang='lat' dir='ltr'><strong>Consule</strong></span> <span class='ocrx_word' id='word_1_553' title='bbox 2386 3036 2536 3098; x_wconf 85' lang='lat' dir='ltr'><strong>mihi,</strong></span> <span class='ocrx_word' id='word_1_554' title='bbox 2578 3043 2784 3106; x_wconf 88' lang='lat' dir='ltr'><strong>martyr</strong></span> <span class='ocrx_word' id='word_1_555' title='bbox 2824 3036 3227 3106; x_wconf 82' lang='lat' dir='ltr'><strong>gloriosissime.</strong></span> <span class='ocrx_word' id='word_1_556' title='bbox 3256 3038 3414 3093; x_wconf 81' lang='lat' dir='ltr'><strong>Ecce</strong></span> <span class='ocrx_word' id='word_1_557' title='bbox 3451 3040 3621 3095; x_wconf 89' lang='lat' dir='ltr'><strong>indis-</strong></span> 
     </span>
    </p>
   </div>
   <div class='ocr_carea' id='block_1_78' title="bbox 2052 3118 3617 3193">
    <p class='ocr_par' dir='ltr' id='par_1_78' title="bbox 2052 3118 3617 3193">
     <span class='ocr_line' id='line_1_78' title="bbox 2052 3118 3617 3193; baseline 0.001 -14"><span class='ocrx_word' id='word_1_558' title='bbox 2052 3136 2197 3179; x_wconf 89' lang='lat' dir='ltr'><strong>creta</strong></span> <span class='ocrx_word' id='word_1_559' title='bbox 2230 3124 2457 3177; x_wconf 86' lang='lat' dir='ltr'><strong>fortasse</strong></span> <span class='ocrx_word' id='word_1_560' title='bbox 2492 3125 2790 3178; x_wconf 87' lang='lat' dir='ltr'><strong>verbositas</strong></span> <span class='ocrx_word' id='word_1_561' title='bbox 2817 3124 2946 3177; x_wconf 88' lang='lat' dir='ltr'><strong>dicit</strong></span> <span class='ocrx_word' id='word_1_562' title='bbox 2980 3143 2992 3178; x_wconf 91' lang='lat'>:</span> <span class='ocrx_word' id='word_1_563' title='bbox 3046 3118 3189 3179; x_wconf 73' lang='lat' dir='ltr'><strong>Satis</strong></span> <span class='ocrx_word' id='word_1_564' title='bbox 3220 3136 3423 3179; x_wconf 83' lang='lat' dir='ltr'><strong>orntum</strong></span> <span class='ocrx_word' id='word_1_565' title='bbox 3445 3137 3540 3193; x_wconf 72' lang='lat' dir='ltr'><strong>est,</strong></span> <span class='ocrx_word' id='word_1_566' title='bbox 3564 3137 3617 3181; x_wconf 89' lang='lat' dir='ltr'><strong>et</strong></span> 
     </span>
    </p>
   </div>
   <div class='ocr_carea' id='block_1_79' title="bbox 2050 3206 3668 3289">
    <p class='ocr_par' dir='ltr' id='par_1_79' title="bbox 2050 3206 3668 3289">
     <span class='ocr_line' id='line_1_79' title="bbox 2050 3206 3668 3289; baseline 0.001 -24"><span class='ocrx_word' id='word_1_567' title='bbox 2050 3212 2272 3267; x_wconf 82' lang='lat' dir='ltr'><strong>affectus</strong></span> <span class='ocrx_word' id='word_1_568' title='bbox 2297 3211 2777 3289; x_wconf 78' lang='lat' dir='ltr'><strong>desideriiclamat</strong></span> <span class='ocrx_word' id='word_1_569' title='bbox 2809 3230 2822 3265; x_wconf 91' lang='lat'>:</span> <span class='ocrx_word' id='word_1_570' title='bbox 2862 3211 3043 3265; x_wconf 79' lang='lat' dir='ltr'><strong>Adhuc</strong></span> <span class='ocrx_word' id='word_1_571' title='bbox 3090 3215 3356 3267; x_wconf 80' lang='lat' dir='ltr'><strong>ardentius</strong></span> <span class='ocrx_word' id='word_1_572' title='bbox 3387 3216 3613 3270; x_wconf 81' lang='lat' dir='ltr'><strong>orationi</strong></span> <span class='ocrx_word' id='word_1_573' title='bbox 3659 3206 3668 3213; x_wconf 75' lang='grc'><strong>’</strong></span> 
     </span>
    </p>
   </div>
   <div class='ocr_carea' id='block_1_80' title="bbox 2049 3298 3620 3362">
    <p class='ocr_par' dir='ltr' id='par_1_80' title="bbox 2049 3298 3620 3362">
     <span class='ocr_line' id='line_1_80' title="bbox 2049 3298 3620 3362; baseline 0.003 -8"><span class='ocrx_word' id='word_1_574' title='bbox 2049 3301 2245 3354; x_wconf 75' lang='lat' dir='ltr'><strong>insiste.</strong></span> <span class='ocrx_word' id='word_1_575' title='bbox 2278 3298 2447 3362; x_wconf 87' lang='lat' dir='ltr'><strong>Itane,</strong></span> <span class='ocrx_word' id='word_1_576' title='bbox 2500 3298 2810 3355; x_wconf 80' lang='lat' dir='ltr'><strong>dulcissime</strong></span> <span class='ocrx_word' id='word_1_577' title='bbox 2863 3298 3080 3355; x_wconf 87' lang='lat' dir='ltr'><strong>domine</strong></span> <span class='ocrx_word' id='word_1_578' title='bbox 3127 3310 3182 3357; x_wconf 87' lang='lat' dir='ltr'><strong>et</strong></span> <span class='ocrx_word' id='word_1_579' title='bbox 3230 3302 3620 3359; x_wconf 69' lang='lat' dir='ltr'><strong>ferventissime</strong></span> 
     </span>
    </p>
   </div>
   <div class='ocr_carea' id='block_1_81' title="bbox 2050 3388 3618 3461">
    <p class='ocr_par' dir='ltr' id='par_1_81' title="bbox 2050 3388 3618 3461">
     <span class='ocr_line' id='line_1_81' title="bbox 2050 3388 3618 3461; baseline 0.003 -18"><span class='ocrx_word' id='word_1_580' title='bbox 2050 3388 2248 3444; x_wconf 90' lang='lat' dir='ltr'><strong>Christi</strong></span> <span class='ocrx_word' id='word_1_581' title='bbox 2273 3398 2501 3455; x_wconf 90' lang='lat' dir='ltr'><strong>amator,</strong></span> <span class='ocrx_word' id='word_1_582' title='bbox 2529 3403 2646 3445; x_wconf 82' lang='lat' dir='ltr'><strong>sese</strong></span> <span class='ocrx_word' id='word_1_583' title='bbox 2675 3390 2833 3444; x_wconf 88' lang='lat' dir='ltr'><strong>habet</strong></span> <span class='ocrx_word' id='word_1_584' title='bbox 2863 3405 2969 3444; x_wconf 91' lang='lat' dir='ltr'><strong>non</strong></span> <span class='ocrx_word' id='word_1_585' title='bbox 2999 3388 3118 3445; x_wconf 84' lang='lat' dir='ltr'><strong>ficta</strong></span> <span class='ocrx_word' id='word_1_586' title='bbox 3154 3395 3344 3448; x_wconf 84' lang='lat' dir='ltr'><strong>orandi</strong></span> <span class='ocrx_word' id='word_1_587' title='bbox 3384 3396 3618 3461; x_wconf 86' lang='lat' dir='ltr'><strong>devotio,</strong></span> 
     </span>
    </p>
   </div>
   <div class='ocr_carea' id='block_1_82' title="bbox 2052 3477 3619 3549">
    <p class='ocr_par' dir='ltr' id='par_1_82' title="bbox 2052 3477 3619 3549">
     <span class='ocr_line' id='line_1_82' title="bbox 2052 3477 3619 3549; baseline 0.004 -17"><span class='ocrx_word' id='word_1_588' title='bbox 2052 3489 2109 3532; x_wconf 89' lang='grc' dir='ltr'><strong>ιιι</strong></span> <span class='ocrx_word' id='word_1_589' title='bbox 2130 3478 2363 3533; x_wconf 86' lang='lat' dir='ltr'><strong>orationi</strong></span> <span class='ocrx_word' id='word_1_590' title='bbox 2395 3494 2501 3546; x_wconf 90' lang='lat' dir='ltr'><strong>quo</strong></span> <span class='ocrx_word' id='word_1_591' title='bbox 2529 3477 2647 3549; x_wconf 83' lang='lat' dir='ltr'><strong>plus</strong></span> <span class='ocrx_word' id='word_1_592' title='bbox 2688 3478 2939 3543; x_wconf 89' lang='lat' dir='ltr'><strong>intendit,</strong></span> <span class='ocrx_word' id='word_1_593' title='bbox 2971 3478 3088 3549; x_wconf 88' lang='lat' dir='ltr'><strong>plus</strong></span> <span class='ocrx_word' id='word_1_594' title='bbox 3118 3478 3472 3535; x_wconf 80' lang='lat' dir='ltr'><strong>accendatur?</strong></span> <span class='ocrx_word' id='word_1_595' title='bbox 3501 3482 3619 3539; x_wconf 87' lang='lat' dir='ltr'><strong>Sic-</strong></span> 
     </span>
    </p>
   </div>
   <div class='ocr_carea' id='block_1_83' title="bbox 2050 3567 3622 3645">
    <p class='ocr_par' dir='ltr' id='par_1_83' title="bbox 2050 3567 3622 3645">
     <span class='ocr_line' id='line_1_83' title="bbox 2050 3567 3622 3645; baseline 0.003 -23"><span class='ocrx_word' id='word_1_596' title='bbox 2050 3570 2168 3622; x_wconf 89' lang='lat' dir='ltr'><strong>cine</strong></span> <span class='ocrx_word' id='word_1_597' title='bbox 2204 3568 2256 3619; x_wconf 92' lang='lat' dir='ltr'><strong>in</strong></span> <span class='ocrx_word' id='word_1_598' title='bbox 2305 3568 2495 3634; x_wconf 86' lang='lat' dir='ltr'><strong>spiritu</strong></span> <span class='ocrx_word' id='word_1_599' title='bbox 2544 3574 2598 3619; x_wconf 92' lang='lat' dir='ltr'><strong>et</strong></span> <span class='ocrx_word' id='word_1_600' title='bbox 2648 3567 2877 3621; x_wconf 86' lang='lat' dir='ltr'><strong>veritate</strong></span> <span class='ocrx_word' id='word_1_601' title='bbox 2922 3576 3142 3645; x_wconf 79' lang='lat' dir='ltr'><strong>orantes</strong></span> <span class='ocrx_word' id='word_1_602' title='bbox 3188 3569 3622 3639; x_wconf 87' lang='lat' dir='ltr'><strong>iucomparabilis</strong></span> 
     </span>
    </p>
   </div>
   <div class='ocr_carea' id='block_1_84' title="bbox 2051 3656 3614 3735">
    <p class='ocr_par' dir='ltr' id='par_1_84' title="bbox 2051 3656 3614 3735">
     <span class='ocr_line' id='line_1_84' title="bbox 2051 3656 3614 3735; baseline 0.001 -23"><span class='ocrx_word' id='word_1_603' title='bbox 2051 3659 2277 3731; x_wconf 70' lang='lat' dir='ltr'><strong>attrahit</strong></span> <span class='ocrx_word' id='word_1_604' title='bbox 2305 3658 2437 3711; x_wconf 85' lang='lat' dir='ltr'><strong>odor</strong></span> <span class='ocrx_word' id='word_1_605' title='bbox 2464 3657 2764 3720; x_wconf 83' lang='lat' dir='ltr'><strong>charitatis,</strong></span> <span class='ocrx_word' id='word_1_606' title='bbox 2792 3665 2850 3710; x_wconf 92' lang='lat' dir='ltr'><strong>ut</strong></span> <span class='ocrx_word' id='word_1_607' title='bbox 2879 3656 3003 3711; x_wconf 91' lang='lat' dir='ltr'><strong>dum</strong></span> <span class='ocrx_word' id='word_1_608' title='bbox 3028 3658 3202 3711; x_wconf 74' lang='lat' dir='ltr'><strong>o‘ratio</strong></span> <span class='ocrx_word' id='word_1_609' title='bbox 3230 3660 3295 3712; x_wconf 90' lang='lat' dir='ltr'><strong>ad</strong></span> <span class='ocrx_word' id='word_1_610' title='bbox 3324 3662 3614 3735; x_wconf 80' lang='lat' dir='ltr'><strong>terminum</strong></span> 
     </span>
    </p>
   </div>
   <div class='ocr_carea' id='block_1_85' title="bbox 2052 3746 3618 3817">
    <p class='ocr_par' dir='ltr' id='par_1_85' title="bbox 2052 3746 3618 3817">
     <span class='ocr_line' id='line_1_85' title="bbox 2052 3746 3618 3817; baseline 0 -11"><span class='ocrx_word' id='word_1_611' title='bbox 2052 3752 2265 3812; x_wconf 88' lang='lat' dir='ltr'><strong>dicitur,</strong></span> <span class='ocrx_word' id='word_1_612' title='bbox 2281 3748 2485 3815; x_wconf 74' lang='lat' dir='ltr'><strong>diutius</strong></span> <span class='ocrx_word' id='word_1_613' title='bbox 2506 3762 2663 3801; x_wconf 88' lang='lat' dir='ltr'><strong>orare</strong></span> <span class='ocrx_word' id='word_1_614' title='bbox 2689 3747 2953 3801; x_wconf 85' lang='lat' dir='ltr'><strong>delectet?</strong></span> <span class='ocrx_word' id='word_1_615' title='bbox 2972 3746 3045 3801; x_wconf 87' lang='lat' dir='ltr'><strong>lla</strong></span> <span class='ocrx_word' id='word_1_616' title='bbox 3074 3747 3249 3817; x_wconf 83' lang='lat' dir='ltr'><strong>plane.</strong></span> <span class='ocrx_word' id='word_1_617' title='bbox 3276 3748 3437 3805; x_wconf 86' lang='lat' dir='ltr'><strong>Beata</strong></span> <span class='ocrx_word' id='word_1_618' title='bbox 3467 3767 3618 3806; x_wconf 90' lang='lat' dir='ltr'><strong>mens</strong></span> 
     </span>
    </p>
   </div>
   <div class='ocr_carea' id='block_1_86' title="bbox 2056 3840 3618 3910">
    <p class='ocr_par' dir='ltr' id='par_1_86' title="bbox 2056 3840 3618 3910">
     <span class='ocr_line' id='line_1_86' title="bbox 2056 3840 3618 3910; baseline 0.001 -14"><span class='ocrx_word' id='word_1_619' title='bbox 2056 3844 2165 3905; x_wconf 86' lang='lat' dir='ltr'><strong>illa,</strong></span> <span class='ocrx_word' id='word_1_620' title='bbox 2194 3857 2354 3910; x_wconf 90' lang='lat' dir='ltr'><strong>quam</strong></span> <span class='ocrx_word' id='word_1_621' title='bbox 2396 3840 2499 3892; x_wconf 89' lang='lat' dir='ltr'><strong>tale</strong></span> <span class='ocrx_word' id='word_1_622' title='bbox 2527 3840 2789 3892; x_wconf 82' lang='lat' dir='ltr'><strong>veraciter</strong></span> <span class='ocrx_word' id='word_1_623' title='bbox 2838 3840 3129 3895; x_wconf 84' lang='lat' dir='ltr'><strong>inflammat</strong></span> <span class='ocrx_word' id='word_1_624' title='bbox 3161 3840 3483 3896; x_wconf 81' lang='lat' dir='ltr'><strong>incendium.</strong></span> <span class='ocrx_word' id='word_1_625' title='bbox 3514 3842 3618 3897; x_wconf 85' lang='lat' dir='ltr'><strong>Sed</strong></span> 
     </span>
    </p>
   </div>
   <div class='ocr_carea' id='block_1_87' title="bbox 2050 3930 3621 4003">
    <p class='ocr_par' dir='ltr' id='par_1_87' title="bbox 2050 3930 3621 4003">
     <span class='ocr_line' id='line_1_87' title="bbox 2050 3930 3621 4003; baseline 0.001 -17"><span class='ocrx_word' id='word_1_626' title='bbox 2050 3944 2109 3987; x_wconf 91' lang='lat' dir='ltr'><strong>ut</strong></span> <span class='ocrx_word' id='word_1_627' title='bbox 2131 3934 2240 4003; x_wconf 90' lang='lat' dir='ltr'><strong>jam</strong></span> <span class='ocrx_word' id='word_1_628' title='bbox 2272 3946 2384 3985; x_wconf 85' lang='lat' dir='ltr'><strong>mea</strong></span> <span class='ocrx_word' id='word_1_629' title='bbox 2418 3930 2803 3998; x_wconf 88' lang='lat' dir='ltr'><strong>qualiscunque</strong></span> <span class='ocrx_word' id='word_1_630' title='bbox 2832 3930 3118 3985; x_wconf 88' lang='lat' dir='ltr'><strong>claudatur</strong></span> <span class='ocrx_word' id='word_1_631' title='bbox 3150 3931 3621 4001; x_wconf 86' lang='lat' dir='ltr'><strong>oratio,depreccr</strong></span> 
     </span>
    </p>
   </div>
   <div class='ocr_carea' id='block_1_88' title="bbox 2056 4021 3615 4090">
    <p class='ocr_par' dir='ltr' id='par_1_88' title="bbox 2056 4021 3615 4090">
     <span class='ocr_line' id='line_1_88' title="bbox 2056 4021 3615 4090; baseline 0.002 -14"><span class='ocrx_word' id='word_1_632' title='bbox 2056 4034 2130 4085; x_wconf 90' lang='lat' dir='ltr'><strong>te,</strong></span> <span class='ocrx_word' id='word_1_633' title='bbox 2156 4021 2459 4076; x_wconf 87' lang='lat' dir='ltr'><strong>beatissime</strong></span> <span class='ocrx_word' id='word_1_634' title='bbox 2492 4028 2695 4089; x_wconf 85' lang='lat' dir='ltr'><strong>martyr</strong></span> <span class='ocrx_word' id='word_1_635' title='bbox 2711 4029 2765 4073; x_wconf 90' lang='lat' dir='ltr'><strong>et</strong></span> <span class='ocrx_word' id='word_1_636' title='bbox 2794 4022 3061 4090; x_wconf 71' lang='lat' dir='ltr'><strong>prtecipua</strong></span> <span class='ocrx_word' id='word_1_637' title='bbox 3090 4022 3334 4077; x_wconf 90' lang='lat' dir='ltr'><strong>columna</strong></span> <span class='ocrx_word' id='word_1_638' title='bbox 3363 4023 3615 4079; x_wconf 78' lang='lat' dir='ltr'><strong>Ecclesiae</strong></span> 
     </span>
    </p>
   </div>
   <div class='ocr_carea' id='block_1_89' title="bbox 2053 4108 3615 4182">
    <p class='ocr_par' dir='ltr' id='par_1_89' title="bbox 2053 4108 3615 4182">
     <span class='ocr_line' id='line_1_89' title="bbox 2053 4108 3615 4182; baseline 0.002 -15"><span class='ocrx_word' id='word_1_639' title='bbox 2053 4114 2144 4167; x_wconf 90' lang='lat' dir='ltr'><strong>Dei</strong></span> <span class='ocrx_word' id='word_1_640' title='bbox 2176 4110 2449 4177; x_wconf 89' lang='lat' dir='ltr'><strong>Laurenti,</strong></span> <span class='ocrx_word' id='word_1_641' title='bbox 2472 4110 2561 4177; x_wconf 88' lang='lat' dir='ltr'><strong>qui</strong></span> <span class='ocrx_word' id='word_1_642' title='bbox 2580 4108 2807 4164; x_wconf 82' lang='lat' dir='ltr'><strong>feliciter</strong></span> <span class='ocrx_word' id='word_1_643' title='bbox 2828 4127 2855 4163; x_wconf 89' lang='lat' dir='ltr'><strong>a</strong></span> <span class='ocrx_word' id='word_1_644' title='bbox 2874 4112 3259 4182; x_wconf 87' lang='lat' dir='ltr'><strong>benignissimo</strong></span> <span class='ocrx_word' id='word_1_645' title='bbox 3282 4111 3404 4169; x_wconf 83' lang='lat' dir='ltr'><strong>Jesu</strong></span> <span class='ocrx_word' id='word_1_646' title='bbox 3429 4112 3615 4170; x_wconf 89' lang='lat' dir='ltr'><strong>amlire</strong></span> 
     </span>
    </p>
   </div>
   <div class='ocr_carea' id='block_1_90' title="bbox 2052 4198 3617 4273">
    <p class='ocr_par' dir='ltr' id='par_1_90' title="bbox 2052 4198 3617 4273">
     <span class='ocr_line' id='line_1_90' title="bbox 2052 4198 3617 4273; baseline 0.001 -18"><span class='ocrx_word' id='word_1_647' title='bbox 2052 4202 2314 4267; x_wconf 86' lang='lat' dir='ltr'><strong>meruisti,</strong></span> <span class='ocrx_word' id='word_1_648' title='bbox 2348 4202 2481 4265; x_wconf 78' lang='lat' dir='ltr'><strong>veni,</strong></span> <span class='ocrx_word' id='word_1_649' title='bbox 2512 4198 2834 4253; x_wconf 73' lang='lat' dir='ltr'><strong>desideratur</strong></span> <span class='ocrx_word' id='word_1_650' title='bbox 2857 4201 3017 4264; x_wconf 86' lang='lat' dir='ltr'><strong>bone;</strong></span> <span class='ocrx_word' id='word_1_651' title='bbox 3069 4203 3347 4265; x_wconf 80' lang='lat' dir='ltr'><strong>suscipient</strong></span> <span class='ocrx_word' id='word_1_652' title='bbox 3372 4212 3419 4257; x_wconf 85' lang='lat' dir='ltr'><strong>te</strong></span> <span class='ocrx_word' id='word_1_653' title='bbox 3444 4220 3545 4273; x_wconf 83' lang='lat' dir='ltr'><strong>ang</strong></span> <span class='ocrx_word' id='word_1_654' title='bbox 3576 4204 3617 4257; x_wconf 86' lang='lat' dir='ltr'><strong>li</strong></span> 
     </span>
    </p>
   </div>
   <div class='ocr_carea' id='block_1_91' title="bbox 2051 4292 3618 4365">
    <p class='ocr_par' dir='ltr' id='par_1_91' title="bbox 2051 4292 3618 4365">
     <span class='ocr_line' id='line_1_91' title="bbox 2051 4292 3618 4365; baseline 0.002 -20"><span class='ocrx_word' id='word_1_655' title='bbox 2051 4293 2170 4355; x_wconf 84' lang='lat' dir='ltr'><strong>mei,</strong></span> <span class='ocrx_word' id='word_1_656' title='bbox 2194 4292 2439 4361; x_wconf 86' lang='lat' dir='ltr'><strong>quoniam</strong></span> <span class='ocrx_word' id='word_1_657' title='bbox 2470 4302 2675 4345; x_wconf 70' lang='lat' dir='ltr'><strong>assatus</strong></span> <span class='ocrx_word' id='word_1_658' title='bbox 2707 4309 2808 4345; x_wconf 86' lang='lat' dir='ltr'><strong>non</strong></span> <span class='ocrx_word' id='word_1_659' title='bbox 2848 4292 3045 4360; x_wconf 83' lang='lat' dir='ltr'><strong>negasti</strong></span> <span class='ocrx_word' id='word_1_660' title='bbox 3072 4308 3175 4365; x_wconf 69' lang='lat' dir='ltr'><strong>me,</strong></span> <span class='ocrx_word' id='word_1_661' title='bbox 3205 4293 3449 4361; x_wconf 81' lang='lat' dir='ltr'><strong>probatus</strong></span> <span class='ocrx_word' id='word_1_662' title='bbox 3492 4310 3618 4347; x_wconf 79' lang='grc' dir='ltr'><strong>(οη-</strong></span> 
     </span>
    </p>
   </div>
   <div class='ocr_carea' id='block_1_92' title="bbox 346 4366 1983 4459">
    <p class='ocr_par' dir='ltr' id='par_1_92' title="bbox 346 4366 1983 4459">
     <span class='ocr_line' id='line_1_92' title="bbox 346 4366 1983 4459; baseline -0.002 -37"><span class='ocrx_word' id='word_1_663' title='bbox 346 4420 349 4421; x_wconf 25' lang='lat'><strong>.</strong></span> <span class='ocrx_word' id='word_1_664' title='bbox 386 4368 517 4421; x_wconf 87' lang='lat' dir='ltr'><strong>cedo</strong></span> <span class='ocrx_word' id='word_1_665' title='bbox 561 4367 647 4419; x_wconf 88' lang='lat' dir='ltr'><strong>illa</strong></span> <span class='ocrx_word' id='word_1_666' title='bbox 692 4382 796 4435; x_wconf 89' lang='lat' dir='ltr'><strong>qua</strong></span> <span class='ocrx_word' id='word_1_667' title='bbox 849 4369 959 4435; x_wconf 90' lang='lat' dir='ltr'><strong>ipse</strong></span> <span class='ocrx_word' id='word_1_668' title='bbox 1002 4368 1397 4435; x_wconf 87' lang='lat' dir='ltr'><strong>jucundahatur</strong></span> <span class='ocrx_word' id='word_1_669' title='bbox 1444 4383 1541 4437; x_wconf 83' lang='lat' dir='ltr'><strong>per</strong></span> <span class='ocrx_word' id='word_1_670' title='bbox 1586 4366 1858 4433; x_wconf 81' lang='lat' dir='ltr'><strong>affectum,</strong></span> <span class='ocrx_word' id='word_1_671' title='bbox 1889 4377 1983 4459; x_wconf 88' lang='lat' dir='ltr'><strong>etl</strong></span> 
     </span>
    </p>
   </div>
   <div class='ocr_carea' id='block_1_93' title="bbox 2016 4366 3647 4459">
    <p class='ocr_par' dir='ltr' id='par_1_93' title="bbox 2016 4368 3647 4453">
     <span class='ocr_line' id='line_1_93' title="bbox 2016 4368 3647 4453; baseline 0.003 -16"><span class='ocrx_word' id='word_1_672' title='bbox 2016 4420 2017 4437; x_wconf 54' lang='grc' dir='ltr'><strong>η</strong></span> <span class='ocrx_word' id='word_1_673' title='bbox 2051 4385 2215 4453; x_wconf 74' lang='lat' dir='ltr'><strong>fessus</strong></span> <span class='ocrx_word' id='word_1_674' title='bbox 2270 4400 2321 4436; x_wconf 87' lang='lat' dir='ltr'><strong>es</strong></span> <span class='ocrx_word' id='word_1_675' title='bbox 2367 4400 2487 4437; x_wconf 86' lang='lat' dir='ltr'><strong>me:</strong></span> <span class='ocrx_word' id='word_1_676' title='bbox 2522 4394 2591 4448; x_wconf 90' lang='lat' dir='ltr'><strong>te,</strong></span> <span class='ocrx_word' id='word_1_677' title='bbox 2645 4384 2891 4453; x_wconf 90' lang='lat' dir='ltr'><strong>inquam,</strong></span> <span class='ocrx_word' id='word_1_678' title='bbox 2926 4384 3205 4453; x_wconf 83' lang='lat' dir='ltr'><strong>deprecor,</strong></span> <span class='ocrx_word' id='word_1_679' title='bbox 3237 4384 3463 4440; x_wconf 83' lang='lat' dir='ltr'><strong>&#39;subleva</strong></span> <span class='ocrx_word' id='word_1_680' title='bbox 3509 4388 3614 4442; x_wconf 78' lang='lat' dir='ltr'><strong>tuis</strong></span> <span class='ocrx_word' id='word_1_681' title='bbox 3644 4368 3647 4371; x_wconf 21' lang='lat' dir='ltr'><strong>I</strong></span> 
     </span>
    </p>
   </div>
   <div class='ocr_carea' id='block_1_94' title="bbox 385 4456 1939 4525">
    <p class='ocr_par' dir='ltr' id='par_1_94' title="bbox 385 4456 1939 4525">
     <span class='ocr_line' id='line_1_94' title="bbox 385 4456 1939 4525; baseline 0.003 -16"><span class='ocrx_word' id='word_1_682' title='bbox 385 4456 793 4510; x_wconf 81' lang='lat' dir='ltr'><strong>beatiticabatur</strong></span> <span class='ocrx_word' id='word_1_683' title='bbox 836 4471 931 4525; x_wconf 84' lang='lat' dir='ltr'><strong>per</strong></span> <span class='ocrx_word' id='word_1_684' title='bbox 985 4457 1253 4511; x_wconf 87' lang='lat' dir='ltr'><strong>effectum.</strong></span> <span class='ocrx_word' id='word_1_685' title='bbox 1306 4459 1383 4511; x_wconf 79' lang='lat' dir='ltr'><strong>Ad</strong></span> <span class='ocrx_word' id='word_1_686' title='bbox 1431 4460 1532 4513; x_wconf 89' lang='lat' dir='ltr'><strong>hoc</strong></span> <span class='ocrx_word' id='word_1_687' title='bbox 1590 4468 1767 4513; x_wconf 85' lang='lat' dir='ltr'><strong>tamen</strong></span> <span class='ocrx_word' id='word_1_688' title='bbox 1820 4460 1939 4513; x_wconf 89' lang='lat' dir='ltr'><strong>inde</strong></span> 
     </span>
    </p>
   </div>
   <div class='ocr_carea' id='block_1_95' title="bbox 384 4547 1941 4617">
    <p class='ocr_par' dir='ltr' id='par_1_95' title="bbox 384 4547 1941 4617">
     <span class='ocr_line' id='line_1_95' title="bbox 384 4547 1941 4617; baseline -0.001 -16"><span class='ocrx_word' id='word_1_689' title='bbox 384 4548 665 4617; x_wconf 84' lang='lat' dir='ltr'><strong>cogitando</strong></span> <span class='ocrx_word' id='word_1_690' title='bbox 714 4547 970 4616; x_wconf 85' lang='lat' dir='ltr'><strong>proﬁcis,</strong></span> <span class='ocrx_word' id='word_1_691' title='bbox 1030 4560 1087 4602; x_wconf 92' lang='lat' dir='ltr'><strong>ut</strong></span> <span class='ocrx_word' id='word_1_692' title='bbox 1142 4563 1204 4603; x_wconf 86' lang='lat' dir='ltr'><strong>ea</strong></span> <span class='ocrx_word' id='word_1_693' title='bbox 1251 4550 1434 4603; x_wconf 83' lang='lat' dir='ltr'><strong>satiari</strong></span> <span class='ocrx_word' id='word_1_694' title='bbox 1477 4552 1685 4605; x_wconf 87' lang='lat' dir='ltr'><strong>esurias</strong></span> <span class='ocrx_word' id='word_1_695' title='bbox 1728 4552 1842 4613; x_wconf 52' lang='lat'><strong>2°“,</strong></span> <span class='ocrx_word' id='word_1_696' title='bbox 1889 4560 1941 4607; x_wconf 63' lang='grc' dir='ltr'>τι</span> 
     </span>
    </p>
   </div>
   <div class='ocr_carea' id='block_1_96' title="bbox 383 4640 1939 4711">
    <p class='ocr_par' dir='ltr' id='par_1_96' title="bbox 383 4640 1939 4711">
     <span class='ocr_line' id='line_1_96' title="bbox 383 4640 1939 4711; baseline 0.004 -19"><span class='ocrx_word' id='word_1_697' title='bbox 383 4642 617 4709; x_wconf 87' lang='lat' dir='ltr'><strong>quandiu</strong></span> <span class='ocrx_word' id='word_1_698' title='bbox 654 4642 875 4694; x_wconf 87' lang='lat' dir='ltr'><strong>satietas</strong></span> <span class='ocrx_word' id='word_1_699' title='bbox 910 4641 1084 4703; x_wconf 88' lang='lat' dir='ltr'><strong>abest,</strong></span> <span class='ocrx_word' id='word_1_700' title='bbox 1122 4640 1237 4707; x_wconf 88' lang='lat' dir='ltr'><strong>ejus</strong></span> <span class='ocrx_word' id='word_1_701' title='bbox 1268 4644 1497 4697; x_wconf 88' lang='lat' dir='ltr'><strong>esuriem</strong></span> <span class='ocrx_word' id='word_1_702' title='bbox 1527 4644 1769 4711; x_wconf 84' lang='lat' dir='ltr'><strong>patiaris.</strong></span> <span class='ocrx_word' id='word_1_703' title='bbox 1806 4644 1939 4711; x_wconf 82' lang='lat' dir='ltr'><strong>Quia</strong></span> 
     </span>
    </p>
   </div>
   <div class='ocr_carea' id='block_1_97' title="bbox 383 4731 1940 4800">
    <p class='ocr_par' dir='ltr' id='par_1_97' title="bbox 383 4731 1940 4800">
     <span class='ocr_line' id='line_1_97' title="bbox 383 4731 1940 4800; baseline 0.004 -16"><span class='ocrx_word' id='word_1_704' title='bbox 383 4732 633 4785; x_wconf 87' lang='lat' dir='ltr'><strong>nimirmn</strong></span> <span class='ocrx_word' id='word_1_705' title='bbox 660 4746 765 4799; x_wconf 89' lang='lat' dir='ltr'><strong>quo</strong></span> <span class='ocrx_word' id='word_1_706' title='bbox 796 4731 913 4800; x_wconf 88' lang='lat' dir='ltr'><strong>plus</strong></span> <span class='ocrx_word' id='word_1_707' title='bbox 940 4733 1117 4787; x_wconf 87' lang='lat' dir='ltr'><strong>esurie</strong></span> <span class='ocrx_word' id='word_1_708' title='bbox 1165 4734 1433 4799; x_wconf 74' lang='lat' dir='ltr'><strong>afli‘eieris,</strong></span> <span class='ocrx_word' id='word_1_709' title='bbox 1471 4750 1536 4788; x_wconf 91' lang='lat' dir='ltr'><strong>co</strong></span> <span class='ocrx_word' id='word_1_710' title='bbox 1576 4736 1940 4790; x_wconf 87' lang='lat' dir='ltr'><strong>abundantius</strong></span> 
     </span>
    </p>
   </div>
   <div class='ocr_carea' id='block_1_98' title="bbox 378 4824 1939 4895">
    <p class='ocr_par' dir='ltr' id='par_1_98' title="bbox 378 4824 1939 4895">
     <span class='ocr_line' id='line_1_98' title="bbox 378 4824 1939 4895; baseline 0.004 -20"><span class='ocrx_word' id='word_1_711' title='bbox 378 4832 626 4891; x_wconf 83' lang='lat' dir='ltr'><strong>percepta</strong></span> <span class='ocrx_word' id='word_1_712' title='bbox 676 4824 921 4877; x_wconf 82' lang='lat' dir='ltr'><strong>satietate</strong></span> <span class='ocrx_word' id='word_1_713' title='bbox 964 4824 1242 4892; x_wconf 85' lang='lat' dir='ltr'><strong>gaudebis.</strong></span> <span class='ocrx_word' id='word_1_714' title='bbox 1283 4825 1398 4879; x_wconf 88' lang='lat' dir='ltr'><strong>Non</strong></span> <span class='ocrx_word' id='word_1_715' title='bbox 1444 4841 1570 4895; x_wconf 81' lang='lat' dir='ltr'><strong>ergo</strong></span> <span class='ocrx_word' id='word_1_716' title='bbox 1616 4842 1791 4881; x_wconf 83' lang='lat' dir='ltr'><strong>cesses</strong></span> <span class='ocrx_word' id='word_1_717' title='bbox 1832 4828 1939 4882; x_wconf 87' lang='lat' dir='ltr'><strong>cla-</strong></span> 
     </span>
    </p>
   </div>
   <div class='ocr_carea' id='block_1_99' title="bbox 382 4916 1940 4987">
    <p class='ocr_par' dir='ltr' id='par_1_99' title="bbox 382 4916 1940 4987">
     <span class='ocr_line' id='line_1_99' title="bbox 382 4916 1940 4987; baseline 0.004 -20"><span class='ocrx_word' id='word_1_718' title='bbox 382 4928 549 4976; x_wconf 88' lang='lat' dir='ltr'><strong>mare,</strong></span> <span class='ocrx_word' id='word_1_719' title='bbox 601 4929 705 4967; x_wconf 89' lang='lat' dir='ltr'><strong>non</strong></span> <span class='ocrx_word' id='word_1_720' title='bbox 746 4916 1036 4969; x_wconf 89' lang='lat' dir='ltr'><strong>erubescas</strong></span> <span class='ocrx_word' id='word_1_721' title='bbox 1082 4917 1391 4971; x_wconf 81' lang='lat' dir='ltr'><strong>mendicare</strong></span> <span class='ocrx_word' id='word_1_722' title='bbox 1432 4920 1497 4972; x_wconf 88' lang='lat' dir='ltr'><strong>ad</strong></span> <span class='ocrx_word' id='word_1_723' title='bbox 1529 4920 1745 4987; x_wconf 88' lang='lat' dir='ltr'><strong>januam</strong></span> <span class='ocrx_word' id='word_1_724' title='bbox 1785 4920 1940 4987; x_wconf 84' lang='lat' dir='ltr'><strong>hujus</strong></span> 
     </span>
    </p>
   </div>
   <div class='ocr_carea' id='block_1_100' title="bbox 382 5001 1940 5079">
    <p class='ocr_par' dir='ltr' id='par_1_100' title="bbox 382 5001 1940 5079">
     <span class='ocr_line' id='line_1_100' title="bbox 382 5001 1940 5079; baseline 0.004 -25"><span class='ocrx_word' id='word_1_725' title='bbox 382 5001 559 5056; x_wconf 86' lang='lat' dir='ltr'><strong>divitis</strong></span> <span class='ocrx_word' id='word_1_726' title='bbox 584 5002 922 5079; x_wconf 84' lang='lat' dir='ltr'><strong>thesaurarii,</strong></span> <span class='ocrx_word' id='word_1_727' title='bbox 958 5002 1108 5070; x_wconf 83' lang='lat' dir='ltr'><strong>cujus</strong></span> <span class='ocrx_word' id='word_1_728' title='bbox 1138 5005 1389 5073; x_wconf 70' lang='lat' dir='ltr'><strong>implet-as</strong></span> <span class='ocrx_word' id='word_1_729' title='bbox 1418 5009 1704 5074; x_wconf 78' lang='lat' dir='ltr'><strong>auxilium;</strong></span> <span class='ocrx_word' id='word_1_730' title='bbox 1740 5010 1940 5078; x_wconf 80' lang='lat' dir='ltr'><strong>suppli-</strong></span> 
     </span>
    </p>
   </div>
   <div class='ocr_carea' id='block_1_101' title="bbox 380 5089 1939 5167">
    <p class='ocr_par' dir='ltr' id='par_1_101' title="bbox 380 5089 1939 5167">
     <span class='ocr_line' id='line_1_101' title="bbox 380 5089 1939 5167; baseline 0.004 -22"><span class='ocrx_word' id='word_1_731' title='bbox 380 5089 514 5145; x_wconf 84' lang='lat' dir='ltr'><strong>citer</strong></span> <span class='ocrx_word' id='word_1_732' title='bbox 538 5106 698 5145; x_wconf 89' lang='lat' dir='ltr'><strong>orans</strong></span> <span class='ocrx_word' id='word_1_733' title='bbox 729 5100 783 5142; x_wconf 88' lang='grc' dir='ltr'><strong>ιιι</strong></span> <span class='ocrx_word' id='word_1_734' title='bbox 813 5092 951 5146; x_wconf 88' lang='lat' dir='ltr'><strong>sicut</strong></span> <span class='ocrx_word' id='word_1_735' title='bbox 996 5094 1276 5146; x_wconf 88' lang='lat' dir='ltr'><strong>thesauros</strong></span> <span class='ocrx_word' id='word_1_736' title='bbox 1318 5095 1571 5151; x_wconf 73' lang='lat' dir='ltr'><strong>Ecclesia:</strong></span> <span class='ocrx_word' id='word_1_737' title='bbox 1604 5108 1855 5167; x_wconf 88' lang='lat' dir='ltr'><strong>tauquam</strong></span> <span class='ocrx_word' id='word_1_738' title='bbox 1889 5100 1939 5152; x_wconf 85' lang='lat' dir='ltr'><strong>fi-</strong></span> 
     </span>
    </p>
   </div>
   <div class='ocr_carea' id='block_1_102' title="bbox 2046 4472 3607 4541">
    <p class='ocr_par' dir='ltr' id='par_1_102' title="bbox 2046 4472 3607 4541">
     <span class='ocr_line' id='line_1_102' title="bbox 2046 4472 3607 4541; baseline 0 -15"><span class='ocrx_word' id='word_1_739' title='bbox 2046 4472 2363 4526; x_wconf 88' lang='lat' dir='ltr'><strong>sublimibus</strong></span> <span class='ocrx_word' id='word_1_740' title='bbox 2384 4483 2437 4527; x_wconf 89' lang='lat' dir='ltr'><strong>et</strong></span> <span class='ocrx_word' id='word_1_741' title='bbox 2458 4472 2845 4541; x_wconf 89' lang='lat' dir='ltr'><strong>potentissimis</strong></span> <span class='ocrx_word' id='word_1_742' title='bbox 2862 4473 3067 4527; x_wconf 88' lang='lat' dir='ltr'><strong>meritis</strong></span> <span class='ocrx_word' id='word_1_743' title='bbox 3094 4474 3390 4528; x_wconf 89' lang='lat' dir='ltr'><strong>orationem</strong></span> <span class='ocrx_word' id='word_1_744' title='bbox 3414 4490 3607 4537; x_wconf 87' lang='lat' dir='ltr'><strong>meam,</strong></span> 
     </span>
    </p>
   </div>
   <div class='ocr_carea' id='block_1_103' title="bbox 2045 4562 3613 4633">
    <p class='ocr_par' dir='ltr' id='par_1_103' title="bbox 2045 4562 3613 4633">
     <span class='ocr_line' id='line_1_103' title="bbox 2045 4562 3613 4633; baseline 0.003 -18"><span class='ocrx_word' id='word_1_745' title='bbox 2045 4573 2311 4631; x_wconf 88' lang='lat' dir='ltr'><strong>quatenus</strong></span> <span class='ocrx_word' id='word_1_746' title='bbox 2354 4564 2495 4631; x_wconf 90' lang='lat' dir='ltr'><strong>quod</strong></span> <span class='ocrx_word' id='word_1_747' title='bbox 2538 4576 2746 4617; x_wconf 91' lang='lat' dir='ltr'><strong>summe</strong></span> <span class='ocrx_word' id='word_1_748' title='bbox 2788 4563 3037 4625; x_wconf 86' lang='lat' dir='ltr'><strong>desidero</strong></span> <span class='ocrx_word' id='word_1_749' title='bbox 3067 4562 3336 4633; x_wconf 88' lang='lat' dir='ltr'><strong>(videlicet</strong></span> <span class='ocrx_word' id='word_1_750' title='bbox 3371 4574 3427 4617; x_wconf 91' lang='grc' dir='ltr'><strong>ιιι</strong></span> <span class='ocrx_word' id='word_1_751' title='bbox 3466 4580 3494 4618; x_wconf 87' lang='lat' dir='ltr'><strong>a</strong></span> <span class='ocrx_word' id='word_1_752' title='bbox 3526 4581 3613 4620; x_wconf 70' lang='lat' dir='ltr'><strong>nte</strong></span> 
     </span>
    </p>
   </div>
   <div class='ocr_carea' id='block_1_104' title="bbox 2045 4654 3607 4724">
    <p class='ocr_par' dir='ltr' id='par_1_104' title="bbox 2045 4654 3607 4724">
     <span class='ocr_line' id='line_1_104' title="bbox 2045 4654 3607 4724; baseline 0.002 -17"><span class='ocrx_word' id='word_1_753' title='bbox 2045 4655 2372 4722; x_wconf 80' lang='lat' dir='ltr'><strong>exstirpetur</strong></span> <span class='ocrx_word' id='word_1_754' title='bbox 2398 4656 2571 4707; x_wconf 88' lang='lat' dir='ltr'><strong>omnis</strong></span> <span class='ocrx_word' id='word_1_755' title='bbox 2606 4654 2883 4724; x_wconf 87' lang='lat' dir='ltr'><strong>iniquitas,</strong></span> <span class='ocrx_word' id='word_1_756' title='bbox 2913 4662 2965 4708; x_wconf 91' lang='lat' dir='ltr'><strong>et</strong></span> <span class='ocrx_word' id='word_1_757' title='bbox 2992 4670 3116 4709; x_wconf 88' lang='lat' dir='ltr'><strong>vera</strong></span> <span class='ocrx_word' id='word_1_758' title='bbox 3168 4669 3335 4723; x_wconf 88' lang='lat' dir='ltr'><strong>usque</strong></span> <span class='ocrx_word' id='word_1_759' title='bbox 3367 4655 3418 4709; x_wconf 91' lang='lat' dir='ltr'><strong>in</strong></span> <span class='ocrx_word' id='word_1_760' title='bbox 3450 4655 3607 4710; x_wconf 86' lang='lat' dir='ltr'><strong>finem</strong></span> 
     </span>
    </p>
   </div>
   <div class='ocr_carea' id='block_1_105' title="bbox 2047 4734 3607 4815">
    <p class='ocr_par' dir='ltr' id='par_1_105' title="bbox 2047 4734 3607 4815">
     <span class='ocr_line' id='line_1_105' title="bbox 2047 4734 3607 4815; baseline 0.003 -18"><span class='ocrx_word' id='word_1_761' title='bbox 2047 4745 2097 4797; x_wconf 92' lang='lat' dir='ltr'><strong>in</strong></span> <span class='ocrx_word' id='word_1_762' title='bbox 2129 4761 2219 4799; x_wconf 84' lang='lat' dir='ltr'><strong>me</strong></span> <span class='ocrx_word' id='word_1_763' title='bbox 2263 4745 2503 4815; x_wconf 81' lang='lat' dir='ltr'><strong>proﬁciat</strong></span> <span class='ocrx_word' id='word_1_764' title='bbox 2537 4745 2813 4815; x_wconf 80' lang='lat' dir='ltr'><strong>Charitas),</strong></span> <span class='ocrx_word' id='word_1_765' title='bbox 2858 4754 2909 4800; x_wconf 89' lang='lat' dir='ltr'><strong>te</strong></span> <span class='ocrx_word' id='word_1_766' title='bbox 2936 4734 3344 4809; x_wconf 77' lang='lat' dir='ltr'><strong>interveniente,</strong></span> <span class='ocrx_word' id='word_1_767' title='bbox 3368 4755 3423 4801; x_wconf 89' lang='lat' dir='ltr'><strong>et</strong></span> <span class='ocrx_word' id='word_1_768' title='bbox 3469 4747 3607 4801; x_wconf 88' lang='lat' dir='ltr'><strong>bono</strong></span> 
     </span>
    </p>
   </div>
   <div class='ocr_carea' id='block_1_106' title="bbox 2046 4834 3607 4905">
    <p class='ocr_par' dir='ltr' id='par_1_106' title="bbox 2046 4834 3607 4905">
     <span class='ocr_line' id='line_1_106' title="bbox 2046 4834 3607 4905; baseline 0.003 -16"><span class='ocrx_word' id='word_1_769' title='bbox 2046 4836 2270 4889; x_wconf 84' lang='lat' dir='ltr'><strong>Domino</strong></span> <span class='ocrx_word' id='word_1_770' title='bbox 2314 4834 2436 4889; x_wconf 90' lang='lat' dir='ltr'><strong>Jesu</strong></span> <span class='ocrx_word' id='word_1_771' title='bbox 2494 4836 2726 4899; x_wconf 73' lang='lat' dir='ltr'><strong>favente,</strong></span> <span class='ocrx_word' id='word_1_772' title='bbox 2772 4848 2979 4891; x_wconf 71' lang='lat' dir='ltr'><strong>merear</strong></span> <span class='ocrx_word' id='word_1_773' title='bbox 3024 4837 3287 4901; x_wconf 82' lang='lat' dir='ltr'><strong>obtinere,</strong></span> <span class='ocrx_word' id='word_1_774' title='bbox 3322 4847 3607 4905; x_wconf 77' lang='lat' dir='ltr'><strong>przestante</strong></span> 
     </span>
    </p>
   </div>
   <div class='ocr_carea' id='block_1_107' title="bbox 2048 4925 3602 5002">
    <p class='ocr_par' dir='ltr' id='par_1_107' title="bbox 2048 4925 3602 5002">
     <span class='ocr_line' id='line_1_107' title="bbox 2048 4925 3602 5002; baseline 0.001 -23"><span class='ocrx_word' id='word_1_775' title='bbox 2048 4926 2233 4979; x_wconf 88' lang='lat' dir='ltr'><strong>eodem</strong></span> <span class='ocrx_word' id='word_1_776' title='bbox 2268 4925 2490 4980; x_wconf 90' lang='lat' dir='ltr'><strong>Domino</strong></span> <span class='ocrx_word' id='word_1_777' title='bbox 2518 4937 2571 4980; x_wconf 86' lang='lat' dir='ltr'><strong>et</strong></span> <span class='ocrx_word' id='word_1_778' title='bbox 2609 4926 2967 5002; x_wconf 78' lang='lat' dir='ltr'><strong>Redemptnre</strong></span> <span class='ocrx_word' id='word_1_779' title='bbox 2999 4938 3200 4990; x_wconf 89' lang='lat' dir='ltr'><strong>nostro,</strong></span> <span class='ocrx_word' id='word_1_780' title='bbox 3232 4930 3323 4997; x_wconf 91' lang='lat' dir='ltr'><strong>qui</strong></span> <span class='ocrx_word' id='word_1_781' title='bbox 3366 4938 3446 4983; x_wconf 87' lang='lat' dir='ltr'><strong>est</strong></span> <span class='ocrx_word' id='word_1_782' title='bbox 3484 4946 3602 4983; x_wconf 84' lang='lat' dir='ltr'><strong>cum</strong></span> 
     </span>
    </p>
   </div>
   <div class='ocr_carea' id='block_1_108' title="bbox 2046 5016 3601 5089">
    <p class='ocr_par' dir='ltr' id='par_1_108' title="bbox 2046 5016 3601 5089">
     <span class='ocr_line' id='line_1_108' title="bbox 2046 5016 3601 5089; baseline 0.005 -19"><span class='ocrx_word' id='word_1_783' title='bbox 2046 5016 2203 5071; x_wconf 80' lang='lat' dir='ltr'><strong>Patre</strong></span> <span class='ocrx_word' id='word_1_784' title='bbox 2229 5028 2283 5071; x_wconf 90' lang='lat' dir='ltr'><strong>et</strong></span> <span class='ocrx_word' id='word_1_785' title='bbox 2306 5017 2507 5085; x_wconf 87' lang='lat' dir='ltr'><strong>Spiritu</strong></span> <span class='ocrx_word' id='word_1_786' title='bbox 2534 5028 2715 5073; x_wconf 64' lang='lat' dir='ltr'><strong>sancto</strong></span> <span class='ocrx_word' id='word_1_787' title='bbox 2742 5019 2847 5073; x_wconf 79' lang='lat' dir='ltr'><strong>vita</strong></span> <span class='ocrx_word' id='word_1_788' title='bbox 2877 5029 2928 5072; x_wconf 85' lang='lat' dir='ltr'><strong>et</strong></span> <span class='ocrx_word' id='word_1_789' title='bbox 2957 5036 3175 5089; x_wconf 88' lang='lat' dir='ltr'><strong>regnum</strong></span> <span class='ocrx_word' id='word_1_790' title='bbox 3205 5020 3257 5074; x_wconf 89' lang='lat' dir='ltr'><strong>in</strong></span> <span class='ocrx_word' id='word_1_791' title='bbox 3285 5030 3479 5074; x_wconf 75' lang='lat' dir='ltr'><strong>mterua</strong></span> <span class='ocrx_word' id='word_1_792' title='bbox 3503 5038 3601 5077; x_wconf 69' lang='lat' dir='ltr'><strong>sa)-</strong></span> 
     </span>
    </p>
   </div>
   <div class='ocr_carea' id='block_1_109' title="bbox 2047 5106 2831 5161">
    <p class='ocr_par' dir='ltr' id='par_1_109' title="bbox 2047 5106 2831 5161">
     <span class='ocr_line' id='line_1_109' title="bbox 2047 5106 2831 5161; baseline -0.006 -1"><span class='ocrx_word' id='word_1_793' title='bbox 2047 5106 2185 5160; x_wconf 84' lang='lat' dir='ltr'><strong>cula.</strong></span> <span class='ocrx_word' id='word_1_794' title='bbox 2211 5107 2396 5161; x_wconf 81' lang='lat' dir='ltr'><strong>Amen.</strong></span> <span class='ocrx_word' id='word_1_795' title='bbox 2825 5126 2831 5133; x_wconf 89' lang='lat'><em>-</em></span> 
     </span>
    </p>
   </div>
   <div class='ocr_carea' id='block_1_110' title="bbox 1662 5257 2317 5315">
    <p class='ocr_par' dir='ltr' id='par_1_110' title="bbox 1662 5257 2317 5315">
     <span class='ocr_line' id='line_1_110' title="bbox 1662 5257 2317 5315; baseline 0.003 -4"><span class='ocrx_word' id='word_1_796' title='bbox 1662 5257 1889 5312; x_wconf 69' lang='lat' dir='ltr'><strong>VARI/Ii</strong></span> <span class='ocrx_word' id='word_1_797' title='bbox 1925 5258 2317 5315; x_wconf 79' lang='lat' dir='ltr'><strong>LECTIONES.</strong></span> 
     </span>
    </p>
   </div>
   <div class='ocr_carea' id='block_1_111' title="bbox 381 5386 1555 5487">
    <p class='ocr_par' dir='ltr' id='par_1_111' title="bbox 381 5386 1555 5487">
     <span class='ocr_line' id='line_1_111' title="bbox 381 5386 1555 5487; baseline 0.006 -49"><span class='ocrx_word' id='word_1_798' title='bbox 381 5386 546 5487; x_wconf 29' lang='lat'><strong>&quot;51°:</strong></span> <span class='ocrx_word' id='word_1_799' title='bbox 572 5388 626 5439; x_wconf 86' lang='lat' dir='ltr'><strong>EI</strong></span> <span class='ocrx_word' id='word_1_800' title='bbox 664 5390 875 5442; x_wconf 70' lang='lat' dir='ltr'><strong>trahere</strong></span> <span class='ocrx_word' id='word_1_801' title='bbox 904 5408 1017 5445; x_wconf 80' lang='lat' dir='ltr'><strong>eam</strong></span> <span class='ocrx_word' id='word_1_802' title='bbox 1051 5410 1169 5487; x_wconf 53' lang='lat' dir='ltr'><strong>mss.</strong></span> <span class='ocrx_word' id='word_1_803' title='bbox 1206 5392 1415 5445; x_wconf 75' lang='lat' dir='ltr'><strong>trahere</strong></span> <span class='ocrx_word' id='word_1_804' title='bbox 1442 5409 1555 5445; x_wconf 86' lang='lat' dir='ltr'><strong>eam</strong></span> 
     </span>
     <span class='ocr_line' id='line_1_112' title="bbox 552 5461 1551 5487; baseline 0 0"><span class='ocrx_word' id='word_1_805' title='bbox 552 5472 615 5487; x_wconf 74' lang='lat' dir='ltr'><strong>nn</strong></span> <span class='ocrx_word' id='word_1_806' title='bbox 646 5472 801 5487; x_wconf 68' lang='grc' dir='ltr'><strong>ιημι..η</strong></span> <span class='ocrx_word' id='word_1_807' title='bbox 868 5466 1014 5487; x_wconf 56' lang='grc' dir='ltr'><strong>η..-.,.ι;</strong></span> <span class='ocrx_word' id='word_1_808' title='bbox 1050 5465 1095 5487; x_wconf 80' lang='grc' dir='ltr'><strong>..ι</strong></span> <span class='ocrx_word' id='word_1_809' title='bbox 1118 5465 1235 5487; x_wconf 66' lang='grc' dir='ltr'><strong>’.ιηιη</strong></span> <span class='ocrx_word' id='word_1_810' title='bbox 1297 5461 1403 5487; x_wconf 65' lang='lat'><strong>...&#39;....</strong></span> <span class='ocrx_word' id='word_1_811' title='bbox 1438 5479 1551 5487; x_wconf 48' lang='grc' dir='ltr'><strong>..η-..ε</strong></span> 
     </span>
    </p>
   </div>
   <div class='ocr_carea' id='block_1_112' title="bbox 505 5458 2808 5531">
    <p class='ocr_par' dir='ltr' id='par_1_112' title="bbox 505 5458 2808 5531">
     <span class='ocr_line' id='line_1_113' title="bbox 505 5458 2808 5531; baseline 0.002 -25"><span class='ocrx_word' id='word_1_812' title='bbox 505 5458 616 5531; x_wconf 81' lang='lat' dir='ltr'><strong>Quo</strong></span> <span class='ocrx_word' id='word_1_813' title='bbox 644 5472 804 5531; x_wconf 66' lang='lat' dir='ltr'><strong>aestus</strong></span> <span class='ocrx_word' id='word_1_814' title='bbox 851 5466 1015 5513; x_wconf 63' lang='lat' dir='ltr'><strong>sant-Ii</strong></span> <span class='ocrx_word' id='word_1_815' title='bbox 1050 5464 1260 5523; x_wconf 74' lang='lat' dir='ltr'><strong>ulli-ctu,</strong></span> <span class='ocrx_word' id='word_1_816' title='bbox 1295 5461 1405 5526; x_wconf 75' lang='lat' dir='ltr'><strong>ejus</strong></span> <span class='ocrx_word' id='word_1_817' title='bbox 1437 5479 1671 5516; x_wconf 85' lang='lat' dir='ltr'><strong>amorem</strong></span> <span class='ocrx_word' id='word_1_818' title='bbox 1718 5482 1812 5514; x_wconf 70' lang='lat' dir='ltr'><strong>ms.</strong></span> <span class='ocrx_word' id='word_1_819' title='bbox 1863 5480 1965 5531; x_wconf 84' lang='lat' dir='ltr'><strong>quo</strong></span> <span class='ocrx_word' id='word_1_820' title='bbox 2010 5464 2177 5516; x_wconf 85' lang='lat' dir='ltr'><strong>sancti</strong></span> <span class='ocrx_word' id='word_1_821' title='bbox 2210 5470 2371 5515; x_wconf 74' lang='lat' dir='ltr'><strong>testus</strong></span> <span class='ocrx_word' id='word_1_822' title='bbox 2419 5462 2535 5526; x_wconf 71' lang='lat' dir='ltr'><strong>ejus</strong></span> <span class='ocrx_word' id='word_1_823' title='bbox 2572 5474 2808 5511; x_wconf 85' lang='lat' dir='ltr'><strong>amorem</strong></span> 
     </span>
    </p>
   </div>
   <div class='ocr_carea' id='block_1_113' title="bbox 1654 5387 3595 5447">
    <p class='ocr_par' dir='ltr' id='par_1_113' title="bbox 1654 5387 3595 5447">
     <span class='ocr_line' id='line_1_114' title="bbox 1654 5387 3595 5447; baseline -0.004 0"><span class='ocrx_word' id='word_1_824' title='bbox 1654 5394 1744 5424; x_wconf 67' lang='lat'><strong>’°&quot;&#39;</strong></span> <span class='ocrx_word' id='word_1_825' title='bbox 1771 5393 1975 5447; x_wconf 72' lang='lat' dir='ltr'><strong>Collum</strong></span> <span class='ocrx_word' id='word_1_826' title='bbox 1997 5402 2069 5447; x_wconf 83' lang='lat' dir='ltr'><strong>est</strong></span> <span class='ocrx_word' id='word_1_827' title='bbox 2112 5410 2225 5447; x_wconf 84' lang='lat' dir='ltr'><strong>cum</strong></span> <span class='ocrx_word' id='word_1_828' title='bbox 2263 5409 2359 5445; x_wconf 79' lang='lat' dir='ltr'><strong>ms.</strong></span> <span class='ocrx_word' id='word_1_829' title='bbox 2389 5392 2522 5444; x_wconf 83' lang='lat' dir='ltr'><strong>Tim.</strong></span> <span class='ocrx_word' id='word_1_830' title='bbox 2549 5392 2673 5443; x_wconf 66' lang='lat'><strong>967.</strong></span> <span class='ocrx_word' id='word_1_831' title='bbox 2705 5391 2757 5442; x_wconf 86' lang='lat' dir='ltr'><strong>in</strong></span> <span class='ocrx_word' id='word_1_832' title='bbox 2790 5388 2907 5441; x_wconf 77' lang='lat' dir='ltr'><strong>aliis</strong></span> <span class='ocrx_word' id='word_1_833' title='bbox 2939 5389 3071 5440; x_wconf 73' lang='lat' dir='ltr'><strong>enim</strong></span> <span class='ocrx_word' id='word_1_834' title='bbox 3103 5404 3202 5439; x_wconf 74' lang='lat' dir='ltr'><strong>mss</strong></span> <span class='ocrx_word' id='word_1_835' title='bbox 3256 5404 3355 5439; x_wconf 85' lang='lat' dir='ltr'><strong>non</strong></span> <span class='ocrx_word' id='word_1_836' title='bbox 3384 5387 3595 5441; x_wconf 77' lang='lat' dir='ltr'><strong>habetur</strong></span> 
     </span>
    </p>
   </div>
   <div class='ocr_carea' id='block_1_114' title="bbox 2902 5455 3594 5511">
    <p class='ocr_par' dir='ltr' id='par_1_114' title="bbox 2902 5455 3594 5511">
     <span class='ocr_line' id='line_1_115' title="bbox 2902 5455 3594 5511; baseline 0.001 -2"><span class='ocrx_word' id='word_1_837' title='bbox 2902 5459 2993 5488; x_wconf 69' lang='lat'><strong>&quot;&quot;7</strong></span> <span class='ocrx_word' id='word_1_838' title='bbox 3027 5457 3173 5509; x_wconf 85' lang='lat' dir='ltr'><strong>Illius</strong></span> <span class='ocrx_word' id='word_1_839' title='bbox 3203 5455 3477 5511; x_wconf 70' lang='lat' dir='ltr'><strong>dulcedine</strong></span> <span class='ocrx_word' id='word_1_840' title='bbox 3501 5474 3594 5510; x_wconf 79' lang='lat' dir='ltr'><strong>mt.</strong></span> 
     </span>
    </p>
   </div>
   <div class='ocr_carea' id='block_1_115' title="bbox 383 5522 3175 5600">
    <p class='ocr_par' dir='ltr' id='par_1_115' title="bbox 383 5522 3175 5600">
     <span class='ocr_line' id='line_1_116' title="bbox 383 5522 3175 5600; baseline 0.001 -24"><span class='ocrx_word' id='word_1_841' title='bbox 383 5522 468 5576; x_wconf 86' lang='lat' dir='ltr'><strong>illa</strong></span> <span class='ocrx_word' id='word_1_842' title='bbox 499 5528 768 5580; x_wconf 78' lang='lat' dir='ltr'><strong>dulcedine</strong></span> <span class='ocrx_word' id='word_1_843' title='bbox 844 5533 933 5561; x_wconf 50' lang='grc' dir='ltr'><strong>Νη</strong></span> <span class='ocrx_word' id='word_1_844' title='bbox 970 5532 1101 5585; x_wconf 78' lang='lat' dir='ltr'><strong>Tum</strong></span> <span class='ocrx_word' id='word_1_845' title='bbox 1131 5522 1340 5589; x_wconf 76' lang='lat' dir='ltr'><strong>superat</strong></span> <span class='ocrx_word' id='word_1_846' title='bbox 1375 5548 1467 5584; x_wconf 85' lang='lat' dir='ltr'><strong>ms.</strong></span> <span class='ocrx_word' id='word_1_847' title='bbox 1499 5544 1642 5587; x_wconf 85' lang='lat' dir='ltr'><strong>tuum</strong></span> <span class='ocrx_word' id='word_1_848' title='bbox 1674 5522 1893 5600; x_wconf 74' lang='lat' dir='ltr'><strong>superat</strong></span> <span class='ocrx_word' id='word_1_849' title='bbox 1967 5532 2058 5563; x_wconf 58' lang='lat'><strong>“‘9</strong></span> <span class='ocrx_word' id='word_1_850' title='bbox 2091 5532 2283 5586; x_wconf 72' lang='lat' dir='ltr'><strong>Saliari</strong></span> <span class='ocrx_word' id='word_1_851' title='bbox 2316 5522 2587 5584; x_wconf 71' lang='lat' dir='ltr'><strong>desideres</strong></span> <span class='ocrx_word' id='word_1_852' title='bbox 2622 5546 2714 5581; x_wconf 85' lang='lat' dir='ltr'><strong>ms.</strong></span> <span class='ocrx_word' id='word_1_853' title='bbox 2748 5528 2931 5580; x_wconf 85' lang='lat' dir='ltr'><strong>satiari</strong></span> <span class='ocrx_word' id='word_1_854' title='bbox 2968 5526 3175 5579; x_wconf 68' lang='lat' dir='ltr'><strong>OSIll‘lu&#39;i</strong></span> 
     </span>
    </p>
   </div>
  </div>
