4200 6198
619 137 759 195 1003

617 348 661 402 si
716 362 819 430 non
886 360 980 415 per
1035 344 1458 399 misericordiam
1518 340 1832 395 retineatur.
1892 337 1936 391 Ο
1977 337 2190 405 abyssus

616 420 859 499 abyssum
896 430 1099 482 invocat
1145 426 1315 497 (Psal.
1358 440 1470 490 xu,
1506 423 1561 494 8)
1611 430 1825 493 peccata
1879 420 2025 474 mea!
2082 428 2191 485 tor-

615 527 795 572 menta
813 516 908 571 “'1”
934 532 1168 587 quoque,
1191 515 1385 583 quibus
1410 528 1497 568 me
1518 512 1764 576 servatis,
1789 510 2013 581 abyssus
2041 516 2187 573 sunt;

598 606 739 676 quia
795 606 1000 661 inﬂnita
1051 616 1105 659 et
1156 603 1376 659 omnino
1423 599 1984 670 incomprehensibilia
2041 606 2186 654 sunt.

612 699 733 763 Vsa,
760 714 949 754 carcer
977 707 1031 751 et
1060 695 1293 760 vincula,
1330 696 1562 749 tenebras
1584 702 1638 746 et
1679 692 1914 762 pondera
1944 695 2191 758 peccato-

614 804 734 843 rum
794 788 1069 845 terrebant
1121 798 1206 839 me
1235 783 1352 847 “9°;
1386 781 1480 837 sed
1534 780 1658 835 mali
1712 778 1841 832 nulli
1896 778 1989 809 "9‘
2048 775 2191 830 malo

611 877 989 946 comparabilis
1040 889 1225 931 servus
1255 873 1431 941 factus
1460 888 1577 927 sum
1607 885 1622 924 :
1651 880 1705 924 et
1732 870 1811 924 sic
1851 868 1903 923 in
1935 868 2186 938 abyssum

578 1016 579 1019 η
609 975 822 1022 mersus
842 975 1049 1039 suimet
1073 978 1194 1018 cum
1218 963 1319 1017 hac
1347 960 1575 1016 dolenda
1598 959 1877 1020 servitute,
1894 966 1949 1012 et
1970 958 2184 1026 abysso,

608 1061 663 1114 in
684 1059 904 1116 alteram
936 1058 1188 1126 abyssum
1237 1053 1577 1124 sepeliendus
1605 1067 1744 1107 sum.
1777 1049 1869 1104 Va:
1899 1060 2060 1119 super
2084 1063 2183 1113 vae;

608 1150 776 1204 timor
820 1163 984 1216 super
1026 1146 1306 1209 timorem;
1341 1141 1492 1198 dolor
1538 1149 1708 1212 super
1746 1140 2009 1196 dolorem.
2046 1139 2188 1194 Ecce

606 1240 761 1296 tertia
792 1240 1039 1309 abyssus,
1067 1244 1121 1291 et
1159 1236 1271 1305 ipsa
1317 1234 1477 1289 nimis
1519 1232 1819 1303 terribilis:
1840 1232 2047 1307 judicia
2092 1230 2183 1285 Dei

603 1330 823 1405 abyssus
847 1328 1011 1383 mutta
1043 1326 1215 1397 (Psal.
1244 1341 1421 1393 xxxv,
1436 1325 1523 1394 7);
1549 1323 1731 1379 forsan
1762 1325 1816 1377 in
1840 1339 1958 1377 voce
1993 1324 2185 1379 harum

602 1431 990 1475 cataractarum
1036 1419 1255 1486 abyssus
1300 1429 1417 1469 mea
1467 1416 1710 1485 abyssum
1763 1406 1967 1468 invocat
2010 1412 2180 1484 (Psal.

603 1522 717 1577 ιιι,
741 1510 813 1579 8).
847 1508 1147 1564 Cataractae
1178 1505 1402 1561 occulta:
1439 1513 1583 1568 sunt,
1614 1503 1821 1575 judicia
1846 1503 1938 1557 Dei
1972 1503 2181 1557 occulta

977 140 1035 195 S.
1077 135 1379 193 ANSELMI
1416 133 1768 191 CANTUAR.
1810 122 2130 186 ARQHIEP.
2162 127 2313 183 OPP.
2356 128 2533 183 PARS
2570 128 2634 183 ll.
2660 160 2725 168 —
2751 128 3125 186 PAR/ENET.
3150 132 3237 186 ET
3268 128 3511 189 ASCET.

616 256 743 324 quia
764 254 853 323 qui
876 260 1067 323 sponte
1090 252 1184 285 ’⁵⁸⁸
1206 261 1414 321 peccat,
1440 250 1635 305 merito
1650 220 1708 301 in
1738 245 2007 300 inﬁnitum
2030 244 2192 309 cadit,
2225 250 2271 301 Α
2296 243 2441 297 Bone
2490 243 2649 308 Deus,
2681 243 2861 299 omnia
2896 244 3011 300 haec
3056 246 3239 300 fecisti
3291 244 3345 299 in
3373 248 3596 317 abysso;
3651 260 3705 305 et
3756 266 3859 307 non

3727 137 3859 196 {00‘

2294 332 2447 386 audis
2474 332 2798 386 clamantem
2842 334 2907 387 de
2938 334 3165 404 abysso?
3195 334 3321 389 Ητεο
3359 337 3736 404 pneveniendo
3770 340 3858 376 ""

2292 422 2516 492 fugitivo
2570 431 2660 476 tuo
2689 422 2783 457 m'
2812 422 3017 488 fecisti;
3046 433 3100 480 et
3155 439 3259 480 non
3316 426 3657 495 subsequeris
3713 432 3778 485 ad
3811 441 3863 488 te

2293 512 2489 567 reverti
2510 512 2799 580 volentem,
2823 522 2880 567 ut
2906 514 3151 583 perﬁcies
3172 515 3313 583 quod
3350 515 3651 584 int‘mpisti?

2364 603 2509 657 Bone
2559 600 2803 669 Domine,
2861 604 3063 673 gratias
3120 603 3233 658 tibi.
3288 602 3421 657 Vere
3461 603 3755 674 quzesivistl
3808 607 3860 662 in

2290 691 2483 762 abysso
2529 692 2794 763 perditum
2842 701 2991 747 tuum
3021 712 3035 747 :
3066 703 3120 748 et
3167 694 3440 760 invenisti,
3468 708 3628 762 quem
3674 697 3746 750 ita
3796 698 3862 752 de

2290 784 2527 853 peccatis
2554 784 2665 839 suis
2686 784 3017 839 exterruisti.
3044 785 3145 839 Per
3194 786 3381 838 merita
3428 786 3601 840 sancti
3646 786 3861 847 Martini

2290 874 2472 930 dilecti
2503 875 2599 940 tui,
2628 877 2792 931 reduc
2820 878 2887 930 de
2913 876 3108 947 abysso
3134 885 3498 946 peccatorum,
3525 866 3685 947 quem
3716 896 3863 949 qna—

2290 964 2451 1019 situm
2492 964 2742 1020 invenisti
2772 965 3039 1034 perditum
3068 975 3249 1032 tuum;
3283 983 3351 1022 ne
3392 967 3587 1037 perdas
3634 970 3867 1041 amplius

2290 1056 2563 1112 inventum
2594 1066 2761 1123 tuum,
2778 1071 2859 1111 ne
2886 1057 2937 1111 in
2960 1059 3157 1127 abysso
3180 1057 3398 1123 inferni,
3424 1058 3515 1113 ubi
3543 1058 3755 1141 nullumj
3776 1061 3863 1116 in-

2289 1151 2459 1213 venis,
2490 1151 2682 1218 perdas
2709 1149 3066 1217 quaesitum-et
3111 1149 3387 1204 inventum
3442 1163 3656 1205 servum
3688 1160 3859 1209 tuum.

2287 1241 2482 1307 Audio,
2513 1239 2759 1305 Domine,
2783 1239 2908 1307 quia
2934 1239 3090 1308 jubes
3114 1255 3200 1295 me
3228 1240 3425 1302 redire,
3459 1240 3552 1294 sed
3578 1238 3862 1296 miserabi-

2287 1332 2411 1387 liter
2444 1331 2658 1403 ligatus,
2687 1340 2744 1385 et
2768 1330 2935 1385 nimio
2957 1330 3192 1405 pondere
3217 1339 3470 1400 gravatus
3510 1345 3615 1385 non
3642 1344 3860 1401 possum

2288 1424 2461 1479 exire.

2360 1513 2491 1579 Sed,
2516 1528 2550 1567 ο
2573 1522 2760 1568 sancte
2780 1509 3028 1576 Martiae,
3050 1526 3147 1566 cur
3168 1526 3296 1599 ergo
3318 1525 3416 1581 per
3432 1510 3621 1565 merita
3650 1519 3739 1566 tua
3763 1528 3863 1569 oro

603 1613 725 1654 sunt
758 1621 772 1653 :
810 1600 1037 1669 abyssus
1067 1598 1245 1668 agitur
1271 1597 1527 1667 abyssum
1548 1597 1601 1648 in
1630 1610 1763 1651 voce
1783 1604 2176 1649 eataractarum
2214 1594 2254 1652 Β
2284 1606 2451 1660 Deum
2483 1623 2495 1660 ε
2528 1619 2649 1659 cum
2674 1611 2727 1658 ιε
2757 1602 2947 1656 melius
2978 1603 3080 1657 hoc
3107 1594 3299 1672 ροέεῖε,
3326 1602 3417 1670 qui
3436 1615 3499 1656 es
3526 1609 3657 1669 ama
3687 1603 3855 1656 eum;

2280 1696 2481 1752 Precor
2510 1704 2583 1761 te,
2606 1693 2819 1749 domine
2848 1692 2965 1759 Μ’,
2987 1707 3083 1762 per
3109 1707 3302 1747 nomen
3330 1691 3468 1761 ejus,
3499 1706 3567 1745 ne
3596 1691 3867 1748 avertaris
3968 1687 3975 1693 ’

601 1689 696 1745 Dei
732 1691 967 1756 intocat,
990 1690 1113 1757 quia
1144 1696 1486 1758 peccatorum
1529 1687 1755 1757 abyssus
1792 1686 2177 1740 tormentorum

602 1783 855 1852 abyssum
884 1790 1140 1846 meretur,
1183 1779 1327 1849 quod
1358 1777 1562 1846 judicia
1591 1777 1686 1831 Dei
1718 1776 2087 1847 pronuntiant.
2121 1774 2179 1829 Si

598 1882 821 1942 peccata
872 1884 991 1925 mea
1044 1884 1151 1925 non
1195 1876 1379 1924 essent
1425 1867 1677 1939 abyssus,
1712 1866 1946 1922 timenda
1999 1873 2179 1921 tamen

574 1962 828 2017 emultum
876 1969 994 2017 erat
1037 1958 1361 2028 iudiciorum
1392 1952 1489 2012 Dei
1534 1959 1762 2028 abyssus
1808 1955 2004 2019 multa;
2046 1969 2180 2023 quo-

601 2052 749 2108 niam
774 2066 936 2121 supra
968 2051 1264 2104 bumanum
1301 2062 1520 2104 sensum
1550 2056 1675 2102 sunt
1708 2045 1942 2102 occulta.

671 2140 825 2197 Nunc
872 2156 1001 2212 ergo
1024 2138 1119 2172 ²⁰”
1139 2137 1342 2209 judicia
1368 2138 1464 2195 Dei
1515 2137 1763 2209 abyssus,
1786 2144 2023 2211 peccata
2061 2148 2180 2190 mea

594 2233 849 2305 abyssus,
881 2232 1058 2290 debita
1089 2231 1219 2297 mibi
1260 2239 1527 2287 tormenta
1557 2231 1804 2304 abyssus,
1838 2226 2064 2297 abyssus
2092 2225 2181 2295 ju-

599 2322 863 2385 diciorum
892 2337 955 2377 os
1005 2322 1169 2393 super
1196 2320 1292 2354 '°”
1324 2334 1433 2385 me,
1475 2318 1702 2389 abyssus
1748 2315 1946 2372 inferni
1995 2314 2182 2379 subtus

602 2428 713 2483 me,
744 2413 972 2485 abyssus
1004 2418 1347 2484 peccatorum
1384 2411 1438 2466 in
1478 2424 1585 2480 qua
1613 2422 1752 2473 sum,
1784 2415 1843 2462 et
1892 2406 2007 2476 ipsa
2043 2404 2181 2459 intra

591 2516 709 2559 me.
751 2502 898 2557 Illam
942 2516 1066 2573 qua
1111 2514 1273 2572 supra
1311 2500 1557 2555 imminet
1584 2497 1681 2531 ’°"
1704 2498 1886 2563 timeo,
1916 2510 1983 2550 ne
2016 2496 2069 2549 in
2098 2509 2184 2549 me

601 2594 795 2662 irruat,
824 2604 881 2652 et
920 2609 1009 2651 me
1030 2608 1153 2651 cum
1193 2595 1387 2665 abysso
1413 2608 1531 2648 mea
1556 2592 1611 2646 in
1641 2591 1811 2657 illam,
1842 2604 1963 2660 qua;
1991 2589 2182 2645 subtus

578 2690 770 2752 patet,
796 2682 1010 2750 obruat,
1034 2682 1127 2738 ubi
1157 2690 1425 2739 tormenta
1457 2696 1733 2750 nunquam
1765 2687 1985 2749 peccata
2035 2676 2181 2733 dele-

601 2773 770 2837 bunt;
793 2770 889 2829 sed
913 2778 1136 2843 peccata
1159 2785 1374 2838 semper
1405 2776 1682 2833 tormenta,
1703 2768 2009 2831 tenebunt.)

646 2857 857 2925 Miser,
909 2854 1248 2927 cuiQpeccavi
1284 2854 1414 2907 ὀπῖ
1441 2869 1550 2925 quo
1593 2854 1817 2908 deveni?
1857 2868 1963 2922 quo
2012 2852 2119 2908 abii
2148 2867 2177 2906 a

2280 1803 2440 1859 quem
2484 1787 2598 1857 ipse
2626 1785 2735 1855 jam
2759 1783 2852 1815 ⁹¹⁶⁶
2878 1782 3132 1861 respexit,
3189 1783 3437 1851 quamvis
3463 1798 3614 1839 reum
3643 1798 3863 1839 servum

2280 1875 2425 1944 ejus;
2456 1876 2644 1930 adesto
2672 1872 2828 1940 milii,
2854 1886 3002 1941 rogo,
3034 1877 3173 1942 apud
3216 1871 3403 1935 Deum,
3434 1886 3540 1926 non
3584 1880 3642 1925 ut
3670 1868 3862 1926 defen-

2279 1967 2379 2023 das
2431 1980 2539 2033 me,
2574 1964 2668 2021 sed
2709 1972 2770 2018 nt
2821 1977 2946 2018 ores
2990 1976 3088 2033 pro
3131 1976 3237 2016 me.
3294 1960 3519 2017 Peccata
3554 1960 3698 2016 enim
3739 1974 3865 2017 mea

2282 2070 2462 2114 coram
2510 2069 2578 2111 eo
2631 2069 2737 2110 non
2774 2052 3033 2116 defendo,
3078 2052 3173 2107 sed
3206 2052 3461 2117 ostendo;
3489 2064 3596 2106 non
3630 2064 3863 2117 excuso,

2281 2146 2377 2203 sed
2401 2157 2615 2235 accuso;
2639 2142 2753 2213 Ego
2775 2157 2893 2197 sum
2925 2154 3072 2207 reus,
3094 2151 3193 2212 ego
3230 2140 3345 2210 ipse
3375 2154 3495 2194 sum
3540 2140 3641 2195 sub
3680 2138 3770 2195 illo
3804 2126 3865 2195 et

2282 2252 2379 2306 pro
2414 2235 2504 2289 illo
2537 2230 2821 2289 accusator
2844 2246 3015 2287 meus.
3610 2230 3611 2233 ‘

2316 2334 2319 2335 '
2353 2323 2513 2394 297
2540 2320 2654 2377 Non
2686 2328 2903 2375 accuset
2929 2334 3036 2388 me,
3068 2319 3159 2387 qui
3190 2318 3314 2375 fecit
3345 2332 3463 2385 me;
3494 2316 3642 2373 solus
3670 2316 3866 2374 snﬂ‘ecl

2283 2417 2349 2472 ad
2380 2412 2732 2486 peccandum,
2762 2410 2911 2466 solus
2936 2409 3194 2467 sulliciam
3224 2411 3292 2466 ad
3318 2410 3680 2469 accusandum
3712 2428 3726 2464 :
3759 2408 3866 2466 de-

2284 2508 2450 2578 nique
2478 2506 2521 2560 si
2545 2504 2710 2575 judex
2732 2512 2816 2558 est
2840 2504 2906 2557 ad
2930 2502 3278 2573 iudicandum
3312 2518 3465 2558 reum
3492 2518 3672 2569 suum,
3694 2512 3779 2560 est
3805 2514 3867 2561 et

2286 2598 2544 2655 Dominus
2571 2595 2638 2650 ad
2673 2596 2925 2649 tuendum
2966 2611 3179 2650 servum
3226 2611 3413 2662 suum;
3451 2604 3534 2651 est
3558 2591 3888 2653 etCreator'

2285 2689 2352 2742 ad
2386 2688 2714 2743 servandum
2743 2699 2889 2755 opus.
2926 2699 3119 2750 suum;
3166 2694 3243 2740 est
3276 2685 3419 2740 Deus
3450 2685 3517 2740 ad
3543 2684 3869 2741 salvandum

2285 2777 2591 2831 credentem
2623 2783 2678 2829 et
2707 2774 3033 2843 baptizatum
3061 2788 3238 2827 suum.
3284 2773 3390 2827 Aut
3415 2774 3684 2843 quomodo
3708 2772 3867 2841 judi-

2287 2862 2430 2918 cabit
2455 2870 2821 2933 peccatorcm,
2849 2869 2910 2913 ut
2944 2868 3399 2923 contemnentem,
3424 2860 3517 2928 qui
3547 2873 3612 2914 se
3634 2860 3698 2914 de
3731 2875 3868 2930 pec-

601 2947 747 3002 Ι)οοῖ
769 2948 859 3001 ιιδὶ
886 2945 1126 3017 Ρενάῑῑιιε
1155 2958 1274 2999 sum
1301 2945 1369 2998 ab
1393 2942 1494 2997 e0?
1521 2941 1652 3008 Ωιιίδ
1675 2957 1758 2997 me
1796 2942 1849 2995 ίη
1875 2942 2071 3011 abysso
2096 2941 2181 2994 ῖη-
2209 2936 2254 2997 C
2286 2952 2422 3006 eatis
2446 2952 2701 3006 miserum
2732 2949 3001 3020 cognoscit
3038 2960 3092 3003 et
3118 2948 3314 3003 fatetur
3336 2950 3727 3019 paenitentem?
3764 2960 3869 3007 aut

602 3048 688 3093 ter
714 3037 937 3106 abyssos
956 3033 1196 3105 queret?
1220 3034 1327 3088 Aut
1355 3031 1626 3103 perditum
1654 3031 1747 3085 Dei
1770 3030 1891 3099 quis
1911 3029 2182 3085 inveniet?

602 3133 695 3178 aut
724 3124 846 3193 quis
874 3132 1026 3178 extra
1072 3124 1327 3193 abyssum
1370 3120 1715 3190 peccatorum
1747 3119 1895 3173 audit
1942 3118 2183 3174 clatran-

602 3224 715 3292 tem
761 3215 827 3268 de
855 3213 1122 3283 profundo
1150 3211 1372 3267 eorum?
1402 3210 1530 3274 Sed,
1560 3225 1594 3264 o
1624 3218 1679 3263 tu
1703 3209 1946 3273 Domine,
1975 3207 2068 3277 qui
2104 3208 2185 3261 in-

602 3305 772 3359 tueris
818 3303 1063 3373 abyssos,
1122 3318 1221 3373 quo
1267 3300 1340 3355 ivi
1388 3316 1421 3353 a
1456 3299 1642 3369 spiritu
1671 3308 1781 3366 tuo,
1817 3309 1865 3353 et
1921 3315 2023 3368 quo
2073 3297 2183 3369 fugi

604 3412 639 3450 a
663 3395 797 3465 facie
820 3394 1126 3450 Iua?Certe
1147 3408 1253 3449 non
1290 3393 1379 3447 ubi
1403 3392 1578 3446 adhuc
1616 3406 1759 3458 sum,
1790 3392 1950 3455 abes;
1980 3390 2109 3461 quia
2132 3399 2181 3442 et

604 3476 651 3539 ἐι
698 3480 1027 3550 descendere,
1051 3484 1106 3537 in
1128 3482 1390 3551 infernum
1436 3480 1561 3534 ades
1594 3479 1767 3551 (Psal.
1796 3493 2055 3545 cxxxvm,
2102 3478 2177 3547 8).

604 3574 671 3628 Et
704 3576 746 3629 si
777 3589 879 3645 ego
910 3573 1159 3643 nequiter
1190 3571 1299 3639 fugi
1330 3580 1404 3635 te,
1434 3578 1490 3623 et
1517 3570 1569 3621 in
1592 3569 1787 3639 abysso
1812 3582 1929 3624 mea
1960 3568 2182 3621 damna—

604 3666 784 3723 biliter
801 3664 1055 3719 abscondi
1079 3676 1191 3727 me;
1215 3661 1305 3716 ubi
1330 3674 1544 3730 quoque
1563 3659 1710 3713 vides
1734 3674 1837 3713 me.
1863 3658 1994 3725 Quis
2014 3658 2179 3722 enim,

602 3754 709 3809 nisi
741 3762 817 3816 tu,
848 3752 915 3805 ad
948 3749 1325 3820 paenitendum
1350 3754 1532 3802 movet
1569 3733 2048 3800 animam‘meam?
2076 3744 2184 3799 Aut

606 3854 662 3898 tu
697 3843 964 3913 quomodo
988 3855 1170 3896 moves
1200 3854 1343 3905 eam,
1376 3838 1421 3893 si
1464 3837 1517 3891 in
1545 3838 1740 3907 abysso
1774 3852 1869 3890 sua
1902 3850 2006 3890 non
2032 3835 2183 3891 vides

604 3936 766 3990 eam?
798 3934 942 3989 Bone
972 3932 1214 3995 Domine,
1244 3938 1299 3983 tu
1328 3927 1553 3999 pelsaéti
1593 3935 1648 3981 et
1674 3926 1921 3981 excitasti
1965 3940 2085 3979 eam
2128 3927 2182 3979 in

607 4028 805 4097 abysso
828 4025 1143 4079 delictorum
1190 4036 1433 4086 suorum,
1464 4018 1613 4073 velut
1642 4019 1695 4072 in
1738 4017 1877 4072 lecto
1905 4017 2182 4071 dormien-

608 4123 737 4169 tem.
768 4113 847 4171 Tu
896 4111 1213 4168 concussisti
1265 4118 1590 4177 torpentem,
1642 4118 1697 4162 tu
1743 4106 2038 4162 sollicitasti
2086 4121 2182 4160 ne-

606 4206 917 4277 gligentem,
945 4215 998 4258 tu
1029 4204 1200 4259 fecisti
1230 4202 1579 4270 pmnitentem
1604 4201 1744 4255 unde
1759 4200 2177 4268 jucundabatur,

2285 3043 2556 3114 quomodo
2581 3040 2860 3097 damnabit
2889 3047 2948 3093 ut
2969 3039 3336 3094 adversarium
3363 3049 3729 3109 peccatorem,
3758 3041 3862 3110 qui

2285 3147 2343 3186 se
2377 3145 2630 3201 peccasse
2656 3129 2823 3195 dolet,
2858 3137 2914 3182 et
2947 3128 3083 3197 fugit
3114 3129 3181 3182 ad
3218 3136 3324 3182 tam
3363 3130 3595 3183 amicum
3624 3127 3739 3199 ejus
3772 3131 3868 3184 in-

2286 3219 2671 3276 tercessorem?
2716 3218 2875 3283 Deus,
2910 3217 2964 3271 in
2999 3228 3050 3271 te
3076 3232 3218 3286 pono
3247 3231 3395 3288 spem
3433 3234 3626 3273 meam.
3654 3217 3867 3275 Sancte

2282 3309 2539 3375 Martine,
2594 3307 2689 3361 tibi
2746 3308 3023 3362 committo
3073 3307 3370 3361 orationem
3422 3301 3620 3361 meam.
3679 3307 3866 3377 Super

2282 3397 2470 3451 ambos
2490 3395 2637 3465 jacto
2667 3409 2853 3449 curam
2883 3408 3091 3459 meam;
3123 3394 3233 3449 imo
3261 3394 3413 3449 vobis
3450 3383 3540 3427 ’δ”
3563 3393 3719 3463 jacio
3736 3398 3865 3451 anio

2284 3500 2427 3539 mam
2459 3492 2656 3562 meam,
2686 3484 2792 3537 hoc
2818 3491 2921 3547 est,
2952 3483 3093 3551 quod
3141 3498 3169 3535 a
3201 3498 3287 3538 me
3314 3484 3486 3553 magis
3522 3484 3756 3551 exigitis,
3799 3494 3863 3541 tu

2278 3573 2536 3645 jnbendo,
2567 3581 2623 3626 tu
2651 3570 3005 3627 consulendo.
3044 3570 3311 3639 Suscipite
3336 3586 3454 3625 eam
3484 3572 3634 3626 vobis
3653 3572 3749 3603 “"
3769 3573 3865 3641 ja-

2284 3664 2511 3727 ctatam,
2561 3662 2757 3716 habete
2810 3675 2931 3716 eam
2979 3661 3131 3715 vobis
3180 3669 3525 3730 prostratam.
3587 3661 3863 3719 Reducite

2246 3788 2249 3791 Α
2287 3768 2407 3808 eam
2432 3751 2525 3783 ¹¹⁶³
2551 3751 2617 3805 de
2645 3750 2839 3819 abysso
2871 3758 3209 3819 peccatorum
3235 3767 3248 3802 :
3276 3764 3436 3818 quam
3461 3750 3739 3819 quaesitam
3773 3752 3864 3807 in-

2282 3840 2509 3896 venistis
2537 3826 2824 3909 perditam,
2852 3852 2921 3891 ne
2948 3836 3188 3906 perdatis
3232 3837 3523 3892 inventam.
3566 3836 3858 3895 Custodite

2284 3945 2425 3995 eam,
2455 3943 2579 3983 cum
2619 3926 2859 3991 dormio;
2897 3936 3107 3981 servate
3137 3940 3277 3992 eam,
3321 3941 3442 3980 cum
3485 3925 3628 3980 aliud
3670 3924 3853 3994 facio;

2284 4023 2464 4077 videte
2507 4035 2652 4085 eam,
2698 4034 2818 4073 cum
2867 4017 3011 4071 aliud
3058 4018 3235 4087 cogito
3270 4035 3283 4070 :
3320 4026 3377 4071 tu
3422 4031 3516 4087 per
3545 4016 3877 4084 conces‘sio—,

2286 4124 2407 4165 nem
2433 4107 2549 4176 ⁸⁸⁸⁸,
2581 4119 2635 4163 tu
2669 4122 2765 4176 per
2800 4107 3266 4171 intercessionem,
3312 4114 3367 4159 tu
3404 4114 3622 4174 propter
3654 4108 3858 4162 merita

2286 4202 2359 4254 tui
2407 4211 2514 4256 tam
2563 4198 2745 4253 dilecti
2772 4196 2867 4227 ¹¹⁰⁵
2892 4195 3241 4259 confessoris,
3290 4204 3345 4251 lu
3387 4206 3605 4264 prepter
3654 4211 3858 4253 nomen

607 4267 665 4353 ct
684 4267 969 4353 dolentem
1006 4296 1147 4349 unde
1192 4267 1575 4346 delectabatur.
1610 4291 1712 4357 Tu,
1762 4267 1819 4345 ut
1861 4300 2066 4361 peteret
2089 4290 2183 4321 ὀη
2220 4267 2260 4320 n
2293 4290 2368 4345 tui
2402 4299 2456 4344 et
2495 4290 2601 4343 mei
2635 4288 2931 4351 Creatoris,
2966 4287 3055 4354 qui
3100 4294 3179 4339 es'
3208 4286 3300 4316 ²¹⁰⁶
3322 4285 3634 4340 benedictus
3670 4286 3728 4339 in
3756 4301 3859 4341 sa:-

606 4388 1041 4453 intercessorem,
1093 4385 1437 4449 consuluisti;
1471 4393 1526 4438 tu
1575 4384 1647 4437 illi
1698 4397 1819 4437 eum
1868 4380 2181 4436 exhibuisti.
2291 4378 2433 4433 eula.
2471 4378 2662 4431 Amen.
2704 4431 2715 4443 ,

1897 4489 2129 4547 VABUE
2170 4487 2569 4544 LECTIONES.

660 4590 759 4627 “"
782 4592 917 4659 Quia
942 4592 1030 4660 qui
1050 4598 1242 4661 sponte
1262 4604 1362 4642 ms.
1386 4586 1519 4641 Vict.
1539 4586 1625 4640 16.
1644 4584 1764 4655 quia
1792 4584 1835 4639 si
1858 4591 2052 4653 sponte
2090 4581 2183 4612 ¹⁰⁸⁹
2206 4578 2248 4633 Ο
2272 4580 2635 4699 δὺγεειιεθυω
2652 4568 3367 4646 aliyssuminvocat'peceata
3392 4573 3541 4628 mea?
3564 4572 3859 4631 Tormenta

666 4681 713 4699 ρ.
760 4662 805 4699 n
828 4664 1050 4699 ειιιυαςιις
1074 4662 1322 4699 ιιΙινεειιηὶ
1351 4658 1590 4699 inuocat!
1635 4665 1852 4699 nem-ala
1878 4667 2023 4699 mea:
2051 4658 2312 4699 tormenta
2388 4648 2481 4679 ¹⁰⁹⁰
2553 4648 2809 4699 raliebant
2835 4660 2917 4697 me
2940 4661 3062 4698 mss.
3087 4645 3356 4698 terrebant
3379 4658 3463 4696 me
3535 4641 3626 4673 ¹⁶⁹¹
3653 4642 3859 4699 Malitia

607 4681 733 4717 mss.
760 4648 1051 4731 (fabys'sus
1073 4648 1324 4731 abyssum
1351 4658 1592 4731 invocat!
1634 4648 1855 4731 peccata
1878 4648 2023 4731 mea;
2051 4648 2356 4731 tormenta;
2388 4648 2481 4679 ὀνο

608 4712 737 4787 ἑὲὶῖἡί
761 4712 1342 4785 ἧιέίζδιῖἷειξίθῖϐανιιι.
1372 4712 1665 4778 Val-lucet
1696 4722 1844 4776 Flor.
1859 4721 1982 4777 mali
2000 4712 2124 4773 nulli
2200 4718 2294 4749 ²⁰⁹²
2312 4716 2463 4771 Nunc
2482 4731 2605 4787 vero
2633 4732 2731 4769 ms.
2758 4714 2911 4768 Corb.
2937 4728 3074 4773 nunc
3090 4728 3243 4787 ergo
3292 4712 3384 4743 ¹⁰⁹³
3410 4712 3737 4787 ,Ιιιᾰξςξοι-υιιι
3760 4729 3861 4769 sn-

612 4779 1194 4869 Vica-{6.271
1231 4793 1451 4869 Val-(uc.
1467 4794 1793 4869 judiciorum
1815 4791 1908 4845 Dei
1934 4805 2097 4869 super
2169 4786 2759 4869 'f‘“Sempet.-imminet
2780 4800 2903 4837 mss.
2926 4779 3339 4869 Sllpel‘jlljﬂljl'l‘el
3365 4797 3488 4833 mss.
3518 4779 3855 4869 Vindictae.

627 4848 853 4923 Villii};
881 4848 926 4921 et
940 4848 1103 4919 illo}.
1118 4848 1276 4925 supra
1300 4848 1544 4917 imminet
1577 4863 1669 4894 ²⁰⁹⁸
1688 4862 1866 4923 Miser,
1885 4848 1969 4914 cui
1995 4848 2209 4925 peccavi
2234 4873 2329 4909 ms.
2350 4848 2530 4908 Cdrlh.
2558 4855 2722 4925 miser
2740 4868 2839 4925 cur
2857 4848 3110 4925 peccavi?
3148 4851 3238 4882 ⁸⁸⁸⁸
3262 4850 3329 4905 Ut
3349 4859 3553 4925 peteret
3574 4865 3671 4925 nis.
3697 4848 3856 4905 Corb.

612 4917 1143 5007 .it";'@iiiiéiei"wv
1182 4917 1744 5007 Perveniendgnmu.‘
1777 4917 1913 5007 Vict.
1951 4917 2116 5007 Εἶεν..
2149 4925 2522 5007 ρι’ίεγεηὶεηιιο
2597 4923 2692 5007 ":3
2740 4917 3187 5007 Eugitivoms‘ervo
3211 4930 3301 5000 tn_o
3347 4917 3470 5001 mss.
3511 4917 3860 5007 lugitivq’tno

613 4986 978 5061 λῖθ’-βιώσιῖ
1014 5014 1085 5065 te,
1131 4986 1318 5058 sancte
1367 4986 1489 5055 mss.
1531 4997 1661 5055 Vict.
1705 4998 1886 5053 Cartﬁ‘.
1918 5008 1966 5051 et
2018 4986 2247 5051 ναι-[υς.
2284 5008 2486 5065 precor
2528 5003 2598 5065 te,
2634 4986 2854 5065 Domine
2928 4991 3019 5021 ¹¹⁰⁰
3047 4992 3214 5065 Quem
3258 4990 3369 5065 ipse
3407 4990 3515 5065 ja‘m
3549 4986 3676 5040 mss.
3715 4986 3855 5065 Ῡίρι.

613 5054 776 5146 quem
792 5054 959 5146 ιεὶιίιί
981 5054 1085 5103 ’ίθίί
1105 5054 1391 5146 improbis
1418 5087 1517 5146 gis.
1553 5054 1958 5146 δᾶνι-(Σειληιο
2000 5077 2054 5146 et
2081 5067 2133 5119 in
2172 5054 2323 5118 vobis
2398 5062 2490 5093 “°’
2523 5054 2939 5146 Stisc‘ipiteneam
2988 5054 3140 5113 vobis
3165 5054 3559 5146 msfSarnI-(lier:
3591 5056 3859 5146 suscipite

616 5125 890 5213 ἒὲξᾶἐεὴι
948 5140 1000 5194 in
1064 5125 1376 5213 vobisA'm
1416 5140 1769 5213 Prostratam.
1822 5136 2099 5213 Custodite
2150 5148 2269 5213 eam
2325 5142 2422 5185 etc.
2482 5148 2580 5185 ms.
2626 5125 2904 5213 ﬁcia-Ger.
2959 5125 3761 5213 prostratam.“Reducitegatg
3789 5127 3859 5180 de

614 5190 1205 5281 abysso—peccatorum.
1230 5208 1397 5274 Quem
1416 5190 2022 5281 unvaesitum’invenistis
2053 5204 2347 5281 perditum2
2396 5217 2461 5255 nc
2511 5201 2748 5269 perdatis
2792 5190 3089 5281 inventum.
3134 5197 3408 5252 Custodite
3438 5208 3521 5247 me
3595 5190 3691 5274 ηοξ
3719 5191 3863 5248 861·-

618 5262 1143 5335 iité'o'ai'nfiidéie
1172 5262 1333 5347 eam...
1366 5287 1421 5329 tu
1444 5262 1546 5347 'per
1570 5280 1973 5347 concessionem
2003 5262 2126 5347 mss.
2161 5262 2685 5347 San-Qer._se't:va.te‘
2705 5283 2839 5347 me”
2875 5268 3050 5321 videte
3085 5282 3210 5347 me..
3247 5277 3300 5319 tu
3323 5262 3855 5347 percensensionen:

2553 4641 2809 4701 raliebant
2835 4660 2917 4697 me
2940 4661 3062 4698 mss.
3087 4641 3356 4698 terrebant
3379 4658 3463 4696 me
3535 4641 3626 4673 ¹⁶⁹¹
3653 4642 3860 4699 Malitia
3902 4702 3909 4709 ,

3792 54 3801 71 ι
3932 30 4003 59 F
4060 68 4065 71 .

3792 138 3859 196 οι

4006 30 4121 381 ι

3792 340 3858 376 ιον

616 5329 932 5402 ηδ’ὲὶἑῖἰῦ
979 5329 1850 5403 ⁷ιίῖίτῘιιιῆιϋιθειῗνιὶιείδζϐειέ.
1913 5343 2103 5397 merita
2138 5352 2243 5394 tam
2282 5340 2459 5393 dilecti
2534 5339 2627 5370 ⁸³⁸⁸
2650 5339 2877 5406 Propter
2908 5351 3097 5391 nomen
3136 5337 3209 5391 tui
3244 5345 3298 5389 et
3325 5329 3439 5388 'mei
3467 5331 3729 5387 creatoris
3757 5329 3853 5399 qui
3938 5331 3953 5344 ‘

616 5426 703 5475 est
724 5433 820 5473 ms.
854 5414 1111 5474 Sun-Ger.
1159 5423 1377 5487 propter
1404 5413 1568 5469 Deum
1599 5416 1688 5484 qni
1733 5424 1813 5468 est

3724 5862 3739 5873 ‘
4102 5804 4121 5995 ἰ
