  <div class='ocr_page' id='page_1' title='image "/cluster/home/n/w/nwhite01/storage/ocr_20150623/158/uva.x000829800/505.png"; bbox 0 0 4200 6180; ppageno 0'>
   <div class='ocr_carea' id='block_1_1' title="bbox 638 176 775 232">
    <p class='ocr_par' dir='ltr' id='par_1_1' title="bbox 638 176 775 232">
     <span class='ocr_line' id='line_1_1' title="bbox 638 176 775 232; baseline -0.036 0"><span class='ocrx_word' id='word_1_1' title='bbox 638 176 775 232; x_wconf 71' lang='grc'><strong>1007</strong></span> 
     </span>
    </p>
   </div>
   <div class='ocr_carea' id='block_1_2' title="bbox 937 169 3500 249">
    <p class='ocr_par' dir='ltr' id='par_1_2' title="bbox 937 169 3500 249">
     <span class='ocr_line' id='line_1_2' title="bbox 937 169 3500 249; baseline -0 -22"><span class='ocrx_word' id='word_1_2' title='bbox 937 241 942 249; x_wconf 30' lang='grc' dir='ltr'><strong>Ι</strong></span> <span class='ocrx_word' id='word_1_3' title='bbox 999 173 1056 227; x_wconf 89' lang='lat' dir='ltr'><strong>S.</strong></span> <span class='ocrx_word' id='word_1_4' title='bbox 1092 170 1388 228; x_wconf 70' lang='lat' dir='ltr'><strong>ANSELMI</strong></span> <span class='ocrx_word' id='word_1_5' title='bbox 1412 170 1758 242; x_wconf 66' lang='lat' dir='ltr'><strong>CANTUAR.</strong></span> <span class='ocrx_word' id='word_1_6' title='bbox 1800 169 2118 226; x_wconf 75' lang='lat' dir='ltr'><strong>ARClllEP.</strong></span> <span class='ocrx_word' id='word_1_7' title='bbox 2151 169 2300 225; x_wconf 82' lang='lat' dir='ltr'><strong>OPP.</strong></span> <span class='ocrx_word' id='word_1_8' title='bbox 2338 171 2515 226; x_wconf 75' lang='lat' dir='ltr'>PARS</span> <span class='ocrx_word' id='word_1_9' title='bbox 2554 169 3085 226; x_wconf 55' lang='lat' dir='ltr'><strong>ll.—-PAR1’ENET.</strong></span> <span class='ocrx_word' id='word_1_10' title='bbox 3130 169 3217 225; x_wconf 85' lang='lat' dir='ltr'>ET</span> <span class='ocrx_word' id='word_1_11' title='bbox 3256 171 3500 226; x_wconf 79' lang='lat' dir='ltr'><strong>ASCET.</strong></span> 
     </span>
    </p>
   </div>
   <div class='ocr_carea' id='block_1_3' title="bbox 3720 172 3855 228">
    <p class='ocr_par' dir='ltr' id='par_1_3' title="bbox 3720 172 3855 228">
     <span class='ocr_line' id='line_1_3' title="bbox 3720 172 3855 228; baseline -0.007 0"><span class='ocrx_word' id='word_1_12' title='bbox 3720 172 3855 228; x_wconf 64' lang='lat'><strong>£008</strong></span> 
     </span>
    </p>
   </div>
   <div class='ocr_carea' id='block_1_4' title="bbox 633 272 3888 354">
    <p class='ocr_par' dir='ltr' id='par_1_4' title="bbox 633 272 3888 354">
     <span class='ocr_line' id='line_1_4' title="bbox 633 272 3888 354; baseline -0.001 -10"><span class='ocrx_word' id='word_1_13' title='bbox 633 291 947 354; x_wconf 81' lang='lat' dir='ltr'><strong>Bcnedicte,</strong></span> <span class='ocrx_word' id='word_1_14' title='bbox 989 303 1083 341; x_wconf 89' lang='lat' dir='ltr'><strong>oro</strong></span> <span class='ocrx_word' id='word_1_15' title='bbox 1128 296 1183 341; x_wconf 89' lang='lat' dir='ltr'><strong>et</strong></span> <span class='ocrx_word' id='word_1_16' title='bbox 1219 272 1443 342; x_wconf 84' lang='lat' dir='ltr'><strong>obsecro</strong></span> <span class='ocrx_word' id='word_1_17' title='bbox 1473 287 1562 318; x_wconf 84' lang='grc'><strong>²¹³¹</strong></span> <span class='ocrx_word' id='word_1_18' title='bbox 1607 300 1702 354; x_wconf 92' lang='lat' dir='ltr'><strong>per</strong></span> <span class='ocrx_word' id='word_1_19' title='bbox 1749 283 2196 346; x_wconf 86' lang='lat' dir='ltr'><strong>misericordiam,</strong></span> <span class='ocrx_word' id='word_1_20' title='bbox 2228 291 2274 344; x_wconf 84' lang='grc' dir='ltr'>Α</span> <span class='ocrx_word' id='word_1_21' title='bbox 2302 299 2404 352; x_wconf 87' lang='lat' dir='ltr'><strong>que</strong></span> <span class='ocrx_word' id='word_1_22' title='bbox 2437 295 2807 338; x_wconf 77' lang='lat' dir='ltr'><strong>exsecrantur.</strong></span> <span class='ocrx_word' id='word_1_23' title='bbox 2848 286 2983 339; x_wconf 83' lang='lat' dir='ltr'><strong>Ecce</strong></span> <span class='ocrx_word' id='word_1_24' title='bbox 3022 285 3259 351; x_wconf 80' lang='lat' dir='ltr'><strong>miseria,</strong></span> <span class='ocrx_word' id='word_1_25' title='bbox 3296 299 3421 339; x_wconf 91' lang='lat' dir='ltr'><strong>ecce</strong></span> <span class='ocrx_word' id='word_1_26' title='bbox 3451 287 3724 354; x_wconf 80' lang='lat' dir='ltr'><strong>angustia;</strong></span> <span class='ocrx_word' id='word_1_27' title='bbox 3775 290 3888 342; x_wconf 81' lang='lat' dir='ltr'><strong>ubi.</strong></span> 
     </span>
    </p>
   </div>
   <div class='ocr_carea' id='block_1_5' title="bbox 633 375 2205 449">
    <p class='ocr_par' dir='ltr' id='par_1_5' title="bbox 633 375 2205 449">
     <span class='ocr_line' id='line_1_5' title="bbox 633 375 2205 449; baseline -0.004 -19"><span class='ocrx_word' id='word_1_28' title='bbox 633 397 796 449; x_wconf 84' lang='lat' dir='ltr'><strong>quam</strong></span> <span class='ocrx_word' id='word_1_29' title='bbox 827 394 950 447; x_wconf 85' lang='lat' dir='ltr'><strong>erga</strong></span> <span class='ocrx_word' id='word_1_30' title='bbox 981 377 1114 433; x_wconf 89' lang='lat' dir='ltr'><strong>alios</strong></span> <span class='ocrx_word' id='word_1_31' title='bbox 1145 377 1400 442; x_wconf 87' lang='lat' dir='ltr'><strong>habuisti,</strong></span> <span class='ocrx_word' id='word_1_32' title='bbox 1428 388 1479 431; x_wconf 88' lang='lat' dir='ltr'><strong>et</strong></span> <span class='ocrx_word' id='word_1_33' title='bbox 1509 389 1604 445; x_wconf 89' lang='lat' dir='ltr'><strong>per</strong></span> <span class='ocrx_word' id='word_1_34' title='bbox 1637 375 1784 429; x_wconf 81' lang='lat' dir='ltr'><strong>illam</strong></span> <span class='ocrx_word' id='word_1_35' title='bbox 1811 391 1970 445; x_wconf 90' lang='lat' dir='ltr'><strong>quam</strong></span> <span class='ocrx_word' id='word_1_36' title='bbox 1999 389 2122 441; x_wconf 89' lang='lat' dir='ltr'><strong>erga</strong></span> <span class='ocrx_word' id='word_1_37' title='bbox 2156 383 2205 425; x_wconf 91' lang='lat' dir='ltr'><strong>tc</strong></span> 
     </span>
    </p>
   </div>
   <div class='ocr_carea' id='block_1_6' title="bbox 632 467 2205 537">
    <p class='ocr_par' dir='ltr' id='par_1_6' title="bbox 632 467 2205 537">
     <span class='ocr_line' id='line_1_6' title="bbox 632 467 2205 537; baseline -0.006 -12"><span class='ocrx_word' id='word_1_38' title='bbox 632 472 778 525; x_wconf 86' lang='lat' dir='ltr'><strong>Deus</strong></span> <span class='ocrx_word' id='word_1_39' title='bbox 808 470 1016 534; x_wconf 92' lang='lat' dir='ltr'><strong>habuit,</strong></span> <span class='ocrx_word' id='word_1_40' title='bbox 1049 480 1356 537; x_wconf 84' lang='lat' dir='ltr'><strong>compatere</strong></span> <span class='ocrx_word' id='word_1_41' title='bbox 1401 469 1632 522; x_wconf 68' lang='lat' dir='ltr'><strong>miseria:</strong></span> <span class='ocrx_word' id='word_1_42' title='bbox 1676 483 1828 530; x_wconf 71' lang='lat' dir='ltr'><strong>meae,</strong></span> <span class='ocrx_word' id='word_1_43' title='bbox 1859 467 1947 534; x_wconf 87' lang='lat' dir='ltr'><strong>qui</strong></span> <span class='ocrx_word' id='word_1_44' title='bbox 1978 479 2205 534; x_wconf 83' lang='lat' dir='ltr'><strong>congra-</strong></span> 
     </span>
    </p>
   </div>
   <div class='ocr_carea' id='block_1_7' title="bbox 637 553 2206 625">
    <p class='ocr_par' dir='ltr' id='par_1_7' title="bbox 637 553 2206 625">
     <span class='ocr_line' id='line_1_7' title="bbox 637 553 2206 625; baseline -0.004 -11"><span class='ocrx_word' id='word_1_45' title='bbox 637 561 776 616; x_wconf 88' lang='lat' dir='ltr'><strong>tulor</strong></span> <span class='ocrx_word' id='word_1_46' title='bbox 829 559 1068 614; x_wconf 85' lang='lat' dir='ltr'><strong>felicitati</strong></span> <span class='ocrx_word' id='word_1_47' title='bbox 1127 569 1246 612; x_wconf 72' lang='lat' dir='ltr'><strong>tute.</strong></span> <span class='ocrx_word' id='word_1_48' title='bbox 1318 558 1586 612; x_wconf 88' lang='lat' dir='ltr'><strong>Succurre</strong></span> <span class='ocrx_word' id='word_1_49' title='bbox 1645 569 1696 611; x_wconf 93' lang='lat' dir='ltr'><strong>te</strong></span> <span class='ocrx_word' id='word_1_50' title='bbox 1750 564 2032 625; x_wconf 87' lang='lat' dir='ltr'><strong>patronum</strong></span> <span class='ocrx_word' id='word_1_51' title='bbox 2096 553 2206 608; x_wconf 86' lang='lat' dir='ltr'><strong>cla-</strong></span> 
     </span>
    </p>
   </div>
   <div class='ocr_carea' id='block_1_8' title="bbox 634 635 2208 716">
    <p class='ocr_par' dir='ltr' id='par_1_8' title="bbox 634 635 2208 716">
     <span class='ocr_line' id='line_1_8' title="bbox 634 635 2208 716; baseline -0.004 -12"><span class='ocrx_word' id='word_1_52' title='bbox 634 649 942 714; x_wconf 71' lang='lat' dir='ltr'><strong>mauti&#39;m;</strong></span> <span class='ocrx_word' id='word_1_53' title='bbox 969 663 1201 703; x_wconf 88' lang='lat' dir='ltr'><strong>exonera</strong></span> <span class='ocrx_word' id='word_1_54' title='bbox 1230 649 1370 702; x_wconf 86' lang='lat' dir='ltr'><strong>mole</strong></span> <span class='ocrx_word' id='word_1_55' title='bbox 1393 657 1732 716; x_wconf 70' lang='lat' dir='ltr'><strong>peccatorum</strong></span> <span class='ocrx_word' id='word_1_56' title='bbox 1760 645 2034 709; x_wconf 91' lang='lat' dir='ltr'><strong>obrutum,</strong></span> <span class='ocrx_word' id='word_1_57' title='bbox 2063 635 2208 698; x_wconf 71' lang='lat' dir='ltr'><strong>solve</strong></span> 
     </span>
    </p>
   </div>
   <div class='ocr_carea' id='block_1_9' title="bbox 597 735 2210 810">
    <p class='ocr_par' dir='ltr' id='par_1_9' title="bbox 597 735 2210 810">
     <span class='ocr_line' id='line_1_9' title="bbox 597 735 2210 810; baseline -0.007 -12"><span class='ocrx_word' id='word_1_58' title='bbox 597 779 602 784; x_wconf 90' lang='lat'><strong>-</strong></span> <span class='ocrx_word' id='word_1_59' title='bbox 635 744 954 798; x_wconf 75' lang='lat' dir='ltr'><strong>delictorum</strong></span> <span class='ocrx_word' id='word_1_60' title='bbox 986 740 1476 810; x_wconf 76' lang='lat' dir='ltr'><strong>funibus-ligatum,</strong></span> <span class='ocrx_word' id='word_1_61' title='bbox 1503 737 1692 806; x_wconf 82' lang='lat' dir='ltr'><strong>expedi</strong></span> <span class='ocrx_word' id='word_1_62' title='bbox 1723 736 2045 791; x_wconf 85' lang='lat' dir='ltr'><strong>criminibus</strong></span> <span class='ocrx_word' id='word_1_63' title='bbox 2076 735 2210 788; x_wconf 90' lang='lat' dir='ltr'><strong>irre-</strong></span> 
     </span>
    </p>
   </div>
   <div class='ocr_carea' id='block_1_10' title="bbox 635 827 2208 903">
    <p class='ocr_par' dir='ltr' id='par_1_10' title="bbox 635 827 2208 903">
     <span class='ocr_line' id='line_1_10' title="bbox 635 827 2208 903; baseline -0.007 -13"><span class='ocrx_word' id='word_1_64' title='bbox 635 835 818 898; x_wconf 87' lang='lat' dir='ltr'><strong>titttm,</strong></span> <span class='ocrx_word' id='word_1_65' title='bbox 867 833 1013 902; x_wconf 86' lang='lat' dir='ltr'><strong>erige</strong></span> <span class='ocrx_word' id='word_1_66' title='bbox 1063 832 1357 903; x_wconf 88' lang='lat' dir='ltr'><strong>jacentem,</strong></span> <span class='ocrx_word' id='word_1_67' title='bbox 1403 831 1609 884; x_wconf 90' lang='lat' dir='ltr'><strong>sustine</strong></span> <span class='ocrx_word' id='word_1_68' title='bbox 1654 837 1954 892; x_wconf 86' lang='lat' dir='ltr'><strong>nutantem,</strong></span> <span class='ocrx_word' id='word_1_69' title='bbox 2005 827 2208 880; x_wconf 89' lang='lat' dir='ltr'><strong>instrue</strong></span> 
     </span>
    </p>
   </div>
   <div class='ocr_carea' id='block_1_11' title="bbox 636 911 2207 999">
    <p class='ocr_par' dir='ltr' id='par_1_11' title="bbox 636 911 2207 999">
     <span class='ocr_line' id='line_1_11' title="bbox 636 911 2207 999; baseline -0.006 -16"><span class='ocrx_word' id='word_1_70' title='bbox 636 921 1008 999; x_wconf 75' lang='lat' dir='ltr'><strong>splritualibus</strong></span> <span class='ocrx_word' id='word_1_71' title='bbox 1040 926 1224 989; x_wconf 90' lang='lat' dir='ltr'><strong>armis,</strong></span> <span class='ocrx_word' id='word_1_72' title='bbox 1259 911 1310 976; x_wconf 91' lang='lat' dir='ltr'><strong>id</strong></span> <span class='ocrx_word' id='word_1_73' title='bbox 1337 932 1422 977; x_wconf 89' lang='lat' dir='ltr'><strong>est</strong></span> <span class='ocrx_word' id='word_1_74' title='bbox 1445 921 1735 975; x_wconf 75' lang='lat' dir='ltr'><strong>virtutibus</strong></span> <span class='ocrx_word' id='word_1_75' title='bbox 1767 921 2052 983; x_wconf 86' lang='lat' dir='ltr'><strong>inermem,</strong></span> <span class='ocrx_word' id='word_1_76' title='bbox 2076 919 2207 972; x_wconf 84' lang='lat' dir='ltr'><strong>doce</strong></span> 
     </span>
    </p>
   </div>
   <div class='ocr_carea' id='block_1_12' title="bbox 635 1005 2228 1089">
    <p class='ocr_par' dir='ltr' id='par_1_12' title="bbox 635 1005 2228 1089">
     <span class='ocr_line' id='line_1_12' title="bbox 635 1005 2228 1089; baseline -0.009 -15"><span class='ocrx_word' id='word_1_77' title='bbox 635 1025 690 1074; x_wconf 89' lang='lat' dir='ltr'><strong>et</strong></span> <span class='ocrx_word' id='word_1_78' title='bbox 725 1026 949 1089; x_wconf 87' lang='lat' dir='ltr'><strong>protcge</strong></span> <span class='ocrx_word' id='word_1_79' title='bbox 987 1021 1334 1084; x_wconf 90' lang='lat' dir='ltr'><strong>pugnantem,</strong></span> <span class='ocrx_word' id='word_1_80' title='bbox 1365 1029 1604 1081; x_wconf 74' lang='lat' dir='ltr'><strong>expugno</strong></span> <span class='ocrx_word' id='word_1_81' title='bbox 1647 1012 2006 1078; x_wconf 77' lang='lat' dir='ltr'><strong>impugnantes</strong></span> <span class='ocrx_word' id='word_1_82' title='bbox 2033 1005 2228 1062; x_wconf 65' lang='lat' dir='ltr'><strong>(Prol.—</strong></span> 
     </span>
    </p>
   </div>
   <div class='ocr_carea' id='block_1_13' title="bbox 633 1100 2208 1177">
    <p class='ocr_par' dir='ltr' id='par_1_13' title="bbox 633 1100 2208 1177">
     <span class='ocr_line' id='line_1_13' title="bbox 633 1100 2208 1177; baseline -0.006 -13"><span class='ocrx_word' id='word_1_83' title='bbox 633 1123 820 1174; x_wconf 84' lang='lat' dir='ltr'><strong>xxxtv,</strong></span> <span class='ocrx_word' id='word_1_84' title='bbox 850 1110 930 1177; x_wconf 82' lang='lat' dir='ltr'><strong>l);</strong></span> <span class='ocrx_word' id='word_1_85' title='bbox 971 1107 1118 1176; x_wconf 83' lang='lat' dir='ltr'><strong>erige</strong></span> <span class='ocrx_word' id='word_1_86' title='bbox 1161 1104 1293 1159; x_wconf 90' lang='lat' dir='ltr'><strong>mihi</strong></span> <span class='ocrx_word' id='word_1_87' title='bbox 1332 1104 1610 1158; x_wconf 79' lang='lat' dir='ltr'><strong>victoriam</strong></span> <span class='ocrx_word' id='word_1_88' title='bbox 1643 1101 1756 1164; x_wconf 75' lang='grc'><em>³³³³,</em></span> <span class='ocrx_word' id='word_1_89' title='bbox 1798 1109 1852 1154; x_wconf 90' lang='lat' dir='ltr'><strong>et</strong></span> <span class='ocrx_word' id='word_1_90' title='bbox 1893 1100 2092 1168; x_wconf 83' lang='lat' dir='ltr'><strong>perduc</strong></span> <span class='ocrx_word' id='word_1_91' title='bbox 2125 1115 2208 1154; x_wconf 89' lang='lat' dir='ltr'><strong>me</strong></span> 
     </span>
    </p>
   </div>
   <div class='ocr_carea' id='block_1_14' title="bbox 637 1193 2209 1268">
    <p class='ocr_par' dir='ltr' id='par_1_14' title="bbox 637 1193 2209 1268">
     <span class='ocr_line' id='line_1_14' title="bbox 637 1193 2209 1268; baseline -0.006 -13"><span class='ocrx_word' id='word_1_92' title='bbox 637 1201 704 1258; x_wconf 84' lang='lat' dir='ltr'><strong>ad</strong></span> <span class='ocrx_word' id='word_1_93' title='bbox 731 1215 1007 1259; x_wconf 86' lang='lat' dir='ltr'><strong>coronam.</strong></span> <span class='ocrx_word' id='word_1_94' title='bbox 1053 1199 1184 1268; x_wconf 81' lang='lat' dir='ltr'><strong>Age,</strong></span> <span class='ocrx_word' id='word_1_95' title='bbox 1214 1198 1470 1252; x_wconf 82' lang='lat' dir='ltr'><strong>advocate</strong></span> <span class='ocrx_word' id='word_1_96' title='bbox 1506 1194 1916 1259; x_wconf 83' lang='lat' dir='ltr'><strong>monachorum,</strong></span> <span class='ocrx_word' id='word_1_97' title='bbox 1947 1207 2045 1261; x_wconf 88' lang='lat' dir='ltr'><strong>per</strong></span> <span class='ocrx_word' id='word_1_98' title='bbox 2075 1193 2209 1246; x_wconf 85' lang='lat' dir='ltr'><strong>cha-</strong></span> 
     </span>
    </p>
   </div>
   <div class='ocr_carea' id='block_1_15' title="bbox 636 1276 2206 1362">
    <p class='ocr_par' dir='ltr' id='par_1_15' title="bbox 636 1276 2206 1362">
     <span class='ocr_line' id='line_1_15' title="bbox 636 1276 2206 1362; baseline -0.01 -10"><span class='ocrx_word' id='word_1_99' title='bbox 636 1293 876 1358; x_wconf 77' lang='lat' dir='ltr'><strong>titatem,</strong></span> <span class='ocrx_word' id='word_1_100' title='bbox 901 1307 1007 1362; x_wconf 90' lang='lat' dir='ltr'><strong>qua</strong></span> <span class='ocrx_word' id='word_1_101' title='bbox 1038 1290 1294 1346; x_wconf 88' lang='lat' dir='ltr'><strong>sollicitus</strong></span> <span class='ocrx_word' id='word_1_102' title='bbox 1318 1286 1463 1341; x_wconf 91' lang='lat' dir='ltr'><strong>fuisti</strong></span> <span class='ocrx_word' id='word_1_103' title='bbox 1492 1287 1759 1356; x_wconf 87' lang='lat' dir='ltr'><strong>quomodo</strong></span> <span class='ocrx_word' id='word_1_104' title='bbox 1783 1285 1963 1338; x_wconf 79' lang='lat' dir='ltr'><strong>vivere</strong></span> <span class='ocrx_word' id='word_1_105' title='bbox 1985 1276 2206 1337; x_wconf 76' lang='lat' dir='ltr'><strong>debere-</strong></span> 
     </span>
    </p>
   </div>
   <div class='ocr_carea' id='block_1_16' title="bbox 635 1373 2213 1450">
    <p class='ocr_par' dir='ltr' id='par_1_16' title="bbox 635 1373 2213 1450">
     <span class='ocr_line' id='line_1_16' title="bbox 635 1373 2213 1450; baseline -0.008 -10"><span class='ocrx_word' id='word_1_106' title='bbox 635 1399 758 1440; x_wconf 85' lang='lat' dir='ltr'><strong>mus</strong></span> <span class='ocrx_word' id='word_1_107' title='bbox 780 1383 904 1450; x_wconf 71' lang='grc'><strong>⁹¹³⁸;</strong></span> <span class='ocrx_word' id='word_1_108' title='bbox 941 1391 1056 1437; x_wconf 91' lang='lat' dir='ltr'><strong>esto</strong></span> <span class='ocrx_word' id='word_1_109' title='bbox 1098 1380 1386 1443; x_wconf 89' lang='lat' dir='ltr'><strong>sollicitus,</strong></span> <span class='ocrx_word' id='word_1_110' title='bbox 1432 1385 1491 1432; x_wconf 91' lang='lat' dir='ltr'><strong>ut</strong></span> <span class='ocrx_word' id='word_1_111' title='bbox 1530 1375 1859 1432; x_wconf 77' lang='lat' dir='ltr'><strong>sufﬁcienter</strong></span> <span class='ocrx_word' id='word_1_112' title='bbox 1894 1373 2121 1427; x_wconf 84' lang='lat' dir='ltr'><strong>velimus</strong></span> <span class='ocrx_word' id='word_1_113' title='bbox 2159 1382 2213 1427; x_wconf 90' lang='lat' dir='ltr'><strong>et</strong></span> 
     </span>
    </p>
   </div>
   <div class='ocr_carea' id='block_1_17' title="bbox 637 1466 2212 1545">
    <p class='ocr_par' dir='ltr' id='par_1_17' title="bbox 637 1466 2212 1545">
     <span class='ocr_line' id='line_1_17' title="bbox 637 1466 2212 1545; baseline -0.01 -11"><span class='ocrx_word' id='word_1_114' title='bbox 637 1476 928 1534; x_wconf 88' lang='lat' dir='ltr'><strong>clllcaciter</strong></span> <span class='ocrx_word' id='word_1_115' title='bbox 955 1474 1220 1545; x_wconf 88' lang='lat' dir='ltr'><strong>possimus</strong></span> <span class='ocrx_word' id='word_1_116' title='bbox 1254 1473 1436 1526; x_wconf 86' lang='lat' dir='ltr'><strong>vivere</strong></span> <span class='ocrx_word' id='word_1_117' title='bbox 1460 1468 1910 1540; x_wconf 88' lang='lat' dir='ltr'><strong>quemadmodum</strong></span> <span class='ocrx_word' id='word_1_118' title='bbox 1936 1467 2029 1498; x_wconf 78' lang='lat'>““</span> <span class='ocrx_word' id='word_1_119' title='bbox 2053 1466 2212 1520; x_wconf 83' lang='lat' dir='ltr'><strong>debe-</strong></span> 
     </span>
    </p>
   </div>
   <div class='ocr_carea' id='block_1_18' title="bbox 640 1558 2212 1634">
    <p class='ocr_par' dir='ltr' id='par_1_18' title="bbox 640 1558 2212 1634">
     <span class='ocr_line' id='line_1_18' title="bbox 640 1558 2212 1634; baseline -0.008 -12"><span class='ocrx_word' id='word_1_120' title='bbox 640 1585 790 1634; x_wconf 87' lang='lat' dir='ltr'><strong>mus;</strong></span> <span class='ocrx_word' id='word_1_121' title='bbox 834 1578 892 1621; x_wconf 92' lang='lat' dir='ltr'><strong>ut</strong></span> <span class='ocrx_word' id='word_1_122' title='bbox 928 1575 982 1620; x_wconf 91' lang='lat' dir='ltr'><strong>et</strong></span> <span class='ocrx_word' id='word_1_123' title='bbox 1025 1575 1078 1619; x_wconf 90' lang='lat' dir='ltr'><strong>tu</strong></span> <span class='ocrx_word' id='word_1_124' title='bbox 1115 1564 1212 1595; x_wconf 78' lang='grc'>²¹³⁶</span> <span class='ocrx_word' id='word_1_125' title='bbox 1239 1563 1304 1618; x_wconf 88' lang='lat' dir='ltr'><strong>de</strong></span> <span class='ocrx_word' id='word_1_126' title='bbox 1340 1572 1524 1618; x_wconf 89' lang='lat' dir='ltr'><strong>nostro</strong></span> <span class='ocrx_word' id='word_1_127' title='bbox 1566 1559 1904 1629; x_wconf 87' lang='lat' dir='ltr'><strong>discipulatu.</strong></span> <span class='ocrx_word' id='word_1_128' title='bbox 1937 1567 1993 1613; x_wconf 87' lang='lat' dir='ltr'><strong>et</strong></span> <span class='ocrx_word' id='word_1_129' title='bbox 2021 1573 2117 1612; x_wconf 92' lang='lat' dir='ltr'><strong>nos</strong></span> <span class='ocrx_word' id='word_1_130' title='bbox 2148 1558 2212 1611; x_wconf 90' lang='lat' dir='ltr'><strong>de</strong></span> 
     </span>
    </p>
   </div>
   <div class='ocr_carea' id='block_1_19' title="bbox 2310 375 3866 438">
    <p class='ocr_par' dir='ltr' id='par_1_19' title="bbox 2310 375 3866 438">
     <span class='ocr_line' id='line_1_19' title="bbox 2310 375 3866 438; baseline 0.005 -15"><span class='ocrx_word' id='word_1_131' title='bbox 2310 388 2431 426; x_wconf 89' lang='lat' dir='ltr'><strong>reus</strong></span> <span class='ocrx_word' id='word_1_132' title='bbox 2476 375 2887 438; x_wconf 86' lang='lat' dir='ltr'><strong>condemnatur,</strong></span> <span class='ocrx_word' id='word_1_133' title='bbox 2933 384 2986 428; x_wconf 86' lang='lat' dir='ltr'><strong>et</strong></span> <span class='ocrx_word' id='word_1_134' title='bbox 3029 377 3203 431; x_wconf 88' lang='lat' dir='ltr'><strong>omnis</strong></span> <span class='ocrx_word' id='word_1_135' title='bbox 3245 375 3337 429; x_wconf 89' lang='lat' dir='ltr'><strong>Dei</strong></span> <span class='ocrx_word' id='word_1_136' title='bbox 3389 375 3766 429; x_wconf 69' lang='lat' dir='ltr'><strong>misericordia:</strong></span> <span class='ocrx_word' id='word_1_137' title='bbox 3803 391 3866 431; x_wconf 89' lang='lat' dir='ltr'><strong>ac</strong></span> 
     </span>
    </p>
   </div>
   <div class='ocr_carea' id='block_1_20' title="bbox 2305 449 3863 536">
    <p class='ocr_par' dir='ltr' id='par_1_20' title="bbox 2305 449 3863 536">
     <span class='ocr_line' id='line_1_20' title="bbox 2305 449 3863 536; baseline -0.001 -18"><span class='ocrx_word' id='word_1_138' title='bbox 2305 467 2518 536; x_wconf 87' lang='lat' dir='ltr'><strong>pietatis</strong></span> <span class='ocrx_word' id='word_1_139' title='bbox 2553 467 2702 520; x_wconf 89' lang='lat' dir='ltr'><strong>sinus</strong></span> <span class='ocrx_word' id='word_1_140' title='bbox 2731 466 3047 530; x_wconf 86' lang='lat' dir='ltr'><strong>obseratur;</strong></span> <span class='ocrx_word' id='word_1_141' title='bbox 3091 467 3168 519; x_wconf 90' lang='lat' dir='ltr'><strong>sic</strong></span> <span class='ocrx_word' id='word_1_142' title='bbox 3197 469 3462 534; x_wconf 87' lang='lat' dir='ltr'><strong>arguitur,</strong></span> <span class='ocrx_word' id='word_1_143' title='bbox 3503 449 3863 528; x_wconf 86' lang='lat' dir='ltr'><strong>confunditur,</strong></span> 
     </span>
    </p>
   </div>
   <div class='ocr_carea' id='block_1_21' title="bbox 2279 555 3868 624">
    <p class='ocr_par' dir='ltr' id='par_1_21' title="bbox 2279 555 3868 624">
     <span class='ocr_line' id='line_1_21' title="bbox 2279 555 3868 624; baseline 0 -14"><span class='ocrx_word' id='word_1_144' title='bbox 2279 556 2641 621; x_wconf 85' lang='lat' dir='ltr'><strong>&#39;obtunditur,</strong></span> <span class='ocrx_word' id='word_1_145' title='bbox 2683 557 3016 623; x_wconf 85' lang='lat' dir='ltr'><strong>accusatrice</strong></span> <span class='ocrx_word' id='word_1_146' title='bbox 3045 556 3390 620; x_wconf 87' lang='lat' dir='ltr'><strong>conscientia,</strong></span> <span class='ocrx_word' id='word_1_147' title='bbox 3425 567 3604 611; x_wconf 89' lang='lat' dir='ltr'><strong>utnec</strong></span> <span class='ocrx_word' id='word_1_148' title='bbox 3633 555 3868 624; x_wconf 82' lang='lat' dir='ltr'><strong>judicent</strong></span> 
     </span>
    </p>
   </div>
   <div class='ocr_carea' id='block_1_22' title="bbox 2308 647 3866 717">
    <p class='ocr_par' dir='ltr' id='par_1_22' title="bbox 2308 647 3866 717">
     <span class='ocr_line' id='line_1_22' title="bbox 2308 647 3866 717; baseline 0 -17"><span class='ocrx_word' id='word_1_149' title='bbox 2308 647 2580 715; x_wconf 88' lang='lat' dir='ltr'><strong>deprecari</strong></span> <span class='ocrx_word' id='word_1_150' title='bbox 2644 651 2866 710; x_wconf 79' lang='lat' dir='ltr'><strong>audeat,</strong></span> <span class='ocrx_word' id='word_1_151' title='bbox 2931 663 3028 702; x_wconf 81' lang='lat' dir='ltr'><strong>nec</strong></span> <span class='ocrx_word' id='word_1_152' title='bbox 3081 648 3172 716; x_wconf 88' lang='lat' dir='ltr'><strong>qui</strong></span> <span class='ocrx_word' id='word_1_153' title='bbox 3233 650 3549 715; x_wconf 87' lang='lat' dir='ltr'><strong>deprecetur</strong></span> <span class='ocrx_word' id='word_1_154' title='bbox 3611 663 3710 717; x_wconf 91' lang='lat' dir='ltr'><strong>pro</strong></span> <span class='ocrx_word' id='word_1_155' title='bbox 3756 663 3866 702; x_wconf 80' lang='lat' dir='ltr'><strong>ea:</strong></span> 
     </span>
    </p>
   </div>
   <div class='ocr_carea' id='block_1_23' title="bbox 2308 736 3875 806">
    <p class='ocr_par' dir='ltr' id='par_1_23' title="bbox 2308 736 3875 806">
     <span class='ocr_line' id='line_1_23' title="bbox 2308 736 3875 806; baseline -0.001 -14"><span class='ocrx_word' id='word_1_156' title='bbox 2308 740 2423 805; x_wconf 88' lang='lat' dir='ltr'><strong>sed,</strong></span> <span class='ocrx_word' id='word_1_157' title='bbox 2458 755 2490 791; x_wconf 87' lang='grc' dir='ltr'>υ</span> <span class='ocrx_word' id='word_1_158' title='bbox 2517 746 2605 802; x_wconf 81' lang='grc' dir='ltr'>ιιι,</span> <span class='ocrx_word' id='word_1_159' title='bbox 2649 737 2954 792; x_wconf 87' lang='lat' dir='ltr'><strong>misericors</strong></span> <span class='ocrx_word' id='word_1_160' title='bbox 3004 746 3056 791; x_wconf 89' lang='lat' dir='ltr'><strong>et</strong></span> <span class='ocrx_word' id='word_1_161' title='bbox 3092 737 3207 806; x_wconf 91' lang='lat' dir='ltr'><strong>pie,</strong></span> <span class='ocrx_word' id='word_1_162' title='bbox 3249 736 3337 790; x_wconf 91' lang='lat' dir='ltr'><strong>ubi</strong></span> <span class='ocrx_word' id='word_1_163' title='bbox 3380 739 3579 806; x_wconf 90' lang='lat' dir='ltr'><strong>pietas,</strong></span> <span class='ocrx_word' id='word_1_164' title='bbox 3634 737 3722 790; x_wconf 93' lang='lat' dir='ltr'><strong>ubi</strong></span> <span class='ocrx_word' id='word_1_165' title='bbox 3774 738 3875 790; x_wconf 91' lang='lat' dir='ltr'><strong>mi-</strong></span> 
     </span>
    </p>
   </div>
   <div class='ocr_carea' id='block_1_24' title="bbox 2309 827 3871 894">
    <p class='ocr_par' dir='ltr' id='par_1_24' title="bbox 2309 827 3871 894">
     <span class='ocr_line' id='line_1_24' title="bbox 2309 827 3871 894; baseline -0.002 -10"><span class='ocrx_word' id='word_1_166' title='bbox 2309 831 2525 894; x_wconf 89' lang='lat' dir='ltr'><strong>seratio,</strong></span> <span class='ocrx_word' id='word_1_167' title='bbox 2584 831 2673 884; x_wconf 89' lang='lat' dir='ltr'><strong>ubi</strong></span> <span class='ocrx_word' id='word_1_168' title='bbox 2708 829 3108 894; x_wconf 84' lang='lat' dir='ltr'><strong>misericordia,</strong></span> <span class='ocrx_word' id='word_1_169' title='bbox 3171 828 3270 883; x_wconf 90' lang='lat' dir='ltr'><strong>nisi</strong></span> <span class='ocrx_word' id='word_1_170' title='bbox 3326 829 3413 882; x_wconf 87' lang='lat' dir='ltr'><strong>ubi</strong></span> <span class='ocrx_word' id='word_1_171' title='bbox 3451 828 3710 882; x_wconf 82' lang='lat' dir='ltr'><strong>miseria?</strong></span> <span class='ocrx_word' id='word_1_172' title='bbox 3774 827 3871 882; x_wconf 85' lang='lat' dir='ltr'><strong>Cui</strong></span> 
     </span>
    </p>
   </div>
   <div class='ocr_carea' id='block_1_25' title="bbox 2309 918 3871 992">
    <p class='ocr_par' dir='ltr' id='par_1_25' title="bbox 2309 918 3871 992">
     <span class='ocr_line' id='line_1_25' title="bbox 2309 918 3871 992; baseline 0.001 -18"><span class='ocrx_word' id='word_1_173' title='bbox 2309 923 2464 992; x_wconf 90' lang='lat' dir='ltr'><strong>pius,</strong></span> <span class='ocrx_word' id='word_1_174' title='bbox 2516 921 2601 975; x_wconf 89' lang='lat' dir='ltr'><strong>cui</strong></span> <span class='ocrx_word' id='word_1_175' title='bbox 2658 922 2996 974; x_wconf 86' lang='lat' dir='ltr'><strong>miscricors’</strong></span> <span class='ocrx_word' id='word_1_176' title='bbox 3025 920 3139 984; x_wconf 88' lang='lat' dir='ltr'><strong>fies,</strong></span> <span class='ocrx_word' id='word_1_177' title='bbox 3184 919 3283 973; x_wconf 88' lang='lat' dir='ltr'><strong>nisi</strong></span> <span class='ocrx_word' id='word_1_178' title='bbox 3322 919 3566 973; x_wconf 84' lang='lat' dir='ltr'><strong>misero?</strong></span> <span class='ocrx_word' id='word_1_179' title='bbox 3606 918 3871 988; x_wconf 78' lang='lat' dir='ltr'><strong>Agnosco.</strong></span> 
     </span>
    </p>
   </div>
   <div class='ocr_carea' id='block_1_26' title="bbox 2310 1010 3316 1082">
    <p class='ocr_par' dir='ltr' id='par_1_26' title="bbox 2310 1010 3316 1082">
     <span class='ocr_line' id='line_1_26' title="bbox 2310 1010 3316 1082; baseline -0.001 -17"><span class='ocrx_word' id='word_1_180' title='bbox 2310 1013 2558 1082; x_wconf 87' lang='lat' dir='ltr'><strong>agnosco,</strong></span> <span class='ocrx_word' id='word_1_181' title='bbox 2624 1026 2918 1081; x_wconf 85' lang='lat' dir='ltr'><strong>agnoscens</strong></span> <span class='ocrx_word' id='word_1_182' title='bbox 2986 1010 3316 1064; x_wconf 88' lang='lat' dir='ltr'><strong>obmutesco.</strong></span> 
     </span>
    </p>
   </div>
   <div class='ocr_carea' id='block_1_27' title="bbox 2312 1103 3877 1169">
    <p class='ocr_par' dir='ltr' id='par_1_27' title="bbox 2312 1103 3877 1169">
     <span class='ocr_line' id='line_1_27' title="bbox 2312 1103 3877 1169; baseline -0.003 -13"><span class='ocrx_word' id='word_1_183' title='bbox 2312 1105 2550 1156; x_wconf 87' lang='lat' dir='ltr'><strong>mitatem</strong></span> <span class='ocrx_word' id='word_1_184' title='bbox 2598 1103 2884 1156; x_wconf 90' lang='lat' dir='ltr'><strong>criminum</strong></span> <span class='ocrx_word' id='word_1_185' title='bbox 2928 1116 3202 1166; x_wconf 80' lang='lat' dir='ltr'><strong>meorum;</strong></span> <span class='ocrx_word' id='word_1_186' title='bbox 3248 1110 3484 1156; x_wconf 89' lang='lat' dir='ltr'><strong>attamen</strong></span> <span class='ocrx_word' id='word_1_187' title='bbox 3529 1109 3731 1169; x_wconf 89' lang='lat' dir='ltr'><strong>quanto</strong></span> <span class='ocrx_word' id='word_1_188' title='bbox 3763 1116 3877 1152; x_wconf 86' lang='lat' dir='ltr'><strong>ma—</strong></span> 
     </span>
    </p>
   </div>
   <div class='ocr_carea' id='block_1_28' title="bbox 2305 1190 3874 1264">
    <p class='ocr_par' dir='ltr' id='par_1_28' title="bbox 2305 1190 3874 1264">
     <span class='ocr_line' id='line_1_28' title="bbox 2305 1190 3874 1264; baseline -0.004 -16"><span class='ocrx_word' id='word_1_189' title='bbox 2305 1195 2391 1264; x_wconf 87' lang='lat' dir='ltr'><strong>jor</strong></span> <span class='ocrx_word' id='word_1_190' title='bbox 2432 1194 2668 1258; x_wconf 87' lang='lat' dir='ltr'><strong>miseria,</strong></span> <span class='ocrx_word' id='word_1_191' title='bbox 2729 1202 2874 1247; x_wconf 89' lang='lat' dir='ltr'><strong>tanto</strong></span> <span class='ocrx_word' id='word_1_192' title='bbox 2931 1193 2990 1245; x_wconf 87' lang='lat' dir='ltr'><strong>fit</strong></span> <span class='ocrx_word' id='word_1_193' title='bbox 3041 1191 3432 1262; x_wconf 62' lang='lat' dir='ltr'><strong>prardicabilior</strong></span> <span class='ocrx_word' id='word_1_194' title='bbox 3477 1190 3874 1254; x_wconf 84' lang='lat' dir='ltr'><strong>misericordia;</strong></span> 
     </span>
    </p>
   </div>
   <div class='ocr_carea' id='block_1_29' title="bbox 2314 1281 3877 1350">
    <p class='ocr_par' dir='ltr' id='par_1_29' title="bbox 2314 1281 3877 1350">
     <span class='ocr_line' id='line_1_29' title="bbox 2314 1281 3877 1350; baseline -0.001 -14"><span class='ocrx_word' id='word_1_195' title='bbox 2314 1299 2412 1338; x_wconf 90' lang='lat' dir='ltr'><strong>nec</strong></span> <span class='ocrx_word' id='word_1_196' title='bbox 2439 1285 2652 1337; x_wconf 83' lang='lat' dir='ltr'><strong>miseria</strong></span> <span class='ocrx_word' id='word_1_197' title='bbox 2687 1298 2799 1336; x_wconf 89' lang='lat' dir='ltr'><strong>mea</strong></span> <span class='ocrx_word' id='word_1_198' title='bbox 2832 1293 2973 1336; x_wconf 88' lang='lat' dir='ltr'><strong>tanta</strong></span> <span class='ocrx_word' id='word_1_199' title='bbox 2999 1285 3122 1350; x_wconf 91' lang='lat' dir='ltr'><strong>erit,</strong></span> <span class='ocrx_word' id='word_1_200' title='bbox 3147 1293 3205 1336; x_wconf 90' lang='lat' dir='ltr'><strong>ut</strong></span> <span class='ocrx_word' id='word_1_201' title='bbox 3234 1283 3488 1337; x_wconf 81' lang='lat' dir='ltr'><strong>deficiens</strong></span> <span class='ocrx_word' id='word_1_202' title='bbox 3516 1281 3608 1338; x_wconf 84' lang='lat' dir='ltr'><strong>fiat</strong></span> <span class='ocrx_word' id='word_1_203' title='bbox 3637 1282 3877 1350; x_wconf 78' lang='lat' dir='ltr'><strong>potentia</strong></span> 
     </span>
    </p>
   </div>
   <div class='ocr_carea' id='block_1_30' title="bbox 2314 1371 3880 1441">
    <p class='ocr_par' dir='ltr' id='par_1_30' title="bbox 2314 1371 3880 1441">
     <span class='ocr_line' id='line_1_30' title="bbox 2314 1371 3880 1441; baseline -0.001 -17"><span class='ocrx_word' id='word_1_204' title='bbox 2314 1381 2418 1426; x_wconf 76' lang='lat' dir='ltr'><strong>tua:</strong></span> <span class='ocrx_word' id='word_1_205' title='bbox 2442 1371 2674 1425; x_wconf 88' lang='lat' dir='ltr'><strong>virtutis.</strong></span> <span class='ocrx_word' id='word_1_206' title='bbox 2707 1371 2787 1424; x_wconf 81' lang='lat' dir='ltr'><strong>An</strong></span> <span class='ocrx_word' id='word_1_207' title='bbox 2815 1387 2879 1425; x_wconf 92' lang='lat' dir='ltr'><strong>eo</strong></span> <span class='ocrx_word' id='word_1_208' title='bbox 2910 1386 3079 1440; x_wconf 88' lang='lat' dir='ltr'><strong>usque</strong></span> <span class='ocrx_word' id='word_1_209' title='bbox 3105 1371 3463 1441; x_wconf 82' lang='lat' dir='ltr'><strong>amplificatur</strong></span> <span class='ocrx_word' id='word_1_210' title='bbox 3489 1371 3706 1425; x_wconf 87' lang='lat' dir='ltr'><strong>miseria</strong></span> <span class='ocrx_word' id='word_1_211' title='bbox 3738 1386 3880 1436; x_wconf 86' lang='lat' dir='ltr'><strong>mea,</strong></span> 
     </span>
    </p>
   </div>
   <div class='ocr_carea' id='block_1_31' title="bbox 2312 1462 3881 1531">
    <p class='ocr_par' dir='ltr' id='par_1_31' title="bbox 2312 1462 3881 1531">
     <span class='ocr_line' id='line_1_31' title="bbox 2312 1462 3881 1531; baseline 0.003 -17"><span class='ocrx_word' id='word_1_212' title='bbox 2312 1470 2370 1516; x_wconf 89' lang='lat' dir='ltr'><strong>ut</strong></span> <span class='ocrx_word' id='word_1_213' title='bbox 2401 1470 2717 1531; x_wconf 74' lang='lat' dir='ltr'><strong>angustetur</strong></span> <span class='ocrx_word' id='word_1_214' title='bbox 2755 1462 3123 1516; x_wconf 86' lang='lat' dir='ltr'><strong>misericordia</strong></span> <span class='ocrx_word' id='word_1_215' title='bbox 3155 1462 3278 1516; x_wconf 84' lang='lat' dir='ltr'><strong>tua?</strong></span> <span class='ocrx_word' id='word_1_216' title='bbox 3311 1462 3392 1516; x_wconf 81' lang='lat' dir='ltr'><strong>An</strong></span> <span class='ocrx_word' id='word_1_217' title='bbox 3413 1462 3722 1516; x_wconf 88' lang='lat' dir='ltr'><strong>invalitudo</strong></span> <span class='ocrx_word' id='word_1_218' title='bbox 3757 1478 3881 1518; x_wconf 83' lang='lat' dir='ltr'><strong>mea</strong></span> 
     </span>
    </p>
   </div>
   <div class='ocr_carea' id='block_1_32' title="bbox 2317 1553 3882 1627">
    <p class='ocr_par' dir='ltr' id='par_1_32' title="bbox 2317 1553 3882 1627">
     <span class='ocr_line' id='line_1_32' title="bbox 2317 1553 3882 1627; baseline 0.004 -21"><span class='ocrx_word' id='word_1_219' title='bbox 2317 1553 2747 1623; x_wconf 71' lang='lat' dir='ltr'><strong>prteponderabit</strong></span> <span class='ocrx_word' id='word_1_220' title='bbox 2786 1555 3156 1627; x_wconf 77' lang='lat' dir='ltr'><strong>potentissima</strong></span> <span class='ocrx_word' id='word_1_221' title='bbox 3206 1554 3395 1609; x_wconf 90' lang='lat' dir='ltr'><strong>merita</strong></span> <span class='ocrx_word' id='word_1_222' title='bbox 3431 1555 3564 1608; x_wconf 80' lang='lat' dir='ltr'><strong>tua?</strong></span> <span class='ocrx_word' id='word_1_223' title='bbox 3601 1555 3708 1609; x_wconf 91' lang='lat' dir='ltr'><strong>imo</strong></span> <span class='ocrx_word' id='word_1_224' title='bbox 3759 1569 3882 1612; x_wconf 83' lang='lat' dir='ltr'><strong>me-</strong></span> 
     </span>
    </p>
   </div>
   <div class='ocr_carea' id='block_1_33' title="bbox 641 1637 3886 1729">
    <p class='ocr_par' dir='ltr' id='par_1_33' title="bbox 641 1637 3886 1729">
     <span class='ocr_line' id='line_1_33' title="bbox 641 1637 3886 1729; baseline -0.004 -17"><span class='ocrx_word' id='word_1_225' title='bbox 641 1647 732 1716; x_wconf 79' lang='lat' dir='ltr'><strong>tuo</strong></span> <span class='ocrx_word' id='word_1_226' title='bbox 783 1659 1090 1729; x_wconf 85' lang='lat' dir='ltr'><strong>magisterio</strong></span> <span class='ocrx_word' id='word_1_227' title='bbox 1131 1656 1424 1727; x_wconf 90' lang='lat' dir='ltr'><strong>gloriemur</strong></span> <span class='ocrx_word' id='word_1_228' title='bbox 1468 1669 1651 1709; x_wconf 90' lang='lat' dir='ltr'><strong>coram</strong></span> <span class='ocrx_word' id='word_1_229' title='bbox 1700 1652 1810 1708; x_wconf 90' lang='lat' dir='ltr'><strong>Deo</strong></span> <span class='ocrx_word' id='word_1_230' title='bbox 1853 1653 1944 1722; x_wconf 90' lang='lat' dir='ltr'><strong>qui</strong></span> <span class='ocrx_word' id='word_1_231' title='bbox 1988 1651 2120 1705; x_wconf 86' lang='lat' dir='ltr'><strong>vivit</strong></span> <span class='ocrx_word' id='word_1_232' title='bbox 2159 1660 2214 1706; x_wconf 84' lang='lat' dir='ltr'><strong>et</strong></span> <span class='ocrx_word' id='word_1_233' title='bbox 2245 1647 2287 1701; x_wconf 84' lang='grc' dir='ltr'>Β</span> <span class='ocrx_word' id='word_1_234' title='bbox 2314 1646 2539 1697; x_wconf 85' lang='lat' dir='ltr'><strong>riturum</strong></span> <span class='ocrx_word' id='word_1_235' title='bbox 2577 1655 2786 1698; x_wconf 86' lang='lat' dir='ltr'><strong>tuorum</strong></span> <span class='ocrx_word' id='word_1_236' title='bbox 2815 1637 3424 1717; x_wconf 19' lang='lat' dir='ltr'><strong>praeponderans‘gratia</strong></span> <span class='ocrx_word' id='word_1_237' title='bbox 3455 1644 3722 1710; x_wconf 82' lang='lat' dir='ltr'><strong>sustollat,</strong></span> <span class='ocrx_word' id='word_1_238' title='bbox 3749 1645 3886 1700; x_wconf 87' lang='lat' dir='ltr'><strong>levi-</strong></span> 
     </span>
    </p>
   </div>
   <div class='ocr_carea' id='block_1_34' title="bbox 641 1745 1998 1824">
    <p class='ocr_par' dir='ltr' id='par_1_34' title="bbox 641 1745 1998 1824">
     <span class='ocr_line' id='line_1_34' title="bbox 641 1745 1998 1824; baseline -0.01 -15"><span class='ocrx_word' id='word_1_239' title='bbox 641 1755 831 1824; x_wconf 69' lang='lat' dir='ltr'><strong>Iegnat</strong></span> <span class='ocrx_word' id='word_1_240' title='bbox 860 1767 956 1824; x_wconf 89' lang='lat' dir='ltr'><strong>per</strong></span> <span class='ocrx_word' id='word_1_241' title='bbox 987 1750 1167 1807; x_wconf 89' lang='lat' dir='ltr'><strong>omnia</strong></span> <span class='ocrx_word' id='word_1_242' title='bbox 1203 1747 1394 1802; x_wconf 63' lang='lat' dir='ltr'><strong>saecula</strong></span> <span class='ocrx_word' id='word_1_243' title='bbox 1426 1745 1767 1800; x_wconf 82' lang='lat' dir='ltr'><strong>saeculorum.</strong></span> <span class='ocrx_word' id='word_1_244' title='bbox 1808 1746 1998 1799; x_wconf 20' lang='lat' dir='ltr'><strong>Amen.</strong></span> 
     </span>
    </p>
   </div>
   <div class='ocr_carea' id='block_1_35' title="bbox 993 1833 1855 1908">
    <p class='ocr_par' dir='ltr' id='par_1_35' title="bbox 993 1833 1855 1908">
     <span class='ocr_line' id='line_1_35' title="bbox 993 1833 1855 1908; baseline -0.007 -12"><span class='ocrx_word' id='word_1_245' title='bbox 993 1837 1249 1896; x_wconf 78' lang='lat' dir='ltr'><strong>ORATIO</strong></span> <span class='ocrx_word' id='word_1_246' title='bbox 1285 1835 1492 1891; x_wconf 84' lang='lat' dir='ltr'><strong>Lxxnt</strong></span> <span class='ocrx_word' id='word_1_247' title='bbox 1523 1835 1617 1908; x_wconf 86' lang='grc' dir='ltr'><strong>[οι.</strong></span> <span class='ocrx_word' id='word_1_248' title='bbox 1646 1833 1855 1907; x_wconf 80' lang='lat' dir='ltr'><strong>LXXI].</strong></span> 
     </span>
    </p>
   </div>
   <div class='ocr_carea' id='block_1_36' title="bbox 1105 1942 1880 1984">
    <p class='ocr_par' dir='ltr' id='par_1_36' title="bbox 1105 1942 1880 1984">
     <span class='ocr_line' id='line_1_36' title="bbox 1105 1942 1880 1984; baseline -0.005 -1"><span class='ocrx_word' id='word_1_249' title='bbox 1105 1946 1136 1983; x_wconf 89' lang='lat' dir='ltr'><strong>D</strong></span> <span class='ocrx_word' id='word_1_250' title='bbox 1171 1942 1412 1984; x_wconf 74' lang='lat' dir='ltr'><strong>SANCTUII</strong></span> <span class='ocrx_word' id='word_1_251' title='bbox 1451 1942 1787 1981; x_wconf 69' lang='grc' dir='ltr'><strong>ουΝετΑΝιιιί.</strong></span> <span class='ocrx_word' id='word_1_252' title='bbox 1871 1942 1880 1957; x_wconf 88' lang='grc'><strong><em>⁸</em></strong></span> 
     </span>
    </p>
   </div>
   <div class='ocr_carea' id='block_1_37' title="bbox 887 2010 1953 2093">
    <p class='ocr_par' dir='ltr' id='par_1_37' title="bbox 887 2024 1953 2093">
     <span class='ocr_line' id='line_1_37' title="bbox 887 2024 1953 2093; baseline -0.009 -8"><span class='ocrx_word' id='word_1_253' title='bbox 887 2030 1017 2085; x_wconf 89' lang='lat' dir='ltr'><strong>Cum</strong></span> <span class='ocrx_word' id='word_1_254' title='bbox 1047 2028 1407 2083; x_wconf 76' lang='lat' dir='ltr'><strong>recordatione</strong></span> <span class='ocrx_word' id='word_1_255' title='bbox 1437 2024 1812 2078; x_wconf 85' lang='lat' dir='ltr'><strong>miraculorum</strong></span> <span class='ocrx_word' id='word_1_256' title='bbox 1840 2024 1953 2093; x_wconf 70' lang='lat' dir='ltr'><strong>ejus</strong></span> 
     </span>
    </p>
   </div>
   <div class='ocr_carea' id='block_1_38' title="bbox 712 2110 2216 2182">
    <p class='ocr_par' dir='ltr' id='par_1_38' title="bbox 712 2110 2216 2182">
     <span class='ocr_line' id='line_1_38' title="bbox 712 2110 2216 2182; baseline -0.009 -4"><span class='ocrx_word' id='word_1_257' title='bbox 712 2123 916 2179; x_wconf 86' lang='lat' dir='ltr'><strong>Sancte</strong></span> <span class='ocrx_word' id='word_1_258' title='bbox 942 2123 1242 2182; x_wconf 86' lang='lat' dir='ltr'><strong>Dunstanc,</strong></span> <span class='ocrx_word' id='word_1_259' title='bbox 1272 2116 1446 2172; x_wconf 91' lang='lat' dir='ltr'><strong>dulcis</strong></span> <span class='ocrx_word' id='word_1_260' title='bbox 1487 2116 1552 2169; x_wconf 88' lang='lat' dir='ltr'><strong>ad</strong></span> <span class='ocrx_word' id='word_1_261' title='bbox 1583 2114 1959 2177; x_wconf 88' lang='lat' dir='ltr'><strong>invocandutn,</strong></span> <span class='ocrx_word' id='word_1_262' title='bbox 1984 2121 2039 2166; x_wconf 93' lang='lat' dir='ltr'><strong>et</strong></span> <span class='ocrx_word' id='word_1_263' title='bbox 2066 2110 2216 2166; x_wconf 86' lang='lat' dir='ltr'><strong>beni-</strong></span> 
     </span>
    </p>
   </div>
   <div class='ocr_carea' id='block_1_39' title="bbox 642 2197 2214 2287">
    <p class='ocr_par' dir='ltr' id='par_1_39' title="bbox 642 2197 2214 2287">
     <span class='ocr_line' id='line_1_39' title="bbox 642 2197 2214 2287; baseline -0.011 -16"><span class='ocrx_word' id='word_1_264' title='bbox 642 2232 780 2287; x_wconf 79' lang='lat' dir='ltr'><strong>gnus</strong></span> <span class='ocrx_word' id='word_1_265' title='bbox 817 2214 885 2269; x_wconf 89' lang='lat' dir='ltr'><strong>ad</strong></span> <span class='ocrx_word' id='word_1_266' title='bbox 920 2211 1345 2274; x_wconf 90' lang='lat' dir='ltr'><strong>cxaudiendum,</strong></span> <span class='ocrx_word' id='word_1_267' title='bbox 1390 2209 1510 2277; x_wconf 93' lang='lat' dir='ltr'><strong>pius</strong></span> <span class='ocrx_word' id='word_1_268' title='bbox 1553 2197 1618 2260; x_wconf 82' lang='lat' dir='ltr'><strong>ad</strong></span> <span class='ocrx_word' id='word_1_269' title='bbox 1657 2204 2109 2267; x_wconf 82' lang='lat' dir='ltr'><strong>subveniendmn;</strong></span> <span class='ocrx_word' id='word_1_270' title='bbox 2160 2210 2214 2255; x_wconf 92' lang='lat' dir='ltr'><strong>tu</strong></span> 
     </span>
    </p>
   </div>
   <div class='ocr_carea' id='block_1_40' title="bbox 642 2292 2214 2374">
    <p class='ocr_par' dir='ltr' id='par_1_40' title="bbox 642 2292 2214 2374">
     <span class='ocr_line' id='line_1_40' title="bbox 642 2292 2214 2374; baseline -0.012 -11"><span class='ocrx_word' id='word_1_271' title='bbox 642 2309 710 2363; x_wconf 82' lang='lat' dir='ltr'><strong>ad</strong></span> <span class='ocrx_word' id='word_1_272' title='bbox 746 2316 798 2362; x_wconf 90' lang='lat' dir='ltr'><strong>te</strong></span> <span class='ocrx_word' id='word_1_273' title='bbox 831 2303 1160 2374; x_wconf 84' lang='lat' dir='ltr'><strong>fugientibus</strong></span> <span class='ocrx_word' id='word_1_274' title='bbox 1195 2313 1468 2369; x_wconf 88' lang='lat' dir='ltr'><strong>nunquam</strong></span> <span class='ocrx_word' id='word_1_275' title='bbox 1521 2297 1786 2351; x_wconf 91' lang='lat' dir='ltr'><strong>incertum</strong></span> <span class='ocrx_word' id='word_1_276' title='bbox 1838 2292 2125 2370; x_wconf 87' lang='lat' dir='ltr'><strong>refugium,</strong></span> <span class='ocrx_word' id='word_1_277' title='bbox 2160 2301 2214 2344; x_wconf 90' lang='lat' dir='ltr'><strong>tu</strong></span> 
     </span>
    </p>
   </div>
   <div class='ocr_carea' id='block_1_41' title="bbox 639 2385 2212 2459">
    <p class='ocr_par' dir='ltr' id='par_1_41' title="bbox 639 2385 2212 2459">
     <span class='ocr_line' id='line_1_41' title="bbox 639 2385 2212 2459; baseline -0.011 -6"><span class='ocrx_word' id='word_1_278' title='bbox 639 2399 710 2453; x_wconf 76' lang='grc' dir='ltr'><strong>ιιι</strong></span> <span class='ocrx_word' id='word_1_279' title='bbox 746 2407 799 2452; x_wconf 90' lang='lat' dir='ltr'><strong>te</strong></span> <span class='ocrx_word' id='word_1_280' title='bbox 837 2394 1195 2452; x_wconf 86' lang='lat' dir='ltr'><strong>clamantibus</strong></span> <span class='ocrx_word' id='word_1_281' title='bbox 1234 2404 1509 2459; x_wconf 90' lang='lat' dir='ltr'><strong>nunquam</strong></span> <span class='ocrx_word' id='word_1_282' title='bbox 1550 2388 1875 2456; x_wconf 86' lang='lat' dir='ltr'><strong>imparatum</strong></span> <span class='ocrx_word' id='word_1_283' title='bbox 1925 2385 2212 2448; x_wconf 80' lang='lat' dir='ltr'><strong>auxilium;</strong></span> 
     </span>
    </p>
   </div>
   <div class='ocr_carea' id='block_1_42' title="bbox 643 2473 2214 2554">
    <p class='ocr_par' dir='ltr' id='par_1_42' title="bbox 643 2473 2214 2554">
     <span class='ocr_line' id='line_1_42' title="bbox 643 2473 2214 2554; baseline -0.012 -9"><span class='ocrx_word' id='word_1_284' title='bbox 643 2497 854 2554; x_wconf 76' lang='lat' dir='ltr'><strong>sancte,</strong></span> <span class='ocrx_word' id='word_1_285' title='bbox 889 2484 1117 2554; x_wconf 81' lang='lat' dir='ltr'><strong>benigne</strong></span> <span class='ocrx_word' id='word_1_286' title='bbox 1155 2497 1219 2536; x_wconf 90' lang='lat' dir='ltr'><strong>ac</strong></span> <span class='ocrx_word' id='word_1_287' title='bbox 1253 2481 1340 2550; x_wconf 91' lang='lat' dir='ltr'><strong>pie</strong></span> <span class='ocrx_word' id='word_1_288' title='bbox 1377 2481 1669 2539; x_wconf 85' lang='lat' dir='ltr'><strong>Dunstanc,</strong></span> <span class='ocrx_word' id='word_1_289' title='bbox 1704 2477 1910 2544; x_wconf 89' lang='lat' dir='ltr'><strong>respice</strong></span> <span class='ocrx_word' id='word_1_290' title='bbox 1943 2473 2214 2528; x_wconf 87' lang='lat' dir='ltr'><strong>miseriam</strong></span> 
     </span>
    </p>
   </div>
   <div class='ocr_carea' id='block_1_43' title="bbox 644 2565 2213 2639">
    <p class='ocr_par' dir='ltr' id='par_1_43' title="bbox 644 2565 2213 2639">
     <span class='ocr_line' id='line_1_43' title="bbox 644 2565 2213 2639; baseline -0.011 -5"><span class='ocrx_word' id='word_1_291' title='bbox 644 2580 843 2635; x_wconf 68' lang='lat' dir='ltr'><strong>animm</strong></span> <span class='ocrx_word' id='word_1_292' title='bbox 895 2589 1076 2630; x_wconf 71' lang='lat' dir='ltr'><strong>mete:</strong></span> <span class='ocrx_word' id='word_1_293' title='bbox 1121 2572 1166 2625; x_wconf 84' lang='lat' dir='ltr'><strong>si</strong></span> <span class='ocrx_word' id='word_1_294' title='bbox 1220 2571 1362 2626; x_wconf 89' lang='lat' dir='ltr'><strong>enim</strong></span> <span class='ocrx_word' id='word_1_295' title='bbox 1408 2567 1729 2639; x_wconf 78' lang='lat' dir='ltr'><strong>respexeris,</strong></span> <span class='ocrx_word' id='word_1_296' title='bbox 1767 2566 1812 2620; x_wconf 91' lang='lat' dir='ltr'><strong>si</strong></span> <span class='ocrx_word' id='word_1_297' title='bbox 1847 2565 2213 2619; x_wconf 86' lang='lat' dir='ltr'><strong>calamitatem</strong></span> 
     </span>
    </p>
   </div>
   <div class='ocr_carea' id='block_1_44' title="bbox 643 2655 2212 2726">
    <p class='ocr_par' dir='ltr' id='par_1_44' title="bbox 643 2655 2212 2726">
     <span class='ocr_line' id='line_1_44' title="bbox 643 2655 2212 2726; baseline -0.01 -3"><span class='ocrx_word' id='word_1_298' title='bbox 643 2682 824 2723; x_wconf 88' lang='lat' dir='ltr'><strong>meam</strong></span> <span class='ocrx_word' id='word_1_299' title='bbox 857 2673 913 2720; x_wconf 89' lang='lat' dir='ltr'><strong>et</strong></span> <span class='ocrx_word' id='word_1_300' title='bbox 944 2661 1222 2719; x_wconf 86' lang='lat' dir='ltr'><strong>miseriam</strong></span> <span class='ocrx_word' id='word_1_301' title='bbox 1268 2659 1591 2721; x_wconf 84' lang='lat' dir='ltr'><strong>attenderis,</strong></span> <span class='ocrx_word' id='word_1_302' title='bbox 1631 2655 1872 2726; x_wconf 86' lang='lat' dir='ltr'><strong>profecto</strong></span> <span class='ocrx_word' id='word_1_303' title='bbox 1904 2655 2212 2709; x_wconf 81' lang='lat' dir='ltr'><strong>misericor-</strong></span> 
     </span>
    </p>
   </div>
   <div class='ocr_carea' id='block_1_45' title="bbox 645 2743 2212 2815">
    <p class='ocr_par' dir='ltr' id='par_1_45' title="bbox 645 2743 2212 2815">
     <span class='ocr_line' id='line_1_45' title="bbox 645 2743 2212 2815; baseline -0.01 -1"><span class='ocrx_word' id='word_1_304' title='bbox 645 2757 748 2815; x_wconf 78' lang='lat' dir='ltr'><strong>dia:</strong></span> <span class='ocrx_word' id='word_1_305' title='bbox 784 2766 888 2810; x_wconf 67' lang='lat' dir='ltr'><strong>tuas</strong></span> <span class='ocrx_word' id='word_1_306' title='bbox 916 2754 1122 2808; x_wconf 89' lang='lat' dir='ltr'><strong>viscera</strong></span> <span class='ocrx_word' id='word_1_307' title='bbox 1160 2765 1266 2804; x_wconf 93' lang='lat' dir='ltr'><strong>non</strong></span> <span class='ocrx_word' id='word_1_308' title='bbox 1306 2747 1626 2802; x_wconf 84' lang='lat' dir='ltr'><strong>continebis.</strong></span> <span class='ocrx_word' id='word_1_309' title='bbox 1675 2743 1914 2808; x_wconf 91' lang='lat' dir='ltr'><strong>Timore,</strong></span> <span class='ocrx_word' id='word_1_310' title='bbox 1961 2752 2212 2807; x_wconf 88' lang='lat' dir='ltr'><strong>tremore,</strong></span> 
     </span>
    </p>
   </div>
   <div class='ocr_carea' id='block_1_46' title="bbox 642 2827 2214 2907">
    <p class='ocr_par' dir='ltr' id='par_1_46' title="bbox 642 2827 2214 2907">
     <span class='ocr_line' id='line_1_46' title="bbox 642 2827 2214 2907; baseline -0.01 -3"><span class='ocrx_word' id='word_1_311' title='bbox 642 2848 872 2904; x_wconf 86' lang='lat' dir='ltr'><strong>horrore</strong></span> <span class='ocrx_word' id='word_1_312' title='bbox 900 2827 1174 2899; x_wconf 79' lang='lat' dir='ltr'><strong>cruciatur</strong></span> <span class='ocrx_word' id='word_1_313' title='bbox 1204 2840 1382 2894; x_wconf 91' lang='lat' dir='ltr'><strong>anima</strong></span> <span class='ocrx_word' id='word_1_314' title='bbox 1419 2837 1586 2907; x_wconf 74' lang='lat'><strong>298</strong></span> <span class='ocrx_word' id='word_1_315' title='bbox 1611 2850 1757 2900; x_wconf 88' lang='lat' dir='ltr'><strong>mea;</strong></span> <span class='ocrx_word' id='word_1_316' title='bbox 1795 2835 1983 2900; x_wconf 80' lang='lat' dir='ltr'><strong>timet,</strong></span> <span class='ocrx_word' id='word_1_317' title='bbox 2032 2835 2214 2888; x_wconf 89' lang='lat' dir='ltr'><strong>tremit</strong></span> 
     </span>
    </p>
   </div>
   <div class='ocr_carea' id='block_1_47' title="bbox 644 2925 2216 2998">
    <p class='ocr_par' dir='ltr' id='par_1_47' title="bbox 644 2925 2216 2998">
     <span class='ocr_line' id='line_1_47' title="bbox 644 2925 2216 2998; baseline -0.01 -4"><span class='ocrx_word' id='word_1_318' title='bbox 644 2949 703 2996; x_wconf 77' lang='lat' dir='ltr'><strong>et</strong></span> <span class='ocrx_word' id='word_1_319' title='bbox 731 2938 990 2992; x_wconf 76' lang='lat' dir='ltr'><strong>exhorret</strong></span> <span class='ocrx_word' id='word_1_320' title='bbox 1038 2931 1316 2994; x_wconf 88' lang='lat' dir='ltr'><strong>immania,</strong></span> <span class='ocrx_word' id='word_1_321' title='bbox 1371 2944 1490 2998; x_wconf 76' lang='lat' dir='ltr'><strong>quae</strong></span> <span class='ocrx_word' id='word_1_322' title='bbox 1538 2936 1798 2992; x_wconf 88' lang='lat' dir='ltr'><strong>meretur,</strong></span> <span class='ocrx_word' id='word_1_323' title='bbox 1828 2925 2118 2995; x_wconf 87' lang='lat' dir='ltr'><strong>supplicia;</strong></span> <span class='ocrx_word' id='word_1_324' title='bbox 2158 2934 2216 2979; x_wconf 87' lang='lat' dir='ltr'><strong>et</strong></span> 
     </span>
    </p>
   </div>
   <div class='ocr_carea' id='block_1_48' title="bbox 647 3013 2216 3094">
    <p class='ocr_par' dir='ltr' id='par_1_48' title="bbox 647 3013 2216 3094">
     <span class='ocr_line' id='line_1_48' title="bbox 647 3013 2216 3094; baseline -0.011 -9"><span class='ocrx_word' id='word_1_325' title='bbox 647 3044 753 3085; x_wconf 85' lang='lat' dir='ltr'><strong>non</strong></span> <span class='ocrx_word' id='word_1_326' title='bbox 780 3036 863 3082; x_wconf 89' lang='lat' dir='ltr'><strong>est</strong></span> <span class='ocrx_word' id='word_1_327' title='bbox 890 3040 997 3094; x_wconf 91' lang='lat' dir='ltr'><strong>quo</strong></span> <span class='ocrx_word' id='word_1_328' title='bbox 1037 3022 1256 3092; x_wconf 80' lang='lat' dir='ltr'><strong>effugiat</strong></span> <span class='ocrx_word' id='word_1_329' title='bbox 1296 3019 1588 3075; x_wconf 90' lang='lat' dir='ltr'><strong>constituta</strong></span> <span class='ocrx_word' id='word_1_330' title='bbox 1625 3025 1752 3071; x_wconf 87' lang='lat' dir='ltr'><strong>ante</strong></span> <span class='ocrx_word' id='word_1_331' title='bbox 1784 3015 2042 3085; x_wconf 76' lang='lat' dir='ltr'><strong>iudicem.</strong></span> <span class='ocrx_word' id='word_1_332' title='bbox 2092 3013 2216 3069; x_wconf 86' lang='lat' dir='ltr'><strong>Sola</strong></span> 
     </span>
    </p>
   </div>
   <div class='ocr_carea' id='block_1_49' title="bbox 645 3099 2216 3185">
    <p class='ocr_par' dir='ltr' id='par_1_49' title="bbox 645 3099 2216 3185">
     <span class='ocr_line' id='line_1_49' title="bbox 645 3099 2216 3185; baseline -0.01 -8"><span class='ocrx_word' id='word_1_333' title='bbox 645 3120 879 3185; x_wconf 73' lang='lat' dir='ltr'><strong>assistit;</strong></span> <span class='ocrx_word' id='word_1_334' title='bbox 911 3116 1109 3179; x_wconf 89' lang='lat' dir='ltr'><strong>nullus,</strong></span> <span class='ocrx_word' id='word_1_335' title='bbox 1137 3113 1227 3184; x_wconf 84' lang='lat' dir='ltr'><strong>qui</strong></span> <span class='ocrx_word' id='word_1_336' title='bbox 1259 3125 1357 3182; x_wconf 91' lang='lat' dir='ltr'><strong>pro</strong></span> <span class='ocrx_word' id='word_1_337' title='bbox 1385 3125 1447 3165; x_wconf 92' lang='lat' dir='ltr'><strong>ea</strong></span> <span class='ocrx_word' id='word_1_338' title='bbox 1473 3117 1617 3179; x_wconf 86' lang='lat' dir='ltr'><strong>agat,</strong></span> <span class='ocrx_word' id='word_1_339' title='bbox 1648 3108 1852 3163; x_wconf 80' lang='lat' dir='ltr'><strong>existit.</strong></span> <span class='ocrx_word' id='word_1_340' title='bbox 1885 3105 2006 3161; x_wconf 83' lang='lat' dir='ltr'><strong>Vita</strong></span> <span class='ocrx_word' id='word_1_341' title='bbox 2037 3099 2216 3162; x_wconf 61' lang='lat' dir='ltr'><strong>discu-</strong></span> 
     </span>
    </p>
   </div>
   <div class='ocr_carea' id='block_1_50' title="bbox 646 3199 2219 3275">
    <p class='ocr_par' dir='ltr' id='par_1_50' title="bbox 646 3199 2219 3275">
     <span class='ocr_line' id='line_1_50' title="bbox 646 3199 2219 3275; baseline -0.01 -7"><span class='ocrx_word' id='word_1_342' title='bbox 646 3215 800 3275; x_wconf 85' lang='lat' dir='ltr'><strong>titur,</strong></span> <span class='ocrx_word' id='word_1_343' title='bbox 830 3205 1150 3265; x_wconf 86' lang='lat' dir='ltr'><strong>damnabilis</strong></span> <span class='ocrx_word' id='word_1_344' title='bbox 1174 3203 1464 3258; x_wconf 85' lang='lat' dir='ltr'><strong>invenitur.</strong></span> <span class='ocrx_word' id='word_1_345' title='bbox 1492 3201 1633 3255; x_wconf 87' lang='lat' dir='ltr'><strong>Bona</strong></span> <span class='ocrx_word' id='word_1_346' title='bbox 1658 3200 1857 3254; x_wconf 89' lang='lat' dir='ltr'><strong>etenim</strong></span> <span class='ocrx_word' id='word_1_347' title='bbox 1889 3206 2008 3254; x_wconf 83' lang='lat' dir='ltr'><strong>acta</strong></span> <span class='ocrx_word' id='word_1_348' title='bbox 2038 3199 2219 3268; x_wconf 90' lang='lat' dir='ltr'><strong>requi-</strong></span> 
     </span>
    </p>
   </div>
   <div class='ocr_carea' id='block_1_51' title="bbox 645 3281 2218 3366">
    <p class='ocr_par' dir='ltr' id='par_1_51' title="bbox 645 3281 2218 3366">
     <span class='ocr_line' id='line_1_51' title="bbox 645 3281 2218 3366; baseline -0.01 -6"><span class='ocrx_word' id='word_1_349' title='bbox 645 3311 871 3366; x_wconf 87' lang='lat' dir='ltr'><strong>runtur;</strong></span> <span class='ocrx_word' id='word_1_350' title='bbox 907 3299 1023 3364; x_wconf 88' lang='lat' dir='ltr'><strong>vix,</strong></span> <span class='ocrx_word' id='word_1_351' title='bbox 1050 3281 1142 3350; x_wconf 89' lang='lat' dir='ltr'><strong>aut</strong></span> <span class='ocrx_word' id='word_1_352' title='bbox 1181 3294 1326 3349; x_wconf 91' lang='lat' dir='ltr'><strong>nulla</strong></span> <span class='ocrx_word' id='word_1_353' title='bbox 1368 3288 1728 3362; x_wconf 84' lang='lat' dir='ltr'><strong>reperiuntur.</strong></span> <span class='ocrx_word' id='word_1_354' title='bbox 1772 3287 2094 3344; x_wconf 80' lang='lat' dir='ltr'><strong>Deferuntur</strong></span> <span class='ocrx_word' id='word_1_355' title='bbox 2123 3290 2218 3344; x_wconf 86' lang='lat' dir='ltr'><strong>ad-</strong></span> 
     </span>
    </p>
   </div>
   <div class='ocr_carea' id='block_1_52' title="bbox 645 3379 2214 3460">
    <p class='ocr_par' dir='ltr' id='par_1_52' title="bbox 645 3379 2214 3460">
     <span class='ocr_line' id='line_1_52' title="bbox 645 3379 2214 3460; baseline -0.011 -10"><span class='ocrx_word' id='word_1_356' title='bbox 645 3394 840 3456; x_wconf 86' lang='lat' dir='ltr'><strong>missa;</strong></span> <span class='ocrx_word' id='word_1_357' title='bbox 875 3388 1063 3460; x_wconf 87' lang='lat' dir='ltr'><strong>negari</strong></span> <span class='ocrx_word' id='word_1_358' title='bbox 1091 3379 1196 3442; x_wconf 83' lang='lat' dir='ltr'><strong>non</strong></span> <span class='ocrx_word' id='word_1_359' title='bbox 1223 3393 1450 3455; x_wconf 85' lang='lat' dir='ltr'><strong>possunt</strong></span> <span class='ocrx_word' id='word_1_360' title='bbox 1483 3392 1590 3437; x_wconf 91' lang='lat' dir='ltr'><strong>tam</strong></span> <span class='ocrx_word' id='word_1_361' title='bbox 1625 3381 1791 3435; x_wconf 89' lang='lat' dir='ltr'><strong>multa</strong></span> <span class='ocrx_word' id='word_1_362' title='bbox 1827 3390 1883 3434; x_wconf 92' lang='lat' dir='ltr'><strong>et</strong></span> <span class='ocrx_word' id='word_1_363' title='bbox 1914 3390 2019 3434; x_wconf 92' lang='lat' dir='ltr'><strong>tam</strong></span> <span class='ocrx_word' id='word_1_364' title='bbox 2055 3395 2214 3449; x_wconf 59' lang='lat' dir='ltr'><strong>granc</strong></span> 
     </span>
    </p>
   </div>
   <div class='ocr_carea' id='block_1_53' title="bbox 647 3463 2219 3551">
    <p class='ocr_par' dir='ltr' id='par_1_53' title="bbox 647 3463 2219 3551">
     <span class='ocr_line' id='line_1_53' title="bbox 647 3463 2219 3551; baseline -0.013 -10"><span class='ocrx_word' id='word_1_365' title='bbox 647 3486 758 3548; x_wconf 85' lang='lat' dir='ltr'><strong>dia,</strong></span> <span class='ocrx_word' id='word_1_366' title='bbox 801 3495 920 3551; x_wconf 59' lang='lat' dir='ltr'><strong>qua;</strong></span> <span class='ocrx_word' id='word_1_367' title='bbox 958 3476 1172 3545; x_wconf 83' lang='lat' dir='ltr'><strong>omnem</strong></span> <span class='ocrx_word' id='word_1_368' title='bbox 1215 3475 1382 3528; x_wconf 75' lang='lat' dir='ltr'><strong>venia:</strong></span> <span class='ocrx_word' id='word_1_369' title='bbox 1423 3463 1570 3542; x_wconf 82' lang='lat' dir='ltr'><strong>spem</strong></span> <span class='ocrx_word' id='word_1_370' title='bbox 1603 3470 1911 3527; x_wconf 89' lang='lat' dir='ltr'><strong>excludunt.</strong></span> <span class='ocrx_word' id='word_1_371' title='bbox 1956 3469 2219 3539; x_wconf 83' lang='lat' dir='ltr'><strong>Longani-</strong></span> 
     </span>
    </p>
   </div>
   <div class='ocr_carea' id='block_1_54' title="bbox 649 3559 2218 3642">
    <p class='ocr_par' dir='ltr' id='par_1_54' title="bbox 649 3559 2218 3642">
     <span class='ocr_line' id='line_1_54' title="bbox 649 3559 2218 3642; baseline -0.013 -9"><span class='ocrx_word' id='word_1_372' title='bbox 649 3591 791 3634; x_wconf 85' lang='lat' dir='ltr'><strong>mem</strong></span> <span class='ocrx_word' id='word_1_373' title='bbox 819 3572 901 3629; x_wconf 88' lang='lat' dir='ltr'><strong>sui</strong></span> <span class='ocrx_word' id='word_1_374' title='bbox 927 3568 1241 3641; x_wconf 86' lang='lat' dir='ltr'><strong>patientiam</strong></span> <span class='ocrx_word' id='word_1_375' title='bbox 1264 3563 1427 3642; x_wconf 78' lang='lat' dir='ltr'><strong>iudex</strong></span> <span class='ocrx_word' id='word_1_376' title='bbox 1454 3564 1720 3632; x_wconf 82' lang='lat' dir='ltr'><strong>exigendo</strong></span> <span class='ocrx_word' id='word_1_377' title='bbox 1744 3559 2060 3628; x_wconf 66' lang='lat' dir='ltr'><strong>praetendit;</strong></span> <span class='ocrx_word' id='word_1_378' title='bbox 2085 3559 2218 3613; x_wconf 86' lang='lat' dir='ltr'><strong>nihil</strong></span> 
     </span>
    </p>
   </div>
   <div class='ocr_carea' id='block_1_55' title="bbox 647 3649 2253 3733">
    <p class='ocr_par' dir='ltr' id='par_1_55' title="bbox 647 3649 2253 3733">
     <span class='ocr_line' id='line_1_55' title="bbox 647 3649 2253 3733; baseline -0.016 -10"><span class='ocrx_word' id='word_1_379' title='bbox 647 3667 754 3723; x_wconf 84' lang='lat' dir='ltr'><strong>nlsl</strong></span> <span class='ocrx_word' id='word_1_380' title='bbox 799 3656 1260 3733; x_wconf 6' lang='lat' dir='ltr'><strong>pertinacemqsui</strong></span> <span class='ocrx_word' id='word_1_381' title='bbox 1301 3653 1750 3723; x_wconf 72' lang='lat' dir='ltr'><strong>imposnitentiam</strong></span> <span class='ocrx_word' id='word_1_382' title='bbox 1805 3652 1905 3705; x_wconf 90' lang='lat' dir='ltr'><strong>ista</strong></span> <span class='ocrx_word' id='word_1_383' title='bbox 1950 3649 2253 3705; x_wconf 79' lang='lat' dir='ltr'><strong>obtendit.,</strong></span> 
     </span>
    </p>
   </div>
   <div class='ocr_carea' id='block_1_56' title="bbox 648 3743 2219 3816">
    <p class='ocr_par' dir='ltr' id='par_1_56' title="bbox 648 3743 2219 3816">
     <span class='ocr_line' id='line_1_56' title="bbox 648 3743 2219 3816; baseline -0.012 -1"><span class='ocrx_word' id='word_1_384' title='bbox 648 3756 1071 3816; x_wconf 84' lang='lat' dir='ltr'><strong>Clrcumsistunt</strong></span> <span class='ocrx_word' id='word_1_385' title='bbox 1110 3755 1461 3810; x_wconf 85' lang='lat' dir='ltr'><strong>accusantes,</strong></span> <span class='ocrx_word' id='word_1_386' title='bbox 1499 3747 1700 3799; x_wconf 85' lang='lat' dir='ltr'><strong>iterant</strong></span> <span class='ocrx_word' id='word_1_387' title='bbox 1735 3753 1791 3798; x_wconf 89' lang='lat' dir='ltr'><strong>et</strong></span> <span class='ocrx_word' id='word_1_388' title='bbox 1824 3743 2106 3808; x_wconf 89' lang='lat' dir='ltr'><strong>reiterant,</strong></span> <span class='ocrx_word' id='word_1_389' title='bbox 2133 3757 2219 3796; x_wconf 91' lang='lat' dir='ltr'><strong>re-</strong></span> 
     </span>
    </p>
   </div>
   <div class='ocr_carea' id='block_1_57' title="bbox 648 3829 2220 3921">
    <p class='ocr_par' dir='ltr' id='par_1_57' title="bbox 648 3829 2220 3921">
     <span class='ocr_line' id='line_1_57' title="bbox 648 3829 2220 3921; baseline -0.01 -21"><span class='ocrx_word' id='word_1_390' title='bbox 648 3849 930 3921; x_wconf 82' lang='lat' dir='ltr'><strong>plicantet</strong></span> <span class='ocrx_word' id='word_1_391' title='bbox 958 3841 1232 3910; x_wconf 85' lang='lat' dir='ltr'><strong>explicant</strong></span> <span class='ocrx_word' id='word_1_392' title='bbox 1278 3835 1487 3890; x_wconf 89' lang='lat' dir='ltr'><strong>delatas</strong></span> <span class='ocrx_word' id='word_1_393' title='bbox 1531 3831 1924 3888; x_wconf 89' lang='lat' dir='ltr'><strong>accusationes.</strong></span> <span class='ocrx_word' id='word_1_394' title='bbox 1973 3829 2220 3898; x_wconf 88' lang='lat' dir='ltr'><strong>Undique</strong></span> 
     </span>
    </p>
   </div>
   <div class='ocr_carea' id='block_1_58' title="bbox 650 3925 2222 4001">
    <p class='ocr_par' dir='ltr' id='par_1_58' title="bbox 650 3925 2222 4001">
     <span class='ocr_line' id='line_1_58' title="bbox 650 3925 2222 4001; baseline -0.017 -3"><span class='ocrx_word' id='word_1_395' title='bbox 650 3947 961 4001; x_wconf 85' lang='lat' dir='ltr'><strong>accusatur,</strong></span> <span class='ocrx_word' id='word_1_396' title='bbox 1000 3950 1031 3989; x_wconf 92' lang='lat' dir='ltr'><strong>a</strong></span> <span class='ocrx_word' id='word_1_397' title='bbox 1070 3931 1214 3986; x_wconf 88' lang='lat' dir='ltr'><strong>nullo</strong></span> <span class='ocrx_word' id='word_1_398' title='bbox 1251 3933 1564 3985; x_wconf 86' lang='lat' dir='ltr'><strong>excusatur.</strong></span> <span class='ocrx_word' id='word_1_399' title='bbox 1597 3925 1786 3976; x_wconf 84' lang='lat' dir='ltr'><strong>Astant</strong></span> <span class='ocrx_word' id='word_1_400' title='bbox 1822 3931 1874 4001; x_wconf 82' lang='lat' dir='ltr'><strong>et</strong></span> <span class='ocrx_word' id='word_1_401' title='bbox 1909 3930 2222 3990; x_wconf 82' lang='lat' dir='ltr'><strong>exspectant</strong></span> 
     </span>
    </p>
   </div>
   <div class='ocr_carea' id='block_1_59' title="bbox 562 3997 2221 4088">
    <p class='ocr_par' dir='ltr' id='par_1_59' title="bbox 562 3997 2221 4088">
     <span class='ocr_line' id='line_1_59' title="bbox 562 3997 2221 4088; baseline -0.015 2"><span class='ocrx_word' id='word_1_402' title='bbox 562 4022 569 4029; x_wconf 65' lang='grc'><strong>’</strong></span> <span class='ocrx_word' id='word_1_403' title='bbox 647 4029 898 4088; x_wconf 86' lang='lat' dir='ltr'><strong>crudeles</strong></span> <span class='ocrx_word' id='word_1_404' title='bbox 923 3997 987 4079; x_wconf 79' lang='lat' dir='ltr'><strong>ac</strong></span> <span class='ocrx_word' id='word_1_405' title='bbox 1014 4019 1268 4078; x_wconf 91' lang='lat' dir='ltr'><strong>horrendi</strong></span> <span class='ocrx_word' id='word_1_406' title='bbox 1308 4024 1567 4078; x_wconf 89' lang='lat' dir='ltr'><strong>tortores,</strong></span> <span class='ocrx_word' id='word_1_407' title='bbox 1591 4022 1649 4067; x_wconf 89' lang='lat' dir='ltr'><strong>ut</strong></span> <span class='ocrx_word' id='word_1_408' title='bbox 1681 3997 1883 4081; x_wconf 74' lang='lat' dir='ltr'><strong>prolata</strong></span> <span class='ocrx_word' id='word_1_409' title='bbox 1921 4011 2221 4085; x_wconf 65' lang='lat' dir='ltr'><strong>damnatio-</strong></span> 
     </span>
    </p>
   </div>
   <div class='ocr_carea' id='block_1_60' title="bbox 556 4100 2236 4178">
    <p class='ocr_par' dir='ltr' id='par_1_60' title="bbox 556 4100 2236 4178">
     <span class='ocr_line' id='line_1_60' title="bbox 556 4100 2236 4178; baseline -0.015 2"><span class='ocrx_word' id='word_1_410' title='bbox 556 4120 561 4124; x_wconf 77' lang='grc'><em>’</em></span> <span class='ocrx_word' id='word_1_411' title='bbox 653 4123 739 4178; x_wconf 88' lang='lat' dir='ltr'><strong>nis</strong></span> <span class='ocrx_word' id='word_1_412' title='bbox 780 4115 1044 4175; x_wconf 90' lang='lat' dir='ltr'><strong>sententia</strong></span> <span class='ocrx_word' id='word_1_413' title='bbox 1093 4126 1214 4165; x_wconf 87' lang='lat' dir='ltr'><strong>mox</strong></span> <span class='ocrx_word' id='word_1_414' title='bbox 1261 4121 1380 4161; x_wconf 90' lang='lat' dir='ltr'><strong>eam</strong></span> <span class='ocrx_word' id='word_1_415' title='bbox 1419 4105 1486 4158; x_wconf 92' lang='lat' dir='ltr'><strong>ad</strong></span> <span class='ocrx_word' id='word_1_416' title='bbox 1536 4100 1888 4157; x_wconf 72' lang='lat' dir='ltr'><strong>cruciandum&#39;</strong></span> <span class='ocrx_word' id='word_1_417' title='bbox 1929 4101 2236 4170; x_wconf 58' lang='lat' dir='ltr'><strong>abripiant-</strong></span> 
     </span>
    </p>
   </div>
   <div class='ocr_carea' id='block_1_61' title="bbox 650 4187 2215 4275">
    <p class='ocr_par' dir='ltr' id='par_1_61' title="bbox 650 4187 2215 4275">
     <span class='ocr_line' id='line_1_61' title="bbox 650 4187 2215 4275; baseline -0.017 -4"><span class='ocrx_word' id='word_1_418' title='bbox 650 4194 827 4271; x_wconf 85' lang='lat' dir='ltr'><strong>Tanta</strong></span> <span class='ocrx_word' id='word_1_419' title='bbox 873 4206 1209 4275; x_wconf 78' lang='lat' dir='ltr'><strong>miseriarum</strong></span> <span class='ocrx_word' id='word_1_420' title='bbox 1257 4197 1396 4253; x_wconf 89' lang='lat' dir='ltr'><strong>mole</strong></span> <span class='ocrx_word' id='word_1_421' title='bbox 1436 4197 1628 4250; x_wconf 86' lang='lat' dir='ltr'><strong>obruta</strong></span> <span class='ocrx_word' id='word_1_422' title='bbox 1675 4187 1998 4248; x_wconf 89' lang='lat' dir='ltr'><strong>miserabilis</strong></span> <span class='ocrx_word' id='word_1_423' title='bbox 2037 4192 2215 4248; x_wconf 89' lang='lat' dir='ltr'><strong>anima</strong></span> 
     </span>
    </p>
   </div>
   <div class='ocr_carea' id='block_1_62' title="bbox 643 4285 2294 4378">
    <p class='ocr_par' dir='ltr' id='par_1_62' title="bbox 643 4285 2294 4378">
     <span class='ocr_line' id='line_1_62' title="bbox 643 4285 2294 4378; baseline -0.015 -17"><span class='ocrx_word' id='word_1_424' title='bbox 643 4305 866 4378; x_wconf 72' lang='lat' dir='ltr'><strong>quaerit,</strong></span> <span class='ocrx_word' id='word_1_425' title='bbox 898 4309 950 4355; x_wconf 89' lang='lat' dir='ltr'><strong>et</strong></span> <span class='ocrx_word' id='word_1_426' title='bbox 978 4290 1372 4362; x_wconf 89' lang='lat' dir='ltr'><strong>circumspicit;</strong></span> <span class='ocrx_word' id='word_1_427' title='bbox 1418 4296 1472 4344; x_wconf 92' lang='lat' dir='ltr'><strong>et</strong></span> <span class='ocrx_word' id='word_1_428' title='bbox 1504 4301 1655 4350; x_wconf 89' lang='lat' dir='ltr'><strong>ecce,</strong></span> <span class='ocrx_word' id='word_1_429' title='bbox 1692 4285 1781 4364; x_wconf 86' lang='lat' dir='ltr'><strong>qui</strong></span> <span class='ocrx_word' id='word_1_430' title='bbox 1821 4293 2129 4354; x_wconf 82' lang='lat' dir='ltr'><strong>consurgat,</strong></span> <span class='ocrx_word' id='word_1_431' title='bbox 2163 4292 2218 4338; x_wconf 91' lang='lat' dir='ltr'><strong>et</strong></span> <span class='ocrx_word' id='word_1_432' title='bbox 2251 4309 2294 4363; x_wconf 75' lang='grc' dir='ltr'>ι)</span> 
     </span>
    </p>
   </div>
   <div class='ocr_carea' id='block_1_63' title="bbox 652 4377 1683 4469">
    <p class='ocr_par' dir='ltr' id='par_1_63' title="bbox 652 4377 1683 4469">
     <span class='ocr_line' id='line_1_63' title="bbox 652 4377 1683 4469; baseline -0.02 -19"><span class='ocrx_word' id='word_1_433' title='bbox 652 4377 750 4469; x_wconf 87' lang='lat' dir='ltr'><strong>pro</strong></span> <span class='ocrx_word' id='word_1_434' title='bbox 779 4408 838 4448; x_wconf 91' lang='lat' dir='ltr'><strong>ea</strong></span> <span class='ocrx_word' id='word_1_435' title='bbox 869 4379 1440 4458; x_wconf 45' lang='lat' dir='ltr'><strong>respondeat,*nullum</strong></span> <span class='ocrx_word' id='word_1_436' title='bbox 1473 4377 1683 4446; x_wconf 73' lang='lat' dir='ltr'><strong>aspicit:</strong></span> 
     </span>
    </p>
   </div>
   <div class='ocr_carea' id='block_1_64' title="bbox 725 4469 2217 4550">
    <p class='ocr_par' dir='ltr' id='par_1_64' title="bbox 725 4469 2217 4549">
     <span class='ocr_line' id='line_1_64' title="bbox 725 4469 2217 4549; baseline -0.012 -11"><span class='ocrx_word' id='word_1_437' title='bbox 725 4484 806 4538; x_wconf 82' lang='lat' dir='ltr'><strong>Tu</strong></span> <span class='ocrx_word' id='word_1_438' title='bbox 836 4495 988 4548; x_wconf 84' lang='lat' dir='ltr'><strong>ergo,</strong></span> <span class='ocrx_word' id='word_1_439' title='bbox 1031 4477 1152 4547; x_wconf 89' lang='lat' dir='ltr'><strong>pie,</strong></span> <span class='ocrx_word' id='word_1_440' title='bbox 1202 4471 1508 4549; x_wconf 82' lang='lat' dir='ltr'><strong>misericors</strong></span> <span class='ocrx_word' id='word_1_441' title='bbox 1552 4478 1606 4524; x_wconf 91' lang='lat' dir='ltr'><strong>et</strong></span> <span class='ocrx_word' id='word_1_442' title='bbox 1648 4469 1883 4524; x_wconf 87' lang='lat' dir='ltr'><strong>clemens</strong></span> <span class='ocrx_word' id='word_1_443' title='bbox 1923 4469 2217 4531; x_wconf 89' lang='lat' dir='ltr'><strong>Dunstanc,</strong></span> 
     </span>
    </p>
   </div>
   <div class='ocr_carea' id='block_1_65' title="bbox 653 4558 2218 4654">
    <p class='ocr_par' dir='ltr' id='par_1_65' title="bbox 653 4558 2218 4654">
     <span class='ocr_line' id='line_1_65' title="bbox 653 4558 2218 4654; baseline -0.012 -25"><span class='ocrx_word' id='word_1_444' title='bbox 653 4590 838 4654; x_wconf 57' lang='lat' dir='ltr'><strong>sprge,</strong></span> <span class='ocrx_word' id='word_1_445' title='bbox 888 4582 1080 4638; x_wconf 84' lang='lat' dir='ltr'><strong>surge,</strong></span> <span class='ocrx_word' id='word_1_446' title='bbox 1128 4558 1322 4619; x_wconf 87' lang='lat' dir='ltr'><strong>exhibe</strong></span> <span class='ocrx_word' id='word_1_447' title='bbox 1370 4560 1584 4632; x_wconf 85' lang='lat' dir='ltr'><strong>solitam</strong></span> <span class='ocrx_word' id='word_1_448' title='bbox 1632 4564 1788 4642; x_wconf 87' lang='lat' dir='ltr'><strong>opem</strong></span> <span class='ocrx_word' id='word_1_449' title='bbox 1838 4558 2218 4621; x_wconf 84' lang='lat' dir='ltr'><strong>miserationis,</strong></span> 
     </span>
    </p>
   </div>
   <div class='ocr_carea' id='block_1_66' title="bbox 649 4649 2219 4724">
    <p class='ocr_par' dir='ltr' id='par_1_66' title="bbox 649 4649 2219 4724">
     <span class='ocr_line' id='line_1_66' title="bbox 649 4649 2219 4724; baseline -0.013 -2"><span class='ocrx_word' id='word_1_450' title='bbox 649 4649 851 4721; x_wconf 79' lang='lat' dir='ltr'><strong>&#39;adhibe</strong></span> <span class='ocrx_word' id='word_1_451' title='bbox 881 4661 1088 4713; x_wconf 90' lang='lat' dir='ltr'><strong>viscera</strong></span> <span class='ocrx_word' id='word_1_452' title='bbox 1126 4652 1360 4724; x_wconf 88' lang='lat' dir='ltr'><strong>pietatis,</strong></span> <span class='ocrx_word' id='word_1_453' title='bbox 1405 4651 1651 4722; x_wconf 83' lang='lat' dir='ltr'><strong>impende</strong></span> <span class='ocrx_word' id='word_1_454' title='bbox 1690 4649 2000 4721; x_wconf 67' lang='lat' dir='ltr'><strong>suffragium</strong></span> <span class='ocrx_word' id='word_1_455' title='bbox 2050 4650 2219 4703; x_wconf 85' lang='lat' dir='ltr'><strong>inter-</strong></span> 
     </span>
    </p>
   </div>
   <div class='ocr_carea' id='block_1_67' title="bbox 596 4741 2221 4812">
    <p class='ocr_par' dir='ltr' id='par_1_67' title="bbox 596 4741 2221 4812">
     <span class='ocr_line' id='line_1_67' title="bbox 596 4741 2221 4812; baseline -0.012 0"><span class='ocrx_word' id='word_1_456' title='bbox 596 4755 604 4759; x_wconf 75' lang='grc'>’</span> <span class='ocrx_word' id='word_1_457' title='bbox 657 4751 923 4812; x_wconf 88' lang='lat' dir='ltr'><strong>ventionis</strong></span> <span class='ocrx_word' id='word_1_458' title='bbox 952 4767 966 4803; x_wconf 91' lang='lat'><strong>:</strong></span> <span class='ocrx_word' id='word_1_459' title='bbox 991 4746 1059 4803; x_wconf 91' lang='lat' dir='ltr'><strong>ad</strong></span> <span class='ocrx_word' id='word_1_460' title='bbox 1091 4755 1143 4801; x_wconf 90' lang='lat' dir='ltr'><strong>te</strong></span> <span class='ocrx_word' id='word_1_461' title='bbox 1173 4743 1510 4800; x_wconf 89' lang='lat' dir='ltr'><strong>clamandum</strong></span> <span class='ocrx_word' id='word_1_462' title='bbox 1551 4742 1849 4797; x_wconf 87' lang='lat' dir='ltr'><strong>invitabant</strong></span> <span class='ocrx_word' id='word_1_463' title='bbox 1889 4749 1944 4796; x_wconf 91' lang='lat' dir='ltr'><strong>et</strong></span> <span class='ocrx_word' id='word_1_464' title='bbox 1969 4741 2221 4796; x_wconf 83' lang='lat' dir='ltr'><strong>exhorta-</strong></span> 
     </span>
    </p>
   </div>
   <div class='ocr_carea' id='block_1_68' title="bbox 656 4817 2257 4912">
    <p class='ocr_par' dir='ltr' id='par_1_68' title="bbox 656 4817 2257 4912">
     <span class='ocr_line' id='line_1_68' title="bbox 656 4817 2257 4912; baseline -0.011 -9"><span class='ocrx_word' id='word_1_465' title='bbox 656 4849 1048 4912; x_wconf 84' lang='lat' dir='ltr'><strong>bantur-opera</strong></span> <span class='ocrx_word' id='word_1_466' title='bbox 1084 4837 1318 4909; x_wconf 88' lang='lat' dir='ltr'><strong>pietatis,</strong></span> <span class='ocrx_word' id='word_1_467' title='bbox 1348 4851 1465 4904; x_wconf 75' lang='lat' dir='ltr'><strong>qua:</strong></span> <span class='ocrx_word' id='word_1_468' title='bbox 1501 4835 1567 4889; x_wconf 92' lang='lat' dir='ltr'><strong>de</strong></span> <span class='ocrx_word' id='word_1_469' title='bbox 1609 4845 1658 4888; x_wconf 89' lang='lat' dir='ltr'><strong>te</strong></span> <span class='ocrx_word' id='word_1_470' title='bbox 1695 4834 2081 4902; x_wconf 78' lang='lat' dir='ltr'><strong>praedicantur;</strong></span> <span class='ocrx_word' id='word_1_471' title='bbox 2125 4831 2218 4886; x_wconf 85' lang='lat' dir='ltr'><strong>sed</strong></span> <span class='ocrx_word' id='word_1_472' title='bbox 2241 4817 2257 4828; x_wconf 83' lang='grc'><em>’</em></span> 
     </span>
    </p>
   </div>
   <div class='ocr_carea' id='block_1_69' title="bbox 659 4922 2221 5002">
    <p class='ocr_par' dir='ltr' id='par_1_69' title="bbox 659 4922 2221 5002">
     <span class='ocr_line' id='line_1_69' title="bbox 659 4922 2221 5002; baseline -0.01 -14"><span class='ocrx_word' id='word_1_473' title='bbox 659 4930 950 5002; x_wconf 85' lang='lat' dir='ltr'><strong>repellunt,</strong></span> <span class='ocrx_word' id='word_1_474' title='bbox 976 4943 1039 4982; x_wconf 88' lang='lat' dir='ltr'><strong>ac</strong></span> <span class='ocrx_word' id='word_1_475' title='bbox 1060 4925 1367 4980; x_wconf 78' lang='lat' dir='ltr'><strong>obtundant</strong></span> <span class='ocrx_word' id='word_1_476' title='bbox 1395 4937 1553 4992; x_wconf 90' lang='lat' dir='ltr'><strong>opera</strong></span> <span class='ocrx_word' id='word_1_477' title='bbox 1591 4922 1905 4991; x_wconf 85' lang='lat' dir='ltr'><strong>impietatis,</strong></span> <span class='ocrx_word' id='word_1_478' title='bbox 1935 4935 2052 4989; x_wconf 86' lang='lat' dir='ltr'><strong>quae</strong></span> <span class='ocrx_word' id='word_1_479' title='bbox 2066 4926 2108 4973; x_wconf 81' lang='lat' dir='ltr'><strong>‘a</strong></span> <span class='ocrx_word' id='word_1_480' title='bbox 2138 4935 2221 4972; x_wconf 89' lang='lat' dir='ltr'><strong>me</strong></span> 
     </span>
    </p>
   </div>
   <div class='ocr_carea' id='block_1_70' title="bbox 657 5004 2225 5079">
    <p class='ocr_par' dir='ltr' id='par_1_70' title="bbox 657 5004 2225 5079">
     <span class='ocr_line' id='line_1_70' title="bbox 657 5004 2225 5079; baseline -0.011 -2"><span class='ocrx_word' id='word_1_481' title='bbox 657 5018 944 5079; x_wconf 88' lang='lat' dir='ltr'><strong>commissa</strong></span> <span class='ocrx_word' id='word_1_482' title='bbox 975 5031 1005 5070; x_wconf 91' lang='lat' dir='ltr'><strong>a</strong></span> <span class='ocrx_word' id='word_1_483' title='bbox 1036 5024 1088 5069; x_wconf 90' lang='lat' dir='ltr'><strong>te</strong></span> <span class='ocrx_word' id='word_1_484' title='bbox 1113 5014 1336 5069; x_wconf 91' lang='lat' dir='ltr'><strong>horrore</strong></span> <span class='ocrx_word' id='word_1_485' title='bbox 1374 5011 1693 5066; x_wconf 87' lang='lat' dir='ltr'><strong>intolerabili</strong></span> <span class='ocrx_word' id='word_1_486' title='bbox 1730 5004 2225 5064; x_wconf 44' lang='lat' dir='ltr'><strong>aboiniuautur‘at-</strong></span> 
     </span>
    </p>
   </div>
   <div class='ocr_carea' id='block_1_71' title="bbox 2315 1737 3884 1810">
    <p class='ocr_par' dir='ltr' id='par_1_71' title="bbox 2315 1737 3884 1810">
     <span class='ocr_line' id='line_1_71' title="bbox 2315 1737 3884 1810; baseline 0 -16"><span class='ocrx_word' id='word_1_487' title='bbox 2315 1750 2403 1810; x_wconf 86' lang='lat' dir='ltr'><strong>gct</strong></span> <span class='ocrx_word' id='word_1_488' title='bbox 2435 1755 2497 1794; x_wconf 91' lang='lat' dir='ltr'><strong>ac</strong></span> <span class='ocrx_word' id='word_1_489' title='bbox 2519 1748 2742 1794; x_wconf 83' lang='lat' dir='ltr'><strong>evacuet</strong></span> <span class='ocrx_word' id='word_1_490' title='bbox 2767 1739 3100 1807; x_wconf 86' lang='lat' dir='ltr'><strong>impietatum</strong></span> <span class='ocrx_word' id='word_1_491' title='bbox 3129 1754 3369 1792; x_wconf 89' lang='lat' dir='ltr'><strong>mearum</strong></span> <span class='ocrx_word' id='word_1_492' title='bbox 3399 1741 3656 1808; x_wconf 90' lang='lat' dir='ltr'><strong>pondera.</strong></span> <span class='ocrx_word' id='word_1_493' title='bbox 3688 1737 3884 1794; x_wconf 84' lang='lat' dir='ltr'><strong>Liben-</strong></span> 
     </span>
    </p>
   </div>
   <div class='ocr_carea' id='block_1_72' title="bbox 2313 1825 3888 1900">
    <p class='ocr_par' dir='ltr' id='par_1_72' title="bbox 2313 1825 3888 1900">
     <span class='ocr_line' id='line_1_72' title="bbox 2313 1825 3888 1900; baseline -0.003 -12"><span class='ocrx_word' id='word_1_494' title='bbox 2313 1833 2519 1888; x_wconf 75' lang='lat' dir='ltr'><strong>tZSsimc</strong></span> <span class='ocrx_word' id='word_1_495' title='bbox 2561 1833 2654 1886; x_wconf 87' lang='lat' dir='ltr'><strong>tibi</strong></span> <span class='ocrx_word' id='word_1_496' title='bbox 2697 1829 2861 1899; x_wconf 80' lang='lat' dir='ltr'><strong>jutlex</strong></span> <span class='ocrx_word' id='word_1_497' title='bbox 2911 1831 3022 1900; x_wconf 86' lang='lat' dir='ltr'><strong>ipse</strong></span> <span class='ocrx_word' id='word_1_498' title='bbox 3066 1830 3588 1899; x_wconf 76' lang='lat' dir='ltr'><strong>donabit_quidqflid</strong></span> <span class='ocrx_word' id='word_1_499' title='bbox 3624 1825 3726 1883; x_wconf 71' lang='lat' dir='ltr'><strong>tua</strong></span> <span class='ocrx_word' id='word_1_500' title='bbox 3770 1840 3888 1884; x_wconf 84' lang='lat' dir='ltr'><strong>tam</strong></span> 
     </span>
    </p>
   </div>
   <div class='ocr_carea' id='block_1_73' title="bbox 2315 1919 3884 1990">
    <p class='ocr_par' dir='ltr' id='par_1_73' title="bbox 2315 1919 3884 1990">
     <span class='ocr_line' id='line_1_73' title="bbox 2315 1919 3884 1990; baseline 0 -18"><span class='ocrx_word' id='word_1_501' title='bbox 2315 1924 2508 1977; x_wconf 81' lang='lat' dir='ltr'><strong>dilecta</strong></span> <span class='ocrx_word' id='word_1_502' title='bbox 2545 1930 2600 1975; x_wconf 89' lang='lat' dir='ltr'><strong>et</strong></span> <span class='ocrx_word' id='word_1_503' title='bbox 2634 1922 2800 1975; x_wconf 91' lang='lat' dir='ltr'><strong>chara</strong></span> <span class='ocrx_word' id='word_1_504' title='bbox 2840 1935 2960 1974; x_wconf 87' lang='lat' dir='ltr'><strong>eum</strong></span> <span class='ocrx_word' id='word_1_505' title='bbox 3001 1919 3343 1974; x_wconf 79' lang='lat' dir='ltr'><strong>familiaritas</strong></span> <span class='ocrx_word' id='word_1_506' title='bbox 3381 1919 3675 1990; x_wconf 81' lang='lat' dir='ltr'><strong>postulabit</strong></span> <span class='ocrx_word' id='word_1_507' title='bbox 3716 1935 3731 1974; x_wconf 91' lang='lat'><strong>:</strong></span> <span class='ocrx_word' id='word_1_508' title='bbox 3773 1934 3884 1973; x_wconf 87' lang='lat' dir='ltr'><strong>non</strong></span> 
     </span>
    </p>
   </div>
   <div class='ocr_carea' id='block_1_74' title="bbox 2314 2007 3884 2082">
    <p class='ocr_par' dir='ltr' id='par_1_74' title="bbox 2314 2007 3884 2082">
     <span class='ocr_line' id='line_1_74' title="bbox 2314 2007 3884 2082; baseline -0.004 -15"><span class='ocrx_word' id='word_1_509' title='bbox 2314 2014 2534 2082; x_wconf 86' lang='lat' dir='ltr'><strong>negabit</strong></span> <span class='ocrx_word' id='word_1_510' title='bbox 2581 2011 2674 2065; x_wconf 87' lang='lat' dir='ltr'><strong>tibi</strong></span> <span class='ocrx_word' id='word_1_511' title='bbox 2717 2010 3144 2065; x_wconf 89' lang='lat' dir='ltr'><strong>unius-salutem</strong></span> <span class='ocrx_word' id='word_1_512' title='bbox 3196 2007 3399 2074; x_wconf 89' lang='lat' dir='ltr'><strong>miseri,</strong></span> <span class='ocrx_word' id='word_1_513' title='bbox 3444 2007 3590 2063; x_wconf 86' lang='lat' dir='ltr'><strong>salus</strong></span> <span class='ocrx_word' id='word_1_514' title='bbox 3637 2008 3748 2076; x_wconf 87' lang='lat' dir='ltr'><strong>ipsa</strong></span> <span class='ocrx_word' id='word_1_515' title='bbox 3795 2007 3884 2062; x_wconf 91' lang='lat' dir='ltr'><strong>cui</strong></span> 
     </span>
    </p>
   </div>
   <div class='ocr_carea' id='block_1_75' title="bbox 2314 2081 3894 2166">
    <p class='ocr_par' dir='ltr' id='par_1_75' title="bbox 2314 2081 3894 2166">
     <span class='ocr_line' id='line_1_75' title="bbox 2314 2081 3894 2166; baseline -0.004 -7"><span class='ocrx_word' id='word_1_516' title='bbox 2314 2081 2421 2159; x_wconf 83' lang='lat' dir='ltr'><strong>tam</strong></span> <span class='ocrx_word' id='word_1_517' title='bbox 2448 2102 2724 2158; x_wconf 88' lang='lat' dir='ltr'><strong>familiaris</strong></span> <span class='ocrx_word' id='word_1_518' title='bbox 2747 2101 2962 2166; x_wconf 81' lang='lat' dir='ltr'><strong>existis;</strong></span> <span class='ocrx_word' id='word_1_519' title='bbox 2989 2100 3144 2156; x_wconf 86' lang='lat' dir='ltr'><strong>facile</strong></span> <span class='ocrx_word' id='word_1_520' title='bbox 3174 2100 3359 2154; x_wconf 90' lang='lat' dir='ltr'><strong>reddet</strong></span> <span class='ocrx_word' id='word_1_521' title='bbox 3380 2099 3476 2153; x_wconf 85' lang='lat' dir='ltr'><strong>tibi</strong></span> <span class='ocrx_word' id='word_1_522' title='bbox 3505 2099 3661 2153; x_wconf 91' lang='lat' dir='ltr'><strong>unius</strong></span> <span class='ocrx_word' id='word_1_523' title='bbox 3683 2081 3894 2152; x_wconf 26' lang='lat' dir='ltr'><strong>mortui,</strong></span> 
     </span>
    </p>
   </div>
   <div class='ocr_carea' id='block_1_76' title="bbox 2314 2188 3883 2262">
    <p class='ocr_par' dir='ltr' id='par_1_76' title="bbox 2314 2188 3883 2262">
     <span class='ocr_line' id='line_1_76' title="bbox 2314 2188 3883 2262; baseline -0.004 -12"><span class='ocrx_word' id='word_1_524' title='bbox 2314 2197 2502 2258; x_wconf 83' lang='lat' dir='ltr'><strong>vitam,</strong></span> <span class='ocrx_word' id='word_1_525' title='bbox 2534 2196 2639 2248; x_wconf 85' lang='lat' dir='ltr'><strong>vita</strong></span> <span class='ocrx_word' id='word_1_526' title='bbox 2679 2193 2793 2260; x_wconf 85' lang='lat' dir='ltr'><strong>ipsa</strong></span> <span class='ocrx_word' id='word_1_527' title='bbox 2831 2193 2970 2262; x_wconf 88' lang='lat' dir='ltr'><strong>apud</strong></span> <span class='ocrx_word' id='word_1_528' title='bbox 3001 2207 3160 2262; x_wconf 89' lang='lat' dir='ltr'><strong>quam</strong></span> <span class='ocrx_word' id='word_1_529' title='bbox 3194 2199 3395 2245; x_wconf 89' lang='lat' dir='ltr'><strong>tantam</strong></span> <span class='ocrx_word' id='word_1_530' title='bbox 3425 2191 3593 2245; x_wconf 87' lang='lat' dir='ltr'><strong>habes</strong></span> <span class='ocrx_word' id='word_1_531' title='bbox 3630 2188 3883 2257; x_wconf 87' lang='lat' dir='ltr'><strong>gratiam.</strong></span> 
     </span>
    </p>
   </div>
   <div class='ocr_carea' id='block_1_77' title="bbox 2387 2279 3889 2351">
    <p class='ocr_par' dir='ltr' id='par_1_77' title="bbox 2387 2279 3889 2351">
     <span class='ocr_line' id='line_1_77' title="bbox 2387 2279 3889 2351; baseline -0.005 -11"><span class='ocrx_word' id='word_1_532' title='bbox 2387 2285 2462 2340; x_wconf 86' lang='lat' dir='ltr'><strong>Ne</strong></span> <span class='ocrx_word' id='word_1_533' title='bbox 2501 2285 2737 2346; x_wconf 88' lang='lat' dir='ltr'><strong>deficiat,</strong></span> <span class='ocrx_word' id='word_1_534' title='bbox 2777 2298 2975 2351; x_wconf 75' lang='lat' dir='ltr'><strong>quaeso,</strong></span> <span class='ocrx_word' id='word_1_535' title='bbox 3018 2283 3070 2334; x_wconf 92' lang='lat' dir='ltr'><strong>iu</strong></span> <span class='ocrx_word' id='word_1_536' title='bbox 3111 2297 3196 2335; x_wconf 88' lang='lat' dir='ltr'><strong>me</strong></span> <span class='ocrx_word' id='word_1_537' title='bbox 3234 2295 3342 2334; x_wconf 87' lang='lat' dir='ltr'><strong>uno</strong></span> <span class='ocrx_word' id='word_1_538' title='bbox 3392 2292 3495 2335; x_wconf 68' lang='lat' dir='ltr'><strong>tua:</strong></span> <span class='ocrx_word' id='word_1_539' title='bbox 3537 2279 3889 2350; x_wconf 89' lang='lat' dir='ltr'><strong>benignitatis</strong></span> 
     </span>
    </p>
   </div>
   <div class='ocr_carea' id='block_1_78' title="bbox 2315 2368 3889 2440">
    <p class='ocr_par' dir='ltr' id='par_1_78' title="bbox 2315 2368 3889 2440">
     <span class='ocr_line' id='line_1_78' title="bbox 2315 2368 3889 2440; baseline -0.004 -11"><span class='ocrx_word' id='word_1_540' title='bbox 2315 2373 2703 2437; x_wconf 88' lang='lat' dir='ltr'><strong>munificentia,</strong></span> <span class='ocrx_word' id='word_1_541' title='bbox 2737 2370 2892 2440; x_wconf 82' lang='lat' dir='ltr'><strong>cujus</strong></span> <span class='ocrx_word' id='word_1_542' title='bbox 2931 2371 2982 2423; x_wconf 91' lang='lat' dir='ltr'><strong>in</strong></span> <span class='ocrx_word' id='word_1_543' title='bbox 3019 2370 3201 2424; x_wconf 90' lang='lat' dir='ltr'><strong>multis</strong></span> <span class='ocrx_word' id='word_1_544' title='bbox 3229 2379 3281 2424; x_wconf 92' lang='lat' dir='ltr'><strong>et</strong></span> <span class='ocrx_word' id='word_1_545' title='bbox 3315 2379 3422 2423; x_wconf 89' lang='lat' dir='ltr'><strong>tam</strong></span> <span class='ocrx_word' id='word_1_546' title='bbox 3462 2368 3758 2423; x_wconf 89' lang='lat' dir='ltr'><strong>innumeris</strong></span> <span class='ocrx_word' id='word_1_547' title='bbox 3799 2383 3889 2423; x_wconf 85' lang='lat' dir='ltr'><strong>re-</strong></span> 
     </span>
    </p>
   </div>
   <div class='ocr_carea' id='block_1_79' title="bbox 2317 2459 3888 2531">
    <p class='ocr_par' dir='ltr' id='par_1_79' title="bbox 2317 2459 3888 2531">
     <span class='ocr_line' id='line_1_79' title="bbox 2317 2459 3888 2531; baseline -0.004 -11"><span class='ocrx_word' id='word_1_548' title='bbox 2317 2466 2555 2520; x_wconf 88' lang='lat' dir='ltr'><strong>dundant</strong></span> <span class='ocrx_word' id='word_1_549' title='bbox 2592 2463 2876 2519; x_wconf 84' lang='lat' dir='ltr'><strong>beneficia.</strong></span> <span class='ocrx_word' id='word_1_550' title='bbox 2920 2461 3199 2516; x_wconf 82' lang='lat' dir='ltr'><strong>Obtineam</strong></span> <span class='ocrx_word' id='word_1_551' title='bbox 3243 2477 3338 2530; x_wconf 89' lang='lat' dir='ltr'><strong>per</strong></span> <span class='ocrx_word' id='word_1_552' title='bbox 3379 2471 3431 2513; x_wconf 91' lang='lat' dir='ltr'><strong>te</strong></span> <span class='ocrx_word' id='word_1_553' title='bbox 3475 2459 3888 2531; x_wconf 85' lang='lat' dir='ltr'><strong>indulgentiam,</strong></span> 
     </span>
    </p>
   </div>
   <div class='ocr_carea' id='block_1_80' title="bbox 2315 2537 3891 2617">
    <p class='ocr_par' dir='ltr' id='par_1_80' title="bbox 2315 2537 3891 2617">
     <span class='ocr_line' id='line_1_80' title="bbox 2315 2537 3891 2617; baseline 0.001 -11"><span class='ocrx_word' id='word_1_554' title='bbox 2315 2563 2375 2608; x_wconf 89' lang='lat' dir='ltr'><strong>ut</strong></span> <span class='ocrx_word' id='word_1_555' title='bbox 2420 2562 2525 2606; x_wconf 91' lang='lat' dir='ltr'><strong>tam</strong></span> <span class='ocrx_word' id='word_1_556' title='bbox 2570 2537 2747 2606; x_wconf 85' lang='lat' dir='ltr'><strong>dilecti</strong></span> <span class='ocrx_word' id='word_1_557' title='bbox 2794 2560 2849 2605; x_wconf 87' lang='lat' dir='ltr'><strong>et</strong></span> <span class='ocrx_word' id='word_1_558' title='bbox 2891 2550 3161 2617; x_wconf 86' lang='lat' dir='ltr'><strong>diligentis</strong></span> <span class='ocrx_word' id='word_1_559' title='bbox 3197 2550 3309 2613; x_wconf 84' lang='lat' dir='ltr'><strong>Dei,</strong></span> <span class='ocrx_word' id='word_1_560' title='bbox 3354 2563 3417 2604; x_wconf 90' lang='lat' dir='ltr'><strong>ac</strong></span> <span class='ocrx_word' id='word_1_561' title='bbox 3450 2549 3658 2605; x_wconf 87' lang='lat' dir='ltr'><strong>Domini</strong></span> <span class='ocrx_word' id='word_1_562' title='bbox 3707 2552 3782 2605; x_wconf 91' lang='lat' dir='ltr'><strong>tui</strong></span> <span class='ocrx_word' id='word_1_563' title='bbox 3833 2552 3891 2607; x_wconf 91' lang='lat' dir='ltr'><strong>in</strong></span> 
     </span>
    </p>
   </div>
   <div class='ocr_carea' id='block_1_81' title="bbox 2314 2637 3890 2715">
    <p class='ocr_par' dir='ltr' id='par_1_81' title="bbox 2314 2637 3890 2715">
     <span class='ocr_line' id='line_1_81' title="bbox 2314 2637 3890 2715; baseline -0.003 -19"><span class='ocrx_word' id='word_1_564' title='bbox 2314 2656 2500 2696; x_wconf 89' lang='lat' dir='ltr'><strong>omnes</strong></span> <span class='ocrx_word' id='word_1_565' title='bbox 2563 2641 2853 2710; x_wconf 71' lang='lat' dir='ltr'><strong>praedicent</strong></span> <span class='ocrx_word' id='word_1_566' title='bbox 2901 2653 2966 2693; x_wconf 91' lang='lat' dir='ltr'><strong>ac</strong></span> <span class='ocrx_word' id='word_1_567' title='bbox 3027 2637 3394 2708; x_wconf 73' lang='lat' dir='ltr'><strong>magnificent.</strong></span> <span class='ocrx_word' id='word_1_568' title='bbox 3426 2639 3890 2715; x_wconf 80' lang='lat' dir='ltr'><strong>misericordiam.</strong></span> 
     </span>
    </p>
   </div>
   <div class='ocr_carea' id='block_1_82' title="bbox 2315 2731 3892 2801">
    <p class='ocr_par' dir='ltr' id='par_1_82' title="bbox 2315 2731 3892 2801">
     <span class='ocr_line' id='line_1_82' title="bbox 2315 2731 3892 2801; baseline 0.001 -13"><span class='ocrx_word' id='word_1_569' title='bbox 2315 2731 2359 2788; x_wconf 95' lang='lat'><strong>0</strong></span> <span class='ocrx_word' id='word_1_570' title='bbox 2413 2748 2572 2801; x_wconf 90' lang='lat' dir='ltr'><strong>quam</strong></span> <span class='ocrx_word' id='word_1_571' title='bbox 2620 2731 2994 2801; x_wconf 59' lang='lat' dir='ltr'><strong>praedicandis</strong></span> <span class='ocrx_word' id='word_1_572' title='bbox 3067 2732 3404 2785; x_wconf 91' lang='lat' dir='ltr'><strong>monstrabat</strong></span> <span class='ocrx_word' id='word_1_573' title='bbox 3467 2731 3611 2788; x_wconf 84' lang='lat' dir='ltr'><strong>Deus</strong></span> <span class='ocrx_word' id='word_1_574' title='bbox 3669 2731 3892 2789; x_wconf 83' lang='lat' dir='ltr'><strong>indiciis</strong></span> 
     </span>
    </p>
   </div>
   <div class='ocr_carea' id='block_1_83' title="bbox 2315 2820 3895 2892">
    <p class='ocr_par' dir='ltr' id='par_1_83' title="bbox 2315 2820 3895 2892">
     <span class='ocr_line' id='line_1_83' title="bbox 2315 2820 3895 2892; baseline 0.003 -17"><span class='ocrx_word' id='word_1_575' title='bbox 2315 2832 2573 2891; x_wconf 89' lang='lat' dir='ltr'><strong>quantum</strong></span> <span class='ocrx_word' id='word_1_576' title='bbox 2605 2823 2653 2878; x_wconf 90' lang='lat' dir='ltr'><strong>ei</strong></span> <span class='ocrx_word' id='word_1_577' title='bbox 2682 2831 2735 2876; x_wconf 91' lang='lat' dir='ltr'><strong>tu</strong></span> <span class='ocrx_word' id='word_1_578' title='bbox 2765 2832 2950 2892; x_wconf 88' lang='lat' dir='ltr'><strong>gratus</strong></span> <span class='ocrx_word' id='word_1_579' title='bbox 2984 2836 3131 2877; x_wconf 87' lang='lat' dir='ltr'><strong>esses</strong></span> <span class='ocrx_word' id='word_1_580' title='bbox 3164 2837 3229 2877; x_wconf 84' lang='lat' dir='ltr'><strong>ac</strong></span> <span class='ocrx_word' id='word_1_581' title='bbox 3255 2822 3567 2877; x_wconf 83' lang='lat' dir='ltr'><strong>familiaris!</strong></span> <span class='ocrx_word' id='word_1_582' title='bbox 3611 2820 3658 2878; x_wconf 98' lang='lat'><strong>0</strong></span> <span class='ocrx_word' id='word_1_583' title='bbox 3686 2824 3895 2879; x_wconf 63' lang='lat' dir='ltr'><strong>inresti-</strong></span> 
     </span>
    </p>
   </div>
   <div class='ocr_carea' id='block_1_84' title="bbox 2319 2913 3892 2982">
    <p class='ocr_par' dir='ltr' id='par_1_84' title="bbox 2319 2913 3892 2982">
     <span class='ocr_line' id='line_1_84' title="bbox 2319 2913 3892 2982; baseline 0.001 -14"><span class='ocrx_word' id='word_1_584' title='bbox 2319 2913 2531 2968; x_wconf 89' lang='lat' dir='ltr'><strong>mabilis</strong></span> <span class='ocrx_word' id='word_1_585' title='bbox 2579 2914 2759 2969; x_wconf 89' lang='lat' dir='ltr'><strong>cordis</strong></span> <span class='ocrx_word' id='word_1_586' title='bbox 2805 2915 2886 2968; x_wconf 87' lang='lat' dir='ltr'><strong>tui</strong></span> <span class='ocrx_word' id='word_1_587' title='bbox 2932 2915 3165 2982; x_wconf 86' lang='lat' dir='ltr'><strong>puritas,</strong></span> <span class='ocrx_word' id='word_1_588' title='bbox 3216 2929 3338 2968; x_wconf 88' lang='lat' dir='ltr'><strong>cum</strong></span> <span class='ocrx_word' id='word_1_589' title='bbox 3386 2929 3488 2982; x_wconf 90' lang='lat' dir='ltr'><strong>qua</strong></span> <span class='ocrx_word' id='word_1_590' title='bbox 3541 2922 3648 2969; x_wconf 90' lang='lat' dir='ltr'><strong>tam</strong></span> <span class='ocrx_word' id='word_1_591' title='bbox 3692 2915 3892 2971; x_wconf 88' lang='lat' dir='ltr'><strong>crebro</strong></span> 
     </span>
    </p>
   </div>
   <div class='ocr_carea' id='block_1_85' title="bbox 2321 3001 3894 3074">
    <p class='ocr_par' dir='ltr' id='par_1_85' title="bbox 2321 3001 3894 3074">
     <span class='ocr_line' id='line_1_85' title="bbox 2321 3001 3894 3074; baseline 0.001 -16"><span class='ocrx_word' id='word_1_592' title='bbox 2321 3002 2823 3058; x_wconf 89' lang='lat' dir='ltr'><strong>sermocinabantur</strong></span> <span class='ocrx_word' id='word_1_593' title='bbox 2862 3001 3032 3072; x_wconf 82' lang='lat' dir='ltr'><strong>angeli</strong></span> <span class='ocrx_word' id='word_1_594' title='bbox 3066 3002 3196 3056; x_wconf 89' lang='lat' dir='ltr'><strong>Dei!</strong></span> <span class='ocrx_word' id='word_1_595' title='bbox 3244 3017 3277 3056; x_wconf 91' lang='grc' dir='ltr'>ο</span> <span class='ocrx_word' id='word_1_596' title='bbox 3316 3003 3704 3059; x_wconf 61' lang='lat' dir='ltr'><strong>inaestimabilis</strong></span> <span class='ocrx_word' id='word_1_597' title='bbox 3747 3006 3894 3074; x_wconf 84' lang='lat' dir='ltr'><strong>apud</strong></span> 
     </span>
    </p>
   </div>
   <div class='ocr_carea' id='block_1_86' title="bbox 2319 3091 3892 3174">
    <p class='ocr_par' dir='ltr' id='par_1_86' title="bbox 2319 3091 3892 3174">
     <span class='ocr_line' id='line_1_86' title="bbox 2319 3091 3892 3174; baseline 0.001 -26"><span class='ocrx_word' id='word_1_598' title='bbox 2319 3094 2489 3148; x_wconf 88' lang='lat' dir='ltr'><strong>Deum</strong></span> <span class='ocrx_word' id='word_1_599' title='bbox 2516 3093 2872 3174; x_wconf 87' lang='lat' dir='ltr'><strong>familiaritas,</strong></span> <span class='ocrx_word' id='word_1_600' title='bbox 2907 3093 2993 3146; x_wconf 89' lang='lat' dir='ltr'><strong>cui</strong></span> <span class='ocrx_word' id='word_1_601' title='bbox 3021 3093 3099 3147; x_wconf 88' lang='lat' dir='ltr'><strong>sic</strong></span> <span class='ocrx_word' id='word_1_602' title='bbox 3126 3091 3408 3147; x_wconf 86' lang='lat' dir='ltr'><strong>familiaris</strong></span> <span class='ocrx_word' id='word_1_603' title='bbox 3435 3101 3553 3148; x_wconf 86' lang='lat' dir='ltr'><strong>erat</strong></span> <span class='ocrx_word' id='word_1_604' title='bbox 3576 3094 3892 3164; x_wconf 86' lang='lat' dir='ltr'><strong>angelorum</strong></span> 
     </span>
    </p>
   </div>
   <div class='ocr_carea' id='block_1_87' title="bbox 2320 3179 3893 3258">
    <p class='ocr_par' dir='ltr' id='par_1_87' title="bbox 2320 3179 3893 3258">
     <span class='ocr_line' id='line_1_87' title="bbox 2320 3179 3893 3258; baseline 0 -17"><span class='ocrx_word' id='word_1_605' title='bbox 2320 3187 2589 3258; x_wconf 89' lang='lat' dir='ltr'><strong>dignitas!</strong></span> <span class='ocrx_word' id='word_1_606' title='bbox 2639 3186 2683 3242; x_wconf 92' lang='lat'><strong>0</strong></span> <span class='ocrx_word' id='word_1_607' title='bbox 2713 3187 2877 3240; x_wconf 87' lang='lat' dir='ltr'><strong>decus</strong></span> <span class='ocrx_word' id='word_1_608' title='bbox 2909 3201 2973 3240; x_wconf 88' lang='lat' dir='ltr'><strong>ac</strong></span> <span class='ocrx_word' id='word_1_609' title='bbox 3002 3187 3280 3254; x_wconf 76' lang='lat' dir='ltr'><strong>pmmium</strong></span> <span class='ocrx_word' id='word_1_610' title='bbox 3313 3179 3657 3256; x_wconf 82' lang='lat' dir='ltr'><strong>virginitatis,</strong></span> <span class='ocrx_word' id='word_1_611' title='bbox 3691 3187 3776 3241; x_wconf 86' lang='lat' dir='ltr'><strong>cui</strong></span> <span class='ocrx_word' id='word_1_612' title='bbox 3811 3187 3893 3241; x_wconf 88' lang='lat' dir='ltr'><strong>sic</strong></span> 
     </span>
    </p>
   </div>
   <div class='ocr_carea' id='block_1_88' title="bbox 2320 3273 3892 3346">
    <p class='ocr_par' dir='ltr' id='par_1_88' title="bbox 2320 3273 3892 3346">
     <span class='ocr_line' id='line_1_88' title="bbox 2320 3273 3892 3346; baseline -0.001 -16"><span class='ocrx_word' id='word_1_613' title='bbox 2320 3277 2586 3346; x_wconf 86' lang='lat' dir='ltr'><strong>adgaudet</strong></span> <span class='ocrx_word' id='word_1_614' title='bbox 2653 3285 2847 3328; x_wconf 89' lang='lat' dir='ltr'><strong>natura</strong></span> <span class='ocrx_word' id='word_1_615' title='bbox 2919 3273 3174 3344; x_wconf 70' lang='lat' dir='ltr'><strong>angelica:</strong></span> <span class='ocrx_word' id='word_1_616' title='bbox 3218 3274 3523 3343; x_wconf 83' lang='lat' dir='ltr'><strong>dignitatis!</strong></span> <span class='ocrx_word' id='word_1_617' title='bbox 3581 3273 3637 3328; x_wconf 92' lang='lat' dir='ltr'><strong>ln</strong></span> <span class='ocrx_word' id='word_1_618' title='bbox 3685 3273 3892 3329; x_wconf 68' lang='lat' dir='ltr'><strong>caelum</strong></span> 
     </span>
    </p>
   </div>
   <div class='ocr_carea' id='block_1_89' title="bbox 2324 3362 3891 3435">
    <p class='ocr_par' dir='ltr' id='par_1_89' title="bbox 2324 3362 3891 3435">
     <span class='ocr_line' id='line_1_89' title="bbox 2324 3362 3891 3435; baseline -0.003 -14"><span class='ocrx_word' id='word_1_619' title='bbox 2324 3364 2709 3430; x_wconf 90' lang='lat' dir='ltr'><strong>deducebaris,</strong></span> <span class='ocrx_word' id='word_1_620' title='bbox 2761 3365 3026 3420; x_wconf 80' lang='lat' dir='ltr'><strong>in&#39;tcreras</strong></span> <span class='ocrx_word' id='word_1_621' title='bbox 3081 3363 3256 3435; x_wconf 77' lang='lat' dir='ltr'><strong>beatis</strong></span> <span class='ocrx_word' id='word_1_622' title='bbox 3301 3363 3602 3432; x_wconf 85' lang='lat' dir='ltr'><strong>agminibus</strong></span> <span class='ocrx_word' id='word_1_623' title='bbox 3652 3362 3891 3428; x_wconf 87' lang='lat' dir='ltr'><strong>illorum,</strong></span> 
     </span>
    </p>
   </div>
   <div class='ocr_carea' id='block_1_90' title="bbox 2320 3451 3892 3525">
    <p class='ocr_par' dir='ltr' id='par_1_90' title="bbox 2320 3451 3892 3525">
     <span class='ocr_line' id='line_1_90' title="bbox 2320 3451 3892 3525; baseline -0.001 -16"><span class='ocrx_word' id='word_1_624' title='bbox 2320 3455 2682 3509; x_wconf 84' lang='lat' dir='ltr'><strong>oblectabaris</strong></span> <span class='ocrx_word' id='word_1_625' title='bbox 2715 3451 3168 3508; x_wconf 87' lang='lat' dir='ltr'><strong>modulationibus</strong></span> <span class='ocrx_word' id='word_1_626' title='bbox 3203 3451 3478 3525; x_wconf 74' lang='lat' dir='ltr'><strong>angelicis,</strong></span> <span class='ocrx_word' id='word_1_627' title='bbox 3511 3461 3738 3507; x_wconf 75' lang='lat' dir='ltr'><strong>cantans</strong></span> <span class='ocrx_word' id='word_1_628' title='bbox 3762 3467 3892 3508; x_wconf 82' lang='lat' dir='ltr'><strong>cum</strong></span> 
     </span>
    </p>
   </div>
   <div class='ocr_carea' id='block_1_91' title="bbox 2322 3539 3888 3611">
    <p class='ocr_par' dir='ltr' id='par_1_91' title="bbox 2322 3539 3888 3611">
     <span class='ocr_line' id='line_1_91' title="bbox 2322 3539 3888 3611; baseline -0.003 -13"><span class='ocrx_word' id='word_1_629' title='bbox 2322 3544 2424 3600; x_wconf 87' lang='lat' dir='ltr'><strong>illis</strong></span> <span class='ocrx_word' id='word_1_630' title='bbox 2452 3543 2749 3608; x_wconf 75' lang='lat' dir='ltr'><strong>canticum;</strong></span> <span class='ocrx_word' id='word_1_631' title='bbox 2783 3544 2923 3611; x_wconf 89' lang='lat' dir='ltr'><strong>quod</strong></span> <span class='ocrx_word' id='word_1_632' title='bbox 2958 3541 3110 3604; x_wconf 86' lang='lat' dir='ltr'><strong>solus</strong></span> <span class='ocrx_word' id='word_1_633' title='bbox 3145 3549 3329 3596; x_wconf 87' lang='lat' dir='ltr'><strong>cantat</strong></span> <span class='ocrx_word' id='word_1_634' title='bbox 3365 3539 3562 3605; x_wconf 81' lang='lat' dir='ltr'><strong>chorus</strong></span> <span class='ocrx_word' id='word_1_635' title='bbox 3588 3539 3888 3610; x_wconf 76' lang='lat' dir='ltr'><strong>virginalis.</strong></span> 
     </span>
    </p>
   </div>
   <div class='ocr_carea' id='block_1_92' title="bbox 2320 3629 3890 3702">
    <p class='ocr_par' dir='ltr' id='par_1_92' title="bbox 2320 3629 3890 3702">
     <span class='ocr_line' id='line_1_92' title="bbox 2320 3629 3890 3702; baseline -0.003 -13"><span class='ocrx_word' id='word_1_636' title='bbox 2320 3635 2526 3689; x_wconf 79' lang='lat' dir='ltr'><strong>Rursus</strong></span> <span class='ocrx_word' id='word_1_637' title='bbox 2567 3633 2660 3688; x_wconf 90' lang='lat' dir='ltr'><strong>tibi</strong></span> <span class='ocrx_word' id='word_1_638' title='bbox 2708 3634 2760 3686; x_wconf 92' lang='lat' dir='ltr'><strong>in</strong></span> <span class='ocrx_word' id='word_1_639' title='bbox 2808 3633 2966 3687; x_wconf 88' lang='lat' dir='ltr'><strong>terris</strong></span> <span class='ocrx_word' id='word_1_640' title='bbox 3013 3633 3267 3702; x_wconf 69' lang='lat' dir='ltr'><strong>hymnum</strong></span> <span class='ocrx_word' id='word_1_641' title='bbox 3313 3629 3608 3686; x_wconf 84' lang='lat' dir='ltr'><strong>celebranti</strong></span> <span class='ocrx_word' id='word_1_642' title='bbox 3648 3629 3890 3685; x_wconf 76' lang='lat' dir='ltr'><strong>vicissim</strong></span> 
     </span>
    </p>
   </div>
   <div class='ocr_carea' id='block_1_93' title="bbox 2321 3717 3892 3784">
    <p class='ocr_par' dir='ltr' id='par_1_93' title="bbox 2321 3717 3892 3784">
     <span class='ocr_line' id='line_1_93' title="bbox 2321 3717 3892 3784; baseline -0.004 -6"><span class='ocrx_word' id='word_1_643' title='bbox 2321 3725 2503 3778; x_wconf 87' lang='lat' dir='ltr'><strong>aderat</strong></span> <span class='ocrx_word' id='word_1_644' title='bbox 2535 3733 2590 3779; x_wconf 87' lang='lat' dir='ltr'><strong>et</strong></span> <span class='ocrx_word' id='word_1_645' title='bbox 2612 3723 2945 3778; x_wconf 81' lang='lat' dir='ltr'><strong>consonabat</strong></span> <span class='ocrx_word' id='word_1_646' title='bbox 2969 3721 3198 3776; x_wconf 87' lang='lat' dir='ltr'><strong>melodia</strong></span> <span class='ocrx_word' id='word_1_647' title='bbox 3226 3718 3492 3784; x_wconf 74' lang='lat' dir='ltr'><strong>ccelestis;</strong></span> <span class='ocrx_word' id='word_1_648' title='bbox 3527 3717 3892 3774; x_wconf 82' lang='lat' dir='ltr'><strong>concinebant</strong></span> 
     </span>
    </p>
   </div>
   <div class='ocr_carea' id='block_1_94' title="bbox 2322 3805 3893 3884">
    <p class='ocr_par' dir='ltr' id='par_1_94' title="bbox 2322 3805 3893 3884">
     <span class='ocr_line' id='line_1_94' title="bbox 2322 3805 3893 3884; baseline -0.005 -16"><span class='ocrx_word' id='word_1_649' title='bbox 2322 3815 2535 3884; x_wconf 89' lang='lat' dir='ltr'><strong>agmina</strong></span> <span class='ocrx_word' id='word_1_650' title='bbox 2575 3813 2921 3883; x_wconf 88' lang='lat' dir='ltr'><strong>virginitatis,</strong></span> <span class='ocrx_word' id='word_1_651' title='bbox 2953 3824 3168 3867; x_wconf 78' lang='lat' dir='ltr'><strong>Summa</strong></span> <span class='ocrx_word' id='word_1_652' title='bbox 3211 3807 3443 3878; x_wconf 89' lang='lat' dir='ltr'><strong>dignitas</strong></span> <span class='ocrx_word' id='word_1_653' title='bbox 3481 3820 3724 3877; x_wconf 69' lang='lat' dir='ltr'><strong>superna</strong></span> <span class='ocrx_word' id='word_1_654' title='bbox 3754 3805 3893 3860; x_wconf 85' lang='lat' dir='ltr'><strong>civi-</strong></span> 
     </span>
    </p>
   </div>
   <div class='ocr_carea' id='block_1_95' title="bbox 2321 3897 3891 3972">
    <p class='ocr_par' dir='ltr' id='par_1_95' title="bbox 2321 3897 3891 3972">
     <span class='ocr_line' id='line_1_95' title="bbox 2321 3897 3891 3972; baseline -0.006 -13"><span class='ocrx_word' id='word_1_655' title='bbox 2321 3907 2470 3960; x_wconf 91' lang='lat' dir='ltr'><strong>tatis.</strong></span> <span class='ocrx_word' id='word_1_656' title='bbox 2497 3905 2694 3961; x_wconf 89' lang='lat' dir='ltr'><strong>Potens</strong></span> <span class='ocrx_word' id='word_1_657' title='bbox 2717 3919 2780 3958; x_wconf 92' lang='lat' dir='ltr'><strong>ac</strong></span> <span class='ocrx_word' id='word_1_658' title='bbox 2805 3911 3103 3972; x_wconf 85' lang='lat' dir='ltr'><strong>praepotens</strong></span> <span class='ocrx_word' id='word_1_659' title='bbox 3132 3899 3327 3969; x_wconf 88' lang='lat' dir='ltr'><strong>gratia,</strong></span> <span class='ocrx_word' id='word_1_660' title='bbox 3360 3898 3444 3952; x_wconf 91' lang='lat' dir='ltr'><strong>cui</strong></span> <span class='ocrx_word' id='word_1_661' title='bbox 3475 3897 3553 3951; x_wconf 86' lang='lat' dir='ltr'><strong>sic</strong></span> <span class='ocrx_word' id='word_1_662' title='bbox 3580 3897 3891 3966; x_wconf 86' lang='lat' dir='ltr'><strong>obsequens</strong></span> 
     </span>
    </p>
   </div>
   <div class='ocr_carea' id='block_1_96' title="bbox 2320 3989 3890 4066">
    <p class='ocr_par' dir='ltr' id='par_1_96' title="bbox 2320 3989 3890 4066">
     <span class='ocr_line' id='line_1_96' title="bbox 2320 3989 3890 4066; baseline -0.007 -13"><span class='ocrx_word' id='word_1_663' title='bbox 2320 4007 2439 4054; x_wconf 89' lang='lat' dir='ltr'><strong>erat</strong></span> <span class='ocrx_word' id='word_1_664' title='bbox 2485 3995 2763 4066; x_wconf 88' lang='lat' dir='ltr'><strong>dignitatis</strong></span> <span class='ocrx_word' id='word_1_665' title='bbox 2827 3993 3084 4064; x_wconf 84' lang='lat' dir='ltr'><strong>angelicae</strong></span> <span class='ocrx_word' id='word_1_666' title='bbox 3145 3991 3424 4060; x_wconf 82' lang='lat' dir='ltr'><strong>potentia!</strong></span> <span class='ocrx_word' id='word_1_667' title='bbox 3487 3989 3770 4043; x_wconf 86' lang='lat' dir='ltr'><strong>Excellens</strong></span> <span class='ocrx_word' id='word_1_668' title='bbox 3823 4002 3890 4042; x_wconf 88' lang='lat' dir='ltr'><strong>ac</strong></span> 
     </span>
    </p>
   </div>
   <div class='ocr_carea' id='block_1_97' title="bbox 2320 4080 3887 4158">
    <p class='ocr_par' dir='ltr' id='par_1_97' title="bbox 2320 4080 3887 4158">
     <span class='ocr_line' id='line_1_97' title="bbox 2320 4080 3887 4158; baseline -0.005 -15"><span class='ocrx_word' id='word_1_669' title='bbox 2320 4087 2633 4158; x_wconf 78' lang='lat' dir='ltr'><strong>praecellens</strong></span> <span class='ocrx_word' id='word_1_670' title='bbox 2671 4085 2848 4140; x_wconf 88' lang='lat' dir='ltr'><strong>meriti</strong></span> <span class='ocrx_word' id='word_1_671' title='bbox 2882 4083 3210 4145; x_wconf 88' lang='lat' dir='ltr'><strong>eminentia,</strong></span> <span class='ocrx_word' id='word_1_672' title='bbox 3247 4096 3408 4151; x_wconf 89' lang='lat' dir='ltr'><strong>quam</strong></span> <span class='ocrx_word' id='word_1_673' title='bbox 3447 4080 3548 4135; x_wconf 89' lang='lat' dir='ltr'><strong>sibi</strong></span> <span class='ocrx_word' id='word_1_674' title='bbox 3582 4082 3887 4148; x_wconf 85' lang='lat' dir='ltr'><strong>acceptam.</strong></span> 
     </span>
    </p>
   </div>
   <div class='ocr_carea' id='block_1_98' title="bbox 2320 4170 3884 4252">
    <p class='ocr_par' dir='ltr' id='par_1_98' title="bbox 2320 4170 3884 4252">
     <span class='ocr_line' id='line_1_98' title="bbox 2320 4170 3884 4252; baseline -0.007 -19"><span class='ocrx_word' id='word_1_675' title='bbox 2320 4181 2398 4234; x_wconf 87' lang='lat' dir='ltr'><strong>sic</strong></span> <span class='ocrx_word' id='word_1_676' title='bbox 2442 4180 2728 4248; x_wconf 86' lang='lat' dir='ltr'><strong>pretiosam</strong></span> <span class='ocrx_word' id='word_1_677' title='bbox 2786 4176 2962 4234; x_wconf 88' lang='lat' dir='ltr'><strong>divina</strong></span> <span class='ocrx_word' id='word_1_678' title='bbox 3009 4173 3340 4252; x_wconf 71' lang='lat' dir='ltr'><strong>monstrabat</strong></span> <span class='ocrx_word' id='word_1_679' title='bbox 3379 4170 3884 4240; x_wconf 81' lang='lat' dir='ltr'><strong>superexcellentia!</strong></span> 
     </span>
    </p>
   </div>
   <div class='ocr_carea' id='block_1_99' title="bbox 2322 4255 3890 4336">
    <p class='ocr_par' dir='ltr' id='par_1_99' title="bbox 2322 4255 3890 4336">
     <span class='ocr_line' id='line_1_99' title="bbox 2322 4255 3890 4336; baseline -0.004 -16"><span class='ocrx_word' id='word_1_680' title='bbox 2322 4267 2603 4336; x_wconf 85' lang='lat' dir='ltr'><strong>Nunquam</strong></span> <span class='ocrx_word' id='word_1_681' title='bbox 2641 4282 2768 4334; x_wconf 85' lang='lat' dir='ltr'><strong>ergo</strong></span> <span class='ocrx_word' id='word_1_682' title='bbox 2803 4275 2909 4317; x_wconf 91' lang='lat' dir='ltr'><strong>tam</strong></span> <span class='ocrx_word' id='word_1_683' title='bbox 2943 4263 3148 4328; x_wconf 89' lang='lat' dir='ltr'><strong>dilecti,</strong></span> <span class='ocrx_word' id='word_1_684' title='bbox 3190 4271 3298 4316; x_wconf 90' lang='lat' dir='ltr'><strong>tam</strong></span> <span class='ocrx_word' id='word_1_685' title='bbox 3335 4260 3614 4314; x_wconf 87' lang='lat' dir='ltr'><strong>familiaris</strong></span> <span class='ocrx_word' id='word_1_686' title='bbox 3647 4255 3731 4313; x_wconf 87' lang='lat' dir='ltr'><strong>stii</strong></span> <span class='ocrx_word' id='word_1_687' title='bbox 3765 4275 3890 4328; x_wconf 67' lang='lat' dir='ltr'><strong>pre-</strong></span> 
     </span>
    </p>
   </div>
   <div class='ocr_carea' id='block_1_100' title="bbox 2323 4347 3889 4421">
    <p class='ocr_par' dir='ltr' id='par_1_100' title="bbox 2323 4347 3889 4421">
     <span class='ocr_line' id='line_1_100' title="bbox 2323 4347 3889 4421; baseline -0.007 -7"><span class='ocrx_word' id='word_1_688' title='bbox 2323 4374 2439 4414; x_wconf 86' lang='lat' dir='ltr'><strong>cem</strong></span> <span class='ocrx_word' id='word_1_689' title='bbox 2472 4365 2698 4421; x_wconf 88' lang='lat' dir='ltr'><strong>avertet,</strong></span> <span class='ocrx_word' id='word_1_690' title='bbox 2725 4365 2783 4410; x_wconf 88' lang='lat' dir='ltr'><strong>ut</strong></span> <span class='ocrx_word' id='word_1_691' title='bbox 2818 4371 2908 4409; x_wconf 90' lang='lat' dir='ltr'><strong>reo</strong></span> <span class='ocrx_word' id='word_1_692' title='bbox 2940 4355 3026 4407; x_wconf 90' lang='lat' dir='ltr'><strong>uni</strong></span> <span class='ocrx_word' id='word_1_693' title='bbox 3057 4353 3266 4407; x_wconf 85' lang='lat' dir='ltr'><strong>veniam</strong></span> <span class='ocrx_word' id='word_1_694' title='bbox 3295 4366 3402 4405; x_wconf 88' lang='lat' dir='ltr'><strong>non</strong></span> <span class='ocrx_word' id='word_1_695' title='bbox 3433 4351 3614 4405; x_wconf 90' lang='lat' dir='ltr'><strong>donet.</strong></span> <span class='ocrx_word' id='word_1_696' title='bbox 3640 4347 3889 4417; x_wconf 79' lang='lat' dir='ltr'><strong>Denique</strong></span> 
     </span>
    </p>
   </div>
   <div class='ocr_carea' id='block_1_101' title="bbox 2323 4424 3889 4524">
    <p class='ocr_par' dir='ltr' id='par_1_101' title="bbox 2323 4424 3889 4524">
     <span class='ocr_line' id='line_1_101' title="bbox 2323 4424 3889 4524; baseline -0.004 -26"><span class='ocrx_word' id='word_1_697' title='bbox 2323 4446 2448 4524; x_wconf 36' lang='lat' dir='ltr'><strong>ipse.</strong></span> <span class='ocrx_word' id='word_1_698' title='bbox 2472 4454 2699 4524; x_wconf 86' lang='lat' dir='ltr'><strong>testatur</strong></span> <span class='ocrx_word' id='word_1_699' title='bbox 2734 4445 2986 4521; x_wconf 84' lang='lat' dir='ltr'><strong>quoniam</strong></span> <span class='ocrx_word' id='word_1_700' title='bbox 3030 4458 3133 4496; x_wconf 89' lang='lat' dir='ltr'><strong>non</strong></span> <span class='ocrx_word' id='word_1_701' title='bbox 3164 4441 3276 4495; x_wconf 87' lang='lat' dir='ltr'><strong>vult</strong></span> <span class='ocrx_word' id='word_1_702' title='bbox 3306 4450 3365 4494; x_wconf 90' lang='lat' dir='ltr'><strong>ut</strong></span> <span class='ocrx_word' id='word_1_703' title='bbox 3407 4444 3658 4517; x_wconf 79' lang='lat' dir='ltr'><strong>peccator</strong></span> <span class='ocrx_word' id='word_1_704' title='bbox 3688 4424 3889 4493; x_wconf 86' lang='lat' dir='ltr'><strong>moria-</strong></span> 
     </span>
    </p>
   </div>
   <div class='ocr_carea' id='block_1_102' title="bbox 2325 4521 3892 4604">
    <p class='ocr_par' dir='ltr' id='par_1_102' title="bbox 2325 4521 3892 4604">
     <span class='ocr_line' id='line_1_102' title="bbox 2325 4521 3892 4604; baseline -0.004 -13"><span class='ocrx_word' id='word_1_705' title='bbox 2325 4546 2410 4591; x_wconf 91' lang='lat' dir='ltr'><strong>tur</strong></span> <span class='ocrx_word' id='word_1_706' title='bbox 2443 4521 2705 4604; x_wconf 23' lang='lat' dir='ltr'><strong>&#39;(Ezerlt.</strong></span> <span class='ocrx_word' id='word_1_707' title='bbox 2759 4551 2953 4594; x_wconf 79' lang='lat' dir='ltr'><strong>xxxiii.</strong></span> <span class='ocrx_word' id='word_1_708' title='bbox 2985 4535 3043 4588; x_wconf 82' lang='lat' dir='ltr'><strong>ll</strong></span> <span class='ocrx_word' id='word_1_709' title='bbox 3074 4533 3131 4603; x_wconf 90' lang='lat'><strong>):</strong></span> <span class='ocrx_word' id='word_1_710' title='bbox 3181 4533 3409 4588; x_wconf 88' lang='lat' dir='ltr'><strong>libenter</strong></span> <span class='ocrx_word' id='word_1_711' title='bbox 3468 4532 3649 4604; x_wconf 87' lang='lat' dir='ltr'><strong>itaque</strong></span> <span class='ocrx_word' id='word_1_712' title='bbox 3694 4530 3892 4584; x_wconf 66' lang='lat' dir='ltr'><strong>animae</strong></span> 
     </span>
    </p>
   </div>
   <div class='ocr_carea' id='block_1_103' title="bbox 2322 4612 3891 4693">
    <p class='ocr_par' dir='ltr' id='par_1_103' title="bbox 2322 4612 3891 4693">
     <span class='ocr_line' id='line_1_103' title="bbox 2322 4612 3891 4693; baseline -0.003 -16"><span class='ocrx_word' id='word_1_713' title='bbox 2322 4625 2609 4693; x_wconf 69' lang='lat' dir='ltr'><strong>pe’ccatrici</strong></span> <span class='ocrx_word' id='word_1_714' title='bbox 2663 4624 2888 4678; x_wconf 88' lang='lat' dir='ltr'><strong>salutem</strong></span> <span class='ocrx_word' id='word_1_715' title='bbox 2940 4612 3104 4688; x_wconf 86' lang='lat' dir='ltr'><strong>dabit,</strong></span> <span class='ocrx_word' id='word_1_716' title='bbox 3160 4622 3311 4690; x_wconf 86' lang='lat' dir='ltr'><strong>cujus</strong></span> <span class='ocrx_word' id='word_1_717' title='bbox 3363 4629 3588 4676; x_wconf 85' lang='lat' dir='ltr'><strong>testatur</strong></span> <span class='ocrx_word' id='word_1_718' title='bbox 3634 4634 3694 4674; x_wconf 90' lang='lat' dir='ltr'><strong>se</strong></span> <span class='ocrx_word' id='word_1_719' title='bbox 3747 4617 3891 4674; x_wconf 78' lang='lat' dir='ltr'><strong>nolle</strong></span> 
     </span>
    </p>
   </div>
   <div class='ocr_carea' id='block_1_104' title="bbox 2323 4724 2574 4771">
    <p class='ocr_par' dir='ltr' id='par_1_104' title="bbox 2323 4724 2574 4771">
     <span class='ocr_line' id='line_1_104' title="bbox 2323 4724 2574 4771; baseline -0.012 0"><span class='ocrx_word' id='word_1_720' title='bbox 2323 4724 2574 4771; x_wconf 90' lang='lat' dir='ltr'><strong>mortem.</strong></span> 
     </span>
    </p>
   </div>
   <div class='ocr_carea' id='block_1_105' title="bbox 2397 4821 3888 4894">
    <p class='ocr_par' dir='ltr' id='par_1_105' title="bbox 2397 4821 3888 4894">
     <span class='ocr_line' id='line_1_105' title="bbox 2397 4821 3888 4894; baseline -0.004 -12"><span class='ocrx_word' id='word_1_721' title='bbox 2397 4830 2603 4883; x_wconf 80' lang='lat' dir='ltr'><strong>Rursus</strong></span> <span class='ocrx_word' id='word_1_722' title='bbox 2641 4838 2932 4882; x_wconf 89' lang='lat' dir='ltr'><strong>occurrunt</strong></span> <span class='ocrx_word' id='word_1_723' title='bbox 2971 4842 3095 4894; x_wconf 81' lang='lat' dir='ltr'><strong>spes</strong></span> <span class='ocrx_word' id='word_1_724' title='bbox 3128 4834 3180 4879; x_wconf 90' lang='lat' dir='ltr'><strong>et</strong></span> <span class='ocrx_word' id='word_1_725' title='bbox 3219 4823 3544 4879; x_wconf 88' lang='lat' dir='ltr'><strong>confidentia</strong></span> <span class='ocrx_word' id='word_1_726' title='bbox 3592 4821 3888 4891; x_wconf 71' lang='lat' dir='ltr'><strong>emptionis</strong></span> 
     </span>
    </p>
   </div>
   <div class='ocr_carea' id='block_1_106' title="bbox 2326 4909 3888 4985">
    <p class='ocr_par' dir='ltr' id='par_1_106' title="bbox 2326 4909 3888 4985">
     <span class='ocr_line' id='line_1_106' title="bbox 2326 4909 3888 4985; baseline -0.004 -15"><span class='ocrx_word' id='word_1_727' title='bbox 2326 4933 2458 4970; x_wconf 71' lang='lat' dir='ltr'><strong>mea:</strong></span> <span class='ocrx_word' id='word_1_728' title='bbox 2510 4916 2650 4985; x_wconf 89' lang='lat' dir='ltr'><strong>apud</strong></span> <span class='ocrx_word' id='word_1_729' title='bbox 2690 4916 2860 4983; x_wconf 90' lang='lat' dir='ltr'><strong>ipsum</strong></span> <span class='ocrx_word' id='word_1_730' title='bbox 2909 4914 3173 4982; x_wconf 82' lang='lat' dir='ltr'><strong>judicem,</strong></span> <span class='ocrx_word' id='word_1_731' title='bbox 3224 4912 3449 4982; x_wconf 87' lang='lat' dir='ltr'><strong>insignia</strong></span> <span class='ocrx_word' id='word_1_732' title='bbox 3505 4909 3888 4964; x_wconf 77' lang='lat' dir='ltr'><strong>familiaritatis</strong></span> 
     </span>
    </p>
   </div>
   <div class='ocr_carea' id='block_1_107' title="bbox 2331 4999 3889 5073">
    <p class='ocr_par' dir='ltr' id='par_1_107' title="bbox 2331 4999 3889 5073">
     <span class='ocr_line' id='line_1_107' title="bbox 2331 4999 3889 5073; baseline -0.004 -14"><span class='ocrx_word' id='word_1_733' title='bbox 2331 5015 2450 5060; x_wconf 71' lang='lat' dir='ltr'><strong>tuae.</strong></span> <span class='ocrx_word' id='word_1_734' title='bbox 2491 5009 2634 5071; x_wconf 76' lang='lat' dir='ltr'><strong>Quos</strong></span> <span class='ocrx_word' id='word_1_735' title='bbox 2666 5007 2805 5059; x_wconf 87' lang='lat' dir='ltr'><strong>enim</strong></span> <span class='ocrx_word' id='word_1_736' title='bbox 2841 5005 3186 5073; x_wconf 75' lang='lat' dir='ltr'><strong>praenuntius,</strong></span> <span class='ocrx_word' id='word_1_737' title='bbox 3214 5016 3350 5072; x_wconf 90' lang='lat' dir='ltr'><strong>quos</strong></span> <span class='ocrx_word' id='word_1_738' title='bbox 3375 4999 3708 5071; x_wconf 86' lang='lat' dir='ltr'><strong>apparitores</strong></span> <span class='ocrx_word' id='word_1_739' title='bbox 3746 4999 3810 5054; x_wconf 83' lang='lat' dir='ltr'><strong>ad</strong></span> <span class='ocrx_word' id='word_1_740' title='bbox 3836 5007 3889 5054; x_wconf 78' lang='lat' dir='ltr'><strong>te</strong></span> 
     </span>
    </p>
   </div>
   <div class='ocr_carea' id='block_1_108' title="bbox 1932 5116 2591 5172">
    <p class='ocr_par' dir='ltr' id='par_1_108' title="bbox 1932 5116 2591 5172">
     <span class='ocr_line' id='line_1_108' title="bbox 1932 5116 2591 5172; baseline -0.003 0"><span class='ocrx_word' id='word_1_741' title='bbox 1932 5117 2156 5172; x_wconf 63' lang='lat' dir='ltr'><strong>VARIAZ</strong></span> <span class='ocrx_word' id='word_1_742' title='bbox 2195 5116 2591 5172; x_wconf 84' lang='lat' dir='ltr'><strong>LECTIONES.</strong></span> 
     </span>
    </p>
   </div>
   <div class='ocr_carea' id='block_1_109' title="bbox 646 5217 3878 5298">
    <p class='ocr_par' dir='ltr' id='par_1_109' title="bbox 646 5217 3878 5298">
     <span class='ocr_line' id='line_1_109' title="bbox 646 5217 3878 5298; baseline -0.006 -7"><span class='ocrx_word' id='word_1_743' title='bbox 646 5288 648 5291; x_wconf 89' lang='lat'><strong>.</strong></span> <span class='ocrx_word' id='word_1_744' title='bbox 730 5234 821 5273; x_wconf 78' lang='grc'><strong>¹³³¹</strong></span> <span class='ocrx_word' id='word_1_745' title='bbox 846 5237 890 5294; x_wconf 92' lang='lat'><strong>0</strong></span> <span class='ocrx_word' id='word_1_746' title='bbox 913 5246 966 5291; x_wconf 87' lang='grc' dir='ltr'><strong>ιιι</strong></span> <span class='ocrx_word' id='word_1_747' title='bbox 996 5233 1067 5286; x_wconf 93' lang='lat' dir='ltr'><strong>mi</strong></span> <span class='ocrx_word' id='word_1_748' title='bbox 1096 5232 1236 5287; x_wconf 89' lang='lat' dir='ltr'><strong>bone</strong></span> <span class='ocrx_word' id='word_1_749' title='bbox 1263 5232 1388 5293; x_wconf 82' lang='lat' dir='ltr'><strong>dux,</strong></span> <span class='ocrx_word' id='word_1_750' title='bbox 1417 5245 1449 5282; x_wconf 92' lang='lat' dir='ltr'><strong>o</strong></span> <span class='ocrx_word' id='word_1_751' title='bbox 1474 5230 1653 5284; x_wconf 86' lang='lat' dir='ltr'><strong>suavis</strong></span> <span class='ocrx_word' id='word_1_752' title='bbox 1683 5230 2014 5298; x_wconf 80' lang='lat' dir='ltr'><strong>magister,o</strong></span> <span class='ocrx_word' id='word_1_753' title='bbox 2039 5227 2208 5282; x_wconf 88' lang='lat' dir='ltr'><strong>dulcis</strong></span> <span class='ocrx_word' id='word_1_754' title='bbox 2236 5236 2387 5297; x_wconf 86' lang='lat' dir='ltr'><strong>pater</strong></span> <span class='ocrx_word' id='word_1_755' title='bbox 2409 5226 2720 5298; x_wconf 79' lang='lat' dir='ltr'><strong>Benedicte,</strong></span> <span class='ocrx_word' id='word_1_756' title='bbox 2754 5224 2946 5298; x_wconf 76' lang='lat' dir='ltr'><strong>veL_N.</strong></span> <span class='ocrx_word' id='word_1_757' title='bbox 2998 5239 3094 5298; x_wconf 82' lang='lat' dir='ltr'><strong>oro</strong></span> <span class='ocrx_word' id='word_1_758' title='bbox 3125 5232 3178 5278; x_wconf 90' lang='lat' dir='ltr'><strong>et</strong></span> <span class='ocrx_word' id='word_1_759' title='bbox 3203 5223 3435 5298; x_wconf 64' lang='lat' dir='ltr'><strong>obsecro</strong></span> <span class='ocrx_word' id='word_1_760' title='bbox 3474 5235 3594 5278; x_wconf 73' lang='grc' dir='ltr'><strong>πη..</strong></span> <span class='ocrx_word' id='word_1_761' title='bbox 3620 5217 3878 5275; x_wconf 70' lang='lat' dir='ltr'><strong>Son-Ger.</strong></span> 
     </span>
    </p>
   </div>
   <div class='ocr_carea' id='block_1_110' title="bbox 661 5290 3883 5382">
    <p class='ocr_par' dir='ltr' id='par_1_110' title="bbox 661 5290 3883 5382">
     <span class='ocr_line' id='line_1_110' title="bbox 661 5290 3883 5382; baseline -0.007 -17"><span class='ocrx_word' id='word_1_762' title='bbox 661 5290 887 5382; x_wconf 32' lang='lat' dir='ltr'><strong>Age,mvi</strong></span> <span class='ocrx_word' id='word_1_763' title='bbox 921 5290 1286 5382; x_wconf 49' lang='lat' dir='ltr'><strong>bonedlater,</strong></span> <span class='ocrx_word' id='word_1_764' title='bbox 1325 5290 1685 5382; x_wconf 26' lang='lat' dir='ltr'><strong>dulc_is‘Pater</strong></span> <span class='ocrx_word' id='word_1_765' title='bbox 1723 5290 2026 5378; x_wconf 60' lang='lat' dir='ltr'><strong>Bénedicte,</strong></span> <span class='ocrx_word' id='word_1_766' title='bbox 2064 5290 2311 5382; x_wconf 59' lang='lat' dir='ltr'><strong>obsecro</strong></span> <span class='ocrx_word' id='word_1_767' title='bbox 2360 5297 2453 5376; x_wconf 59' lang='lat' dir='ltr'><strong>“3f</strong></span> <span class='ocrx_word' id='word_1_768' title='bbox 2498 5295 3090 5382; x_wconf 34' lang='lat' dir='ltr'><strong>l‘atronkumﬂclamantil</strong></span> <span class='ocrx_word' id='word_1_769' title='bbox 3127 5309 3223 5346; x_wconf 82' lang='lat' dir='ltr'><strong>ms.</strong></span> <span class='ocrx_word' id='word_1_770' title='bbox 3262 5290 3574 5382; x_wconf 46' lang='lat' dir='ltr'><strong>Sun-Germ].</strong></span> <span class='ocrx_word' id='word_1_771' title='bbox 3599 5299 3883 5382; x_wconf 62' lang='lat' dir='ltr'><strong>patrgnum</strong></span> 
     </span>
    </p>
   </div>
   <div class='ocr_carea' id='block_1_111' title="bbox 599 5358 3883 5438">
    <p class='ocr_par' dir='ltr' id='par_1_111' title="bbox 599 5358 3883 5438">
     <span class='ocr_line' id='line_1_111' title="bbox 599 5358 3883 5438; baseline -0.005 -9"><span class='ocrx_word' id='word_1_772' title='bbox 599 5425 604 5429; x_wconf 77' lang='lat'><strong>.</strong></span> <span class='ocrx_word' id='word_1_773' title='bbox 661 5358 952 5436; x_wconf 57' lang='lat' dir='ltr'><strong>iiﬁtb&#39;csnu&quot;</strong></span> <span class='ocrx_word' id='word_1_774' title='bbox 979 5358 1098 5404; x_wconf 15' lang='lat'><strong>7&quot;”</strong></span> <span class='ocrx_word' id='word_1_775' title='bbox 1125 5358 1286 5438; x_wconf 73' lang='lat' dir='ltr'><strong>Erige</strong></span> <span class='ocrx_word' id='word_1_776' title='bbox 1323 5369 1374 5421; x_wconf 93' lang='lat' dir='ltr'><strong>in</strong></span> <span class='ocrx_word' id='word_1_777' title='bbox 1408 5358 1680 5421; x_wconf 80' lang='lat' dir='ltr'><strong>viclOriam</strong></span> <span class='ocrx_word' id='word_1_778' title='bbox 1725 5383 1845 5420; x_wconf 79' lang='lat' dir='ltr'><strong>mu.</strong></span> <span class='ocrx_word' id='word_1_779' title='bbox 1888 5358 2035 5438; x_wconf 61' lang='lat' dir='ltr'><strong>erige</strong></span> <span class='ocrx_word' id='word_1_780' title='bbox 2079 5368 2207 5420; x_wconf 91' lang='lat' dir='ltr'><strong>mihi</strong></span> <span class='ocrx_word' id='word_1_781' title='bbox 2265 5367 2540 5422; x_wconf 89' lang='lat' dir='ltr'><strong>victoriam</strong></span> <span class='ocrx_word' id='word_1_782' title='bbox 2596 5365 2709 5438; x_wconf 72' lang='lat'><strong>_&quot;“</strong></span> <span class='ocrx_word' id='word_1_783' title='bbox 2757 5363 3312 5438; x_wconf 72' lang='lat' dir='ltr'><strong>\’iver_e__deberemus</strong></span> <span class='ocrx_word' id='word_1_784' title='bbox 3356 5379 3457 5438; x_wconf 53' lang='lat' dir='ltr'><strong>ms.</strong></span> <span class='ocrx_word' id='word_1_785' title='bbox 3513 5358 3643 5413; x_wconf 77' lang='lat' dir='ltr'><strong>Vict.</strong></span> <span class='ocrx_word' id='word_1_786' title='bbox 3691 5360 3776 5414; x_wconf 77' lang='grc'><strong>16.</strong></span> <span class='ocrx_word' id='word_1_787' title='bbox 3803 5358 3883 5438; x_wconf 85' lang='lat' dir='ltr'><strong>vi_-</strong></span> 
     </span>
    </p>
   </div>
   <div class='ocr_carea' id='block_1_112' title="bbox 663 5424 3886 5506">
    <p class='ocr_par' dir='ltr' id='par_1_112' title="bbox 663 5424 3886 5506">
     <span class='ocr_line' id='line_1_112' title="bbox 663 5424 3886 5506; baseline -0.007 -2"><span class='ocrx_word' id='word_1_788' title='bbox 663 5424 1086 5503; x_wconf 36' lang='lat' dir='ltr'><strong>verevil‘ellemus</strong></span> <span class='ocrx_word' id='word_1_789' title='bbox 1117 5424 1396 5492; x_wconf 50' lang='lat' dir='ltr'><strong>nis.&quot;1&quot;lor.&#39;</strong></span> <span class='ocrx_word' id='word_1_790' title='bbox 1423 5437 1887 5506; x_wconf 42' lang='lat' dir='ltr'><strong>viverentusu’m</strong></span> <span class='ocrx_word' id='word_1_791' title='bbox 1916 5424 2698 5506; x_wconf 56' lang='lat' dir='ltr'><strong>l’dssinttts,‘quemadmodum</strong></span> <span class='ocrx_word' id='word_1_792' title='bbox 2753 5451 2848 5490; x_wconf 72' lang='lat' dir='ltr'><strong>ms.</strong></span> <span class='ocrx_word' id='word_1_793' title='bbox 2904 5432 3050 5486; x_wconf 79' lang='lat' dir='ltr'><strong>Flor.</strong></span> <span class='ocrx_word' id='word_1_794' title='bbox 3097 5431 3362 5501; x_wconf 87' lang='lat' dir='ltr'><strong>possimus</strong></span> <span class='ocrx_word' id='word_1_795' title='bbox 3411 5430 3587 5487; x_wconf 84' lang='lat' dir='ltr'><strong>vivere</strong></span> <span class='ocrx_word' id='word_1_796' title='bbox 3630 5424 3886 5506; x_wconf 81' lang='lat' dir='ltr'><strong>quemad-</strong></span> 
     </span>
    </p>
   </div>
   <div class='ocr_carea' id='block_1_113' title="bbox 667 5503 2256 5572">
    <p class='ocr_par' dir='ltr' id='par_1_113' title="bbox 667 5503 2256 5572">
     <span class='ocr_line' id='line_1_113' title="bbox 667 5503 2256 5572; baseline -0.008 0"><span class='ocrx_word' id='word_1_797' title='bbox 667 5517 882 5572; x_wconf 89' lang='lat' dir='ltr'><strong>modum</strong></span> <span class='ocrx_word' id='word_1_798' title='bbox 955 5512 1047 5543; x_wconf 81' lang='grc'><strong>’¹⁸⁶</strong></span> <span class='ocrx_word' id='word_1_799' title='bbox 1076 5511 1137 5564; x_wconf 87' lang='lat' dir='ltr'><strong>Et</strong></span> <span class='ocrx_word' id='word_1_800' title='bbox 1169 5519 1224 5564; x_wconf 90' lang='lat' dir='ltr'><strong>ut</strong></span> <span class='ocrx_word' id='word_1_801' title='bbox 1271 5517 1324 5562; x_wconf 87' lang='lat' dir='ltr'><strong>tu</strong></span> <span class='ocrx_word' id='word_1_802' title='bbox 1358 5523 1480 5560; x_wconf 77' lang='lat' dir='ltr'><strong>mss.</strong></span> <span class='ocrx_word' id='word_1_803' title='bbox 1534 5505 1690 5558; x_wconf 85' lang='lat' dir='ltr'><strong>Torn.</strong></span> <span class='ocrx_word' id='word_1_804' title='bbox 1735 5503 1960 5559; x_wconf 80' lang='lat' dir='ltr'><strong>Val-(uc.</strong></span> <span class='ocrx_word' id='word_1_805' title='bbox 2014 5514 2151 5560; x_wconf 90' lang='lat' dir='ltr'><strong>utet</strong></span> <span class='ocrx_word' id='word_1_806' title='bbox 2203 5515 2256 5560; x_wconf 92' lang='lat' dir='ltr'><strong>tu</strong></span> 
     </span>
    </p>
   </div>
   <div class='ocr_carea' id='block_1_114' title="bbox 3395 995 3940 1063">
    <p class='ocr_par' dir='ltr' id='par_1_114' title="bbox 3395 995 3940 1063">
     <span class='ocr_line' id='line_1_114' title="bbox 3395 995 3940 1063; baseline -0.004 -1"><span class='ocrx_word' id='word_1_807' title='bbox 3395 1009 3670 1062; x_wconf 90' lang='lat' dir='ltr'><strong>lntentans</strong></span> <span class='ocrx_word' id='word_1_808' title='bbox 3716 1024 3877 1063; x_wconf 87' lang='lat' dir='ltr'><strong>enor—</strong></span> <span class='ocrx_word' id='word_1_809' title='bbox 3934 995 3940 1020; x_wconf 46' lang='grc' dir='ltr'><em>ῖ</em></span> 
     </span>
    </p>
   </div>
  </div>
