4200 6210
396 341 536 399 1009

386 559 552 601 carne
582 546 869 611 abituram,
898 548 1045 603 illum
1073 549 1361 617 adituram,
1387 565 1449 604 ae
1475 565 1659 606 secum
1699 566 1952 620 perman-

383 624 566 689 surain
595 635 953 705 adjudicavit?
983 651 1051 691 ne
1082 636 1189 691 ullo
1215 630 1357 692 metu
1390 648 1705 703 terreretur,
1735 654 1955 710 supore

348 768 351 771 .
384 726 716 793 turbaretur,
742 726 1137 784 incertitudine
1173 729 1577 797 sollicitaretur,
1619 732 1733 786 dies
1762 731 1955 801 praedi-

381 817 545 881 citur,
572 828 792 873 aeternae
821 818 1164 887 beatitudinis
1193 821 1401 876 mansio
1421 821 1767 889 promittitur,
1793 823 1958 893 duca-

380 914 470 961 tus
505 905 671 961 curize
710 906 949 963 caelestis
986 908 1300 974 adducitur;
1343 924 1373 963 a
1405 926 1510 980 quo
1546 912 1707 967 hilari
1745 916 1953 969 securi-

380 1001 516 1059 tate,
544 1010 608 1050 ac
632 1011 819 1051 secura
849 995 1118 1051 hilaritate
1143 997 1488 1067 perducatur.

451 1083 659 1162 Quanta
697 1094 749 1139 et
792 1099 825 1138 ο
851 1094 1084 1154 quanta,
1122 1086 1264 1155 quali
1301 1098 1355 1143 et
1393 1105 1427 1143 ο
1470 1091 1615 1159 quali
1663 1093 1955 1164 suscipitur

380 1178 761 1245 exsultatione,
805 1180 897 1248 qui
946 1196 1068 1234 cum
1113 1178 1202 1233 tali
1251 1197 1315 1236 ac
1360 1190 1506 1238 tanta
1556 1168 1836 1241 deducitur
1862 1202 1954 1257 ap-

379 1268 688 1339 paritione?
724 1278 984 1338 quantum
1019 1269 1351 1340 jucundatur
1377 1284 1433 1330 et
1472 1275 1807 1345 gloriﬁcatur
1832 1293 1955 1332 sns-

378 1354 589 1429 ceptu's,
638 1358 789 1431 cujus
831 1360 912 1417 sic
963 1361 1348 1421 honoriﬁcatur
1388 1366 1693 1421 adventus?
1741 1364 1950 1433 Quanta

380 1450 613 1520 denique
654 1438 1022 1519 veneratione,
1053 1463 1255 1524 quanta
1295 1455 1701 1526 gloriﬁcationis
1738 1459 1950 1513 exhibi-

381 1540 531 1605 tione
556 1543 615 1596 lit
648 1542 763 1614 ipsa
798 1544 1138 1607 annuntiatio
1175 1546 1510 1617 migrationis
1551 1549 1695 1603 tum?
1735 1549 1840 1604 Per
1866 1551 1950 1602 vi-

376 1642 497 1687 sum
532 1630 624 1686 tibi
666 1633 873 1688 sedenti
909 1634 962 1689 in
999 1635 1253 1709 cathedra
1296 1645 1384 1692 tua
1429 1638 1723 1707 pontificali
1764 1648 1949 1695 astans

377 1733 435 1778 et
474 1724 834 1780 circumstans
880 1726 1191 1797 angelorum
1238 1727 1543 1801 frequentia
1583 1747 1944 1813 supernorum
1976 1761 1978 1763 >

799 377 809 383 ν
1614 360 1617 361 ⁷
1743 344 2153 402 CRATIONES.

385 458 669 526 przemisit,
699 452 1108 516 cum'directam
1143 470 1288 516 tuam
1325 468 1538 517 beatam
1573 462 1807 517 animam
1837 461 1950 531 jam

2133 459 2487 533 299-301
2525 454 2779 513 ORATIO
2808 455 3017 511 LXXIV
3060 454 3152 527 [οι.
3190 452 3421 538 LXXIII]
3442 453 3567 525 “3".

3496 337 3637 394 iOIO

2339 566 2408 605 AD
2448 563 2690 605 SANCTAII
2738 562 2939 602 IARIAH
2980 560 3369 609 MAGIDALENAM,

2273 643 2403 715 cum
2433 642 2803 697 retractatione
2831 639 3027 694 amoris
3050 638 3117 691 ad
3142 638 3427 715 Christum.

2129 755 2332 811 Sancta
2381 730 2550 809 Maria
2601 751 2930 825 Magdalena,
2981 765 3100 820 quae
3139 764 3257 803 cum
3288 748 3434 802 fonte
3465 745 3636 827 lacry-

2057 860 2267 899 tnarum
2292 844 2357 898 ad
2381 844 2583 906 fontem
2614 841 2999 897 misericordia:
3040 838 3314 895 Christum
3340 835 3636 900 venisti,de

2054 951 2161 1007 quo
2189 935 2443 991 ardenter
2489 933 2678 989 sitiens
2708 932 3046 985 abundanter
3073 945 3135 985 es
3166 918 3482 990 refocillata',
3538 942 3635 996 per

2055 1042 2215 1099 quem
2265 1025 2535 1095 peccatrix
2591 1038 2650 1081 es
2680 1020 3011 1094 justiﬁeata,
3055 1036 3084 1073 a
3138 1024 3244 1088 quo
3296 1016 3633 1071 amarissime

2054 1116 2240 1172 dolens
2284 1115 2593 1169 dulcissime
2641 1128 2702 1170 es
2754 1111 3049 1171 consolata.
3100 1110 3213 1177 Tu,
3261 1110 3475 1164 domina
3514 1122 3643 1175 mea,

2054 1208 2391 1280 charissima.
2414 1204 2866 1277 pertemetipsam
2895 1219 2965 1259 es,
2996 1211 3223 1273 experta
3252 1201 3481 1271 qualiter
3507 1215 3632 1270 pec-

2053 1297 2227 1351 catrix
2249 1295 2427 1350 anima
2456 1293 2701 1351 Creatori
2730 1307 2827 1348 suo
2853 1292 3255 1357 reconcilietur,
3287 1290 3429 1361 quod
3452 1288 3632 1347 consi-

2054 1383 2183 1438 lium
2214 1383 2425 1438 miserae
2450 1368 3059 1451 animaeexpediat,quce
3082 1380 3345 1435 medicina
3376 1379 3635 1463 languen-

2054 1477 2090 1532 ti
2115 1475 2339 1531 salutem
2371 1476 2638 1531 restituat.
2682 1474 2826 1531 Satis
2846 1476 2989 1529 enim
3015 1473 3235 1539 scimus,
3263 1474 3430 1527 chara
3457 1472 3627 1529 amica

2048 1569 2265 1641 Dei,ctti
2294 1560 2513 1624 dimissa
2563 1576 2691 1623 sunt
2711 1576 2924 1636 pacata
2963 1566 3150 1631 multa,
3178 1565 3424 1636 quoniam
3446 1563 3629 1618 dilea't

2049 1660 2378 1716 multummu
2413 1659 2565 1730 (Luc:
2594 1675 2689 1723 vn,
2715 1658 2825 1729 47).
2859 1656 2975 1711 Non
2998 1670 3102 1727 ego
3152 1654 3625 1717 sceleratissimus,

2047 1750 2263 1806 domina
2292 1749 2621 1815 beatissima,
2645 1762 2752 1803 non
2790 1761 2891 1820 ego
2937 1746 3384 1801 sceleratissimus
3409 1753 3627 1815 peccata

376 1814 577 1901 civium
620 1816 793 1883 curia,
829 1818 1018 1887 quatrit
1054 1834 1085 1873 a
1122 1827 1175 1874 te
1204 1822 1380 1891 quoad
1417 1823 1510 1878 tibi
1550 1824 1941 1899 placeat'com-

2045 1850 2133 1896 tua
2159 1840 2571 1911 improperando
2587 1848 2839 1904 retracto;
2854 1839 2945 1894 sed
2959 1838 3375 1894 immensitatem
3389 1836 3627 1892 clemen—

376 1891 580 1960 rnorari
610 1906 664 1962 in
691 1922 853 1964 carne
877 1909 1010 1976 ista;
1036 1910 1201 1966 refert
1232 1914 1499 1982 nuntium,
1531 1891 1733 1971 indicat
1759 1894 1942 1975 votum

376 1994 544 2049 totius
590 2009 837 2066 superna:
883 1988 1158 2058 conc'ionis
1205 2004 1463 2073 optantis,
1513 2009 1719 2063 orantis
1755 2023 1819 2065 ac
1856 2010 1946 2069 de-

373 2086 670 2154 precantis,
699 2096 760 2141 ut
781 2087 892 2159 jam
922 2104 1043 2145 cum
1072 2095 1152 2147 eis
1180 2102 1303 2150 ante
1339 2110 1607 2152 summum
1638 2098 1943 2167 pontiﬁcem

373 2183 689 2245 perpetuum
713 2176 937 2233 Sanctus
961 2179 1219 2238 decantes
1249 2184 1300 2238 in
1327 2186 1498 2242 ctelis.
1522 2185 1860 2258 Respondisti
1895 2204 1944 2246 te

373 2280 521 2337 nunc
559 2281 664 2322 non
709 2282 869 2339 posse
908 2270 1091 2336 abire;
1137 2273 1262 2342 quia
1285 2260 1945 2335 Dominicaa'Ascensionis

372 2356 558 2411 aderat
581 2357 799 2425 festum;
826 2360 879 2414 in
901 2375 1007 2430 quo
1028 2360 1358 2421 allocuturus
1376 2374 1431 2421 et
1452 2368 1945 2426 communicaturus

370 2459 495 2503 eras
532 2450 877 2507 commissum
916 2453 1007 2508 tibi
1043 2454 1319 2525 papulum.
1370 2457 1457 2513 Fit
1485 2460 1943 2533 cpncessio'justm

371 2547 429 2594 et
457 2540 792 2597 charitativa:
828 2546 1223 2614 excusationis;
1266 2547 1520 2605 indicitur
1560 2550 1695 2616 dies,
1743 2553 1797 2608 in
1835 2570 1941 2624 qua

370 2630 518 2686 nulla
553 2645 866 2693 occurreret
900 2652 1061 2693 causa
1101 2636 1392 2696 dilationis.
1423 2641 1468 2698 0
1498 2626 1813 2715 ἰηείεηίέει
1848 2647 1941 2702 ad-

371 2721 631 2777 mirabilis
652 2725 825 2794 gratia
849 2724 1258 2796 familiaritatis;
1287 2732 1438 2801 cujus
1456 2720 1630 2788 VSOIius
1653 2734 1937 2801 voluntati,

373 2811 535 2866 totius
576 2826 820 2881 supernae
856 2816 1132 2885 dignitatis
1164 2831 1347 2875 votum
1389 2836 1453 2878 ac
1485 2821 1733 2879 voluntas
1761 2823 1935 2879 cedit!

368 2898 628 2957 Concedit
664 2902 977 2959 dilationem
1014 2907 1119 2972 sui,
1167 2922 1234 2963 ne
1275 2908 1434 2979 hujus
1468 2928 1573 2967 non
1604 2900 1803 2969 habeat
1846 2915 1939 2970 ad-

367 2989 769 3062 impletionem;
802 2999 945 3064 (ιηοα
970 2986 1237 3066 non‘vult,
1266 3002 1355 3057 illa
1382 3003 1498 3058 fieri
1529 2986 1749 3072 mavult,
1777 3021 1937 3077 quam

366 3096 435 3138 ne
466 3098 568 3138 non
597 3085 691 3139 ﬁat
714 3087 855 3156 quod
884 3088 986 3143 ista
1013 3092 1148 3146 vult.
1176 3084 1294 3159 Quo
1324 3108 1455 3164 ergo
1488 3111 1674 3152 amore
1701 3113 1936 3168 praesen-

2050 1930 2155 2006 tire,
2170 1945 2268 2000 per
2293 1945 2450 2000 quam
2468 1930 2637 1984 deleta
2651 1920 3114 2007 surtu-pertracto;
3130 1938 3182 1983 et
3203 1943 3297 1998 per
3321 1918 3439 1982 eam
3456 1926 3627 1996 respi-

2048 2038 2108 2079 rs
2123 2038 2188 2077 ne
2217 2022 2621 2093 desperem'm,
2640 2031 2693 2076 et
2715 2022 2781 2077 ad
2807 2022 3049 2077 eamdem
3073 2020 3283 2090 suspiro
3297 2034 3363 2075 ne
3383 2032 3622 2090 peream;

2046 2127 2167 2182 ego,
2218 2113 2458 2185 inqpam,
2503 2106 2889 2169 miserabiliter
2922 2114 2975 2167 in
3006 2111 3329 2183 profundum
3370 2104 3621 2166 vitiorum

2046 2206 2430 2284 przecipitatus,
2455 2222 2554 2279 ego
2580 2207 2749 2263 nimio
2772 2206 3009 2279 pondere
3036 2206 3321 2261 criminum
3344 2214 3619 2276 gravatus,

2045 2310 2142 2364 ego
2184 2295 2237 2349 in
2267 2296 2497 2353 obscuro
2539 2310 2756 2352 carcere
2817 2304 3161 2363 peccatorum
3215 2309 3245 2349 a
3304 2294 3623 2366 memetipso
3673 2347 3676 2355 .

2046 2388 2322 2464 detrusus,
2344 2397 2399 2443 et
2432 2389 2484 2443 in
2515 2389 2746 2458 torporis
2768 2388 2860 2421 ¹¹⁸⁰
2893 2388 3129 2445 tenebris
3150 2388 3457 2444 obvolutus.
3616 2459 3620 2467 γ

2097 2476 2274 2554 Ενςο,
2295 2476 2464 2532 electa
2490 2476 2756 2543 dilectrix,
2783 2486 2839 2534 et
2880 2478 3075 2555 dilecta
3118 2476 3339 2532 electri:
3375 2476 3488 2540 Dei,
3515 2474 3629 2547 ego'

2044 2569 2210 2622 miser
2232 2583 2361 2638 rogo
2395 2578 2447 2623 te
2468 2569 2705 2635 beatam,
2736 2554 3054 2642 tenebrosus
3083 2566 3463 2631 illuminatam,
3487 2581 3617 2637 pec-

2042 2665 2196 2713 cator
2216 2655 2595 2725 justiﬁcatam,
2624 2658 2933 2713 immundus
2957 2658 3288 2713 mundatam.
3327 2656 3611 2734 hiemen-.9,

2042 2744 2443 2818 benignissima,
2470 2749 2597 2818 quid
2638 2747 2806 2811 fuisti.
2856 2758 2910 2803 et
2939 2757 3201 2818 quantum
3244 2748 3615 2804 misericordia

2044 2836 2338 2906 indiguisti,
2368 2847 2422 2893 et
2447 2836 2657 2908 postula
2682 2837 2813 2892 mihi
2848 2836 3256 2908 indulgentiam,
3301 2837 3441 2893 sicut
3492 2853 3613 2892 eam

2044 2921 2137 2976 tibi
2163 2923 2278 2979 ﬁeri
2308 2923 2544 2979 voluisti.
2570 2926 2800 2996 lmpetra
2843 2926 2974 2981 mihi
3006 2926 3471 2997 compunctionem
3501 2926 3621 2996 ple-

2043 3013 2186 3075 tatis,
2223 3012 2490 3087 Iacr‘ymas
2512 3016 2853 3080 humilitatis,
2908 3018 3099 3087 patria:
3127 3018 3365 3073 caelestis
3406 3018 3613 3073 deside-

2041 3104 2201 3173 rium,
2229 3106 2429 3160 terreni
2460 3106 2635 3160 exsilii
2667 3105 2963 3172 fastidium,
2988 3106 3319 3178 paenitentia:
3353 3107 3604 3161 amaritu-

367 3174 451 3229 tia'
479 3175 594 3251 ejus
628 3187 842 3233 amatur
873 3190 929 3235 et
969 3181 1333 3252 amplectitur,
1385 3188 1537 3256 cujus
1576 3188 1817 3243 absentia
1855 3189 1933 3245 sic
1962 3176 2003 3233 Ο
2038 3178 2219 3251 dinem
2261 3195 2379 3261 ω’,
2431 3198 2620 3251 πειθτηί
2646 3197 2923 3253 cruciatus
2955 3174 3225 3252 timorem.
3253 3196 3431 3252 Prosit
3455 3197 3606 3263 mihi,

363 3266 708 3323 desideratur
740 3278 798 3325 et
823 3275 1208 3341 exspectatur?
1242 3275 1392 3343 Quod
1425 3293 1454 3331 a
1478 3278 1587 3333 Deo
1617 3281 1803 3349 gratia:
1831 3280 1929 3335 do-

349 3369 492 3408 num
529 3357 740 3427 accepit
778 3359 830 3413 in
860 3360 1032 3429 cadis,
1071 3364 1156 3419 cui
1198 3374 1401 3418 tantum
1433 3366 1615 3437 gloria:
1645 3383 1839 3426 munus
1874 3370 1930 3427 in

364 3445 528 3501 terris
574 3451 880 3507 Concessit?
927 3451 1249 3522 Splendidus
1296 3458 1347 3511 in
1400 3458 1537 3514 stola
1581 3459 1927 3531 virginitatis,

361 3552 522 3606 quam
552 3530 880 3600 veneranter
918 3546 1209 3618 suscipitur
1242 3550 1309 3603 ad
1347 3544 1560 3619 nuptias
1584 3530 1743 3621 Agui.
1788 3552 1932 3609 Inter

354 3632 566 3704 primos
593 3636 911 3703 discumbit;
946 3639 1070 3709 quia
1109 3655 1231 3695 cum
1260 3642 1453 3697 decore
1487 3643 1812 3715 integritatis
1848 3645 1929 3699 iu-

360 3725 546 3779 duitur
572 3726 770 3783 virtute
800 3729 1150 3794 humilitatis;
1195 3734 1559 3804 pracditusque
1596 3738 1765 3807 gratia
1798 3739 1929 3793 cha-

359 3814 539 3870 ritatis
576 3830 639 3870 ac
681 3817 841 3872 totius
883 3818 1098 3875 virtut's
1127 3821 1372 3890 sequitur
1397 3824 1599 3893 tignum
1623 3841 1926 3895 quocunque

360 3906 506 3959 vadit
524 3907 707 3976 (Apoc.
735 3909 935 3978 x1v,4).
959 3908 1239 3976 Quomodo
1262 3926 1391 3983 ergo
1416 3925 1522 3967 tam
1550 3924 1781 3979 amatus,
1817 3923 1923 3970 tam

358 3996 644 4053 familiaris
673 3999 812 4068 apud
853 4000 1026 4069 ipsum
1058 3996 1331 4057 auctorem
1374 4002 1593 4069 salutis,
1621 4004 1927 4059 misericor-

360 4088 463 4144 diae
499 4103 561 4142 ac
590 4077 827 4158 pietatis,
860 4106 965 4145 non
996 4092 1261 4147 obtinebis
1297 4092 1521 4149 salutem
1547 4095 1706 4148 unius
1735 4107 1927 4163 pecca-

360 4182 522 4235 turis.
576 4181 622 4235 si
668 4182 914 4237 voluntas
958 4183 1145 4250 adest,
1189 4194 1401 4240 constat
1439 4188 1560 4255 quia
1598 4186 1925 4256 possibilitas

359 4287 465 4326 non
497 4273 672 4336 deost;
718 4288 817 4327 nec
856 4274 1186 4329 voluntatem
1228 4274 1309 4329 fas
1348 4284 1431 4345 est
1471 4275 1681 4341 abesse,
1714 4277 1835 4344 quia
1874 4284 1924 4331 te

358 4362 615 4417 volumiti
663 4362 778 4432 ejus
827 4365 905 4419 fas
961 4381 1067 4422 non
1110 4374 1196 4421 est
1246 4365 1577 4420 contrarium
1626 4353 1781 4430 esse,
1830 4366 1921 4434 qui

353 4468 543 4509 omnes
588 4450 831 4529 homines
875 4458 990 4511 vult
1033 4458 1211 4513 salvos
1254 4458 1451 4513 facere.
1506 4456 1699 4511 Obtiue
1743 4458 1923 4524 itaque

353 4546 495 4614 quod
538 4546 640 4610 vis,
680 4558 731 4600 et
770 4548 912 4617 quod
949 4557 1103 4618 potes
1142 4550 1325 4606 obtine
1356 4565 1370 4604 :
1407 4550 1661 4625 liberetur
1698 4565 1751 4607 et
1780 4555 1923 4608 vivat

354 4643 443 4689 tua
488 4637 871 4691 intercessione
907 4640 1084 4693 anima
1125 4657 1275 4709 mea,
1315 4657 1412 4712 pro
1448 4657 1575 4712 qua,
1611 4651 1669 4698 ut
1694 4644 1916 4701 viveret.

348 4728 489 4779 mori
519 4726 679 4780 voluit
709 4727 815 4781 vita
846 4728 1019 4794 beata,
1056 4716 1214 4784 Deus‘
1234 4733 1346 4800 ipse
1378 4732 1744 4789 misericordia
1777 4752 1916 4803 mea,

351 4817 441 4885 qui
473 4826 554 4871 cst
580 4816 889 4872 benedictus
920 4818 971 4872 in
1000 4820 1213 4877 smcula.
1246 4822 1438 4876 Amen.

1948 4516 2001 4578 D

2032 3286 2374 3351 charissima,
2405 3286 2688 3342 familiaris
2741 3287 3083 3343 conversatio
3136 3286 3252 3352 “",
3288 3302 3450 3357 quam
3509 3287 3609 3342 ha-

2030 3377 2194 3434 buisti
2223 3387 2274 3435 et
2329 3380 2496 3435 habes
2548 3380 2691 3434 circa
2739 3378 2940 3436 fontem
2989 3379 3407 3443 misericordiae;
3450 3377 3607 3435 hauri

2031 3474 2160 3529 mihi
2199 3472 2268 3527 ab
2297 3471 2388 3527 illo
2410 3472 2551 3527 unde
2577 3471 2749 3529 lavem
2779 3481 2998 3543 peccata
3024 3487 3139 3527 mea
3159 3489 3189 3549 ;.
3208 3470 3432 3542 propina
3472 3469 3608 3526 mihi

2030 3564 2205 3620 deillo
2232 3565 2375 3621 unde
2402 3563 2637 3621 satietur
2676 3564 2796 3619 sitis
2819 3578 2974 3630 mea;
3007 3562 3229 3618 infunde
3257 3561 3387 3617 mihi
3419 3562 3483 3617 de
3515 3560 3609 3618 illo

2028 3654 2169 3710 unde
2197 3655 2453 3725 irrigetur
2474 3655 2697 3710 ariditas
2722 3669 2838 3711 mea
2865 3672 2877 3707 :
2906 3669 3011 3709 non
3038 3654 3181 3708 enim
3214 3654 3315 3707 erit
3348 3653 3440 3707 tibi
3468 3651 3603 3707 diffi—

2028 3744 2130 3803 cile
2150 3742 2408 3814 quidquid
2453 3743 2687 3798 volucris
2719 3742 2964 3797 obtinere
2991 3758 3019 3795 a
3047 3732 3396 3796 dilect'ssimo
3424 3741 3517 3773 ¹¹δ³
3545 3748 3602 3796 et

2025 3833 2347 3899 Suavissimo
2373 3832 2612 3896 domino,
2642 3839 2698 3886 et
2724 3832 2897 3887 amico
2925 3829 3022 3863 ’ίιδ
3052 3838 3143 3885 tuo
3176 3829 3291 3883 ηδ’.

2097 3923 2229 3990 Quis
2266 3924 2410 3983 enim
2450 3923 2701 3991 explicet,
2750 3939 2783 3978 ο
2836 3923 2992 3977 beata
3014 3937 3210 3992 sponsa
3268 3921 3384 3980 Dei.
3437 3934 3599 3994 quam

2025 4017 2254 4083 benigna
2280 4014 2646 4068 familiaritate
2683 4022 2737 4067 et
2791 4013 3041 4067 familiari
3082 4013 3435 4082 benignitate,
3482 4012 3606 4082 ipse.

2026 4104 2483 4161 calumniantibus
2517 4112 2592 4168 te,
2646 4104 3017 4172 respondendo
3050 4117 3146 4171 pro
3173 4111 3244 4169 te,
3273 4117 3332 4157 se
3356 4117 3594 4171 oppone-

2001 4187 2146 4262 'bat;
2173 4210 2331 4265 quam
2360 4194 2728 4265 pie,‘superbo
2775 4191 3048 4249 Pharisazo
3072 4194 3136 4248 de
3186 4204 3235 4249 te
3262 4193 3593 4263 indignante,

2027 4286 2137 4355 ipse
2184 4294 2234 4340 te
2266 4285 2619 4348 defendebat;
2653 4285 2922 4349 quomodo
2952 4285 3062 4353 ipse
3089 4294 3137 4338 te
3159 4286 3451 4340 excusabat
3475 4284 3591 4353 ωδ,

2024 4390 2210 4431 sorore
2240 4384 2324 4431 tua
2357 4375 2421 4429 de
2473 4384 2525 4428 te
2572 4385 2975 4441 conquerente;
3035 4373 3270 4443 qualiter
3318 4373 3433 4441 ipse
3458 4387 3595 4443 opus

2028 4477 2178 4522 tuum
2212 4466 2485 4530 laudabat,
2535 4462 2667 4519 Juda
2698 4464 2749 4518 in
2782 4472 2833 4519 te
2865 4463 3157 4519 fremente?
3181 4462 3318 4529 Quid
3340 4462 3588 4532 denique,

2027 4556 2154 4628 quid
2191 4556 2387 4622 dicam,
2420 4554 2501 4610 vel
2531 4554 2707 4625 potius
2750 4554 3016 4624 quomodo
3067 4553 3266 4621 dicam,
3321 4567 3442 4608 cum
3474 4552 3591 4621 ejus

2027 4660 2208 4702 amore
2255 4644 2489 4715 ﬂagrans
2534 4634 2660 4699 [cum
2715 4644 2780 4697 ad
2820 4651 3242 4697 monumentum
3299 4644 3591 4711 quaerendo

2022 4741 2211 4802 flebas,
2242 4747 2294 4793 et
2324 4737 2497 4791 ﬁemlo
2542 4734 2854 4805 quaerebas?
2902 4731 3073 4801 Quam
3129 4730 3412 4787 affabiliter
3472 4733 3613 4800 "“,~

2023 4846 2180 4896 quam
2200 4826 2554 4887 amicahiliter
2578 4837 2650 4891 te,
2677 4842 2835 4896 quam
2864 4825 3129 4883 consolari
3159 4834 3397 4891 venerat,
3418 4827 3585 4899 magis

1637 4916 1870 4970 VARI/E
1906 4917 2303 4974 LECTIONES.

420 4979 511 5011 “'7
568 4977 774 5034 Collata
824 4989 897 5032 est
953 4996 1069 5035 cum
1122 4999 1244 5036 mss.
1317 4984 1447 5037 Vict.
1490 4982 1612 5036 KK.
1663 4986 1749 5039 16.
1811 4995 1858 5037 et
1924 4986 2034 5042 RR.
2087 4989 2141 5042 5.
2195 4988 2400 5041 Thuan.
2442 4988 2567 5043 267.
2608 4986 2908 5042 CoerﬁO.
2944 4986 3097 5040 Becc.
3154 4986 3217 5039 Ο.
3258 4988 3311 5039 in

3358 5004 3458 5056 quo
3504 4989 3586 5044 Itis

348 5047 578 5116 legitur,
617 5046 949 5121 iSun-Germ.
1019 5051 1141 5104 545.
1174 5051 1450 5121 Δ(ῘιινιΙιτιες.
1501 5072 1531 5106 a
1586 5051 1746 5106 Porta
1783 5096 1797 5121 ,
1860 5054 2232 5111 Floriacensis.
2285 5059 2363 5112 Ad
2417 5058 2625 5112 beatam
2692 5058 2933 5111 Mariam
2981 5046 3389 5121 Magdalcnam',
3460 5072 3583 5115 cum

350 5120 734 5197 retractatione
782 5119 994 5197 amoris
1030 5119 1457 5197 allnChri‘sttrm.
1501 5140 1623 5177 mss.
1678 5124 1757 5177 Ad
1786 5119 2053 5197 sanctam
2113 5127 2334 5180 Mariam
2390 5127 2750 5197 Magdalcnam
2801 5144 2894 5179 ms.
2939 5126 2999 5180 S.

903 5189 995 5221 ⁸³³⁸
1054 5190 1291 5245 Dilexisti
1355 5194 1576 5244 multum
1647 5210 1767 5246 mss.
1826 5195 2011 5249 dilexit
2057 5196 2279 5250 multum

336 5189 426 5241 ria
480 5186 785 5255 Magdalene

3098 5142 3170 5178 cr.
3228 5127 3303 5179 De
3352 5126 3407 5181 S.
3473 5126 3583 5180 Ma-

2388 5198 2479 5266 ff"
2530 5197 2753 5266 Respiro
2809 5211 2872 5249 ne
2915 5211 3170 5265 peream,
3242 5206 3295 5248 et
3356 5199 3581 5251 eandem

349 5257 558 5323 Suspiro
583 5256 1016 5335 netlcs-espcrem
1058 5276 1179 5335 mss.
1211 5262 1415 5335 respiro
1460 5277 1525 5335 Ire
1546 5264 1844 5335 desperem,
1879 5274 1933 5335 et
1955 5265 2019 5319 ad
2042 5281 2158 5335 eam
2189 5266 2333 5335 (mss.
2388 5264 2614 5319 Val-lac.
2639 5256 2691 5319 ἐι
2717 5262 2867 5318 Ῥίον.
2902 5256 2965 5318 ad
3008 5267 3252 5331 eandem)
3282 5267 3489 5333 suspiro
3514 5281 3581 5319 ne

349 5340 560 5404 Ρθζςὶπη
639 5324 824 5404 ’ξξῗᾳιιζ
865 5332 1105 5404 corporis
1137 5347 1259 5382 mss.
1304 5324 1428 5404 Vict
1470 5324 1732 5404 Sun-Ger.
1767 5324 1996 5387 YaHuc:
2028 5346 2072 5387 et
2106 5324 2253 5388 Flor.
2292 5335 2344 5388 in
2374 5337 2602 5404 torporis
2675 5337 2765 5368 ²¹ι⁸
2789 5336 3191 5387 Amaritudincs
3230 5324 3352 5387 mss.
3378 5324 3583 5404 aulai-i-

352 5395 587 5469 tnudinem
617 5394 753 5469 __"_"
786 5394 1085 5469 Familiaris
1130 5400 1466 5455 conversatio
1508 5403 1825 5456 charissima
1856 5420 1979 5455 mss.
2021 5404 2358 5469 charissima,
2393 5394 2671 5459 familiaris
2709 5406 3047 5459 conversatio
3087 5420 3208 5455 mss.
3251 5404 3404 5455 Cura.
3444 5400 3576 5456 Tim.

350 5462 840 5527 Reverendissima,
892 5464 1170 5522 familiaris
1217 5473 1559 5524 conversatio
1633 5472 1726 5502 ““
1766 5473 1809 5525 A
1854 5472 2203 5527 dilectissimo
2242 5462 2356 5526 ms;
2389 5472 2658 5527 San-Ger.
2701 5491 2729 5527 a
2763 5475 3068 5527 dulcissimo
3141 5474 3230 5502 "‘5
3267 5473 3489 5525 Domino
3525 5482 3576 5525 et

348 5534 525 5610 aulico
548 5549 645 5585 ms.
680 5532 956 5611 San—Cer._
980 5535 1204 5611 Domino
1230 5540 1405 5611 amico
1479 5541 1569 5571 ’1“
1595 5540 1709 5611 Tuo
1739 5542 1829 5610 qui
1864 5552 2050 5611 regnat
2078 5558 2197 5597 cum
2232 5543 2362 5596 Deo.
2391 5543 2521 5608 Quis
2556 5560 2677 5596 mss.
2710 5546 2874 5596 omitt.
2906 5538 3011 5596 Deo
3044 5540 3428 5611 ms.WSau-Cer.
3463 5550 3570 5611 tuo,

351 5600 455 5679 qui.
484 5612 665 5669 regnat
694 5619 786 5671 per
814 5606 990 5681 omnia
1024 5600 1807 5681 smcufa‘sa’Ctilorum.'Amen.
1862 5600 2005 5664 oniit.
2032 5600 2433 5681 Αςωιενᾳίᾳυίνὶιῖ
2455 5613 2623 5666 Editis
2643 5624 2942 5680 sequuntur.
2978 5628 3074 5661 ms.
3125 5609 3265 5662 Flor.
3299 5611 3439 5681 omit.
3482 5600 3573 5677 qui

352 5671 485 5750 γίνῃ,
518 5680 785 5750 ρξμιῗϐειιτιι
810 5674 1100 5750 αιιῃι-[ΜξρΔ
1256 5678 1369 5744 Ipse
1397 5681 1685 5733 excusabat
1712 5698 1834 5733 mss.
1869 5681 1986 5735 lies.
2030 5671 2157 5734 Vict.
2201 5671 2435 5735 Vrit-lac.
2466 5693 2509 5735 ct
2545 5681 2687 5735 Flor.
2709 5671 2831 5750 ipse
2857 5692 2903 5735 te
2928 5681 3216 5735 excusabat
3286 5678 3375 5709 ’³⁸⁷
3402 5671 3575 5744 Quam

354 5737 691 5795 iticllahiiitci'
720 5759 841 5796 mss.
880 5737 1012 5797 νέαι.
1044 5745 1121 5800 16.
1155 5737 1299 5800 Flor.
1335 5750 1501 5815 Quam
1531 5750 1813 5804 all'abilitcr
