4200 6196
396 353 533 413 1013

1804 343 2212 404 οιικιτιΟΝεδ.
2243 384 2250 391 υ

3498 337 3625 391 l0”

389 476 542 523 stolis
568 474 659 523 Det
691 466 803 534 κη,
833 483 970 523 unus
992 465 1057 524 de
1086 478 1254 523 beatis
1282 482 1467 522 amicis
1491 464 1583 520 Dei
1603 468 1733 530 ;iste
1759 477 1948 532 pccca-
1976 473 2022 523 Α
2054 464 2274 514 mendas
2330 473 2423 514 eos
2463 458 2615 522 mihi,
2642 460 2959 512 commendo
2991 472 3076 517 me
3118 464 3170 509 et
3207 468 3299 509 eos
3329 443 3443 507 tibi.
3486 451 3633 507 Tuus

393 568 497 622 tor,
526 560 627 613 iste
668 559 927 629 indigens,
981 559 1082 613 iste
1129 567 1270 621 tuus,
1324 558 1451 611 licet
1506 556 1771 626 indignus,
1830 552 1953 607 licet

390 648 626 713 ineptus,
650 645 775 701 licet
796 648 957 700 nimis
982 644 1364 699 inconveniens
1410 644 1662 711 vicari_us,
1687 645 1878 698 iterum
1902 651 1957 697 et

391 734 585 788 iterum
610 734 749 789 redit
772 736 837 789 ad
856 745 905 788 te
936 735 1147 799 dubius,
1177 737 1409 798 nescius.
1464 736 1724 791 sollicitus
1766 734 1832 788 de
1855 749 1955 804 po-

390 823 517 893 pulo
540 834 651 887 luo,
677 825 744 879 de
792 826 1203 894 congregatione
1232 826 1327 858 ¹¹⁸⁹
1366 835 1477 891 tua,
1514 834 1570 881 et
1600 826 1667 880 de
1718 823 1958 893 periculo

382 929 509 968 suo.
538 915 666 980 Ego.
692 914 899 969 scilicet
939 916 1143 969 inutilis
1168 930 1419 983 persona,
1476 916 1638 970 nullis
1669 915 1826 970 bonis
1869 929 1987 981 or-,

390 1002 653 1063 nata,scd
694 1002 954 1071 profunda
988 1004 1285 1071 ignorantia
1334 1005 1631 1069 tenebrata,
1664 1003 1960 1060 innumeris

392 1091 537 1144 vitiis
578 1090 901 1156 deformata,
954 1094 1230 1148 immensis
1275 1096 1512 1163 peccatis
1558 1084 1958 1165 onerata;ego,

395 1180 637 1251 inquam.
674 1198 834 1252 quem
889 1183 1031 1238 Deus
1076 1193 1130 1238 et
1178 1194 1232 1239 tu
1266 1187 1358 1217 ⁹¹⁷⁰
1402 1196 1523 1255 post
1547 1188 1733 1253 Deum,
1783 1188 1963 1242 nescio

392 1286 463 1324 an
490 1271 749 1339 iussistis,
793 1288 858 1325 an
907 1274 1227 1341 permisistls
1280 1287 1541 1331 rectorem
1580 1276 1873 1332 vocari""
1908 1278 1962 1333 in

376 1360 631 1415 Ecclesia
655 1361 753 1415 sub
790 1370 840 1415 te
868 1362 1160 1426 advocato.
1191 1365 1291 1419 sub
1314 1373 1365 1421 te
1388 1374 1583 1435 tutore,
1612 1368 1713 1422 sub
1755 1376 1847 1422 tuo
1874 1382 1966 1440 no-

395 1451 542 1505 mine
561 1451 876 1518 eonstituta,
899 1453 1091 1508 anxius
1114 1455 1295 1523 deme
1319 1465 1374 1512 et
1391 1457 1457 1512 de
1480 1458 1607 1513 miui
1635 1460 1964 1526 commissis,

396 1546 453 1594 te
480 1556 609 1612 rogo
637 1542 1020 1608 consultorem,
1057 1552 1109 1600 te
1161 1561 1354 1615 precor
1401 1547 1723 1617 adiutorem,
1768 1560 1821 1606 te
1870 1566 1964 1605 ex-

396 1640 583 1701 specto
630 1647 727 1701 per
785 1635 966 1688 omnia
1021 1650 1121 1704 pro
1169 1646 1664 1709 me‘Operatorem.
1712 1638 1968 1714 Magister

382 1721 541 1775 enim
572 1735 760 1786 vocor,
788 1723 881 1777 sed
903 1738 1024 1779 esse
1070 1727 1279 1793 nescio;
1327 1738 1514 1797 pastor
1558 1732 1829 1798 nominor,
1871 1733 1966 1790 sed

2055 561 2157 617 est,
2192 552 2434 617 Domine,
2468 568 2618 621 grex,
2646 561 2699 606 et
2720 561 2842 605 tuus
2865 561 3049 620 pastor
3076 552 3202 615 "3°;
3230 550 3303 602 tui
3334 546 3513 617 gregis
3539 544 3630 578 ¹¹⁸¹

2055 649 2110 694 et
2140 641 2373 711 pastoris
2413 650 2533 695 esto
2573 653 2779 710 pastor.
2815 642 3066 702 Domine.
3115 655 3209 709 per
3270 638 3458 693 merita
3492 635 3634 690 beati

2056 731 2121 785 N.
2150 734 2307 788 amici
2357 732 2454 797 tui,
2505 729 2700 786 exaudi
2730 733 3030 786 orationem
3056 730 3356 798 peccatoris
3383 722 3657 789 tui.'Fac,.

2057 825 2303 889 Domine,
2335 825 2509 892 ipsum
2545 821 2831 877 sollicitum
2883 837 3000 877 esse
3027 837 3125 891 pro
3150 820 3324 882 nobis,
3352 834 3509 888 quem
3544 818 3637 870 ad-

2055 924 2308 969 vocatum
2332 913 2523 969 dedisti
2554 913 2737 977 nobis;
2770 913 2944 983 ipsum
2977 929 3072 981 pro
3118 912 3274 967 nobis
3304 925 3463 964 orare
3512 926 3635 965 scn-

2059 1005 2281 1069 tiamus,
2305 1019 2403 1074 per
2430 1019 2590 1073 quem
2640 1005 2899 1058 auxilium
2928 1012 3075 1057 tuum
3105 1003 3257 1057 nobis
3284 1002 3378 1031 ¹¹⁸¹
3398 999 3639 1081 quotidie
3671 1036 3674 1039 -

2058 1098 2387 1168 ﬂagitamus.
2426 1097 2778 1167 impetremus
2836 1112 2932 1167 per
2980 1096 3151 1164 ipsum
3196 1094 3418 1163 gratiam
3467 1102 3636 1154 tuam,

2060 1194 2163 1259 per
2182 1204 2341 1259 quem
2396 1188 2746 1259 imploramus
2792 1188 3029 1256 quotidie
3078 1185 3412 1253 maiestatem
3452 1194 3673 1246 tuam;

2063 1280 2234 1345 illum,
2285 1278 2527 1352 Domine,
2590 1278 2823 1333 fatemur
2876 1278 3191 1332 advocatum
3231 1283 3496 1338 nostrum,
3545 1288 3642 1345 per

2063 1372 2215 1429 illum
2241 1372 2539 1428 sentiamus
2562 1380 2614 1425 te
2635 1369 2975 1423 Salvatorem
3019 1375 3260 1442 nostrum
3288 1382 3301 1417 :
3329 1379 3395 1419 ne
3440 1378 3642 1433 praeva-

2064 1468 2229 1530 leant,
2279 1464 2524 1529 Domine,
2579 1462 2839 1516 demerita
2870 1462 2964 1500 "ﬂ
2986 1468 3167 1514 nostra
3210 1457 3417 1512 meritis
3447 1459 3665 1524 ipsius},

2064 1560 2158 1616 sed
2187 1557 2470 1613 deleantur
2515 1561 2732 1624 peccata
2774 1560 2959 1606 nostra
2994 1549 3244 1619 precibus
3274 1542 3409 1614 ejus.
3455 1547 3523 1601 Et
3562 1556 3640 1613 tu,

2066 1665 2099 1705 ο
2123 1649 2300 1713 beate,
2331 1659 2365 1699 o
2387 1651 2574 1699 sancte
2601 1640 2693 1707 N.,
2726 1650 2782 1695 tu
2814 1656 2874 1696 es
2903 1640 3191 1695 advocatus
3224 1652 3397 1700 meus,
3432 1645 3485 1689 tu
3529 1647 3645 1691 esto

2066 1736 2134 1791 ad
2159 1733 2446 1790 Dominum
2467 1732 2818 1786 'intercessor
2860 1743 3030 1783 meus.
3055 1726 3161 1782 Oro
3189 1735 3259 1791 te,
3284 1740 3448 1780 exora
3486 1739 3643 1788 eum;

395 1824 516 1866 esse
565 1828 815 1885 nequeo;
867 1820 1150 1890 episcopus
1192 1821 1344 1877 dicor
1363 1824 1478 1889 “".
1523 1824 1617 1880 sed
1666 1839 1773 1881 non
1820 1841 1961 1881 sum.
2004 1811 2045 1865 Β
2070 1831 2243 1895 petoa
2283 1831 2357 1887 te,
2384 1821 2610 1891 impetra
2638 1818 2709 1873 ab
2732 1834 2818 1874 eo.
2848 1815 3008 1872 Defer
3028 1816 3103 1871 illi
3126 1830 3298 1870 meam
3322 1815 3669 1878 oratiouem._

399 1900 596 1956 Vident
622 1906 767 1971 enim
821 1922 907 1962 me
960 1909 1149 1964 sedere
1204 1911 1293 1966 ubi
1341 1914 1493 1968 sedet
1528 1914 1834 1985 episcopus,
1873 1915 1967 1971 sed

397 2002 500 2056 ego
524 1991 679 2047 video
701 1996 917 2050 me'non
945 1996 1124 2052 facere
1150 2000 1293 2068 quod
1321 2002 1607 2073 episcopus
1627 2002 1755 2059 facit
1778 2004 1969 2073 ;~aspi-

396 2077 548 2134 ciunt
574 2097 660 2136 me
687 2086 978 2153 procedere
1024 2088 1163 2143 sicut
1189 2090 1526 2161 episcopum,
1575 2095 1669 2150 sed
1700 2108 1801 2166 ego
1826 2094 1971 2165 aSpi-

396 2170 484 2225 cio
516 2185 599 2225 me
628 2188 734 2227 non
764 2175 945 2231 vivere
995 2178 1134 2232 sicut
1179 2180 1489 2250 episcopum
1514 2199 1529 2248 ;
1560 2184 1819 2239 exhibent
1838 2176 1969 2243 mihi

398 2259 630 2351 honores
655 2256 920 2335 episcopi,
942 2268 1034 2322 sed
1082 2283 1181 2338 ego
1237 2272 1367 2351 non.
1385 2273 1614 2330 ostendo
1644 2276 1738 2330 eis
1790 2292 1972 2335 mores

399 2350 663 2420 episcopi.
696 2352 942 2408 Nondum
986 2358 1108 2410 duxi
1150 2358 1314 2412 vitam
1350 2350 1479 2414 boni
1526 2361 1673 2430 laici,
1699 2374 1755 2419 et
1787 2370 1856 2421 de
1885 2382 1973 2423 me

399 2446 717 2505 exspectant
757 2444 1025 2509 quomodo
1073 2446 1259 2502 vivant
1296 2446 1480 2504 clerici
1508 2448 1625 2513 Ῥω.
1656 2451 1793 2518 Quid
1846 2455 1967 2521 feci,

400 2526 715 2596 homuncio,
738 2532 940 2588 vermis
957 2543 1012 2589 et
1038 2537 1300 2604 putredo?
1320 2536 1458 2601 Quid
1489 2539 1629 2596 feci?
1680 2544 1808 2613 quid
1836 2561 1970 2616 pra:—

401 2617 789 2688 sumpsilquld
818 2625 1098 2679 consensi?
1135 2624 1247 2681 lmo
1298 2637 1371 2693 tu,
1413 2630 1577 2695 Deus,
1605 2640 1660 2688 et
1691 2643 1743 2688 tu
1776 2634 1839 2690 Ν.
1877 2638 1972 2670 ²¹⁷⁵

405 2707 647 2774 apostole
684 2708 819 2778 ejus,
846 2714 973 2781 quid
1004 2716 1097 2747 ¹¹⁷³
1126 2715 1334 2773 fecistis
1386 2737 1399 2771 :
1442 2736 1537 2776 vos
1572 2724 1716 2778 enim
1757 2727 1857 2782 hoc
1894 2727 1973 2783 fe.

402 2796 577 2889 cistis,
605 2799 719 2855 sive
738 2801 995 2872 iubendo,
1061 2807 1174 2861 sive
1219 2810 1598 2877 permittendo.
1660 2815 1765 2870 Vos
1818 2831 1971 2889 ergo,

402 2887 495 2956 qui
517 2904 735 2959 quoquo
758 2894 915 2948 modo
938 2894 1165 2961 fecistis,
1197 2898 1358 2957 facite
1387 2942 1404 2967 ,
1454 2912 1508 2958 tu
1550 2906 1771 2971 orando,
1799 2916 1854 2967 ιιι
1878 2887 1973 2971 do-

402 2979 605 3043 nando,
642 2989 699 3033 ut
729 2998 829 3050 nec
856 2984 1010 3052 mihi,
1040 3002 1142 3042 nec
1186 2989 1279 3044 ulli
1326 2991 1466 3048 obsit
1490 2994 1893 3059 “";.sed'mihi
1917 3007 1973 3053 et

2066 1926 2127 1975 et
2149 1917 2293 1973 refer
2315 1915 2445 1972 mihi
2474 1913 2591 1983 ejus
2620 1911 3047 1969 exauditiouem.
3085 1908 3187 1965 Per
3212 1919 3263 1963 te
3298 1908 3371 1965 illi
3400 1906 3649 1976 angustia

2067 2024 2187 2065 mea
2220 2008 2523 2071 intimetur,
2554 2014 2609 2060 et
2635 2018 2731 2075 per
2762 2012 2814 2060 te
2843 2002 2973 2057 mihi
3002 2000 3299 2057 consolatio
3325 2000 3453 2071 ejus
3486 1999 3647 2053 redo-

2066 2110 2228 2161 netur
2255 2118 2269 2156 :
2302 2097 2531 2154 ostende
2569 2095 2645 2151 illi
2672 2109 2850 2150 meum
2874 2092 3195 2167 periculum,
3220 2100 3273 2146 et
3296 2090 3490 2153 exhibe
3518 2088 3648 2142 mihi
3698 2116 3705 2123 ~

2059 2174 2185 2259 'ejus
2208 2187 2488 2244 auxilium.
2522 2184 2821 2241 Eeclesiam
2872 2183 3018 2239 enim
3069 2180 3164 2238 Dei
3194 2181 3293 2233 sub
3360 2188 3413 2233 te
3465 2191 3652 2245 regere

2068 2278 2303 2349 suscepi,
2338 2274 2429 2346 qui
2452 2275 2690 2329 animam
2725 2288 2898 2329 meam
2930 2270 3171 2327 nondum
3217 2281 3402 2338 regere
3429 2268 3641 2333 incmpi.
3716 2306 3725 2315 .

2072 2371 2148 2425 De
2169 2368 2377 2437 meipso
2403 2379 2535 2436 ergo
2560 2365 2806 2430 timidus,
2844 2363 2911 2418 de
2940 2361 3061 2416 aliis
3106 2373 3269 2430 cogor
3304 2372 3425 2411 esse
3444 2357 3647 2412 sollici.

2073 2470 2177 2515 tus.
2207 2458 2477 2515 Gravatus
2499 2456 2738 2526 pondere
2760 2461 3107 2525 peccatorum
3134 2490 3149 2515 ,
3182 2448 3314 2505 alios
3336 2448 3532 2516 juheot-
3559 2464 3644 2501 re-

2072 2549 2281 2615 levare;
2308 2549 2621 2604 incurvatus
2669 2544 2910 2614 pondere
2952 2540 3262 2600 criminum,
3302 2536 3435 2589 alios
3468 2538 3654 2606 exignr

2069 2641 2298 2704 erigere.
2344 2638 2486 2709 Ergo
2524 2644 2728 2699 sancte,
2788 2636 2947 2688 beate
2975 2646 3040 2687 ac
3076 2632 3166 2701 pie
3202 2628 3291 2692 Ν..
3333 2643 3679 2698 recognosce-

2072 2745 2157 2784 me
2191 2730 2619 2800 qualemcunque
2672 2724 2933 2780 vicarium
2978 2730 3165 2779 tuum.
3198 2728 3258 2772 ut
3302 2732 3515 2785 semper
3568 2732 3659 2770 ine

2071 2817 2664 2889 praeveniatconsilium
2681 2824 2833 2871 tuum
2850 2856 2865 2882 ,
2905 2820 2959 2868 et
2983 2813 3343 2880 subsequatur
3370 2809 3464 2840 m'
3493 2808 3651 2865 auxi-

2072 2911 2201 2967 lium
2235 2919 2384 2966 tuum
2410 2910 2477 2964 ad
2525 2907 2821 2978 regendum
2851 2904 3138 2975 meipsum,
3171 2912 3223 2957 et
3251 2914 3465 2971 gregem
3519 2900 3650 2953 mihi

2070 3002 2439 3059 commissum.
2490 2998 2651 3053 Prius
2678 2997 2823 3052 enim
2855 3004 2982 3050 sunt
3027 2990 3303 3049 commissi
3346 2989 3439 3045 tibi
3490 3004 3682 3060 quam.

402 3064 591 3123 multis
619 3070 789 3137 prosit
814 3073 957 3141 quod
984 3073 1230 3133 fecistis:
1264 3094 1357 3135 vos
1382 3082 1473 3149 qui
1500 3080 1707 3138 fecistis
1728 3086 1969 3141 nescium
2014 3093 2017 3097 '
2075 3090 2207 3145 mihi
2234 3098 2337 3145 :‘et
2362 3103 2484 3144 cum
2532 3084 2666 3141 mihi
2719 3092 2847 3141 sunt
2891 3082 3190 3147 commissi,
3240 3097 3346 3137 non
3395 3080 3569 3136 sunta
3603 3091 3667 3135 te.

402 3154 698 3249 doctorem,
743 3176 945 3217 cmeum
994 3164 1293 3238 ductorem,
1340 3180 1617 3229 amntem
1673 3184 1968 3244 rectorem;
2000 3150 2045 3212 θ
2076 3180 2307 3249 dimissi,
2327 3178 2423 3235 sed
2444 3194 2544 3249 ego
2572 3177 2744 3247 magis
2791 3176 3130 3233 commissus.
3174 3173 3326 3242 Quod
3355 3189 3483 3242 ergo
3522 3174 3654 3233 mihi

402 3242 593 3302 docete
618 3263 775 3319 quem
830 3250 1104 3309 doctorem
1150 3258 1446 3328 statuistis,~
1467 3263 1667 3319 "ducite
1690 3280 1849 3335 quem
1877 3242 1974 3329 du;

403 3340 608 3390 olorem
637 3340 915 3406 posuistis,
944 3344 1113 3414 regite
1148 3360 1307 3416 quem
1335 3360 1601 3407 rectorem
1624 3354 1975 3413 concessistis

405 3420 520 3475 ειη,
552 3422 770 3490 nocere,
795 3429 1043 3495 οιηεοιιο,
1082 3433 1209 3501 quid
1238 3435 1484 3503 doceam,
1535 3439 1712 3499 ducite
1743 3457 1851 3512 quo
1875 3444 1974 3499 du-

406 3527 552 3577 cam.
583 3517 754 3589 regite
788 3526 845 3578 ιιι
870 3534 1087 3591 regam;
1116 3521 1225 3579 imo
1274 3526 1465 3586 docete
1513 3529 1633 3593 illos
1663 3532 1779 3599 ’m,
1802 3542 1855 3589 et
1886 3550 1973 3590 me

406 3600 464 3665 in
514 3603 651 3695 illis;
690 3606 868 3668 ducite
890 3609 1028 3675 illos.
1060 3622 1115 3667 et
1150 3628 1241 3675 me
1258 3630 1380 3673 cum
1413 3614 1546 3683 illis;
1576 3619 1745 3695 regite
1775 3635 1891 3689 eos,
1920 3630 1976 3677 et

406 3708 495 3753 me
518 3694 661 3755 inter
676 3710 786 3758 eos.
1336 3756 1339 3757 ,

475 3784 631 3873 Jesu,
657 3788 797 3849 bone
842 3791 1084 3860 Dtimlne,
1116 3808 1223 3857 non
1277 3806 1402 3853 sunt
1428 3797 1501 3853 illi
1546 3801 1684 3867 mei,
1722 3801 1816 3858 sed
1850 3811 1978 3858 sunt

408 3874 519 3939 tul;
551 3878 675 3945 quia
718 3895 817 3938 nec
840 3895 940 3952 ego
966 3898 1083 3938 sum
1131 3900 1305 3952 meus,
1356 3888 1451 3943 sed
1480 3897 1621 3946 tuus.
1655 3891 1800 3946 Tuus
1830 3907 1975 3959 sum,

408 3963 655 4046 Domine,
682 3979 737 4023 et
764 3971 837 4023 tui
878 3983 1034 4039 sunt;
1084 3975 1207 4044 quia
1242 3985 1296 4030 tu
1322 3992 1439 4043 me,
1490 3989 1546 4033 et
1590 3996 1683 4035 eos
1708 3981 1972 4050 sapientia
2016 3990 2021 3994 ‘

410 4063 499 4111 tus
536 4055 731 4127 fecisti,
788 4069 845 4114 et
906 4063 1083 4119 anima
1127 4074 1219 4120 tua
1244 4060 1336 4103 ’θ’
1364 4068 1563 4125 emisti.
1604 4070 1703 4125 Tui
1736 4087 1863 4141 ergo
1884 4088 1971 4128 su-

411 4160 551 4210 tuus,
573 4147 712 4205 bone
748 4151 993 4218 Domine,
1029 4157 1101 4210 tui
1152 4162 1368 4225 sumus;
1400 4172 1536 4230 quos
1566 4172 1673 4216 tam
1702 4165 1977 4234 sapienter

407 4234 605 4303 fecisti,
629 4250 683 4294 et
713 4252 818 4297 tam
845 4261 968 4300 care
998 4249 1199 4303 emisti.
1230 4249 1285 4304 Si
1315 4267 1445 4322 ergo
1468 4254 1596 4309 mihi
1626 4258 1976 4329 commendas

410 4342 524 4407 eos,
556 4330 803 4403 Domine,
850 4354 958 4399 non
1010 4340 1129 4397 ideo
1180 4341 1394 4400 deseras
1417 4359 1520 4413 me,
1560 4346 1641 4401 vel
1666 4358 1793 4403 eos:
1822 4362 1976 4403 com-

2077 3269 2375 3341 injunctum
2400 3276 2486 3323 est
2510 3268 2577 3323 de
2600 3266 2725 3334 illis,
2778 3274 2834 3320 tu
2861 3264 2946 3321 fae
2993 3266 3060 3319 de
3098 3280 3184 3321 me
3213 3273 3267 3319 et
3292 3264 3356 3318 de
3383 3264 3516 3327 illis;
3570 3264 3667 3318 fac.

2076 3378 2176 3432 pro
2198 3377 2285 3417 me
2314 3359 2458 3432 quod
2495 3358 2629 3414 mihi
2658 3354 2958 3425 iniunctum
2981 3363 3066 3411 est
3106 3354 3286 3412 facere
3310 3368 3410 3424 pro
3437 3362 3519 3417 te;
3542 3354 3648 3418 fac,

2077 3449 2319 3516 Domine,
2346 3448 2493 3521 quod
2526 3444 2660 3503 mihi
2692 3442 2991 3513 iniunctum
3012 3450 3095 3500 est
3109 3442 3408 3512 facerepro
3431 3451 3512 3507 te;
3545 3444 3652 3507 fac,

2076 3540 2327 3605 Domine,
2362 3538 2447 3593 fac
2480 3551 2579 3608 pro
2606 3549 2712 3600 me,
2736 3532 2863 3606 quia
2885 3542 2941 3588 tu
2973 3533 3129 3591 vides
3148 3548 3238 3589 me
3257 3548 3355 3587 nec
3372 3534 3530 3594 scire.
3551 3548 3652 3588 nec

2074 3643 2254 3699 posse,
2277 3642 2375 3696 pro
2400 3635 2488 3691 te;
2524 3626 2632 3681 imo
2653 3624 2748 3658 “"
2778 3623 2863 3680 fac
2884 3639 2989 3679 non
3014 3638 3121 3691 me,
3154 3624 3247 3678 sed
3276 3638 3375 3692 pro
3405 3631 3493 3687 te;
3525 3623 3654 3690 quia

2074 3708 2223 3790 prius
2249 3728 2308 3775 et
2326 3717 2497 3789 magis
2523 3716 2758 3787 pertinet
2799 3715 2868 3769 ad
2915 3723 2987 3783 te,
3036 3730 3197 3784 quam
3221 3714 3288 3769 ad
3330 3729 3444 3780 me;
3496 3724 3552 3769 et
3604 3715 3649 3768 si

2076 3808 2204 3879 quid
2219 3808 2285 3862 ad
2315 3822 2421 3873 me,
2450 3807 2658 3861 hoe’est
2680 3812 2800 3874 post
2827 3811 2905 3868 te,
2932 3817 2987 3859 et
3014 3803 3113 3859 sub
3152 3812 3222 3858 te.
3257 3803 3336 3857 Tu
3370 3819 3519 3873 ergo,
3549 3803 3653 3857 Do-

2077 3896 2241 3961 mine,
2274 3906 2331 3951 tu
2372 3894 2491 3966 plus
2540 3893 2724 3959 debes,
2782 3892 2903 3962 plus
2947 3894 3082 3959 scis,
3140 3893 3259 3963 plus
3277 3904 3428 3963 potes
3486 3909 3651 3963 quam

2077 4000 2205 4056 ego,
2232 3993 2289 4038 tu
2315 3984 2492 4054 potius
2514 3982 2620 4046 fac,
2661 3996 2822 4051 quam
2847 3996 2967 4052 ego.
2998 3981 3113 4036 Non
3140 3997 3223 4038 me
3237 3993 3444 4053 gravet,
3467 3985 3647 4040 Domi-

2078 4091 2166 4141 ne,
2210 4083 2464 4145 suscepta
2485 4089 2614 4129 cura
2643 4089 2862 4138 eorum,
2898 4072 3021 4142 quia
3038 4074 3168 4128 satis
3204 4089 3289 4129 me
3319 4086 3507 4145 gravat
3534 4093 3649 4132 sar-

2078 4167 2199 4221 cina
2221 4174 2568 4236 peccatorum
2592 4179 2855 4219 meorum.
2888 4163 3003 4219 Non
3027 4179 3112 4219 me
3138 4172 3363 4232 gravent
3404 4165 3496 4230 illi,
3520 4168 3646 4234 quia

2077 4271 2177 4327 ego
2206 4258 2318 4326 ipse
2348 4256 2508 4310 nimis
2533 4240 2650 4310 sum
2677 4256 2856 4325 gravis
2880 4255 3008 4309 mihi
3033 4271 3046 4319 ;
3072 4254 3231 4309 nimis
3257 4263 3403 4309 certe
3424 4256 3538 4323 ipse
3562 4272 3649 4312 me

2081 4362 2268 4415 gravo,
2306 4359 2411 4403 non
2438 4354 2521 4401 est
2549 4360 2683 4417 opus
2712 4353 2768 4398 ut
2797 4344 2887 4399 alii
2911 4359 2996 4400 me
3027 4352 3265 4414 gravent.
3298 4344 3403 4419 sed
3434 4361 3533 4409 nec
3552 4362 3648 4405 eos

1688 4478 1914 4534 vasus
1944 4450 2345 4543 LECTIONES.

480 4632 624 4685 ιηεΑ

632 4630 853 4705 poslolis
868 4631 959 4687 Dei
974 4649 1109 4705 mss:
1117 4632 1249 4687 Vict.
1268 4634 1350 4705 16.
1368 4633 1520 4688 Corb.
1544 4634 1725 4689 Carm.
1747 4646 1793 4689 et
1814 4634 2389 4705 F-lor.Coufessorlbus
2408 4635 2497 4705 Dei
2514 4651 2611 4691 ms.
2640 4633 2761 4705 Bec.
2789 4633 3058 4705 Apostolis
3072 4634 3288 4705 Dei,}'el
3304 4634 3641 4705 Martyribus,

408 4699 914 4778 velconfessoribus
981 4704 1071 4778 “‘3
1085 4703 1157 4778 ὓς
1170 4704 1361 4771 p0pulo
1376 4713 1487 4778 tuo.
1504 4705 2009 4778 degongregatioue
2032 4723 2162 4778 mss.
2184 4704 2314 4758 Vict.
2335 4699 2954 4778 deCoqgregati_one'ms.
2980 4703 3101 4756 Bcc.
3117 4705 3159 4757 si
3178 4699 3471 4778 Episcoplis
3486 4699 3644 4778 estde

324 4808 331 4821 .
408 4770 737 4849 populotuo}
760 4772 1012 4849 siAbbas,
1033 4770 1530 4849 deqongregatione
1566 4773 1749 4849 “"{Tu
1766 4770 2150 4849 piusDominus
2165 4782 2357 4849 mssLtu
2372 4784 2489 4849 post
2503 4770 2666 4849 Deum
2697 4773 3083 4849 “'fliectorem
3102 4770 3277 4849 vocari
3304 4770 3644 4849 ms'._l}ei:._rc-

407 4840 644 4903 ctorem,
689 4840 1027 4908 Episcopum,
1066 4841 1147 4892 vel
1192 4840 1450 4895 Abbatem
1491 4844 1670 4896 vocari
1716 4840 1840 4897 mss.
1888 4843 2023 4897 Vict.
2072 4840 2226 4896 (ἔστι).
2261 4840 2443 4897 Carth.
2482 4852 2529 4896 st
2567 4840 2716 4895 Flor.
2754 4841 3014 4895 Abliatem
3052 4845 3231 4899 vocari
3267 4859 3362 4894 ms.
3407 4841 3640 4896 Val-(uc.

411 4909 590 4982 Episc.
624 4909 987 4982 velgAbbatem
1065 4910 1155 4941 ³³⁷³
1186 4910 1487 4982 Episcopus
1515 4912 1667 4982 dicor
1702 4929 1800 4967 ms.
1841 4912 1961 4965 Bcc.
1999 4911 2415 4982 Episcopusgvel
2456 4911 2636 4982 Abbas
2664 4910 2815 4982 dicor
2846 4927 2969 4982 mss.
3020 4909 3153 4982 Vict.
3182 4912 3339 4982 Coro.
3371 4910 3553 4982 Curtii.
3592 4924 3639 4966 et

420 4976 657 5032 Val-lue.
699 4978 877 5031 Alibas

937 4980 1083 5032 dicor
1156 4980 1247 5010 ²¹⁷³
1287 4978 1477 5033 Vivant
1514 4980 1693 5035 clerici
1743 4998 1838 5035 ms.
1887 4981 2009 5035 Bac.
2044 4977 2232 5035 'vivan't
2270 4980 2452 5036 clerici
2494 4980 2573 5034 vel
2614 4980 2857 5033 monachi
2899 4996 3021 5035 mss.
3068 4980 3219 5033 ϐοῶ.
3277 4978 3408 5032 Vict.
3456 4977 3638 5033 Carm,

419 5045 651 5113 Val-lue.
682 5058 726 5101 et
762 5045 903 5099 Flor.
941 5048 1117 5101 vivant
1148 5050 1392 5102 monachi
1470 5050 1565 5082 ἠδ
1597 5050 1660 5103 Ει
1690 5059 1744 5104 ιιι
1776 5050 1837 5108 Ν..
1871 5067 1969 5113 m_s.
2016 5050 2242 5111 Val-lue.
2277 5050 2343 5104 Et
2375 5062 2429 5103 tu
2460 5050 2523 5103 Ν.
2556 5059 2761 5115 martyr
2833 5049 2925 5079 ²¹⁷⁸
2960 5049 3208 5113 Apostole
3236 5047 3349 5113 ejus
3380 5048 3506 5115 quid
3538 5066 3619 5104 ms

330 5146 331 5149 η
410 5115 534 5170 Bac.
566 5117 819 5185 Apostole
856 5118 989 5188 ejus,
1020 5117 1243 5188 Murtyr,
1282 5118 1361 5170 vel
1399 5117 1689 5188 Confessur
1760 5120 1853 5150 ³³⁷⁸
1884 5119 1992 5173 Nec
2025 5120 2127 5174 illis
2158 5120 2298 5173 obsit
2338 5136 2460 5172 mss.
2498 5132 2595 5171 nec
2638 5115 2729 5171 ulli
2773 5118 2913 5171 obsit
2989 5119 3076 5149 ’³⁷⁷
3105 5117 3470 5188 Constituistis
3512 5136 3637 5178 mss.

412 5188 757 5241 concessistis

412 5265 496 5323 est
518 5266 701 5323 pastor
724 5272 847 5309 mss.
890 5255 1017 5308 Vict.
1068 5254 1303 5308 Val-luo.
1331 5266 1379 5309 ct
1401 5256 1548 5310 Flor.
1573 5260 1739 5311 omitt.
1780 5266 1858 5311 est

830 5186 923 5257 ’"f
960 5187 1013 5239 lu
1055 5202 1140 5257 me
1162 5186 1355 5257 docete
1384 5186 1501 5257 illos
1534 5204 1660 5243 mss.
1704 5192 1867 5241 lmmo
1893 5192 2081 5243 docete
2109 5188 2228 5243 illos
2300 5188 2392 5219 “"
2420 5188 2693 5257 Sanguine
2722 5198 2967 5257 luomss.
3002 5188 3175 5239 anima
3208 5199 3297 5239 tua
3372 5187 3471 5257 “3°,
3493 5188 3640 5257 Tuus

451 5265 496 5308 st
518 5266 701 5323 pastor
724 5272 847 5309 mss.
890 5255 1017 5308 Vict.
1068 5255 1303 5308 Val-luo.
1331 5266 1379 5309 ct
1401 5256 1548 5310 Flor.
1573 5260 1739 5311 omitt.
1780 5266 1858 5311 est
1936 5258 2026 5292 ²¹⁸¹
2052 5256 2150 5311 Tui
2181 5259 2357 5327 gregis
2397 5274 2519 5311 mss.
2543 5255 2694 5309 'Vict.
2725 5267 2773 5309 et
2813 5256 3041 5308 Val-(uc.
3078 5266 3129 5306 tu
3162 5258 3337 5374 gregis
3410 5256 3613 5311 “"-No

451 5324 495 5374 is
531 5325 683 5374 nobis
712 5342 833 5374 mss.
876 5324 1004 5374 Vict.
1032 5326 1184 5374 nobis
1214 5341 1334 5374 mss.
1374 5324 1599 5374 Val-lue-
1631 5336 1679 5374 et
1704 5323 1853 5374 Flor.
1884 5328 2126 5374 omittunt
2221 5327 2313 5359 ²¹⁸³
2342 5327 2563 5374 Domine
2586 5326 2839 5374 demerita
2876 5341 2998 5374 mss.
3036 5322 3155 5374 ναι-
3184 5341 3245 5374 uc
3272 5334 3319 5374 et
3353 5322 3502 5374 Flor.
3530 5325 3613 5374 Do

411 5322 495 5378 bis
520 5322 683 5379 nobis
712 5342 833 5378 mss.
876 5324 1004 5376 Vict.
1032 5326 1184 5378 nobis
1214 5341 1334 5383 mss.
1374 5324 1599 5379 Val-luo.
1631 5336 1679 5380 et
1703 5323 1853 5380 Flor.
1884 5328 2126 5379 omittunt
2185 5322 2313 5359 ’ωδ
2342 5327 2563 5379 Domine
2586 5326 2839 5379 demerita
2876 5341 2998 5377 mss.
3036 5322 3198 5375 Val-li

3199 5341 3245 5376 ιε
3264 5322 3319 5377 ξι
3353 5322 3502 5378 Flor.
3530 5325 3637 5379 Do-

413 5393 555 5464 mine
590 5394 783 5447 merita
857 5394 968 5464 f‘“,
1004 5392 1196 5458 Tuum,
1228 5395 1595 5464 subsequatur
1637 5412 1761 5449 mss.
1820 5394 1951 5448 Vict.
1990 5407 2038 5449 et
2082 5395 2317 5449 Val-(uc.
2366 5406 2543 5458 tuum,
2574 5403 2627 5446 et
2664 5396 3015 5460 subsequatur
3062 5394 3178 5464 7"”
3220 5394 3512 5464 lnjunctum
3553 5402 3637 5448 est
3700 5414 3703 5417 ·

414 5458 589 5516 facere

629 5479 725 5531 per
753 5472 822 5527 te,
849 5462 931 5533 fac
958 5463 1179 5517 Domine
1216 5463 1298 5517 fac
1324 5462 1548 5533 prome,
1577 5465 1701 5533 quia
1731 5474 1783 5518 tu
1816 5465 1965 5519 vides
1992 5480 2076 5519 me
2102 5480 2203 5520 uec
2228 5466 2367 5519 scire
2388 5478 2486 5518 nec
2517 5464 2792 5533 possenisi
2818 5477 2912 5528 per
2938 5472 2987 5514 te
3018 5479 3030 5515 :
3059 5463 3165 5533 imo
3189 5462 3309 5515 mss.
3340 5462 3634 5533 iniunctum

414 5537 496 5603 est
522 5531 585 5603 de
613 5533 733 5603 illis.
772 5542 824 5586 tu
855 5531 939 5591 fac
967 5533 1029 5585 de
1059 5546 1145 5603 me
1172 5541 1228 5587 et
1259 5533 1323 5590 de
1350 5532 1485 5603 illis,
1523 5531 1607 5587 fac
1640 5549 1740 5602 pro
1768 5549 1851 5589 me
1880 5534 2021 5603 quod
2052 5534 2183 5589 mihi
2216 5531 2624 5603 injunetumest
2663 5532 2837 5585 facere
2872 5546 2967 5603 pro
2999 5541 3059 5603 te
3078 5532 3281 5603 (Curtii.
3324 5546 3419 5599 per
3448 5534 3519 5603 te)
3550 5531 3636 5587 fac

417 5598 659 5673 Domine,
689 5601 769 5656 fac
796 5617 894 5671 pro
932 5615 1013 5655 me
1040 5600 1165 5671 quia
1191 5611 1245 5658 tu
1274 5602 1426 5658 vidcs
1458 5618 1542 5664 me
1571 5598 1670 5659 nec
1707 5604 1845 5659 scire
1876 5598 1974 5669 nec
2013 5618 2169 5673 posse
2201 5598 2299 5658 nisi
2342 5618 2437 5671 pro
2472 5612 2541 5659 te.
2576 5601 2742 5656 Immo
2779 5598 2883 5655 ms.
2917 5598 3145 5655 Vat-tur.
3179 5598 3337 5653 Flor.
3359 5598 3600 5654 omittunt

415 5666 517 5726 nisi
