4200 6182
613 253 752 310 1015

932 251 994 306 S.
1031 245 1356 304 ANSELMI.
1382 241 1731 302 CANTUAR.
1768 192 2083 299 AliClilEP.
2117 243 2268 324 OPP.
2308 227 2590 298 PARSill.
2624 270 2695 282 —
2729 239 3090 298 PARENET.
3131 239 3218 296 ET
3260 239 3502 296 ASCET.

3713 238 3842 294 1016

614 376 808 435 gravet
850 381 988 422 onus
1044 357 1255 432 meum,l
1307 381 1408 422 nec
1463 366 1717 436 impediat
1763 378 1857 419 eos
1905 361 2182 432 peccatum
2213 367 2254 422 Α
2283 373 2474 417 sancte
2491 360 2580 427 Ν..
2606 362 2844 431 apostole
2871 360 2968 416 Dei
2983 359 3100 425 “",
3117 368 3172 413 tu
3207 359 3300 428 qui
3319 365 3489 427 potes,
3510 353 3841 420 sublevame,

614 469 814 521 meum,
846 470 945 510 nec
969 467 1157 511 noceat
1181 457 1289 512 illis
1313 457 1510 519 malum
1575 469 1775 521 meum,
1844 469 1952 510 non
2006 455 2189 509 obsint

617 547 723 602 illis
743 547 881 601 mala
927 561 1066 609 mea,
1092 549 1287 617 quibus
1318 549 1575 618 prodesse
1624 546 1821 602 debent
1847 546 1986 601 bona
2047 561 2184 608 nica,

615 651 723 693 non
745 651 829 689 me
851 637 1165 706 impediam,
1203 639 1446 701 Domine,
1472 637 1538 690 de
1573 637 1776 706 ‘quibus
1800 635 2065 706 prolicere
2090 635 2186 667 ’⁸⁸⁸

616 727 807 792 debui;
845 745 944 784 nec
990 730 1096 783 illis
1126 714 1318 793 obsim,
1347 727 1543 797 quibus
1576 727 1830 798 prodesse
1861 726 2019 782 debui
2062 743 2076 780 :
2107 726 2188 779 ni-

615 819 1169 874 misenimsulliciunt
1218 819 1346 873 mihi
1398 818 1593 872 delicta
1636 831 1780 883 mea,
1810 832 1915 873 non
1972 817 2188 870 trahant

616 923 704 963 me
731 895 904 963 aliena
936 923 1136 963 secum.
1163 907 1334 962 Nimis
1383 907 1510 960 mihi
1542 913 1643 974 est,
1702 906 1747 961 si
1805 905 2188 960 me'damnant

613 1009 846 1078 peccata,
868 1011 1012 1062 mea;
1047 1012 1152 1051 non
1175 997 1447 1052 involvant
1481 994 1615 1052 alios
1638 1009 1870 1051 mecum.
1903 991 2010 1050 Sed
2034 1003 2111 1057 tu,
2147 1006 2193 1047 ο,

2287 459 2346 507 et
2371 465 2496 510 eos;
2529 461 2682 519 porta
2703 464 2809 514 me,
2837 457 2894 504 et
2925 448 3077 512 illos;
3107 460 3305 500 excusa
3327 458 3436 508 me,
3482 452 3538 498 ct
3565 442 3718 506 illos;
3753 442 3845 494 ad-

2281 543 2409 612 juva
2442 540 2537 572 ⁹¹⁸⁸
2559 549 2814 608 utrosque
2839 556 2854 602 ;
2888 553 3032 609 rege,
3062 547 3117 593 et
3139 545 3356 612 protege
3402 542 3659 603 utrosque
3681 547 3702 588 :
3721 543 3776 586 ut
3794 539 3850 586 et

2285 611 2385 701 ego
2410 632 2646 700 gaudens
2671 628 2739 682 de
2770 627 2979 681 illorum
3013 611 3195 681 salute.
3219 639 3448 689 mecum,
3469 631 3525 678 et
3541 621 3620 676 illi
3643 622 3710 675 de
3731 632 3851 673 mm

2291 736 2497 784 secum,
2527 734 2740 788 semper
2767 717 3046 773 laudemus
3069 724 3313 790 nostrum
3341 715 3538 769 bonum
3569 709 3852 764 Dominum

2291 811 2474 867 Jesum
2503 809 2776 864 Christum
2805 847 2823 874 ,
2860 816 3060 871 tecum,
3086 804 3177 875 qui
3230 803 3302 858 sit
3346 803 3657 882 benedictus
3686 797 3851 866 Deus,

2261 909 2349 960 .et
2398 910 2454 953 tu
2519 871 2830 954 benedictus
2877 871 3153 968 apostolus
3185 895 3302 965 ejus
3358 871 3545 946 "ditt,
3570 900 3849 948 aeternum.

2290 987 2429 1052 Fiat,
2451 986 2564 1040 ﬁat.
2600 986 2792 1041 Amen.
3146 981 3147 984 “

1900 1101 2135 1158 VARIAE'.
2165 1099 2567 1157 LECTIONES.

708 1226 804 1260 ⁹¹⁸⁶
841 1201 1349 1302 ρξι-ἰᾴῇυξ-’ρι-οῆοβτθ
1385 1246 1512 1284 mss.
1567 1229 1648 1302 de.
1669 1216 1864 1299 quibus
1918 1201 2241 1302 prolicere;
2283 1204 2379 1264 ὧν
2415 1223 2826 1302 dpostolguDei
2872 1237 2970 1302 "l8:
3017 1184 3142 1301 Dec.
3179 1218 3330 1275 addit
3369 1213 3703 1302 uartyr‘lel
3727 1213 3876 1302 Eous

641 1297 816 1368 fessor
850 1281 1533 1368 "reiiidq;'5tﬁ'u€a'ii.'ig._
1568 1281 1958 1368 illosjaeieus}
1989 1281 2077 1368 me
2098 1281 2159 1350 et
2188 1294 2340 1362 illos,
2367 1281 2560 1363 adiuva
2633 1293 2728 1326 ²¹⁸⁹
2749 1289 3037 1362 Apostolus
3067 1289 3183 1359 ejus
3209 1303 3334 1343 mu.
3372 1281 3706 1341 Becfaddit:
3729 1281 3874 1336 Mar-

640 1375 727 1438 tyr
761 1365 1047 1422 Confessor
1087 1384 1185 1422 ms.
1229 1365 1456 1421 Val-lac.
1486 1366 1686 1437 Martyr
1711 1366 1995 1436 Apostolus
2022 1365 2158 1433 ejus.

3289 1466 3849 1498 h—I-I“
3874 1479 3878 1492 ε

1452 1583 2130 1697 samem
2201 1542 3034 1729 Δπεειιωι

1590 1825 1591 1830 ‘
1777 1859 1785 1867 ’
1914 1801 2598 1898 TBACTATUS
2816 1836 2824 1843 ·

1277 2009 1458 2122 DE
1569 2003 1926 2117 PACE
2020 1999 2202 2174 ΕΤ

1688 2219 1797 2282 (Eo;
1821 2217 2172 2284 manuscripto
2196 2212 2374 2268 codice
2406 2208 2758 2278 Loeaniensi.)

1105 2423 1107 2425 1
1134 2433 1363 2490 CAPUT
1396 2429 1683 2487 PRIMUM.

711 2569 982 2638 Quomodo
1006 2584 1121 2622 cum
1146 2567 1382 2635 proximo
1408 2579 1589 2634 pacem
1616 2577 1821 2616 seruare
1849 2559 2111 2614 debemus.

689 2661 1062 2720 Necessarium
1088 2657 1240 2712 valde
1268 2664 1352 2712 est
1371 2671 1492 2711 eum
1521 2652 1777 2708 fratribus
1797 2664 1980 2721 pacem
2000 2647 2203 2703 habere

620 2759 677 2807 et
695 2749 1058 2813 concordiam,
1080 2745 1299 2816 praelato
1309 2743 1550 2808 obedire,
1565 2741 1672 2796 Deo
1693 2739 2006 2794 munditiam
2022 2736 2200 2792 cordis

620 2843 897 2898 exhibere.
908 2838 1040 2894 Cum
1056 2837 1312 2908 proximis
1325 2849 1556 2904 namque
1567 2835 1794 2904 idipsum
1808 2833 2060 2888 debemus
2072 2844 2196 2884 sen-

624 2932 823 2992 tire.ut
853 2930 1139 2984 unanimes
1159 2941 1266 2982 uno
1287 2939 1382 2980 ore
1396 2923 1815 2984 ltonoriticemus
1843 2922 2028 2978 Deum.
2054 2910 2199 2976 Prae-
2226 2981 2233 2985 _

619 3022 729 3076 lato
749 3020 996 3076 convenit
1031 3017 1272 3083 obedire,
1299 3017 1509 3070 dicente
1523 3013 1776 3083 Aposmlo
1801 3012 2042 3068 :Obedite
2066 3027 2201 3079 prae-

620 3112 804 3183 positis
843 3109 1019 3164 vestris
1048 3116 1095 3162 et
1132 3107 1394 3176 subjarete
1427 3107 1520 3159 eis.
1553 3103 1662 3172 Ipsi
1692 3107 1826 3176 enim
1856 3103 2009 3173 quasi
2037 3103 2196 3155 ratio-

621 3211 738 3257 nem
764 3199 1148 3265 redditurrpro
1186 3194 1458 3249 animabus
1495 3193 1675 3249 vestris
1719 3191 1950 3262 vigilant,
1995 3200 2049 3244 at
2077 3206 2196 3244 cum

621 3289 816 3362 gaudio
851 3288 948 3342 hoc
974 3287 1172 3356 faciant
1200 3303 1304 3340 non
1339 3295 1615 3356 gementes.
1655 3283 1771 3339 Non
1814 3284 1956 3336 enim
1984 3281 2197 3359 expedit

622 3381 797 3435 vobis.
847 3376 957 3433 Deo
1007 3377 1325 3450 munditiam
1376 3375 1555 3430 cordis
1607 3383 1818 3442 oportet
1870 3387 2192 3441 prmparare,

591 3465 749 3539 quia
789 3469 928 3522 beati
962 3467 1160 3521 mundo
1189 3455 1373 3527 éorde,
1407 3464 1657 3535 quoniam
1696 3463 1791 3532 ipsi
1834 3463 1998 3515 Deum
2043 3461 2090 3513 vi
2111 3461 2192 3514 .Ie-

624 3543 782 3611 lnmt.
824 3554 1064 3622 Qualiter
1091 3553 1418 3627 itaqu'ehzcc
1451 3551 1552 3604 tria
1584 3560 1868 3605 serventur
1893 3544 2188 3604 videamus.

627 3645 700 3701 Ut
733 3645 1074 3701 concordiam
1104 3658 1225 3698 cum
1271 3641 1528 3720 proximis
1553 3655 1846 3703 servemus,
1883 3641 2192 3694 stndeamus

625 3740 829 3794 honore
853 3737 971 3792 illos
983 3737 1299 3806 praevenire.
1321 3734 1473 3788 Tunc
1491 3733 1534 3789 si
1561 3733 1774 3800 quidem
1796 3731 2014 3786 fratrem
2035 3747 2189 3786 suum

2298 1986 3159 2108 CONCOBDIA.

2272 2365 2529 2488 MM
2569 2413 2829 2484 proximis
2857 2412 2970 2468 suis
3012 2365 3224 2480 placere
3276 2407 3640 2478 perpederint.
3683 2406 3870 2465 hocet

2233 2517 2276 2574 Β
2303 2506 2403 2576 ipsi
2446 2503 2562 2558 ﬁeri
2594 2502 2781 2557 velint.
2826 2501 2894 2556 Et
2917 2500 3044 2570 quia
3075 2506 3311 2555 testante
3339 2496 3398 2551 Β.
3430 2497 3706 2566 Apostolo,
3739 2496 3866 2551 beo-

2300 2597 2406 2650 tius
2424 2604 2498 2648 est
2523 2592 2652 2646 dare
2679 2607 2832 2660 quam
2854 2591 3105 2659 accipere,
3133 2588 3390 2642 honorare
3415 2601 3570 2653 quam
3589 2585 3869 2650 honorari,

2298 2683 2488 2736 servire
2522 2696 2680 2751 quam
2703 2679 2906 2745 sarriri,
2943 2693 3047 2733 non
3080 2675 3254 2745 maius
3279 2674 3512 2743 acquirit
3556 2673 3646 2733 ille
3673 2673 3768 2741 qui
3799 2686 3870 2727 ex

2297 2770 2559 2828 charitate
2579 2768 2765 2832 servit,
2798 2783 2959 2838 quam
2988 2765 3152 2821 faciat
3188 2765 3273 2820 cui
3314 2763 3591 2820 servitur?
3624 2763 3872 2833 Denique

2297 2860 2388 2930 qui
2416 2858 2568 2913 alteri
2598 2855 2830 2912 omeium
2859 2853 3145 2910 charitatis
3169 2851 3410 2916 exhibet,
3439 2849 3551 2918 jam
3590 2845 3702 2906 hoc
3724 2861 3874 2905 unde

2297 2949 2374 3004 illi
2415 2948 2557 3003 Deus
2592 2947 2665 3002 sit
2706 2953 2890 3016 gratus
2932 2945 3116 2998 habet.
3156 2941 3250 2998 ille
3281 2956 3412 2996 vero
3455 2940 3548 3008 qui
3585 2940 3872 3013 servitium

2297 3039 2540 3109 suscipit,
2586 3052 2691 3092 non
2741 3036 2841 3091 sic.
2905 3034 3053 3102 Quas
3092 3033 3233 3089 enim
3280 3031 3410 3086 mihi
3455 3030 3659 3099 gratias
3702 3029 3871 3109 debet

2297 3105 2464 3197 Deus,
2493 3128 2537 3184 si
2565 3140 2620 3181 tu
2643 3124 2730 3182 vel
2759 3125 2984 3195 quilibet
3015 3123 3154 3177 alius
3180 3136 3267 3177 me
3289 3121 3477 3176 amat?
3518 3119 3652 3175 cum
3682 3105 3872 3188 itaque

2296 3218 2471 3287 majus
2505 3220 2576 3274 sit
2619 3218 2821 3274 habere
2855 3215 2996 3270 unde
3043 3213 3187 3270 Deus
3215 3226 3408 3268 nonam
3454 3210 3868 3273 retributionem

2295 3308 2603 3362 redditurus
2630 3315 2733 3369 est,
2773 3319 2934 3373 quam
2985 3302 3037 3356 id
3062 3302 3203 3356 unde
3231 3299 3467 3364 nullam;
3503 3305 3718 3353 constat
3739 3295 3868 3366 quia

2296 3398 2341 3457 is
2390 3397 2480 3466 qui
2519 3410 2587 3451 ex
2635 3395 2898 3451 sturitate
2949 3391 3239 3454 ministrat,
3287 3388 3460 3458 majus
3503 3388 3632 3457 quid
3677 3387 3867 3454 habet,

2266 3485 2452 3556 iquam
2503 3485 2591 3540 ille
2620 3485 2707 3539 cui
2738 3483 3096 3537 ministratur.
3142 3479 3332 3553 Adhuc
3376 3477 3486 3541 ille,
3514 3475 3599 3531 cui
3642 3473 3871 3530 alterius

2291 3578 2532 3634 Charitas
2562 3577 2749 3638 servit,
2782 3587 2975 3628 munus
3003 3568 3427 3642 perfunctorium
3473 3565 3688 3636 aliquod
3713 3556 3868 3619 neci-

2291 3666 2369 3736 pit
2412 3668 2556 3731 inde,
2604 3663 2853 3719 videlicet
2902 3664 3180 3725 honorem,
3233 3657 3541 3730 prandium,
3591 3653 3676 3710 vel
3715 3654 3867 3709 aliud

2290 3758 2566 3829 quodlibet
2609 3754 2948 3811 beneficium.
2980 3751 3130 3806 Alter
3174 3749 3265 3820 qui
3294 3763 3360 3803 ex
3396 3747 3661 3802 charitate
3689 3743 3866 3798 servi-

624 3830 746 3899 quis
773 3827 1293 3925 "°_"°"°_p”""?“";
1317 3823 1532 3925 ‘!"‘""‘.°
1550 3831 1700 3925 δυξηη
1728 3822 2056 3925 ν⁰¹¹¹¹¹¹ῗ¹θ⁹¹ξ
2217 3860 2264 3922 c
2293 3821 2391 3914 vit,
2423 3849 2524 3903 sibi
2574 3861 2680 3901 non
2710 3845 2881 3902 solum
2909 3842 3229 3898 charitatem
3271 3837 3512 3901 retinuit,
3558 3834 3652 3890 sed
3695 3834 3864 3887 etiam

625 3919 877 3989 supponit
920 3918 1203 3973 voluntati.
1259 3915 1444 3970 Solent
1488 3913 1734 3974 homines
1783 3912 1977 3968 seculo
2025 3912 2187 3967 dediti

624 4009 894 4080 propriam
926 4007 1258 4061 voluntatem
1293 4002 1533 4070 diligere,
1579 4000 1759 4055 facere
1802 4009 1861 4054 ut
1907 4010 1962 4055 et
2002 4015 2194 4058 omnes

623 4097 713 4151 atii
745 4096 844 4150 sibi
889 4096 1262 4163 obtemperent
1308 4087 1631 4143 desiderare.
1684 4089 1795 4143 Hoc
1823 4089 2192 4158 unusquisque

623 4185 974 4254 concupiscit,
1027 4185 1126 4237 hoc
1170 4180 1334 4235 verbo
1385 4185 1438 4232 et
1482 4191 1644 4246 opere
1683 4176 1899 4232 clamat.
1949 4177 2048 4244 Qut
2084 4194 2188 4232 non

619 4281 758 4334 bene
785 4277 913 4346 quid
942 4275 1104 4328 velint
1129 4269 1609 4334 consideraverint,
1643 4284 1916 4337 nunquam
1947 4271 2189 4338 proiecto

620 4369 870 4422 voluntas
897 4381 1080 4420 eorum
1128 4377 1354 4417 concors
1384 4353 1508 4415 erit.
1559 4362 1617 4415 in
1655 4361 1756 4416 hoe
1788 4370 1965 4416 tamen
1994 4377 2185 4429 quam-

620 4461 742 4512 dam
780 4457 1119 4510 concordiam
1161 4453 1380 4516 habent,
1416 4453 1556 4520 quod
1583 4468 1769 4507 omnes
1814 4453 2062 4506 honorari
2096 4451 2188 4505 de-

619 4549 884 4604 siderant.
922 4560 1110 4598 omnes
1134 4544 1302 4597 amari
1329 4543 1530 4605 volunt,
1559 4558 1748 4618 omnes
1785 4558 1894 4597 suae
1925 4543 2184 4596 voluntati

619 4648 677 4691 ut
705 4638 794 4691 alii
842 4635 1164 4690 concordent
1197 4641 1468 4702 appetunt.
1516 4633 1569 4687 ln
1603 4634 1704 4689 hoc
1734 4648 1860 4687 vero
1898 4635 2038 4702 quod
2067 4634 2186 4702 qui-

576 4786 579 4792 ,
617 4744 721 4798 que
752 4743 868 4795 qua:
896 4741 988 4781 sua
1033 4736 1158 4778 sunt
1186 4717 1454 4800 qumrunt,
1484 4733 1537 4779 et
1590 4725 1763 4779 nullus
1799 4741 1917 4792 qua:
1959 4724 2184 4778 alterius

617 4819 725 4872 sint
771 4824 1001 4884 quierat,
1053 4813 1233 4868 multis
1278 4814 1452 4868 modis
1494 4814 1823 4868 discordant.
1876 4814 2080 4882 Quippe
2129 4816 2180 4868 in

618 4910 722 4962 hoc
740 4907 882 4976 quod
911 4906 1010 4959 iste
1036 4905 1418 4974 subjectionem
1441 4915 1496 4960 et
1523 4905 1779 4960 honorem
1813 4907 1910 4960 sibi
1938 4907 2180 4959 exhiberi

617 4999 790 5066 cupit,
816 5004 870 5050 et
915 4996 1000 5049 ille
1033 4997 1132 5050 hoc
1159 4996 1296 5049 idem
1345 5013 1448 5049 non
1479 4997 1669 5051 minori
1699 4999 1876 5050 studio
1906 4999 2004 5052 sibi
2036 5013 2180 5065 qna:-

613 5090 714 5152 rlt;
748 5103 846 5141 nec
891 5088 989 5142 iste
1018 5088 1113 5151 illi,
1165 5102 1261 5141 nec
1316 5087 1402 5141 ille
1433 5088 1557 5141 huic
1607 5090 1915 5142 consentire
1962 5091 2176 5155 poterit.

2297 3936 2613 4006 ampliorem
2643 3949 2803 4003 quam
2834 3931 3025 3995 fuerat,
3066 3929 3209 3984 illam
3255 3924 3627 3997 participando
3672 3921 3860 3978 efﬁcit.

2293 4027 2401 4081 Res
2449 4025 2644 4095 quippe
2691 4025 2999 4078 minuuntur
3023 4019 3353 4089 disperditaa,
3381 4017 3618 4071 charitas
3642 4074 3644 4076 τ
3667 4022 3858 4068 autem

2294 4124 2496 4184 quanto
2535 4112 2709 4180 magis
2753 4110 3044 4180 spargitur,
3075 4117 3221 4162 tanto
3270 4104 3439 4174 magis
3476 4102 3861 4171 ampliﬁcatur.

2293 4202 2370 4257 Ex
2404 4200 2557 4266 cujus
2581 4197 3044 4252 administratione
3069 4209 3277 4249 summe
3299 4193 3443 4248 circa
3475 4200 3548 4254 te,
3579 4191 3668 4260 qui
3707 4190 3858 4243 illam

2292 4291 2605 4354 exhibuisti,
2645 4289 2861 4344 dilectio
2885 4287 3077 4350 crevit,
3120 4284 3202 4339 cui
3232 4285 3331 4338 hoc
3363 4285 3535 4354 ipsum
3569 4281 3756 4350 utique
3789 4279 3858 4334 ad

2290 4379 2566 4433 cumulum,
2594 4377 2772 4431 meriti
2821 4378 2950 4437 erit;
2978 4389 3042 4428 eo
3071 4372 3210 4441 quod
3243 4385 3337 4440 per
3365 4379 3417 4424 te
3439 4370 3549 4437 ipsa
3579 4367 3632 4437 in
3667 4377 3756 4421 me
3781 4369 3856 4421 tui

2292 4469 2509 4523 dilectio
2535 4467 2795 4521 excrevit.
2841 4465 2906 4517 Et
2928 4464 3049 4518 licet
3095 4479 3180 4515 me
3218 4461 3338 4515 ideo
3373 4460 3544 4530 ipsum
3576 4455 3859 4512 charitatis

2289 4560 2525 4615 oﬂicinm
2565 4555 2984 4627 pertransierit;-
3019 4553 3091 4606 ibi
3125 4561 3299 4606 tamen
3338 4552 3698 4602 remuneratio
3747 4555 3860 4627 tuae

2288 4639 2588 4709 citaritatis’,
2621 4660 2740 4714 qua:
2771 4657 3040 4712 nunquam
3083 4639 3300 4702 excidit,
3334 4652 3544 4707 semper
3592 4621 3853 4692 manebit.

2287 4738 2438 4792 Unde
2488 4745 2542 4789 et
2583 4736 2708 4790 illud
2741 4743 2917 4803 potest
2946 4731 3119 4802 colligi
3175 4729 3515 4798 praestantius
3565 4743 3683 4782 esse
3735 4742 3853 4782 ser-

2286 4830 2398 4881 virc
2417 4843 2578 4896 quam
2614 4826 2823 4880 serviri.
2857 4824 2921 4877 Et
2951 4824 3021 4877 ita
3066 4834 3196 4893 ergo
3233 4821 3284 4872 in
3311 4818 3560 4872 omnibus
3581 4816 3849 4884 justitiam

2285 4917 2374 4971 Dei
2433 4917 2600 4986 magis
2645 4923 2900 4991 appetant
2951 4915 3078 4968 dare
3123 4927 3280 4980 quam
3313 4912 3576 4977 accipere,
3624 4919 3679 4986 et
3727 4909 3850 4978 plus

2285 5009 2502 5063 alterius
2547 5024 2704 5075 quam
2753 5006 2980 5076 propria:
3031 5004 3280 5057 studeant
3325 4999 3582 5054 voluntati
3635 5015 3843 5069 parere.

2286 5096 2384 5162 Qui
2439 5098 2516 5150 sic
2548 5112 2604 5149 se
2636 5095 2834 5148 habere
2873 5092 3120 5157 voluerit,
3153 5089 3410 5144 voluntati
3450 5083 3670 5142 alterius
3717 5103 3847 5142 con-

615 5179 753 5233 Dicit
807 5178 905 5230 iste
939 5196 952 5231 :
982 5178 1090 5233 lloc
1122 5180 1200 5232 vel
1239 5179 1362 5232 illud
1391 5181 1517 5232 mihi
1551 5180 1662 5232 ﬁeri
1699 5181 1847 5239 volo;
1883 5182 2013 5234 dicit
2051 5182 2136 5235 ille
2166 5201 2178 5235 :
2215 5193 2258 5246 ι)
2286 5202 2404 5238 sors
2437 5184 2560 5238 erit.
2599 5183 2830 5251 ldipsum
2867 5181 3104 5235 sentiens
3130 5177 3396 5231 unanimis
3425 5177 3683 5239 existens,
3710 5176 3848 5230 alio-

613 5265 962 5355 Ncquaquam
993 5268 1069 5322 sic
1113 5284 1232 5323 esse
1263 5269 1399 5322 volo.
1450 5270 1649 5323 Taliter
1691 5269 2046 5324 discordando
2085 5287 2175 5337 pa-

613 5355 693 5408 cis
720 5363 773 5407 et
803 5356 1101 5410 concordiae
1130 5356 1495 5410 dissolvuntur
1524 5358 1754 5412 vincula.
1796 5359 1989 5412 Verum
2024 5361 2057 5412 ii
2086 5362 2177 5428 qui

613 5442 672 5502 in
697 5444 855 5514 paci:
890 5446 1276 5514 charitntisquc
1303 5448 1540 5500 custodia
1592 5448 1698 5501 Dco
1728 5449 1938 5514 placere
1970 5451 2174 5504 deside—

613 5545 758 5602 mut,
806 5534 967 5588 talem
1004 5537 1104 5592 sibi
1162 5536 1370 5591 vivendi
1429 5537 1663 5607 regulam
1714 5542 2066 5605 constituant,
2116 5551 2174 5592 nt

2285 5276 2412 5343 quin
2471 5273 2813 5326 concordiam
2867 5273 3063 5324 habere
3133 5282 3237 5322 non
3295 5266 3506 5335 poterit.
3567 5265 3843 5331 Quomodo

2284 5363 2428 5416 enim
2462 5361 2604 5413 illam
2637 5360 2872 5423 habebit,
2928 5359 3029 5412 nisi
3061 5357 3341 5422 diligenter
3387 5369 3504 5406 eam
3537 5355 3845 5424 quaesierit?

2282 5452 2531 5518 Quaerere
2583 5442 2863 5505 miraturut
2918 5445 3072 5504 aliter
3110 5463 3213 5503 non
3266 5445 3500 5514 poterit;
3549 5445 3651 5500 hoc
3679 5445 3844 5501 modo

2278 5557 2523 5612 qnurt‘ens
2555 5541 2792 5594 habebit.

3917 4781 3932 4808 ο
