4200 6196
391 231 528 291 1017

1010 336 1233 394 CAPUT
1263 335 1322 390 ll.

690 430 766 484 De
794 426 1080 482 obedientia
1099 422 1315 491 pra-lato
1343 420 1649 478 exhibenda.

462 522 693 580 Prmlato
736 528 923 571 nostro
969 513 1356 582 subjectionem
1403 522 1459 568 et
1500 513 1857 568 obedientiam
1884 526 1952 567 ex

392 614 553 671 corde
596 623 812 666 servare
846 608 1133 668 debemus;
1171 604 1325 658 aliter
1350 604 1493 659 enim
1522 619 1763 659 normam
1790 618 1953 673 quam

391 703 819 775 prclltemurnon
844 706 1102 751 tenemus.
1136 694 1409 765 Siquidem
1437 693 1522 747 ille
1537 709 1662 748 vere
1684 692 1955 763 subjectus

391 800 447 846 et
476 788 767 843 monachus
793 784 873 838 vel
907 783 1195 837 canonicus
1237 792 1341 847 est,
1369 783 1459 851 qui
1488 783 1683 852 gaudet
1714 797 1773 836 se
1798 798 1951 838 suum

389 895 499 935 non
551 893 670 929 esse
698 883 920 943 propter
958 873 1155 927 Deum.
1199 873 1297 939 Qui
1336 873 1478 926 enim
1527 888 1630 927 non
1678 888 1742 927 ex
1794 874 1956 929 corde

390 970 487 1027 sed
515 968 630 1022 sola
656 962 1004 1035 subjeciionis
1047 964 1163 1033 lege
1192 964 1388 1027 obedit,
1417 964 1517 1019 nisi
1545 979 1603 1018 se
1636 966 1953 1029 correxerit,

390 1055 696 1121 mercedem
733 1053 1049 1107 obedientiae
1091 1067 1193 1106 non
1223 1052 1437 1107 habebit
1464 1063 1479 1105 τ
1509 1054 1706 1106 etenim
1736 1069 1841 1108 non
1874 1064 1958 1109 est

390 1145 732 1202 bonunr~nisi
760 1144 1139 1198 voluntarium.
1169 1143 1392 1213 Oportet
1415 1160 1546 1215 ergo
1590 1154 1647 1199 ut
1675 1162 1742 1200 ex
1775 1161 1957 1203 amore

392 1234 561 1305 legem
596 1234 920 1293 obelitiouis
948 1242 1142 1296 teneat,
1186 1250 1254 1289 ne
1282 1236 1581 1290 mercedem
1610 1250 1720 1290 sua:
1746 1251 1958 1307 posses-

391 1324 828 1378 sionisamittat.
872 1322 1116 1388 Quandiu
1154 1338 1219 1376 ex
1248 1324 1520 1379 voluntate
1557 1341 1659 1379 non
1700 1326 1983 1395 paruerit,.

393 1422 652 1482 quantum
682 1415 747 1468 ad
772 1429 829 1468 se
856 1414 907 1467 in
940 1415 1155 1483 propria
1187 1415 1460 1471 voluntate
1487 1417 1728 1485 persistit
1756 1434 1769 1468 :
1796 1432 1955 1485 quam

392 1505 446 1557 in
480 1515 740 1573 quantum
769 1505 1040 1567 habuerit,
1065 1522 1195 1561 suus
1223 1516 1325 1571 est,
1366 1523 1470 1562 non
1506 1507 1747 1573 alterius,
1800 1507 1868 1562 Et
1912 1508 1956 1562 si
2000 1548 2003 1551 -

389 1607 521 1646 suus
548 1602 651 1655 est,
702 1593 878 1647 videat
918 1609 1021 1662 qua
1070 1604 1354 1663 potestate,
1380 1597 1573 1666 quibus
1613 1597 1799 1660 armis,
1842 1598 1960 1665 qui-

391 1679 493 1735 bus
541 1680 748 1736 viribus
786 1684 852 1734 ab
888 1682 1320 1752 impugnantibus
1348 1700 1405 1740 se
1434 1686 1725 1740 defendat?
1768 1685 1957 1740 Mirum

392 1781 476 1825 est
497 1772 767 1840 quomodo
796 1772 1136 1827 adversarius
1166 1775 1254 1842 qui
1288 1776 1483 1829 circuit
1508 1790 1755 1845 quarens
1799 1790 1959 1845 quem

390 1859 635 1924 devoret,
668 1860 817 1914 illum
862 1870 918 1917 et
949 1861 1096 1916 illum
1128 1878 1229 1917 non
1277 1864 1495 1929 invadit,
1545 1865 1844 1920 invadeudo
1870 1866 1960 1929 de-

393 1949 572 2021 glutit,
598 1950 940 2021 deglatiendo
977 1951 1276 2017 interimit;
1313 1954 1401 2022 qui
1438 1954 1579 2006 viam
1608 1954 1754 2008 vadit
1795 1968 1898 2023 qua
1928 1970 1958 2008 a

395 2038 693 2093 latronibus
732 2038 1025 2103 invenitur,
1071 2039 1114 2093 si
1146 2055 1252 2094 non
1282 2041 1590 2108 agnoscitur
1615 2041 1857 2110 exemplo
1884 2040 1961 2095 in-

389 2129 625 2192 vaditur,
653 2129 912 2194 tunditur,
941 2130 1290 2199 exspoliatur.
1326 2114 1495 2185 Porro
1524 2132 1567 2185 si
1595 2120 1955 2201 cognoscitur,

390 2218 485 2274 sed
520 2216 803 2273 Dominum
824 2229 879 2271 et
906 2219 1224 2272 advocatum
1257 2235 1360 2285 non
1404 2220 1671 2285 habuerit,
1704 2219 1855 2288 cujus
1878 2235 1959 2274 reo

390 2307 629 2361 verentia
651 2313 707 2359 et
746 2305 935 2360 timore
957 2305 1222 2363 latronum
1256 2323 1445 2363 manus
1467 2309 1677 2371 evadat,
1715 2307 1871 2363 veluti
1900 2308 1960 2361 il-

390 2394 501 2451 lum
529 2405 709 2448 amant
751 2404 799 2449 et
839 2395 1203 2463 appretiantur
1228 2410 1287 2450 se
1313 2398 1513 2451 habent
1546 2396 1689 2452 circa
1726 2411 1868 2453 eum.
1902 2396 1959 2452 Si

366 2498 373 2505 '
400 2500 496 2540 rex
527 2493 619 2539 aut
643 2481 784 2538 illius
820 2486 960 2554 regis
983 2494 1084 2547 est,
1105 2496 1198 2538 aut
1222 2495 1523 2555 prmpoteus
1548 2487 1763 2555 aliquis,
1802 2502 1866 2541 ex
1896 2488 1963 2541 ti-

409 2588 561 2628 more
595 2573 868 2640 toleratur,
898 2586 1204 2629 reverenter
1240 2575 1530 2645 salutatur,
1549 2576 1745 2631 illaesus
1787 2586 1962 2646 empto

392 2661 586 2719 itinere
625 2664 993 2734 proficiscitur
1022 2682 1034 2717 :
1072 2666 1154 2720 sin
1200 2674 1379 2721 antem
1429 2667 1728 2721 denudatur
1757 2677 1809 2721 et
1845 2678 1962 2723 tun-

394 2753 559 2809 ditur.
597 2754 708 2821 Sic,
755 2754 971 2822 fratres,
1016 2755 1094 2810 sic
1150 2756 1269 2811 sine
1298 2757 1459 2811 dubio
1495 2758 1553 2811 lit
1594 2759 1645 2812 in
1683 2758 1961 2815 animabus

398 2844 624 2899 nostris.
700 2845 840 2900 Deus
880 2846 1220 2915 omnipotens
1275 2849 1483 2916 paravit
1535 2850 1688 2906 nobis
1740 2866 1961 2921 regnum

1556 206 1645 277 ΠΕ
1674 221 1853 276 race
1899 219 1985 274 er
2028 216 2422 275 CONCORDIA

1976 333 2023 389 Α
2049 328 2164 398 ejus
2191 327 2460 383 voluntate
2490 338 2633 378 nu..a
2661 334 2867 380 ratione
2890 332 3002 379 vuit
3032 324 3370 387 discordare,
3402 339 3505 379 non
3532 340 3621 380 se-

3486 210 3621 272 t0l8

2054 437 2182 477 cure
2221 419 2540 491 prtesnmit':
2572 416 2831 495 quidquid
2868 418 3012 470 enim
3060 417 3212 485 pravi
3255 418 3579 484 suggesserit
3602 456 3620 483 ,

2054 510 2119 566 ad
2150 509 2525 565 verecundiam
2561 506 2661 561 sibi
2704 504 2959 569 vertitur;
2995 520 3117 559 cum
3140 503 3233 558 ille
3267 505 3351 559 cui
3383 505 3625 573 suggeri-

2054 610 2161 663 tur,
2202 610 2290 656 aut
2330 599 2722 670 suggestionem
2774 611 2907 666 pene
2954 596 3285 659 contemnit,
3319 584 3412 651 aut
3461 597 3504 651 si
3554 596 3621 653 ad
3675 613 3677 616 ‘

2054 690 2241 745 horam
2290 688 2577 752 consentit,
2607 703 2702 756 per
2747 687 3138 740 confessionem
3189 693 3243 740 et
3289 685 3500 754 dignam
3535 701 3622 740 sa-

2058 778 2417 835 tisfactionem
2476 792 2595 832 sese
2644 776 2971 831 emendavit.
3006 776 3076 830 ln'
3115 776 3363 846 omnibus
3394 790 3541 846 ergo
3570 785 3624 831 et

2054 866 2362 938 per‘omnia
2393 864 2504 920 Deo
2552 865 2709 919 debet
2745 864 2993 918 subdltus
3043 862 3266 917 obedire
3315 873 3369 918 et
3416 861 3621 934 praelati

2052 949 2345 1028 iussionem
2373 955 2521 1010 salva
2565 954 2827 1034 fidelitate
2864 953 2953 1008 Dei
2991 954 3201 1035 subire.
3234 951 3365 1006 Nam
3415 954 3459 1007 si
3489 968 3625 1022 prae-

2056 1048 2197 1103 latus
2246 1048 2520 1103 subditum
2560 1031 2841 1115 periurare
2886 1031 3136 1114 jusserit,
3170 1044 3215 1099 si
3260 1043 3621 1115 latrocinium.

2053 1129 2463 1195 fornicationem
2498 1148 2587 1220 aut
2616 1135 2761 1191 aliud
2814 1135 3143 1217 huiusmodi.
3173 1134 3317 1214 nullo
3351 1135 3508 1189 modo
3537 1136 3627 1188 oh-

2058 1242 2357 1301 temperare
2385 1216 2576 1305 debet;
2592 1228 2717 1297 quia
2752 1216 2890 1281 Deus
2916 1226 3018 1281 hoc
3062 1225 3176 1279 fieri
3216 1227 3483 1296 prohibet.
3520 1226 3628 1291 Deo

2060 1336 2190 1390 ergo
2220 1336 2315 1389 per
2342 1319 2523 1373 omnia
2553 1319 2772 1372 obediat
2805 1335 2819 1370 :
2852 1316 3074 1386 prarlato
3106 1332 3204 1370 suo
3234 1317 3326 1371 Dei
3358 1317 3631 1401 vqluntate

2061 1421 2269 1468 servata
2304 1425 2399 1479 per
2427 1408 2610 1464 omnia
2642 1408 3010 1476 obtemperet,
3040 1415 3110 1461 et~
3140 1416 3399 1477 quantum
3429 1404 3481 1459 in
3515 1406 3628 1475 ipso

2059 1514 2161 1570 est,
2192 1502 2282 1556 Dei
2318 1511 2374 1556 et
2402 1499 2641 1574 magistri
2669 1498 2937 1553 voluntate
2984 1486 3240 1561 servata,
3289 1511 3411 1551 cum
3455 1497 3631 1551 omni-

2060 1596 2161 1651 bus
2208 1592 2520 1649 bominibus
2558 1606 2742 1660 pacem
2792 1590 3005 1644 habeat.
3032 1587 3287 1657 Quisquis
3336 1587 3436 1643 hoc
3473 1588 3629 1643 modo

2064 1687 2155 1743 Dei
2187 1694 2243 1741 et
2269 1683 2489 1752 majoris
2531 1684 2611 1737 sui
2643 1681 2909 1736 voluntati
2963 1681 3210 1735 subditus
3250 1678 3448 1742 fuerit,
3503 1688 3630 1733 tunc

2060 1778 2168 1832 Deo
2198 1778 2433 1843 obediet,
2461 1785 2516 1831 et
2547 1791 2670 1829 cum
2718 1774 2938 1844 praelato
2968 1788 3066 1827 suo
3096 1774 3147 1827 in
3200 1772 3308 1827 Deo
3352 1773 3626 1842 paruerit,

2060 1881 2180 1921 sese
2207 1881 2310 1919 non
2346 1881 2501 1920 suum
2533 1865 2625 1919 sed
2654 1863 2745 1918 Dei
2776 1878 2896 1918 esse
2934 1861 3254 1917 ﬁducialiter
3275 1862 3507 1931 allegare
3538 1877 3630 1932 po-

2061 1954 2207 2010 terit.
2240 1953 2405 2022 Cujus
2426 1955 2603 2008 anima
2632 1968 2753 2007 cum
2785 1951 2836 2006 in
2860 1952 3005 2006 exitu
3055 1952 3136 2006 sui
3166 1951 3409 2023 corporis
3448 1950 3627 2016 fuerit,
3694 1954 3699 1963 '

2059 2045 2289 2100 validam
2345 2060 2562 2099 manum
2620 2037 3017 2098 occursantium
3069 2046 3370 2097 darmouum
3413 2056 3519 2098 non
3565 2041 3631 2096 ti-

2061 2133 2250 2198 mebit,
2298 2133 2423 2203 quia
2462 2132 2747 2185 Dominum
2775 2130 3049 2185 Christum
3095 2130 3413 2184 advocatum
3442 2136 3632 2201 ..αθη-

2063 2232 2167 2277 tem
2209 2222 2449 2276 habebit.
2474 2221 2612 2275 Ecce
2652 2220 2777 2290 quid
2823 2229 3191 2289 quantumque
3220 2218 3343 2273 boni
3374 2216 3628 2274 obedien-

2062 2313 2136 2367 tia
2168 2312 2422 2381 acquirit.
2456 2311 2589 2365 Cum
2620 2311 2673 2364 in
2723 2313 2933 2379 ratione
2983 2307 3188 2381 positu‘s
3223 2307 3429 2374 fuerit,
3475 2306 3631 2377 cujus

2061 2403 2222 2458 homo
2267 2402 2357 2467 sit,
2387 2402 2529 2455 unde
2563 2401 2778 2463 veniat,
2821 2416 2927 2469 quo
2954 2400 3142 2465 vadat,
3187 2414 3347 2468 quem
3384 2405 3626 2466 quaerat:

2062 2493 2119 2548 Si
2152 2492 2412 2546 voluntati
2443 2491 2547 2546 Dei'
2564 2491 2821 2555 obedivit,
2848 2491 2939 2545 Dei
2971 2505 3032 2545 se
3052 2505 3173 2545 esse
3201 2489 3381 2544 dicere
3412 2489 3631 2559 poterit.

2063 2582 2119 2638 Si
2143 2599 2271 2639 vero
2298 2584 2350 2637 in
2382 2597 2476 2636 sua
2508 2580 2783 2637 voluntate
2811 2581 3078 2647 consistit,
3111 2590 3167 2635 et
3196 2580 3266 2634 ob
3305 2581 3406 2635 hoc
3436 2580 3530 2635 Dei
3574 2586 3632 2635 et

2061 2674 2265 2746 praelati
2305 2661 2388 2727 sui
2442 2670 2701 2726 voluntati
2754 2671 3057 2725 contrarius
3100 2668 3399 2733 exstiterit,
3446 2670 3633 2724 menti-

2065 2775 2151 2820 tur
2179 2766 2308 2820 sise
2350 2763 2443 2817 Dei
2475 2777 2595 2817 esse
2640 2761 2837 2815 dixerit
2887 2760 3125 2829 :quippe
3172 2760 3296 2814 dum
3341 2760 3473 2813 vixit
3512 2773 3633 2828 pro-

2063 2853 2215 2923 priae,
2242 2866 2344 2906 non
2380 2849 2472 2903 Dei
2497 2848 2754 2903 voluntati
2781 2847 2933 2901 vixit.
2956 2846 3123 2913 Quem
3148 2837 3277 2916 ergo
3315 2848 3631 2901 advocatum

396 2951 576 3000 suum,
625 2937 710 2989 cui
754 2936 801 2989 si
846 2934 1067 2990 obedire
1108 2930 1468 3004 voluerimus,
1518 2955 1622 2993 non
1666 2941 1802 2994 servi
1866 2943 1959 2997 sed
1990 2977 2033 3035 Ο
2066 2940 2317 2996 habebit?
2346 2939 2427 2993 Ad
2456 2942 2623 3007 'qnem
2658 2936 2787 2991 ibit?
2832 2936 2963 3002 Quis
3003 2937 3049 2989 ei
3098 2935 3298 2989 auxilio
3325 2936 3469 2990 erit?
3496 2934 3637 3001 Quid

396 3026 554 3081 amici
606 3026 722 3095 ejus
767 3034 822 3079 et
851 3025 944 3080 lilii
988 3024 1232 3079 dicemur
1274 3036 1329 3081 et
1380 3026 1603 3082 erimus.
1643 3028 1965 3085 Obediemus

394 3129 524 3184 ergo
568 3116 615 3168 ei
659 3116 703 3168 si
739 3115 1027 3183 quidquam
1064 3131 1184 3169 eum
1231 3117 1366 3171 velle
1398 3118 1537 3173 scire
1566 3119 1857 3188 poterimus
1886 3120 1963 3175 ex

394 3208 536 3262 bona
586 3208 858 3263 voluntate
908 3220 1089 3263 nostra
1123 3221 1430 3282 satagemus
1471 3212 1711 3284 exsequi.
1738 3214 1880 3270 Bona
1912 3204 1968 3270 et

395 3299 655 3354 obediens
683 3300 786 3353 erit
812 3300 1055 3354 voluntas
1082 3311 1288 3367 nostra,
1335 3304 1378 3357 si
1401 3302 1518 3372 ejus
1555 3283 1815 3359 voluntati
1845 3283 1962 3362 eam

395 3387 857 3457 supposuerimus,
882 3396 936 3441 et
960 3388 1009 3440 ei
1041 3388 1338 3445 voluntarie
1359 3406 1551 3459 parere
1574 3395 1960 3457 curaverimus.

399 3474 455 3530 Si
497 3477 632 3529 bona
674 3475 945 3530 voluntate
995 3476 1213 3531 Domini
1250 3480 1511 3535 voluntati
1555 3483 1961 3549 concordemus,

397 3564 555 3619 amici
608 3565 937 3629 vocabimur,
990 3564 1080 3618 ﬁlii
1135 3566 1225 3621 Dei
1261 3568 1575 3624 efllciemur.
1622 3569 1774 3637 Quod
1817 3582 1998 3653 post:

397 3672 559 3725 quam
586 3656 831 3711 effectura
864 3652 1047 3720 fuerit,
1087 3670 1276 3712 secure
1298 3673 1405 3728 quo
1430 3659 1539 3713 vult
1570 3661 1645 3714 ire
1666 3671 1719 3717 et
1740 3662 1967 3718 transire

397 3746 615 3816 poterit.
644 3744 777 3798 Nam
821 3762 1012 3801 manus
1034 3746 1299 3805 latronum
1328 3748 1543 3803 fortium
1575 3758 1631 3806 et
1664 3753 1962 3806 daemonum

399 3852 505 3894 non
546 3838 771 3901 timebit,
804 3854 907 3891 non
936 3838 1117 3911 malos
1146 3854 1403 3893 occursus
1430 3841 1663 3909 pavebit,
1710 3842 1964 3910 quoniam

400 3941 495 3982 rex
525 3927 770 3997 filiusque
803 3928 945 3997 regis
970 3928 1092 3981 erit.
1125 3928 1325 3982 Caveat
1350 3943 1477 3997 ergo
1508 3910 1874 3999 unusquisque
1899 3919 1967 3985 ne

399 4018 690 4087 quidquam
743 4017 888 4071 aliud
929 4018 1076 4085 velit,
1120 4019 1220 4071 nisi
1274 4020 1413 4086 quod
1454 4026 1673 4073 auctore
1728 4020 1837 4074 Deo
1881 4020 1965 4074 vel

399 4110 663 4179 spirituali
709 4120 857 4179 patre
904 4125 1001 4164 suo
1033 4110 1260 4165 licenter
1313 4109 1447 4166 velle
1474 4112 1717 4181 quiverit.
1765 4108 1963 4169 Verum

401 4202 616 4257 licentia
648 4201 833 4255 fallere
860 4202 1164 4263 consuevit;
1196 4203 1501 4257 obedientia
1532 4202 1671 4257 enim
1699 4213 1752 4258 et
1780 4205 1963 4260 inobc-

2067 3032 2468 3104 interpellabit?
2490 3031 2650 3085 Certe
2679 3031 2862 3099 fugere
2883 3043 2990 3083 non
3023 3028 3251 3097 poterit,
3277 3042 3374 3097 per
3398 3027 3633 3081 medium

2066 3123 2145 3178 ire
2166 3135 2384 3176 necesse
2405 3120 2609 3183 erit,ad
2632 3119 2797 3171 vitam
2826 3116 3003 3171 velud
3037 3125 3263 3170 mortem
3294 3115 3396 3169 iter
3418 3114 3638 3170 habebit

2067 3214 2147 3269 vel
2184 3212 2401 3267 tenebit.
2415 3211 2563 3280 Rogo
2588 3225 2691 3279 qua
2713 3218 2995 3277 potestate,
3015 3207 3208 3277 quibus
3237 3206 3441 3261 viribus
3466 3221 3495 3258 I
3522 3221 3639 3259 ma—

2066 3303 2223 3357 nibus
2252 3283 2555 3357 invasorum
2580 3298 2784 3353 exibit?
2809 3297 3152 3352 Crueiabitur
3173 3295 3417 3360 miser,si
3449 3295 3637 3349 volun—

2068 3397 2195 3452 tatis
2223 3405 2279 3451 et
2304 3394 2532 3454 actionis
2554 3408 2662 3447 suae
2692 3393 2855 3445 Deum
2887 3402 2941 3444 et
2971 3389 3225 3458 majorem
3259 3405 3414 3444 suum
3443 3381 3632 3444 aucto-

2066 3503 2179 3543 rem
2208 3500 2314 3541 non
2341 3483 2607 3538 habuerit.
2639 3480 2887 3548 Profecto
2921 3481 2999 3534 sic
3030 3478 3279 3548 procellis
3311 3478 3560 3541 vitiorum
3581 3487 3638 3533 et

2068 3558 2369 3629 incursibus
2397 3572 2695 3625 daemonum
2723 3570 3054 3637 quatiuntur,
3102 3567 3409 3636 quicunque
3445 3580 3474 3619 a
3500 3580 3657 3633 pra;

2069 3666 2160 3719 lati
2188 3665 2267 3719 sui
2307 3664 2580 3715 voluntate
2619 3660 2953 3724 alienantur;
2984 3655 3438 3728 quemadmodum
3469 3670 3636 3709 naves

2069 3755 2119 3809 in
2149 3753 2286 3807 vado
2312 3751 2554 3808 fervente
2597 3757 2915 3817 tempestate
2944 3733 3235 3818 agitantur.
3268 3746 3401 3804 Nam
3427 3746 3473 3802 si
3502 3747 3640 3801 vado
3686 3770 3687 3773 η

2066 3843 2295 3914 scapulis
2316 3842 2471 3911 pleno
2496 3840 2650 3910 palus
2675 3850 2925 3908 portatur,
2956 3840 3042 3894 cui
3072 3853 3235 3893 naves
3266 3833 3394 3893 loris
3417 3837 3636 3907 alligen-

2070 3945 2345 4001 tur;.quo
2396 3931 2621 4001 longius,
2654 3944 2683 3982 a
2740 3924 2860 3998 palo
2908 3929 3130 3995 fuerint,
3161 3945 3261 3999 ego
3305 3928 3522 3998 gravius
3552 3928 3634 3981 in-

2067 4031 2294 4095 gruente
2319 4028 2641 4090 tempestate
2684 4018 2963 4073 ferientur.
2993 4018 3205 4085 Quanto
3235 4034 3363 4074 vero
3390 4017 3646 4089 proprius.

2066 4128 2321 4169 connexa:
2350 4112 2568 4173 fuerint,
2609 4118 2754 4163 tanto
2791 4097 2971 4164 minus
3000 4110 3318 4179 gravitatem
3348 4117 3635 4177 tempestas
3728 4134 3729 4137 η

2068 4206 2135 4259 tis
2172 4203 2427 4257 sentient.
2479 4201 2569 4255 Sic
2604 4202 2789 4269 utique
2820 4202 2910 4269 qui
2940 4217 2968 4253 a
3008 4200 3088 4254 sui
3123 4198 3327 4269 praelati
3360 4197 3502 4266 justa
3538 4212 3638 4253 von

402 4294 597 4349 dientia
632 4294 907 4365 contraria
959 4301 1101 4348 sunt.
1152 4293 1348 4377 Harum
1400 4296 1569 4348 media
1608 4305 1689 4351 est
1728 4296 1960 4354 licentia.
1994 4292 2037 4345 D
2064 4292 2267 4346 luntate
2299 4290 2579 4352 alienatur,
2607 4287 2791 4359 procul
2816 4287 2980 4343 dubio
3004 4288 3055 4341 in
3094 4287 3321 4357 propriae
3352 4286 3640 4341 voluntatis

403 4383 503 4449 Qui
558 4397 683 4451 ergo
720 4383 833 4435 vult
882 4383 1020 4450 quod
1068 4382 1203 4436 velle
1251 4399 1353 4436 non
1403 4383 1579 4447 debet,
1638 4398 1736 4441 nec
1785 4398 1960 4440 tamen

404 4474 577 4541 ipsum
600 4473 735 4527 velle
756 4473 854 4526 nisi
874 4474 1178 4537 prze'missus
1202 4473 1340 4527 facto
1367 4474 1473 4526 vult
1494 4475 1815 4543 adimplere;
1842 4478 1966 4530 obe-

404 4565 602 4619 dientia
626 4579 784 4632 quam
828 4564 876 4616 in
910 4565 1013 4617 hoc
1048 4563 1321 4632 amplexus
1349 4571 1451 4627 est,
1489 4564 1661 4633 ipsum
1689 4566 1968 4620 excusabit

407 4654 604 4709 factum
638 4669 652 4717 ;
694 4657 785 4707 sed
820 4653 953 4707 velle
982 4654 1121 4721 quod
1161 4664 1348 4707 contra
1377 4654 1731 4708 obedientiam
1761 4656 1967 4721 habuit,

406 4742 780 4812 periculosum,
818 4744 918 4796 nisi
968 4743 1296 4811 pmnituerit,
1331 4744 1431 4797 erit
1483 4745 1529 4799 ei
1560 4762 1573 4796 :
1625 4746 1763 4813 quod
1798 4747 1971 4800 minus

408 4833 623 4901 quidam
654 4833 991 4885 attendentes
1037 4832 1243 4885 licentia
1288 4849 1427 4901 smpe
1459 4833 1730 4887 falluntur.
1771 4833 1975 4888 Caven-
2010 4855 2019 4858 '

410 4934 489 4974 tes
534 4922 714 4989 itaque
760 4938 825 4973 ne
858 4924 973 4989 plus
1020 4937 1171 4989 {equo
1202 4924 1428 4976 licentize
1478 4926 1789 4985 innitcntur,
1842 4940 1972 4994 quo-

410 5016 550 5067 niam
595 5013 808 5080 quidem
841 5012 1049 5064 licentia
1088 5016 1335 5080 quamvis
1375 5030 1584 5084 pmnatn
1624 5017 1837 5083 minuit,
1870 5032 1972 5070 non

408 5120 525 5156 eam
576 5113 751 5153 tamen
785 5117 849 5154 ex
893 5114 1001 5155 toto
1033 5105 1255 5169 repellit.
1290 5105 1504 5158 Noverit
1531 5107 1653 5175 quia
1686 5106 1812 5158 nulli
1860 5117 1975 5159 lan-

411 5200 521 5246 tutn
550 5194 699 5243 timet
730 5192 971 5245 diabolus
1010 5194 1455 5259 appropinquare,
1487 5205 1745 5262 quantum
1788 5196 1860 5249 illi
1887 5198 1976 5265 qui

320 5348 323 5351 _
408 5293 443 5335 a
491 5282 758 5333 voluntate
789 5283 990 5347 [incluti
1035 5284 1115 5335 sui
1179 5299 1448 5350 nunquam
1494 5287 1603 5338 vult
1652 5283 1974 5353 discrepare.

413 5369 543 5422 Nam
589 5372 727 5423 sicut
766 5370 851 5423 fur
880 5374 968 5439 qui
1000 5374 1206 5425 furatur
1243 5374 1315 5425 illi
1350 5377 1439 5442 qui
1472 5393 1529 5429 se
1577 5393 1603 5429 a
1650 5380 1728 5431 sui
1772 5378 1976 5447 praelati

415 5460 721 5528 cognitione
763 5462 902 5515 celat
947 5463 1310 5517 indubitanter
1340 5481 1496 5533 prava
1529 5483 1666 5533 srepe
1720 5470 1975 5538 suggerit.

418 5546 500 5608 Illi
531 5564 657 5603 vero
688 5551 774 5623 qui
820 5567 875 5609 se
908 5551 1128 5623 praelato
1160 5555 1332 5624 qualis
1376 5557 1441 5610 sit
1472 5558 1726 5621 ostendit,
1758 5559 1878 5626 quia
1912 5544 1976 5614 ab

2065 4383 2242 4437 studio
2288 4381 2669 4449 periclitatur;
2728 4395 2827 4433 nec
2874 4380 2967 4433 Dei
3024 4379 3282 4433 voluntati
3345 4381 3638 4443 concorda-

2066 4474 2174 4537 bit,
2229 4472 2460 4540 quandiu
2510 4487 2538 4524 a
2574 4471 2847 4524 voluntate
2890 4471 3075 4523 vicarii
3120 4470 3213 4525 Dei
3267 4470 3641 4533 discordabit:

2067 4567 2212 4619 vices
2242 4564 2382 4618 enim
2436 4563 2527 4617 Dei
2573 4562 2837 4632 gerendas
2869 4563 3091 4631 suscipit
3120 4561 3421 4630 quicunque
3459 4563 3510 4615 in
3542 4562 3647 4616 Εει

2069 4656 2232 4711 clesia
2264 4654 2353 4708 Dei
2389 4652 2598 4706 culmen
2622 4652 2947 4721 prrelationis
2968 4651 3221 4712 assumit;
3267 4661 3321 4705 et
3370 4650 3641 4720 qualicun-

2074 4760 2176 4816 que
2210 4744 2367 4799 modo
2398 4743 2525 4795 illud
2547 4742 2826 4811 suscipiat,
2858 4741 2946 4795 ille
2971 4740 3170 4795 videat.
3212 4741 3378 4806 Quem
3424 4741 3641 4809 quidem

2072 4853 2185 4903 non,
2200 4845 2281 4891 est
2303 4850 2477 4889 meum
2499 4832 2760 4899 judicare,
2783 4832 2875 4886 sed
2898 4830 3015 4899 ejus
3035 4831 3282 4899 imperio,
3310 4831 3352 4885 si
3384 4832 3645 4900 iniustum

2074 4942 2178 4981 non
2200 4925 2376 4987 fuerit,
2393 4924 2696 4989 obtempera
2706 4937 2783 4986 re,
2797 4916 3004 4975 dicente
3020 4920 3240 4972 Domino
3256 4938 3265 4973 :
3284 4919 3451 4987 Super
3471 4921 3643 4973 cathe-

2074 5018 2222 5069 dram
2252 5014 2419 5081 Moysi
2442 5014 2681 5065 sederunt
2706 5010 2903 5063 Scriba’
2921 5020 2967 5062 et
2987 5006 3263 5066 Pharisaei.
3280 5010 3642 5076 Quodcunque

2077 5123 2206 5176 ergo
2230 5106 2469 5159 dixerint
2505 5101 2674 5165 vobis,
2710 5101 2903 5163 facile;
2937 5114 3056 5167 qua:
3093 5108 3272 5150 autem
3304 5097 3526 5164 faciunt,
3559 5099 3643 5151 fa-

2079 5213 2201 5251 cere
2224 5197 2403 5263 nolite.
2432 5194 2495 5247 Et
2525 5192 2816 5261 Apostolus
2843 5192 2915 5243 ait
2937 5199 2955 5242 ':
2990 5189 3063 5241 Tu
3094 5193 3206 5261 quis
3249 5205 3300 5242 es
3322 5189 3642 5256 quijudicas

2080 5292 2304 5343 alienum
2335 5306 2555 5342 servum.
2601 5288 2707 5341 Suo
2735 5289 2943 5340 domino
2988 5294 3087 5338 stat
3129 5296 3217 5336 aut
3254 5284 3413 5347 cadit,
3448 5292 3493 5335 et
3540 5300 3643 5336 non

2084 5393 2155 5435 est
2179 5392 2403 5450 potestas
2430 5382 2528 5433 nisi
2555 5398 2585 5432 a
2629 5380 2755 5443 Deo,
2781 5395 2897 5446 qua:
2922 5388 3093 5429 autem
3130 5394 3160 5427 α
3196 5376 3299 5427 ι)εο
3327 5384 3465 5438 sunt,
3499 5377 3641 5427 ordi-

2086 5480 2207 5523 nata
2236 5480 2377 5522 sunt.
2421 5468 2521 5533 Qui
2557 5484 2674 5536 ergo
2706 5468 2943 5534 potestati
2966 5466 3174 5527 resistit,
3204 5463 3299 5515 Dei
3328 5462 3643 5514 ordinationi

2086 5560 2294 5612 resistit.
2330 5557 2392 5611 Et
2425 5558 2547 5610 alibi
2582 5574 2594 5608 :
2631 5555 2867 5616 Fratres,
2902 5552 3057 5604 nolite
3092 5550 3268 5619 plures
3302 5550 3536 5617 magistri
3569 5549 3642 5614 ef-
