4200 6200
610 334 753 389 Mli)

947 334 1004 388 S.
1045 332 1343 389 ANSELMI
1383 330 1731 388 CANTUAR.
1770 328 2086 385 ARClllEi’.
2124 326 2277 384 OPP.
2310 325 2486 379 PARS
2521 325 2585 381 ll.
2624 355 2695 367 —
2731 325 3099 380 PARAENET.
3139 323 3227 382 ET
3263 327 3506 385 ASCET.

3703 332 3838 389 1020

612 446 721 512 ﬁci,
764 462 820 497 ut
848 461 946 496 non
977 446 1026 495 in
1045 442 1308 511 judicium
1350 441 1610 494 incidatis.
1657 429 1909 510 Magister
1948 441 2177 495 etlicitur
2205 442 2255 498 Λ
2285 437 2455 493 fidelis
2486 439 2663 492 anima
2695 439 2749 492 in
2777 440 3047 494 voluntate
3071 455 3165 493 sua
3196 445 3411 509 pr0prio
3441 422 3697 511 appetitui
3732 463 3837 503 non

611 536 699 602 qui
729 535 807 597 sui
843 534 1068 587 rectoris
1103 533 1241 587 facta
1273 534 1562 587 indiscrete
1608 532 1969 600 reprehendit.
2017 531 2171 585 Unde

615 628 668 678 iu
691 625 951 693 judicium
984 624 1071 677 Dei
1114 624 1319 687 incidit,
1350 623 1474 693 quia
1507 622 1743 678 indebite
1776 622 1875 675 sibi
1917 622 2171 691 magistee

536 744 545 757 υ
619 715 755 767 tium
784 714 1093 782 usurpubit;
1128 713 1271 785 quod
1303 713 1456 765 valde
1486 720 1563 764 est
1591 711 1904 769 cavendum.
1944 712 2067 779 quia
2096 712 2175 764 ni-

611 804 714 858 mis
747 804 1072 857 horrendum
1102 812 1185 857 est
1215 802 1453 857 incidere
1490 801 1542 854 in
1572 801 1893 855 manus’Dei
1925 800 2169 856 viventis.

614 891 673 946 Si
710 907 835 946 vero
880 892 1023 946 facta
1071 892 1244 947 Patris
1284 891 1699 959 reprehensione
1749 893 1904 961 digna
1952 892 2170 959 fuerint,

613 962 806 1035 leniter
834 992 888 1035 et
918 983 1155 1036 modeste
1183 996 1301 1034 cum
1334 981 1632 1035 reverentia
1658 980 2001 1050 deprecetur.
2028 983 2173 1037 Scri-

609 1074 980 1141 ptum-quippe
1012 1082 1130 1126 est:
1165 1071 1431 1125 Seniorem
1482 1086 1545 1123 ne
1568 1071 1934 1139 increpaveris,
1971 1074 2059 1126 sed
2085 1076 2176 1128 ob-

612 1178 755 1216 secra
783 1174 835 1214 ut
864 1173 1083 1231 patrem.

1218 1251 1442 1313 CAPUT
1481 1251 1564 1307 ΙΙΙ.

820 1345 930 1400 -De
968 1347 1225 1400 munditia
1269 1347 1440 1399 cordis
1471 1344 1579 1400 Deo
1614 1347 1921 1400 exhibenda.
2070 1408 2073 1411 Α

680 1436 790 1489 Deo
818 1447 999 1491 autem
1039 1436 1355 1489 munditiam
1381 1432 1562 1489 cordis
1591 1436 1909 1490 servandam
1944 1450 2063 1491 esse
2094 1438 2172 1491 di-

612 1529 808 1581 ximus.
833 1528 945 1595 Ipse
971 1528 1112 1579 enim
1139 1526 1285 1593 solus
1307 1535 1576 1581 scrutator
1600 1535 1681 1579 est
1702 1526 1903 1589 cordis,
1927 1527 2016 1596 qui
2043 1542 2172 1582 con-

616 1617 754 1668 .litor
779 1620 859 1670 est
885 1615 1079 1668 mentis
1110 1623 1165 1668 et
1200 1613 1464 1682 corporis.
1496 1613 1667 1669 Homo
1698 1628 1793 1668 cor
1832 1614 2064 1669 hominis
2094 1616 2173 1668 vi-

558 1756 563 1760 .
610 1702 737 1757 dere
765 1716 869 1755 non
898 1710 1109 1771 potest;
1140 1702 1263 1769 quia
1288 1716 1445 1756 nemo
1470 1702 1612 1756 novit
1640 1717 1757 1770 quae
1785 1713 1909 1757 sunt
1938 1705 2169 1771 hominis

608 1793 708 1851 nisi
739 1769 959 1861 spiritus
1003 1793 1233 1847 hominis
1262 1795 1353 1862 qui
1386 1793 1436 1846 in
1483 1794 1600 1861 ipso
1642 1769 1746 1847 est.
1780 1794 1921 1849 Deus
1966 1769 2168 1861 autem,

607 1883 693 1935 cui
722 1883 862 1935 nulla
894 1893 1108 1951 peccata
1135 1884 1322 1947 latent,
1356 1900 1452 1944 cor
1472 1884 1704 1939 hominis
1732 1894 1785 1939 et
1818 1886 2169 1957 intentionem

605 1970 774 2026 libere
820 1972 983 2028 videt.
1038 1972 1189 2038 Quod
1237 1976 1327 2042 qui
1376 1973 1632 2027 mundum
1686 1974 1953 2038 habuerit.
2000 1965 2169 2031 Deum

607 2063 792 2117 videre
818 2065 1045 2132 poterit;
1080 2066 1168 2132 qui
1200 2080 1325 2119 vero
1349 2066 1602 2120 mundum
1632 2080 1735 2120 non
1761 2066 2028 2130 habuerit,
2056 2069 2173 2123 sine

609 2153 770 2207 dubio
802 2153 967 2225 Deum
1001 2153 1184 2207 videre
1222 2153 1368 2209 nullo
1400 2154 1557 2209 modo
1585 2156 1802 2231 poterit.
1840 2152 2069 2210 Necesse
2091 2166 2174 2211 est

605 2258 735 2313 ergo
763 2252 820 2297 ut
842 2243 1133 2313 puritatem
1165 2244 1345 2299 cordis
1377 2245 1573 2298 haheat
1600 2245 1844 2315 quisquis
1875 2247 2037 2299 Deum
2072 2246 2171 2300 ha-

604 2334 893 2389 bitatorem
932 2335 984 2387 in
1016 2348 1073 2389 se
1101 2334 1298 2389 habere
1336 2333 1606 2390 desiderat
1636 2352 1650 2390 :
1683 2351 1841 2406 quem
1872 2336 2048 2409 nullus
2076 2336 2173 2391 ha-

605 2423 739 2478 bere
764 2424 958 2494 quibit,
987 2424 1090 2479 nisi
1125 2440 1220 2480 cor
1241 2440 1398 2480 suum
1424 2440 1454 2479 a
1483 2434 1698 2481 terrena
1735 2428 2026 2497 cupiditate
2047 2442 2172 2483 eva-

605 2515 867 2578 cuaverit,
894 2523 949 2569 et
975 2530 1157 2570 amore
1182 2516 1384 2571 Christi
1409 2516 1584 2571 calere
1606 2516 1885 2572 studuerit.
1917 2518 1972 2573 ln
2005 2534 2172 2588 quan-

606 2609 719 2654 tum
767 2604 908 2657 enim
959 2605 1081 2671 quis
1132 2604 1386 2658 mundum
1442 2604 1710 2671 dilexerit,
1740 2606 1791 2660 in
1844 2616 2047 2662 tantum
2104 2608 2173 2663 ab

607 2705 793 2744 amore
822 2692 1026 2746 caelesti
1053 2706 1254 2747 vacuus
1283 2692 1407 2747 erit.
1436 2692 1501 2747 Et
1526 2702 1677 2749 tanto
1703 2695 1871 2763 magis
1898 2694 2169 2750 Christum

606 2780 837 2850 quisque
872 2781 1093 2844 deserit,
1131 2786 1333 2850 quanto
1373 2783 1546 2852 magis
1578 2785 1855 2853 peccando
1891 2799 1922 2838 a
1961 2784 2168 2853 justitia

609 2868 702 2922 Dei
738 2870 959 2923 recedit.
1008 2870 1146 2935 Quid
1192 2870 1333 2925 enim
1382 2871 1629 2939 cuiquam
1660 2873 1876 2941 prodest
1906 2873 2044 2940 quod
2078 2875 2172 2928 ba-

604 2960 876 3030 ptizatur,
901 2960 945 3015 si
978 2975 1082 3015 non
1101 2959 1465 3028 justiﬁcatur?
1488 2960 1735 3017 Profecto
1762 2961 1849 3019 ille
1875 2964 1965 3033 qui
1989 2963 2123 3018 dixit
2151 2980 2167 3021 :

607 3047 728 3104 Nisi
752 3050 868 3118 quis
892 3061 1100 3104 renatus
1126 3051 1280 3119 fuerit
1305 3066 1369 3104 ea:
1396 3067 1532 3121 aqua
1552 3061 1599 3105 et
1626 3046 1826 3120 Spiritu
1844 3064 2042 3121 sancto,
2068 3071 2169 3109 non

604 3137 823 3190 intrabit
860 3139 913 3191 in
945 3154 1156 3207 regnum
1191 3126 1452 3209 Deifipse
1472 3139 1632 3195 etiam
1656 3139 1791 3194 dixit
1817 3157 1832 3194 :
1862 3140 1983 3195 Nisi
2003 3143 2170 3197 abun-

604 3228 804 3282 daverit
820 3228 1033 3297 justitia
1063 3240 1231 3283 uestra
1256 3228 1533 3300 plusquam
1566 3227 1870 3285 Scribarum
1898 3243 1946 3285 et
1973 3230 2181 3287 Pltari-‘

607 3333 854 3382 atrorum,
891 3335 993 3372 non
1019 3319 1279 3374 intrabitis
1320 3323 1376 3375 in
1421 3337 1634 3391 regnum
1683 3323 1946 3379 cwlorum.
1992 3326 2170 3391 Quare

608 3407 775 3478 igitur
796 3408 948 3463 multi
975 3411 1211 3467 timendo
1242 3412 1368 3467 illud
1396 3413 1650 3469 festinant
1680 3415 1959 3485 baptizari,
1989 3428 2043 3473 et
2068 3422 2169 3475 hoc

606 3510 713 3550 non
738 3496 979 3553 timendo
1006 3500 1225 3555 minime
1247 3499 1572 3571 justiiicari?
1604 3503 1798 3573 Utique
1823 3506 1961 3561 Deus
1981 3509 2169 3563 obser-

605 3584 785 3638 vantia
813 3588 1187 3644 mandatorum
1225 3586 1442 3645 suorum
1474 3591 1588 3646 vult
1617 3592 1761 3653 illum
1782 3593 2086 3662 iustiﬁcari,
2115 3610 2170 3653 et

610 3688 669 3727 se
696 3674 880 3729 abillo
903 3678 1093 3741 amari,
1128 3680 1179 3733 in
1203 3680 1367 3735 corde
1401 3682 1555 3751 cujus
1582 3683 1693 3751 ipse
1732 3683 1953 3739 deberet
1986 3686 2170 3756 hospi-

608 3761 732 3814 tari.
750 3761 880 3816 Nam
902 3764 1041 3819 sicut
1062 3766 1183 3821 thus
1206 3769 1271 3823 ad
1295 3768 1543 3823 olendum
1574 3771 1707 3839 ignis
1725 3772 1870 3841 cupit
1895 3774 2164 3842 ardorem,

607 3848 679 3901 ita
707 3850 772 3902 ad
799 3850 1178 3920 hospitandum
1206 3855 1348 3911 Deus
1381 3854 1529 3925 cupit
1556 3859 1756 3913 amoris
1778 3848 2033 3914 calorem.
2064 3862 2165 3929 Qui

605 3951 735 4007 ergo
764 3938 929 3993 Deum
958 3942 1009 3995 in
1038 3957 1096 3998 se
1127 3934 1382 4012 hospitari
1413 3946 1703 4009 desiderat,
1735 3948 2072 4017 disciplinam
2098 3954 2164 4007 ab

608 4024 811 4082 illicitis
843 4028 1141 4085 abstinendi
1190 4034 1308 4087 sine
1337 4034 1553 4089 fictione
1581 4038 2163 4117 apprelteudat.‘Spiri-

522 4133 527 4139 ·
608 4122 694 4167 tus
723 4117 862 4169 enim
894 4117 984 4171 Dei
1009 4121 1544 4191 disciplinmeﬂ‘ugiet
1570 4123 1771 4189 fictum,
1798 4135 1851 4179 et
1877 4129 2165 4198 corripitur

609 4218 639 4256 a
686 4208 1094 4279 superveniente
1138 4210 1437 4278 iniquitate.
1490 4210 1604 4266 Non
1662 4214 1805 4268 enim
1854 4217 2163 4275 cohabitare

606 4305 831 4362 possunt
875 4296 1130 4366 iniquitas
1167 4308 1223 4352 et
1270 4300 1493 4368 spiritus
1522 4301 1635 4367 Dei,
1661 4304 1750 4372 qui
1793 4313 1847 4359 et
1873 4322 2025 4361 amor
2058 4319 2158 4363 est.

2240 531 2600 595 .consentiat,
2638 528 2753 596 ejus
2788 530 3197 599 permissionem
3238 548 3343 586 non
3388 535 3629 604 recipiat,
3675 538 3837 592 verba

2273 618 2413 674 illius
2439 630 2766 687 contemnat,
2811 621 2954 675 nulla
2999 621 3142 676 illius
3173 621 3537 679 blandimenta
3566 627 3833 683 admittat.

2274 709 2328 765 Si
2357 708 2457 765 hoc
2491 710 2697 775 fecerit,
2722 711 2951 765 amicam
2976 726 3227 780 sponsam
3256 713 3372 768 siue
3400 712 3748 789 ambiguitate
3775 736 3836 775 se

2274 799 2367 853 Dei
2392 800 2690 855 constituit.
2723 799 2779 855 Si
2808 816 2936 856 vero
2972 801 3172 857 illicitis
3207 804 3530 872 appetitibus
3554 823 3838 864 consense-

2272 889 2375 955 rit,
2410 905 2513 944 uon
2556 905 2774 960 Sponsa,
2808 891 2899 945 sed
2951 891 3192 947 adultera
3235 895 3532 949 vocabitur.
3583 896 3841 954 Voluntas

2272 999 2400 1053 ergo
2428 992 2609 1038 nostra
2639 984 2710 1037 sit
2738 983 2957 1048 munda,
2989 993 3048 1037 ut
3069 994 3290 1038 vocetur
3314 994 3369 1039 et
3392 986 3463 1039 sit
3498 986 3584 1041 Dei
3616 1002 3835 1056 sponsa,

2273 1072 2469 1127 nullius
2492 1073 2844 1127 immunditiis
2875 1081 3255 1141 corrumpatur
3285 1075 3513 1138 macula,
3544 1092 3610 1131 ne
3638 1076 3841 1133 cilicia-

2274 1174 2359 1216 tur
2398 1160 2655 1215 adultera.
2708 1161 2951 1228 Quandiu
2984 1161 3245 1216 voluntati
3278 1162 3371 1216 Dei
3419 1166 3708 1230 consentit,
3751 1172 3841 1221 est

2271 1252 2468 1306 munda
2491 1260 2545 1307 et
2568 1267 2795 1322 sponsa;
2823 1254 3039 1321 quando
3062 1262 3188 1307 vero
3219 1268 3247 1307 a
3281 1254 3555 1310 voluntate
3582 1254 3698 1324 ejus
3725 1254 3837 1310 dis-

2194 1354 2201 1357 ”
2272 1342 2458 1409 sentit,
2508 1341 2899 1412 corrumpitur,
2948 1342 3280 1407 maculatur,
3327 1343 3642 1400 fornicatur.
3689 1344 3841 1400 Solet

2271 1431 2584 1501 contingere
2636 1446 3016 1500 nonnunquam
3054 1440 3111 1486 ut
3160 1430 3354 1501 aliquis
3399 1432 3523 1487 dum
3560 1433 3839 1488 munditias

2271 1523 2452 1579 cordis
2493 1523 2720 1578 voluerit
2764 1523 3018 1588 studere,
3049 1523 3350 1579 immundos
3393 1534 3447 1579 et
3476 1525 3841 1582 exsecrabiles

2270 1612 2539 1681 cogitatus
2566 1625 2707 1680 szepe
2730 1609 2943 1673 habeat,
2976 1625 3111 1678 quos
3140 1612 3264 1681 quia
3294 1611 3515 1667 nimium
3548 1614 3701 1668 audit
3742 1629 3837 1668 se-

2271 1691 2565 1770 metipsum
2600 1701 2842 1775 eolquod
2892 1700 2997 1754 tale
3040 1701 3166 1770 quid
3195 1700 3293 1755 sibi
3321 1702 3373 1755 in
3402 1711 3632 1755 mentem
3663 1702 3837 1767 venit,

2273 1791 2511 1859 graviter
2544 1788 2905 1859 reprehendit,
2944 1788 3150 1857 iudicat
3177 1799 3231 1844 et
3257 1791 3578 1845 condemnat
3610 1810 3622 1844 :
3652 1794 3839 1861 sicque

2272 1893 2392 1935 sese
2432 1880 2771 1948 corripiendo
2812 1888 3006 1934 tractat
3031 1866 3233 1934 miser:
3265 1880 3374 1953 Ego
3403 1882 3526 1950 quid
3559 1882 3840 1952 cogitavi?

2273 1968 2409 2035 Quid
2437 1966 2571 2023 feci?
2599 1968 2736 2037 Quid
2772 1970 2950 2025 sensi?
2970 1970 3104 2043 proh
3128 1970 3303 2026 dolor!
3335 1972 3603 2043 quomodo
3624 1988 3652 2025 a
3685 1981 3839 2027 tanta

2273 2058 2630 2124 itnmunditia,
2666 2076 2693 2113 a
2726 2070 2833 2114 tam
2884 2038 3092 2131 nefai'io
3121 2038 3591 2142 cogitatui-potero
3632 2078 3838 2134 expuro

2271 2149 2421 2219 gari?
2448 2147 2635 2205 Timeo
2666 2150 2864 2218 celare,
2889 2150 3053 2215 timeo
3093 2145 3223 2206 illud
3249 2153 3507 2209 revelare.
3538 2152 3665 2208 Tale
3705 2154 3841 2222 quid

2272 2240 2383 2293 non'
2406 2239 2576 2294 solum
2608 2233 2712 2295 non
2741 2242 2941 2306 dicere,
2963 2241 3054 2295 sed
3084 2256 3183 2297 nec
3210 2244 3372 2297 etiam
3404 2245 3471 2299 ab
3510 2245 3689 2314 aliquo
3718 2245 3839 2299 νει.

2271 2329 2376 2383 lem
2400 2328 2608 2384 audire.
2655 2328 2901 2396 Qualiter
2930 2332 3090 2404 igitur
3120 2335 3278 2386 talem
3321 2320 3630 2401 spurcitiam
3658 2334 3842 2389 nomi-

2271 2420 2443 2476 nabo?
2491 2419 2582 2475 Sic
2611 2422 2751 2491 apud
2793 2436 2851 2476 se
2902 2423 3416 2492 dum.angustiatur,
3456 2425 3582 2479 dum
3634 2434 3843 2495 tractat

2272 2510 2413 2580 quod
2463 2510 2645 2565 videre
2694 2510 2885 2576 nollet,
2929 2511 3099 2579 magis
3150 2513 3424 2583 magisque
3469 2514 3841 2585 impugnatur,

2271 2600 2582 2665 tribulatur,
2623 2614 2722 2655 nec
2750 2600 3030 2656 liberatur.
3056 2601 3252 2656 Verum
3285 2618 3388 2656 non
3425 2603 3506 2659 sic
3537 2618 3596 2659 se
3618 2603 3839 2672 habeat,

2272 2691 2316 2745 si
2338 2686 2555 2746 liberari
2584 2691 2873 2751 desiderat.
2905 2692 3041 2759 Quid
3065 2707 3193 2769 ergo
3221 2693 3412 2749 faciet?
3435 2694 3669 2750 Intende.
3700 2693 3841 2752 Cum

2272 2784 2326 2839 id
2356 2782 2497 2851 quod
2531 2792 2844 2839 exsecratur
2871 2782 3074 2847 videre.
3116 2798 3238 2841 eum
3275 2784 3701 2855 impugnaverit,
3739 2786 3840 2841 ‘ni.

2272 2871 2545 2940 miumque
2570 2871 2931 2941 importunum
2970 2871 3163 2937 fuerit;
3208 2871 3487 2941 despiciat,
3516 2888 3629 2927 non.
3654 2882 3840 2928 auerso

2273 2963 2404 3027 dat,
2443 2974 2723 3015 assensum
2768 2975 2873 3022 non
2910 2961 3195 3030 prasheat,
3250 2962 3315 3015 ad
3360 2961 3502 3017 aliud
3546 2962 3841 3032 cogitatum

2272 3066 2425 3107 suum
2454 3059 2651 3118 vertat,
2680 3051 2837 3107 alicui
2871 3051 2949 3107 rei
2998 3050 3261 3107 facienda
3288 3051 3551 3117 intendat,
3576 3067 3682 3106 non
3716 3053 3841 3122 plus

2269 3148 2422 3197 curet
2441 3140 2486 3195 si
2517 3140 2706 3195 nolens
2734 3139 2862 3209 quid
2885 3140 3069 3207 sentit,
3103 3154 3261 3210 quam
3294 3141 3337 3195 si
3374 3141 3568 3214 papilio
3589 3143 3688 3197 sibi
3725 3158 3840 3214 pra
3938 3172 3941 3177 -

2266 3231 2437 3286 oculis
2473 3230 2681 3287 volitet.
2707 3229 2898 3286 Viator
2924 3231 3015 3300 qui
3042 3245 3073 3284 a
3116 3247 3251 3286 cane
3298 3230 3599 3301 infestatur,
3633 3230 3677 3286 si
3708 3231 3841 3287 sub.

2268 3321 2486 3385 stiterit,
2529 3331 2585 3375 et
2623 3335 2684 3376 se
2704 3319 2773 3375 ab
2800 3319 2918 3389 ejus
2961 3320 3366 3390 importunitate
3393 3302 3709 3384 defenderit,
3744 3336 3839 3377 ca-

2268 3424 2389 3463 nem
2426 3409 2877 3479 importuniorem‘
2920 3407 3065 3473 illico
3114 3408 3342 3473 sentiet;
3398 3409 3443 3462 si
3489 3418 3668 3462 autem
3714 3406 3837 3477 ejus

2267 3500 2490 3554 latratus
2517 3498 2798 3568 despiciat,
2832 3500 3026 3555 transit
3065 3506 3121 3553 et
3146 3513 3252 3553 non
3291 3496 3536 3571 attendit,
3567 3512 3689 3552 mox
3719 3512 3838 3553 om-

2267 3590 2351 3644 nis
2400 3589 2734 3659 itnpugnatio
2774 3589 2863 3644 illa
2911 3577 3105 3645 c'anina
3160 3576 3426 3657 quiescit,
3478 3576 3620 3643 unde
3652 3587 3837 3647 viator

2266 3676 2433 3753 libere
2462 3677 2675 3732 transit.
2700 3677 2791 3732 Sic
2814 3677 2903 3748 qui
2926 3662 3106 3733 cordis
3126 3670 3440 3731 munditiam
3478 3678 3677 3731 habere
3698 3692 3836 3732 con-

2269 3767 2456 3831 tendit,
2495 3782 2657 3822 vanos
2685 3776 2740 3822 et
2761 3767 3126 3823 infructuosos
3149 3758 3273 3822 sive
3296 3767 3599 3824 immundos
3628 3768 3838 3838 cogitaa

2267 3866 2353 3913 tus
2374 3858 2667 3927 despiciat,
2709 3874 2805 3915 cor
2831 3874 2987 3914 suum
3011 3866 3239 3921 avertat,
3268 3873 3481 3917 omnem
3511 3858 3839 3928 impugnans

2268 3948 2394 4001 tiam
2418 3948 2560 4001 illam
2591 3944 2750 4021 quam
2785 3949 2931 4004 intus
2960 3950 3159 4019 patitur
3187 3943 3283 4017 pro
3326 3947 3493 4006 nihilo
3519 3949 3695 4012 ducat,
3723 3964 3838 4007 non

2266 4038 2483 4095 reiteret
2510 4040 2780 4115 pensando
2805 4040 2944 4109 quod
2982 4040 3236 4109 cogitavit
3263 4058 3279 4097 :
3308 4041 3402 4094 sed
3424 4039 3635 4110 penitus
3655 4041 3836 4112 despi.

2265 4134 2371 4186 ciat
2404 4131 2659 4201 quidquid
2690 4131 2814 4185 mali
2844 4132 3023 4187 minus
3045 4140 3198 4187 caute
3229 4132 3553 4202 pensaverit.
3578 4130 3829 4192 Nondum

2264 4224 2407 4279 enim
2438 4218 2761 4297 damnantur
2805 4224 2895 4294 qui
2925 4232 3052 4277 sunt
3082 4224 3134 4277 in
3181 4223 3284 4277 fide
3313 4223 3521 4278 Domini
3551 4222 3697 4290 Jests,
3734 4225 3829 4295 qui

2266 4302 2557 4369 semiudum
2586 4330 2800 4369 carnem
2836 4331 2942 4370 non
2970 4316 3174 4369 vivunt.
3213 4312 3414 4368 Taliter
3438 4315 3481 4369 si
3512 4314 3826 4381 vixerimus,

607 4383 1102 4484 .Ubicnnque-amo-r
1131 4388 1223 4442 Dei
1249 4390 1565 4484 hospi-tatus
1604 4392 1786 4459 fuerit,
1808 4405 1883 4484 ‘et
1923 4397 1967 4451 is
1994 4398 2083 4468 qui
2112 4399 2161 4453 ei
2197 4431 2241 4484 Β
2266 4405 2425 4475 hujus
2478 4406 2553 4461 rei
2600 4406 2831 4462 studium
2860 4407 2903 4460 si
2932 4406 3297 4469 habuerimus,
3330 4380 3470 4459 tales
3498 4420 3595 4460 nos
3620 4380 3826 4462 'coram

606 4472 779 4528 locum
814 4477 1205 4553 praebueritnet
1247 4480 1297 4532 in
1332 4495 1389 4535 se
1417 4481 1590 4535 locum
1625 4477 1890 4553 iniquit'ati
1935 4489 2162 4556 dederit,

610 4564 791 4635 procul
820 4566 979 4621 dubio
1002 4568 1307 4636 corripitur,
1343 4578 1397 4623 et
1423 4573 1735 4640 propellitur
1762 4593 1915 4630 amor
1943 4578 2028 4632 vel
2056 4581 2163 4649 spi-

608 4654 744 4708 ritus
771 4655 861 4708 Dei
889 4672 915 4708 a
950 4658 1357 4725 superveniente
1386 4661 1683 4731 iniquitate,
1718 4681 1815 4720 nec
1864 4669 2162 4723 remanebit

608 4744 652 4798 si
686 4762 789 4798 non
836 4748 1199 4801 emendaverit
1248 4750 1312 4802 ad
1360 4752 1440 4806 sui
1487 4754 1709 4825 hospitis
1751 4758 2055 4813 utilitatem.
2096 4760 2161 4814 Et

611 4835 823 4903 quidem
851 4852 955 4889 non
980 4850 1363 4895 convertuntur
1390 4859 1541 4898 amor
1562 4846 1652 4899 Dei
1683 4858 1735 4902 et
1763 4848 2035 4913 iniquitas.
2061 4850 2159 4917 Qui

609 4944 736 4998 ergo
764 4931 968 4983 Domini
994 4932 1353 4991 habitaculum
1372 4938 1511 4994 efﬁci
1540 4941 1784 5007 voluerit,
1812 4944 1987 4997 cordis
2014 4960 2162 4998 mun-

615 5020 799 5071 ditiam
831 5029 1030 5082 teneat,
1064 5026 1295 5080 carnalia
1327 5029 1588 5083 desideria
1614 5032 1798 5099 procul
1830 5033 2066 5100 repellat,
2099 5049 2163 5088 ac

614 5106 749 5158 sicut
773 5108 964 5160 mulier
992 5122 1134 5163 casm
1167 5128 1357 5181 sponsa
1388 5116 1563 5171 fidelis
1587 5134 1707 5171 cum
1728 5119 1968 5173 adultero
2000 5120 2162 5175 collo-

609 5196 697 5261 qui
733 5197 972 5263 despicit,
1018 5202 1129 5269 ejus
1154 5216 1353 5260 secreta
1397 5208 1553 5262 verba
1578 5211 1889 5276 contemnit,
1915 5212 2045 5265 nihil
2070 5228 2162 5268 eo-

614 5298 726 5335 rum
773 5299 890 5352 qua:
924 5289 1189 5347 desiderat
1228 5296 1362 5349 clam
1412 5296 1491 5351 vel
1540 5308 1723 5367 aperte
1754 5310 2049 5357 eonsenttt'
2084 5302 2164 5357 sic

2274 4497 2380 4550 Deo
2406 4497 2450 4549 si
2475 4496 2891 4571 exitibuerimus,
2910 4496 3022 4565 ejus
3048 4494 3427 4564 habitaculum,
3446 4484 3562 4561 ejus
3590 4493 3827 4564 hospites

2268 4586 2402 4645 Cilici
2432 4586 2742 4655 poterimus.
2784 4584 2950 4652 Quem
2985 4588 3156 4639 donec
3184 4572 3408 4639 vivimus
3452 4585 3492 4639 si
3523 4584 3748 4655 diligere
3770 4594 3826 4644 et

2270 4680 2535 4733 honorare
2566 4688 2955 4749 satageremus;
3001 4678 3112 4748 ipse
3150 4677 3303 4731 nobis
3344 4676 3580 4747 quandiu
3626 4676 3825 4737 vixeri«

2267 4782 2406 4829 mus,
2436 4766 2601 4819 vicem
2638 4760 2937 4820 dilectionis
2983 4776 3037 4819 et
3084 4765 3503 4825 honorificentia
3549 4780 3659 4820 sure
3706 4766 3826 4823 sine

2268 4855 2430 4909 dubio
2456 4855 2727 4920 rependet.
2777 4854 2973 4910 Eadem
3006 4854 3198 4922 quippe
3236 4846 3483 4913 mensura
3522 4868 3625 4921 qua
3652 4853 3821 4909 mensi

2266 4945 2546 5010 fuerimus,
2577 4945 2888 4999 remetietur
2924 4946 3073 4999 nobis
3097 4960 3191 5012 per
3210 4958 3326 4996 eum
3352 4944 3440 5011 qui
3473 4958 3529 4997 se
3554 4943 3697 4997 dedit
3724 4958 3831 5012 pro.

2267 5038 2456 5101 nobis,
2497 5047 2552 5091 et
2596 5052 2623 5090 a
2666 5036 2920 5107 voragine
2958 5054 3061 5090 mo.
3080 5036 3145 5091 .is
3192 5035 3456 5098 liberavit,
3497 5034 3587 5105 qui
3632 5049 3729 5089 nos
3766 5034 3825 5094 in

2266 5138 2462 5183 aeterna
2484 5128 2653 5196 patria
2686 5128 3083 5185 immortalitate
3118 5124 3421 5193 coronabit;
3454 5126 3538 5194 cui
3570 5125 3741 5185 honor
3767 5131 3831 5191 et

2268 5221 2431 5291 gloria
2467 5220 2521 5273 in
2558 5218 2768 5274 smcula.
2797 5219 2985 5273 Amen.
3446 5204 3453 5215 τ

4076 32 4129 1793 1

4104 972 4113 1043 ἐ

4124 1796 4129 1823 i
