4200 6192
454 355 586 414 lost
1624 344 2037 413 resonans
2074 356 2464 415 ascsthus.
3300 364 3303 373 “
3518 361 3658 418 toea

458 512 3663 544 WWW

1269 632 1641 693 MONITUM
1685 632 1763 691 IN
1808 630 2271 693 OPUSCULUM
2315 632 2835 704 SUBSEQUENS.

1384 794 1556 864 (Apud
1582 796 1883 860 ACllEitlUlt,
1914 792 2179 865 Spicileg.,
2209 804 2336 849 tom.
2370 812 2545 868 .,pag.
2569 796 2714 861 με.)

520 1030 680 1107 Beato
708 1030 960 1107 snselmo
995 1032 1367 1107 Cantuariensi
1407 1036 1809 1107 archiepiscopp
1841 1036 2152 1107 Tractatum
2182 1037 2473 1107 asceticum
2516 1035 2732 1107 attribui
2766 1037 2944 1104 potius
2973 1052 3277 1107 con,eetura
3303 1054 3463 1107 quam
3506 1046 3661 1093 cci-ta

452 1100 866 1174 fide;_nint_i_rnm
909 1100 969 1174 in_
1000 1100 1370 1174 codicemms.
1404 1100 1631 1174 coenobii
1668 1100 1989 1174 S.'Ebrulii,
2028 1106 2175 1158 varia
2226 1105 2480 1174 ejusdem;
2513 1104 2568 1159 S.
2608 1100 2851 1159 Doctot'is
2893 1100 3143 1174 opuscula
3194 1100 3657 1171 complectentem,

445 1185 566 1241 eum
599 1169 924 1230 incidissem,
956 1170 1186 1224 insertus
1207 1171 1289 1225 his
1321 1172 1448 1241 ipsis
1471 1172 1754 1226 Tractatus
1780 1172 1866 1227 ille
1889 1174 2155 1228 asceticus
2176 1169 2433 1228 occurrit.
2454 1172 2604 1238 Quod
2628 1189 2755 1226 vero
2782 1169 3092 1241 opusculum
3120 1173 3257 1228 istud
3281 1169 3513 1229 A'nselmi
3539 1169 3660 1229 esse

445 1238 637 1318 dubius
663 1253 777 1318 ego
809 1253 1093 1318 .asserant,
1141 1240 1279 1318 cogit
1331 1240 1625 1295 Eadmcrus
1669 1240 1865 1318 in__ejus
1900 1244 2055 1318 Vita,
2098 1244 2241 1318 cogit
2276 1243 2407 1318 item
2445 1242 2729 1318 pecu-usis
2777 1238 3154 1318 chronologus,
3183 1245 3272 1312 qui
3313 1252 3661 1318 accurateac

446 1306 748 1379 minutatim
796 1306 1031 1361 Anselmi
1077 1306 1276 1379 scripta
1318 1320 1679 1370 recensentes,
1711 1306 1994 1365 Tractatns
2042 1306 2200 1378 hujus
2243 1312 2459 1366 ascetici
2501 1312 2792 1365 meminere
2838 1306 3269 1379 haudqu’aquain.
3312 1312 3508 1366 Deinde
3550 1315 3659 1365 An—

443 1376 594 1455 schn_i
627 1375 825 1455 stylum
865 1375 1211 1455 nonnspirat,
1242 1392 1338 1433 nec
1379 1380 1627 1455 g_enium._
1650 1378 1730 1432 Sit
1765 1395 1902 1455 vero
1926 1375 2190 1455 Anselmi,
2224 1395 2631 1455 necne,_partun
2665 1381 2847 1455 refert,
2885 1375 3313 1455 quandoquidem
3362 1382 3661 1455 eruditione

442 1458 505 1499 ac
531 1444 728 1517 pietate
751 1444 1112 1517 sitconditus,
1155 1454 1315 1517 atque
1357 1444 1421 1500 ad
1464 1450 1709 1509 asceticze
1740 1449 1860 1502 vita:
1889 1450 2283 1504 institutionem
2322 1444 2652 1517 aptissimus.
2684 1449 2791 1505 Nec
2831 1444 3007 1504 tamen
3046 1444 3488 1504 dissimulandum
3538 1466 3656 1503 esse

442 1509 575 1581 puto
593 1509 954 1587 ,u‘l‘ractatnm
985 1513 1130 1587 illum
1162 1509 1391 1569 maxima
1423 1525 1575 1586 parte
1597 1532 1627 1572 e
1655 1517 2038 1573 Collationibus
2063 1520 2285 1575 Patrum
2326 1509 2463 1586 apud
2486 1519 2801 1573 Cassianum
2830 1519 2992 1572 fuisse
3033 1519 3099 1572 ab
3130 1520 3355 1587 ipsomet
3383 1518 3652 1587 Ansehuo,

444 1595 540 1659 seu
570 1581 678 1633 alio
715 1582 947 1659 quolibet
990 1581 1249 1659 scriptore
1279 1581 1600 1659 mutuatum,
1648 1586 2018 1659 collectnmve,
2050 1581 2372 1659 quanquam
2396 1604 2499 1641 non
2533 1586 2823 1659 inliciarin
2854 1587 3106 1659 Anselmo
3148 1581 3236 1659 me
3288 1587 3536 1659 nonnulla
3583 1586 3655 1659 ie-

442 1650 586 1729 gisse
618 1664 736 1719 quae
771 1650 824 1705 in
865 1650 967 1708 boc
991 1650 1242 1708 Tractatu
1284 1650 1650 1725 reperiuntur,
1690 1657 1955 1726 praecipue
1998 1650 2118 1728 cap.
2149 1658 2183 1711 2
2212 1650 2470 1713 molarum
2513 1657 2915 1713 similitudinem
2956 1657 3126 1711 eidem
3172 1656 3315 1710 Patri
3354 1656 3658 1710 familiaris-

439 1731 653 1777 atmatn.

1714 1830 2315 1855 _—-—-——-

1271 1958 1927 2077 SANCTI
2005 1962 2809 2075 ANSELMI

1098 2174 2031 2319 TRACTATUS
2114 2189 3013 2319 ASCETICUS.

940 2402 1165 2461 CAPUT
1209 2402 1495 2458 PRIMUM.
2007 2400 2061 2459 Δ
2087 2398 2278 2453 lineam
2307 2440 2322 2461 ,
2359 2400 2655 2473 rectissime
2701 2396 3019 2470 dirigantur.
3050 2392 3200 2468 Qum.
3227 2403 3271 2457 si
3301 2403 3432 2474 'pra:
3479 2406 3652 2463 oculis

705 2491 780 2549 De
815 2493 1055 2548 monachi
1096 2492 1438 2547 destinatione
1471 2490 1550 2547 vel
1584 2492 1705 2559 ﬁne.

504 2577 702 2640 Omnes
750 2590 893 2636 artes
916 2593 982 2637 ac
1013 2578 1307 2649 disciplina:
1348 2596 1537 2649 scopon
1572 2578 1856 2647 quemdam
1877 2617 1892 2640 ,
1933 2576 1984 2640 id

434 2679 524 2728 est
563 2668 989 2737 destinationem,
1020 2679 1078 2724 et
1120 2670 1277 2733 telas,
1309 2668 1359 2724 id
1386 2677 1468 2724 est
1499 2668 1656 2723 linem
1687 2667 1984 2737 proprium,

434 2757 655 2815 habent.
701 2755 783 2812 Ad
827 2770 988 2828 quem
1035 2757 1328 2827 respiciens
1385 2756 1803 2826 uniuscujusque
1852 2754 1986 2819 artis

432 2845 725 2904 industrius
773 2847 1062 2917 appetitor,
1113 2855 1334 2903 cunctos
1379 2845 1592 2901 labores
1645 2853 1701 2900 et
1746 2843 1984 2913 pericula

435 2946 595 3005 atque
633 2937 914 3011 dispendia
941 2937 1311 3008 mquanimiter
1336 2936 1668 3005 libenterque
1697 2943 1981 2991 sustentat.

433 3025 569 3084 Nam
613 3034 668 3085 et
707 3026 936 3097 agricola
985 3041 1127 3083 nunc
1162 3028 1391 3081 torridos
1437 3027 1563 3081 solis
1612 3026 1810 3091 radios,
1844 3038 1984 3079 nunc

431 3118 654 3190 pruinas
696 3126 748 3174 et
796 3117 1017 3190 glaciem
1064 3132 1169 3173 non
1208 3117 1507 3179 declinans,
1543 3116 1827 3171 indomitas
1868 3114 1982 3185 agri

431 3209 615 3279 glebas
644 3208 905 3277 i'mquenti
927 3208 1124 3279 subigit
1150 3222 1384 3271 vomere,
1406 3206 1531 3260 dum
1558 3222 1752 3272 soopon
1779 3215 1978 3271 servat,

432 3304 490 3351 ut
511 3310 631 3352 mm
654 3294 862 3350 cunctis
887 3294 1124 3350 sentibus
1151 3303 1500 3365 eapurgatam
1522 3295 1821 3348 exercendo
1837 3309 1982 3349 com-

431 3385 662 3447 minuat;
695 3387 875 3451 linem,
904 3384 956 3439 id
982 3389 1070 3440 est
1082 3380 1477 3455 perceptionem
1503 3385 1841 3453 copiosarum
1871 3384 1982 3439 fru-

430 3490 553 3544 gum
570 3474 691 3531 inde
706 3474 1031 3545 adepturum
1048 3490 1110 3529 se
1128 3488 1249 3531 esse
1269 3474 1560 3530 conﬁdens.
1576 3476 1791 3531 Referta
1815 3476 1979 3528 etiam

430 3565 625 3621 horrea
662 3562 899 3635 frugibus
945 3565 1171 3621 libenter
1209 3568 1476 3630 exhaurit,
1518 3567 1785 3636 sulcisque
1829 3581 1980 3621 co.n-

430 3653 664 3722 mendat,
697 3666 1009 3723 presentem
1052 3653 1457 3709 ditninutionem
1502 3653 1799 3708 futurarum
1840 3668 1979 3707 mes-

2084 2491 2285 2545 nostris
2308 2489 2509 2560 iugiter
2532 2500 2729 2546 statuta
2759 2506 2861 2545 non
2887 2491 3068 2555 fuerit,
3098 2506 3202 2545 non
3231 2493 3402 2547 solum
3426 2506 3648 2549 cunctos

2083 2577 2295 2637 labores
2340 2590 2551 2639 nostros
2578 2581 2754 2634 varios
2794 2580 2998 2649 pariter
3031 2591 3191 2649 atque
3221 2580 3496 2635 instabiles
3525 2581 3651 2635 red-

2083 2668 2236 2737 dens,
2269 2671 2535 2726 incass'um
2562 2686 2655 2725 eos
2679 2686 2743 2726 ac
2771 2671 2887 2725 sine
2915 2672 3092 2725 fructu
3122 2673 3407 2742 compellet
3427 2671 3647 2739 eﬂ‘uudi,

2082 2758 2178 2817 sed
2206 2758 2367 2814 etiam
2395 2759 2747 2828 cogitationes
2783 2773 2971 2813 omnes
2988 2760 3238 2814 diversas
3281 2761 3491 2829 sibique
3514 2773 3647 2814 cou-

2085 2847 2281 2903 trarias
2322 2848 2627 2903 suscitabit.
2662 2846 2894 2902 Necesse
2933 2857 3014 2902 est
3061 2850 3201 2917 enim
3239 2860 3495 2915 mentem,
3539 2866 3649 2919 qtio

2084 2943 2330 2990 recurrat
2354 2936 2507 2990 cuive
2528 2935 2890 3004 principaliter
2913 2936 3170 2989 inhaereat
3197 2951 3301 2989 non
3332 2938 3641 2998 habentem,

2081 3040 2179 3093 per
2220 3027 2457 3098 singulas
2504 3027 2663 3080 horas
2706 3036 2866 3095 atque
2893 3036 3159 3080 momenta
3207 3043 3303 3095 pro
3333 3028 3643 3101 incursumu

2080 3115 2338 3169 varietate
2359 3115 2571 3176 mutari,
2605 3126 2767 3185 atque
2791 3131 2854 3169 ex
2882 3116 2965 3169 his
2991 3130 3109 3184 quae
3131 3118 3467 3169 extrinsecus
3497 3118 3643 3169 acci-

2078 3204 2230 3267 dunt,
2257 3205 2309 3258 in
2340 3204 2484 3258 illum
2526 3214 2722 3259 statum
2749 3205 3001 3259 continuo
3033 3205 3402 3259 transformari
3426 3207 3514 3273 qui
3544 3206 3643 3259 sibi

2079 3294 2284 3364 primus
2308 3296 2622 3348 occurrerit.
2648 3293 2782 3349 Hinc
2813 3310 3040 3362 namque
3062 3304 3144 3348 est
3163 3296 3304 3364 quod
3339 3295 3641 3358 nonnullos,

2079 3383 2260 3437 mundi
2292 3384 2449 3452 hujus
2481 3386 2741 3438 maximas
2772 3384 3053 3439 facultates
3078 3395 3501 3460 contemnentes,
3524 3396 3645 3452 post

2082 3470 2195 3525 bmc
2221 3472 2463 3526 videmus
2491 3488 2588 3541 pro
2629 3474 2854 3541 graphio
2879 3474 3097 3537 velacn
3145 3476 3491 3537 commoveri,
3530 3476 3642 3543 pri-

2080 3564 2278 3616 stinum
2309 3563 2516 3618 scilicet
2550 3564 2795 3618 aﬂ'ectttm
2823 3564 2875 3617 in
2912 3566 3070 3618 rebus
3110 3566 3347 3619 tuinimis
3370 3575 3641 3619 retentan-

2082 3660 2181 3705 tes.
2210 3651 2309 3717 Qui
2337 3652 2381 3706 si
2408 3654 2861 3721 contemptionem
2903 3656 3082 3710 mundi
3106 3658 3265 3710 corde
3296 3657 3455 3710 ﬁxam
3488 3667 3640 3711 tene-

431 3745 572 3800 slum
590 3742 1039 3813 contemplatione
1064 3758 1168 3800 non
1193 3744 1453 3799 sentiens.
1486 3744 1855 3813 Negotiatores
1876 3758 1977 3797 non
2012 3737 2055 3791 B
2082 3748 2219 3802 rent,
2250 3755 2518 3809 nunquam
2543 3741 2726 3811 utique
2763 3758 2860 3811 pro
2890 3734 3068 3811 parvis
3096 3747 3256 3799 rebus
3296 3746 3643 3799 admitterent

430 3835 664 3891 incertos
696 3832 864 3906 pelagi
896 3847 1081 3897 casus,
1124 3847 1223 3887 non
1264 3832 1373 3887 ulla
1401 3833 1705 3888 discrimina
1754 3833 1980 3902 perhor-

429 3930 675 3991 rescunt;
727 3922 921 3979 milites
962 3922 1445 3995 peregrinationum
1493 3924 1677 3995 exsilia
1712 3940 1776 3977 ac
1810 3922 1976 3977 bello—

426 4031 550 4076 rum
594 4014 824 4084 pericula
874 4029 979 4068 non
1007 4013 1263 4079 sentiunt,
1288 4015 1411 4068 dum
1442 4012 1511 4068 illi
1543 4014 1606 4067 ad
1638 4014 1793 4068 linem
1835 4029 1979 4083 qure-

428 4116 568 4168 stus,
592 4114 644 4160 et
668 4104 755 4161 isti
788 4106 853 4163 ad
898 4106 1231 4176 propositum
1257 4104 1359 4160 sibi
1401 4104 1654 4160 honorem
1674 4146 1689 4170 ,
1723 4120 1817 4173 spe
1846 4120 1979 4174 prae-

428 4195 536 4268 peti
568 4204 939 4265 provocamur.
981 4196 1053 4250 ita
1082 4210 1211 4265 ergo
1238 4204 1294 4249 et
1343 4196 1509 4250 nostri
1554 4196 1811 4265 propositi
1860 4196 1979 4250 linis

429 4284 663 4355 quidese,
710 4283 999 4341 secundum
1028 4282 1359 4353 Apostolnm,
1390 4285 1509 4360 aiter
1534 4294 1727 4337 artemo
1765 4296 1870 4349 est,
1905 4286 1977 4339 ita

428 4373 614 4430 eodem
667 4372 1044 4441 pronuntiante
1095 4390 1109 4425 :
1164 4371 1420 4427 Habentes
1490 4370 1695 4443 quidem
1751 4374 1978 4439 fructum

426 4471 644 4518 vestrum
668 4463 719 4516 is
741 4464 1215 4532 sanctiﬁcationan,
1239 4462 1391 4529 ﬁnem
1412 4479 1528 4516 vero
1549 4463 1702 4515 vitam
1734 4474 1978 4516 wternam

427 4551 605 4618 (Rom.
633 4565 700 4613 γι,
728 4551 836 4620 εξ).
867 4550 1065 4621 Scapoa
1087 4566 1215 4609 vero
1250 4562 1329 4606 est
1364 4554 1566 4621 pnritas
1592 4554 1785 4616 cordis,
1817 4569 1976 4621 quam

427 4638 886 4705 sanctiﬁcationrm
924 4656 1023 4693 non
1052 4640 1318 4696 immerito
1344 4642 1689 4708 nuncupavit,
1719 4642 1834 4694 sine
1874 4657 1977 4709 qua

428 4733 713 4800 praedictus
746 4732 866 4788 linis
893 4747 997 4786 non
1030 4732 1222 4800 praesit
1258 4734 1601 4800 apprehendi.
1627 4734 1701 4786 Ac
1742 4733 1785 4785 si
1816 4733 1977 4787 dixis-

429 4832 511 4875 set
547 4821 668 4875 aliis
698 4824 872 4877 verbis
906 4840 919 4873 :
955 4820 1217 4877 llalientcs
1257 4822 1472 4889 quidem
1512 4836 1709 4890 scopon
1743 4834 1974 4877 vestrum

430 4912 483 4964 in
534 4913 766 4979 puritate
814 4912 1012 4975 mrdis,
1043 4910 1196 4965 linem
1228 4926 1373 4975 vero,
1414 4912 1465 4965 id
1515 4920 1597 4967 est
1630 4913 1777 4975 tt-los,
1814 4912 1975 4966 vitam

428 5012 702 5056 mtcraam.
754 5001 1017 5068 Quidquid
1060 5018 1187 5071 ergo
1220 5017 1316 5056 nos
1361 5003 1423 5056 ad
1464 5004 1600 5055 hunc
1640 5020 1871 5069 senpnn,
1926 5006 1976 5057 id

2080 3828 2242 3896 quod,
2278 3844 2345 3881 ne
2392 3843 2487 3895 pro
2538 3831 2746 3899 magnis
2796 3830 3132 3897 incurrerent
3182 3832 3394 3902 Opibus,
3424 3833 3639 3887 easdem

2079 3913 2291 3985 penitus
2315 3914 2547 3982 abjicere
2589 3919 2909 3974 maluerunt.

2150 4006 2247 4062 ilic
2276 4024 2404 4079 ergo
2445 4009 2601 4063 nobis
2626 4010 2936 4079 principalis
2962 4012 3117 4066 debet
3145 4027 3263 4066 esse
3293 4022 3548 4076 conatus,
3581 4024 3642 4067 ut

2080 4097 2275 4153 divinis
2307 4101 2463 4154 rebus
2490 4114 2554 4153 ac
2595 4099 2701 4153 Deo
2729 4114 2878 4153 mens
2925 4086 3137 4170 semper?
3168 4101 3443 4166 inharreat,
3475 4103 3643 4155 forni-

2080 4190 2345 4244 cationem
2366 4189 2616 4259 judicans
2645 4188 2726 4243 vel
2756 4198 3181 4263 momentancum
3217 4208 3245 4243 a
3290 4190 3487 4244 Christi
3511 4207 3640 4244 con-

2081 4278 2420 4347 templatione
2472 4280 2787 4334 discessum.
2842 4278 3032 4331 Totum
3084 4295 3313 4348 namque
3354 4280 3404 4333 in
3446 4282 3641 4335 anima:

2079 4367 2322 4420 consistit
2350 4383 2593 4433 recessu;
2628 4368 2768 4421 unde
2809 4367 3029 4436 expulso
3059 4368 3291 4433 diabolo,
3333 4386 3396 4424 ac
3442 4387 3639 4439 nequa.

2078 4471 2240 4525 quam
2291 4458 2343 4511 in
2378 4474 2438 4512 ea
2482 4458 2593 4526 jam
2632 4459 2975 4528 regnantibus
3021 4460 3195 4523 iliis,
3246 4470 3637 4529 consequenter

2080 4561 2299 4614 regnum
2344 4546 2433 4600 Dei
2466 4547 2718 4600 fundatur
2740 4549 2790 4601 itt
2824 4548 2994 4612 nobis,
3019 4548 3231 4603 dicente
3260 4550 3586 4617 evangelista

2080 4636 2312 4705 Regnum
2342 4636 2434 4690 Dei
2458 4638 2597 4689 intra
2640 4654 2723 4689 ros
2752 4648 2826 4691 est
2853 4636 3003 4707 (Luc.
3044 4653 3184 4700 xvtt,
3211 4638 3321 4708 ΞΩ).
3355 4639 3499 4690 intra
3540 4653 3639 4692 nos

2083 4743 2205 4782 vero
2231 4727 2356 4781 nihil
2388 4728 2528 4782 aliud
2564 4737 2739 4796 potest
2763 4743 2882 4781 esse
2909 4744 3068 4797 quam
3101 4730 3329 4783 scientia
3354 4738 3445 4782 aut
3489 4730 3635 4797 igno-

2080 4818 2218 4871 ratio
2246 4818 2506 4881 veritatis,
2539 4827 2592 4870 et
2629 4818 2709 4871 vel
2751 4817 2995 4871 vitiorum
3048 4818 3284 4872 amicitia
3331 4819 3410 4871 vel
3462 4820 3636 4871 virtu-

2081 4919 2215 4971 tum,
2246 4926 2340 4977 per
2374 4926 2528 4977 quam
2551 4920 2643 4963 aut
2671 4910 2881 4963 diabolo
2908 4916 2999 4963 aut
3034 4909 3246 4964 Christo
3275 4925 3636 4978 praeparamns

2082 5016 2298 5068 regnum
2355 5002 2404 5052 in
2462 5003 2639 5055 corde.
2698 4988 3071 5067 Cujns‘etiam
3125 5003 3268 5071 regni
3320 5002 3631 5067 qualitatem

426 5103 508 5147 est
546 5094 828 5159 puritatem
865 5092 1074 5156 cordis,
1125 5100 1297 5160 potest
1329 5092 1598 5159 dirigere,
1641 5103 1745 5147 tota
1785 5094 1975 5149 virtute
2003 5067 2047 5126 C
2080 5090 2333 5143 describit
2372 5092 2679 5157 Apostolus,
2707 5091 2775 5141 ita
2823 5089 3006 5143 dicens
3044 5108 3056 5141 :
3098 5089 3216 5143 Non
3254 5100 3323 5142 est
3377 5092 3510 5141 enim
3558 5107 3638 5139 re-

427 5182 737 5235 sectandttut
760 5190 859 5237 est.
894 5180 997 5235 Pro
1025 5182 1125 5236 hac
1147 5182 1284 5234 enim
1316 5183 1557 5235 universa
1586 5185 1789 5251 agimus
1819 5193 1976 5252 atque

428 5270 750 5335 toleramus;
810 5287 906 5339 pro
952 5271 1050 5326 bac
1100 5282 1369 5340 parentes,
1400 5274 1567 5338 patria
1596 5312 1611 5335 ,
1662 5274 1971 5343 dignitates,

428 5357 643 5417 divitis.
681 5368 738 5413 et
772 5362 1014 5429 voluptas
1064 5362 1307 5418 universa
1350 5365 1735 5429 contemnitur,
1781 5376 1838 5419 ut
1876 5368 1983 5447 sci;

428 5449 550 5500 licet
581 5451 785 5516 puritas
820 5453 1000 5506 cordis
1029 5462 1275 5523 perpetua
1310 5464 1618 5509 reteutctnr.
1670 5455 1779 5509 llac
1818 5458 1977 5524 igitur

429 5538 579 5591 nobis
602 5541 951 5596 destinatione
977 5543 1261 5612 proposita,
1293 5559 1500 5613 semper
1536 5556 1685 5599 actus
1726 5546 1892 5600 nostri
1923 5555 1975 5600 et

431 5628 776 5695 cogitationes
824 5633 886 5687 ad
918 5648 1036 5688 eam
1074 5632 1433 5698 obtinendam,
1480 5635 1617 5689 velut
1666 5638 1731 5689 ad
1776 5645 1980 5693 certant

2076 5188 2231 5247 gmtm
2263 5179 2354 5230 Dei
2381 5196 2494 5231 esca
2526 5191 2570 5231 et
2598 5190 2783 5247 polus;
2813 5180 2902 5231 sed
2922 5179 3152 5247 justitia,
3185 5189 3233 5231 et
3262 5196 3383 5246 par,
3417 5190 3463 5230 et
3502 5196 3633 5245 gau-

2078 5270 2220 5321 dium
2254 5270 2314 5323 in.
2356 5268 2553 5335 Spiritu
2595 5279 2772 5321 sancto
2822 5269 3000 5331 (Rom.
3049 5284 3159 5331 xw,
3196 5270 3297 5337 i7).
3337 5269 3409 5322 De
3456 5268 3633 5336 aliquo

2082 5374 2309 5424 namque
2343 5359 2538 5410 dicitur
2576 5376 2589 5409 :
2634 5358 2861 5410 Mundus
2905 5359 2999 5410 iste
3034 5359 3274 5425 gaudebit
3305 5358 3482 5424 (Joan.
3520 5374 3630 5423 xvr,

2076 5446 2195 5517 20);
2224 5458 2277 5501 et
2306 5465 2319 5500 :
2352 5448 2441 5500 Vw
2478 5448 2614 5499 vobis
2644 5448 2729 5514 qui
2761 5448 2934 5500 ridetis
2958 5488 2971 5511 ,
2999 5450 3119 5516 quia
3143 5448 3409 5514 plorabitis
3432 5448 3628 5517 (ibid.).

2080 5540 2259 5609 itaque
2290 5540 2331 5592 si
2363 5556 2578 5608 regnum
2607 5540 2693 5590 Ilei
2722 5539 2857 5591 intra
2884 5554 2985 5592 nos
3005 5548 3175 5600 est,et
3206 5553 3374 5605 Ipsum
3408 5553 3626 5607 regnum

2081 5632 2171 5686 Dei
2203 5630 2426 5697 justitia,
2456 5640 2505 5682 et
2558 5644 2680 5699 pax,
2718 5640 2767 5681 ct
2819 5628 3066 5696 gaudium
3102 5637 3211 5689 est,
3258 5642 3383 5698 ergo
3432 5626 3519 5694 qui
3571 5627 3627 5687 in
