4200 6182
926 100 953 131 {‘-

570 286 711 343 Η)ὶὸ

889 289 948 342 S.
988 288 1283 346 ANSELMI
1319 290 1668 349 CANTHAR.
1707 280 2005 349 ARCHIEP
2066 291 2217 349 OPP.
2249 292 2428 350 PARS
2457 294 2518 350 ll.
2554 326 2622 337 —
2659 294 3028 353 PARzENET.
3072 298 3160 353 ET
3195 297 3439 359 ASCET.

3681 304 3816 363 1024

572 398 693 455 istis
717 410 1107 463 commoratur,
1140 401 1263 455 sine
1285 401 1449 457 dubio
1477 404 1529 455 in
1555 418 1718 469 regno
1752 403 1843 458 Dei
1878 412 1982 458 est.
2020 403 2086 458 Et
2115 417 2145 457 e
2175 403 2221 461 Α
2247 405 2555 473 spirituales
2585 407 2639 462 in
2678 409 2765 464 bis
2811 424 2933 477 qua:
2978 410 3219 466 meditati
3258 428 3445 469 sumus
3476 426 3709 474 mentem
3740 421 3816 476 fa-

569 497 759 544 contra
781 488 871 557 qui
900 489 954 542 in
986 489 1265 557 injustitia,
1291 492 1558 548 discordia
1582 502 1634 546 et
1665 494 1880 548 tristitia
1917 504 2144 549 mortem

566 587 827 647 operante
862 589 1171 649 versantur,
1207 583 1259 635 in
1290 598 1453 652 regno
1481 583 1704 648 diaboli,
1740 595 1795 638 et
1832 585 1885 639 in
1936 586 2145 641 inferno

568 683 632 724 ac
656 678 827 724 morte
856 680 983 725 sunt
1003 675 1314 739 constituti;
1356 676 1409 728 in
1437 689 1544 744 quo
1566 677 1657 745 qui
1691 676 1873 733 fuerit.
1907 692 2004 732 nec
2031 678 2148 731 lau-

567 761 701 817 dare
728 760 896 816 Deum
936 772 1119 833 potest
1165 771 1458 820 secundum
1505 762 1790 837 Propheta:
1819 768 2143 821 sententiam

567 852 798 908 dicentis
825 868 840 907 :
875 852 1001 909 Non
1041 856 1231 908 mortui
1260 855 1550 911 laudabunt
1577 867 1645 924 te,
1676 857 1895 911 Domine
1921 899 1937 922 ,
1982 874 2143 928 neque

565 959 744 998 omnes
770 947 861 1016 qui
891 947 1206 1001 descendunt
1249 950 1303 1002 in
1334 950 1592 1017 infernum
1620 948 1791 1020 (Psal.
1822 967 1988 1018 exul,
2031 954 2142 1023 l7),

564 1049 635 1089 ne
663 1030 837 1091 dubio
858 1037 1082 1107 peccati.
1119 1036 1223 1093 Sed
1254 1056 1369 1103 nos,
1402 1039 1595 1107 inquit,
1637 1041 1729 1109 qui
1758 1042 2006 1108 virinms‘,
2036 1058 2141 1097 non

562 1129 715 1185 vitiis
752 1131 979 1197 scilicet,
1032 1148 1133 1187 nec
1179 1133 1378 1188 mundo
1406 1133 1567 1198 buic,
1592 1134 1685 1189 sed
1722 1135 1862 1197 Deo,
1888 1136 2145 1192 benedici—

562 1237 680 1274 mus
712 1222 990 1277 Dominum
1021 1242 1088 1279 ea:
1110 1226 1206 1279 hoc
1233 1240 1370 1279 nunc
1395 1235 1444 1279 et
1468 1243 1630 1297 usque
1650 1230 1704 1283 in
1727 1229 2144 1284 steeulumJVon

562 1311 708 1366 enim
734 1322 811 1368 est
840 1316 895 1368 in
936 1327 1099 1370 morte
1130 1316 1221 1385 qui
1253 1333 1451 1371 memor
1478 1321 1543 1373 sit
1576 1319 1689 1373 Dei.
1717 1319 1785 1376 In
1812 1299 2019 1391 inferno
2047 1340 2144 1393 au-

561 1412 665 1458 tem
715 1406 835 1475 quis
885 1408 1213 1469 conﬁtebitur
1256 1408 1521 1465 Domino?
1571 1411 1759 1481 (ibid.,
1811 1412 1912 1482 66)
1950 1413 2003 1469 id
2060 1423 2142 1468 est

560 1509 744 1551 nemo.
787 1495 969 1551 Nullus
996 1500 1187 1564 enim,"
1207 1501 1422 1555 tametsi
1456 1502 1650 1558 millies
1674 1504 2027 1573 semetipsum
2057 1507 2140 1561 vel

560 1583 926 1641 Christianum
956 1588 1079 1643 esse
1127 1590 1447 1658 profiteatur
1473 1593 1556 1649 vel
1605 1596 1928 1651 monachum
1951 1637 1966 1661 ,
2016 1612 2140 1652 eum

560 1685 771 1748 peccat,
818 1680 1109 1736 confitetur
1160 1682 1299 1750 Deo;
1351 1698 1454 1740 nec
1502 1700 1719 1740 servum
1762 1702 1822 1741 se
1873 1688 2140 1744 veraciter

561 1767 704 1823 illius
742 1770 1045 1837 proﬁtetur,
1089 1771 1241 1841 cujus
1290 1783 1559 1845 praecepta
1587 1778 1893 1833 contumaci
1921 1778 2139 1833 temeri-

558 1864 672 1911 tate
725 1858 1047 1913 contemnit.
1092 1860 1339 1933 ltegnum
1377 1878 1508 1919 sane
1557 1864 1817 1921 caelorum
1859 1866 2139 1937 tripliciter

558 1947 928 2017 accipiendum
974 1959 1056 2005 est
1089 1968 1102 2005 :
1130 1962 1222 2007 aut
1248 1954 1395 2024 quod
1426 1956 1701 2024 regnsturi
1742 1957 1855 2012 sint
1904 1957 2052 2023 coeli,
2085 1958 2137 2013 id

556 2038 865 2117 éstsancti,
890 2044 943 2097 in
992 2045 1115 2100 aliis
1161 2044 1408 2111 subditis,
1445 2048 1741 2103 secundum
1789 2035 1966 2103 illudi
2011 2048 2137 2103 Esto

556 2140 615 2185 tu
637 2148 794 2202 super
818 2137 1047 2205 quinque
1083 2138 1349 2203 civitates,
1386 2148 1436 2193 et
1467 2150 1524 2192 tu
1564 2157 1721 2209 super
1766 2143 1941 2195 decem
1982 2140 2133 2208 (Luc.

556 2235 679 2283 six,
711 2223 836 2291 l9);
861 2224 1095 2296 illudque
1126 2227 1266 2297 quod
1295 2228 1493 2283 dicitur
1517 2229 1587 2285 ad
1611 2229 1902 2300 discipulos
1928 2248 1941 2282 :
1979 2228 2139 2284 Sede-

556 2313 678 2367 bitis
711 2330 857 2382 super
905 2318 1051 2371 sedes
1088 2318 1386 2385 duodecim,
1403 2320 1706 2388 judicantes
1736 2320 2010 2375 duodecim
2038 2307 2136 2373 tri-

556 2401 651 2456 bus
688 2401 863 2457 Israel
884 2403 1099 2474 (Matth.
1132 2423 1249 2468 xu.
1279 2400 1409 2479 28).;
1447 2417 1543 2463 aut
1584 2412 1729 2479 quod
1770 2410 1871 2479 ipsi
1903 2409 2021 2464 εαξιᾶ
2055 2409 2138 2462 in-

554 2494 762 2564 cipiant
802 2512 832 2550 a
862 2495 1080 2552 Christo
1115 2499 1351 2569 regnari,
1384 2515 1507 2555 cum
1557 2501 1765 2557 scilicet
1814 2502 2061 2558 omnibus
2085 2502 2134 2559 ei

555 2583 833 2653 subjectis,
863 2588 1089 2655 cmperit
1109 2602 1230 2645 esse
1256 2592 1437 2645 omnia
1469 2592 1523 2645 in
1554 2592 1805 2648 omnibus
1836 2593 1975 2648 Deus
2007 2613 2020 2648 :
2052 2594 2133 2651 vel

553 2686 703 2729 certe
727 2678 869 2743 quod
901 2678 1074 2733 sancti
1098 2660 1157 2732 in
1199 2679 1352 2734 cells
1397 2680 1507 2735 sint
1531 2695 1652 2734 cum
1685 2682 1914 2736 Domino
1940 2696 2133 2752 regna-

556 2764 685 2820 turi.
729 2765 1089 2832 Quamobrem
1135 2769 1189 2824 in
1237 2771 1341 2825 hoc
1390 2785 1618 2841 corpore
1655 2772 1979 2827 constitutus
2021 2772 2134 2840 jam

555 2857 769 2911 noverit
813 2859 1181 2930 unusquisque
1232 2860 1305 2914 illi
1349 2876 1410 2916 se
1456 2863 1661 2933 regioni
1696 2862 1778 2917 vel
1831 2864 2134 2919 ministerio

553 2949 944 3020 deputandum,
988 2952 1141 3021 cujus
1172 2956 1223 3010 in
1272 2956 1376 3012 bac
1405 2956 1515 3011 vita
1564 2958 1882 3028 participem
1932 2970 2132 3015 semet»

2248 497 2393 549 ciant
2446 497 2740 553 immorari.
2798 500 2893 555 Sin
2924 515 3053 557 vero
3100 503 3302 558 desidia
3348 521 3445 561 seu
3493 508 3813 579 negligentia

2246 588 2504 655 superati,
2530 588 2676 642 vitiis
2704 598 2758 643 et
2789 591 2979 645 otiosis
3025 592 3549 652 confabulationibus
3578 614 3815 669 occupe-

2247 693 2387 742 nmr,
2410 694 2515 755 seu
2551 681 2697 735 curis
2726 674 3015 736 mundanis
3043 692 3099 739 et
3126 686 3411 755 superﬂuis
3439 689 3816 746 sollicitudini-

2246 769 2344 823 bus
2366 770 2725 839 implicemur,
2761 783 3155 843 consequenter
3185 778 3381 832 exinde
3406 781 3549 835 velut
3570 782 3815 852 quaedam

2244 861 2574 916 zizaniorum
2621 864 2831 933 species
2876 875 3133 936 generata
3179 870 3548 938 operationem
3605 889 3819 946 quoque

2244 961 2431 1006 nostro
2458 954 2606 1007 cordi
2636 954 2855 1009 noxiam
2886 956 3245 1024 ministrabit,
3276 970 3332 1012 et
3372 961 3667 1015 secundum
3695 978 3820 1018 sen-

2245 1042 2465 1097 tentiam
2496 1044 2701 1097 Domini
2726 1043 3045 1110 Salvatoris,
3078 1047 3167 1101 ubi
3189 1048 3349 1115 fuerit
3371 1052 3648 1106 thesaurus
3686 1068 3821 1124 ope-

2244 1146 2362 1184 rum
2390 1141 2445 1186 et
2474 1131 2789 1186 intentionis
2838 1142 3041 1188 nostra!
3062 1174 3079 1199 ,
3131 1135 3205 1189 ibi
3250 1145 3297 1191 et
3339 1155 3429 1191 cor
3456 1151 3690 1196 nostrum
3720 1156 3818 1196 ne-

2244 1221 2482 1275 cessario
2510 1221 2849 1292 permanebit
2876 1222 3092 1291 (Matth.
3123 1225 3339 1296 v1,,2l).

2316 1312 2443 1368 Illud
2472 1330 2603 1370 sane
2630 1329 2741 1385 pra:
2773 1315 3025 1368 omnibus
3054 1329 3213 1370 nosse
3242 1317 3499 1373 debemus
3542 1320 3643 1373 tria
3671 1322 3818 1391 cogi-

2244 1404 2505 1458 tationum
2536 1412 2985 1460 nostrarum'esse
3011 1404 3297 1475 principia,
3326 1406 3379 1461 id
3407 1415 3491 1463 est
3510 1423 3574 1464 ex
3604 1410 3817 1477 Deme:

2242 1492 2477 1557 diabolo,
2495 1503 2551 1548 et
2571 1508 2638 1548 ex
2662 1491 2837 1547 nobis.
2875 1492 2955 1547 Ex
2990 1493 3100 1547 Deo
3127 1494 3342 1563 quidem
3368 1504 3517 1566 sunt,
3539 1513 3661 1553 cum
3694 1497 3817 1569 Spi-

2241 1584 2379 1641 ritus
2399 1587 2572 1644 sancti
2605 1586 2892 1642 illustratio
2922 1600 3021 1641 nos
3051 1586 3274 1641 visitare
3303 1583 3819 1662 dignatur,-erigens

2241 1693 2342 1733 nos
2365 1679 2433 1733 ad
2458 1679 2829 1733 sublimiorem
2854 1680 3175 1749 profectum,
3202 1689 3257 1734 et
3286 1683 3337 1734 in
3373 1681 3678 1750 quibusve!
3710 1682 3818 1736 mi-

2240 1784 2343 1823 nus
2364 1768 2751 1837 acquisivimus
2774 1770 2857 1826 θυι
2889 1770 3161 1845 desidiose
3200 1779 3418 1843 agentes
3441 1774 3681 1844 superati
3714 1788 3815 1827 su-

2194 1859 2207 1865 “
2239 1873 2359 1913 mus
2388 1858 2741 1914 saluberrima
2778 1863 3195 1929 compunctione
3243 1861 3507 1932 castigat;
3553 1872 3638 1918 vet
3676 1877 3811 1916 cum

2193 1980 2197 1984 λ
2239 1961 2446 2009 reserat
2490 1953 2643 2008 nobis
2688 1952 2933 2009 coelestia
2979 1963 3344 2020 sacramenta,
3380 1964 3435 2010 et
3478 1954 3816 2025 propositum

2239 2055 2481 2117 nostrum
2506 2043 2573 2098 ad
2602 2041 2853 2099 meliores
2880 2047 3032 2105 actus
3053 2044 3487 2115 voluntatemque
3510 2048 3815 2109 convertit;

2236 2146 2297 2191 ut
2324 2136 2425 2204 ibi,
2455 2151 2579 2192 cum
2610 2151 2703 2190 rex
2737 2137 3033 2200 Assuerus,
3073 2136 3371 2206 castigatus
3400 2152 3430 2190 a
3460 2136 3719 2201 Domino,
3745 2136 3818 2191 li-

2237 2229 2365 2285 bros
2394 2229 2613 2284 annales
2635 2228 2926 2298 instigatur
2947 2228 3243 2298 inquirere,
3267 2229 3464 2298 quibus
3487 2226 3814 2293 Mardoebzei

2235 2316 2496 2372 beneﬁcia
2559 2317 2914 2381 recordatur,
2966 2317 3161 2371 summi
3199 2332 3323 2371 eum
3368 2315 3538 2387 gradu
3588 2316 3815 2372 honoris

2236 2408 2460 2471 exultat,
2493 2423 2557 2464 ac
2599 2410 2844 2480 protinus
2887 2408 3317 2463 crudelissimam
3363 2422 3526 2477 super
3553 2421 3685 2461 nece
3712 2405 3817 2461 Ju-

2236 2501 2363 2555 daue
2404 2499 2579 2571 gentis
2624 2499 2950 2555 sententiam
2997 2507 3238 2553 revocat.
3292 2497 3369 2551 Ex
3421 2497 3816 2581 diabolovero

2236 2590 2619 2660 cogitationum
2652 2588 2892 2644 nascitur
2944 2587 3137 2651 series,
3169 2603 3291 2643 cum
3338 2588 3658 2643 subvertere
3708 2602 3819 2644 nos

2236 2689 2345 2735 tam
2378 2682 2645 2736 ~vitiorum
2701 2680 3068 2735 obluctatione
3138 2694 3299 2748 quam
3354 2671 3544 2734 etiam'
3580 2676 3819 2735 occultis

2230 2780 2461 2826 canatur
2504 2770 2745 2833 insidiis,
2790 2768 3137 2825 subtilissima
3172 2768 3465 2824 calliditate
3517 2768 3657 2823 mala
3708 2784 3816 2839 pro

2233 2862 2389 2917 bonis
2426 2860 2795 2916 fraudulenter
2819 2860 3119 2925 ostentans,
3147 2867 3203 2915 et
3228 2858 3623 2928 transﬁgurans
3664 2874 3725 2916 se
3749 2859 3815 2915 in

2237 2952 2485 3025 angelum
2511 2952 2669 3006 lucis.
2695 2950 2792 3006 Vel
2824 2965 2944 3004 cum
2976 2944 3306 3020 evangelista
3357 2948 3527 3029 refert
3560 2966 3574 3002 :
3609 2947 3676 3002 Et
3706 2965 3817 3003 ee-

554 3038 730 3109 ipsum
785 3041 1155 3115 cultoremque
1211 3046 1527 3119 praebuerit,
1574 3048 1825 3119 illiusque
1872 3053 2130 3108 se'etiam
2158 3076 2200 3134 α
2238 3062 2309 3099 na
2347 3044 2512 3113 facta,
2543 3060 2667 3104 cum
2698 3042 2938 3096 diabolus
2961 3042 3079 3134 jam
3106 3044 3327 3096 misisset
3357 3042 3413 3134 in
3448 3030 3605 3096 corde
3633 3040 3816 3134 Simo-

478 3156 479 3159 η
554 3130 610 3183 in
667 3129 754 3184 illo
803 3132 1025 3199 perenni
1093 3134 1289 3190 sarculo
1346 3148 1651 3194 consortem
1712 3140 1953 3197 futurum
2008 3158 2127 3201 esse

551 3235 659 3276 non
698 3221 976 3292 ambigat,
1023 3224 1108 3278 cui
1157 3242 1300 3282 nunc
1349 3229 1659 3285 ministrum
1704 3247 1766 3288 se
1816 3235 2129 3304 sociumque

464 3322 467 3327 '
552 3311 802 3367 maluerit
844 3315 1139 3382 exhibere,
1203 3319 1496 3373 secumlnm
1544 3322 1866 3387 sententiam
1917 3325 2126 3380 Domini

550 3402 780 3455 dicentis
813 3419 823 3451 :
852 3400 911 3455 Si
954 3404 1071 3471 quis
1107 3405 1243 3457 mihi
1282 3408 1580 3472 ministrat,
1631 3427 1711 3463 me
1764 3424 2038 3481 sequatur;
2078 3425 2127 3469 et

549 3490 642 3544 ubi
679 3508 795 3544 sum
831 3510 940 3563 ego,
982 3495 1090 3549 illic
1121 3508 1169 3550 et
1202 3499 1439 3553 minister
1474 3516 1619 3555 meus
1656 3503 1752 3555 erit
1784 3502 1973 3573 (Joan.
2006 3521 2083 3560 xu
2107 3546 2124 3572 ,

548 3581 671 3651 26).
1626 3584 1631 3588 ‘

1192 3680 1418 3738 CAPUT
1449 3682 1513 3737 ll.

1118 3770 1191 3825 De
1230 3774 1563 3841 cogitatione.

625 3854 853 3911 Mentem
905 3860 1125 3925 quidem
1177 3876 1282 3914 non
1334 3860 1662 3933 interpellari
1711 3867 2126 3937 cogitationibus

552 3944 883 4013 inpossibile
912 3956 1013 4012 est,
1061 3949 1336 4018 suscipere
1373 3966 1503 4006 vero
1534 3966 1626 4008 eas
1676 3955 1790 4009 sive
1833 3973 2122 4029 respuere,

550 4036 693 4089 muni
726 4026 965 4091 studénti
1020 4053 1116 4107 pes
1141 4040 1369 4107 gratiam
1416 4040 1510 4096 Dei
1556 4045 1811 4112 possibile
1836 4058 1936 4102 est.
1972 4026 2124 4114 Quod

548 4128 881 4181 cxercitium‘
909 4132 1093 4183 cordis
1122 4145 1225 4183 non
1257 4131 1557 4201 incongrue
1590 4136 1850 4192 molarum
1874 4139 2125 4197 similitu-

549 4218 659 4271 dini
712 4232 1093 4286 comparatur,
1140 4235 1287 4289 quas.
1324 4233 1531 4277 meatus
1579 4241 1838 4294 aquarum
1886 4244 2125 4301 prmeeps

550 4313 750 4381 impetu
799 4322 1007 4365 rotante
1064 4311 1342 4381 provolvit.
1372 4312 1499 4379 Quae
1553 4315 1856 4373 nullatenus
1907 4319 2121 4389 quidem

2232 3145 2310 3202 nis
2341 3136 2646 3195 lscariatltis
2675 3144 2731 3188 ut
2758 3134 2986 3188 traderet
3033 3132 3315 3187 Dominum
3349 3130 3531 3204 (Joan.
3566 3147 3683 3197 xm,
3710 3131 3810 3203 2);

2229 3247 2284 3291 et
2309 3234 2502 3288 iterum
2540 3211 2564 3281 ’τ
2608 3225 2733 3281 Post
2758 3225 3066 3289 buccellam,
3116 3224 3307 3295 inquit,
3342 3234 3465 3278 tunc
3494 3224 3721 3280 introivit
3749 3224 3815 3282 in

2228 3326 2381 3379 illum
2424 3321 2654 3377 Satanas
2688 3316 2882 3389 (ibid.).
2932 3316 3124 3391 Petrus
3152 3331 3364 3386 quoque
3403 3316 3468 3371 ad
3516 3315 3811 3371 Ananiam.

2230 3416 2423 3482 Quare,
2456 3412 2551 3477 ait,
2582 3409 2811 3464 Satanas
2837 3410 3053 3463 tentavit
3077 3424 3166 3460 cor
3188 3418 3339 3461 tuum
3364 3408 3571 3461 mentiri
3598 3416 3648 3460 te
3674 3405 3812 3476 Spi-

2228 3506 2354 3560 ritui
2380 3502 2600 3557 sancto?
2633 3500 2772 3571 (Act.
2816 3514 2870 3562 v,
2919 3499 2998 3569 3.)
3026 3499 3091 3554 Et
3122 3498 3376 3553 Salomon
3405 3516 3417 3551 :
3457 3496 3516 3552 Si
3569 3495 3813 3566 Spiritus

2225 3603 2525 3663 potestatem
2552 3590 2745 3645 habens
2767 3590 3056 3643 ascenderit
3096 3605 3249 3657 super
3273 3598 3341 3650 te,
3369 3587 3540 3641 locum
3566 3597 3713 3641 tuum
3738 3602 3813 3641 ne

2228 3686 2460 3739 dimittas
2503 3681 2702 3752 (Eccle.
2749 3696 2805 3745 ι,
2844 3680 2920 3747 ι).
2970 3681 3045 3733 Ex
3107 3679 3264 3735 nobis
3315 3690 3492 3735 autem
3530 3678 3807 3749 oriuntur,

2218 3792 2347 3833 cum
2388 3789 2574 3829 eorum
2602 3787 2719 3841 qua:
2750 3772 2985 3840 gerimus
3016 3770 3097 3825 vel
3124 3772 3409 3840 gessimus,
3454 3771 3535 3827 vel
3586 3771 3808 3826 audivi-

2224 3882 2367 3929 mus,
2399 3863 2715 3919 naturaliter
2742 3862 3116 3926 recdrdamur;
3150 3862 3215 3914 de
3241 3860 3437 3929 quibus
3472 3862 3659 3917 beatus
3694 3861 3810 3915 Da~

2227 3960 2353 4013 vid:
2388 3955 2643 4025 Cogitavi,
2688 3952 2884 4019 inquit.
2916 3953 3027 4006 dies
3057 3952 3319 4021 antiquos,
3368 3961 3416 4004 et
3450 3967 3616 4005 annos
3645 3962 3809 4005 teter-

2228 4064 2320 4102 nos
2350 4048 2405 4101 in
2426 4054 2597 4098 mente
2624 4046 2803 4099 habui.
2838 4042 2905 4097 Et
2938 4042 3218 4095 meditatus
3274 4058 3390 4096 sum
3447 4052 3593 4093 nocte
3646 4042 3811 4094 corde

2224 4155 2363 4204 meo,
2413 4149 2460 4193 et
2507 4138 2835 4192 exercitabar
2876 4144 2925 4189 et
2977 4133 3285 4188 ventilabam
3339 4134 3578 4201 spiritum
3626 4147 3808 4187 meum

2226 4228 2397 4301 (Psal.
2427 4245 2612 4294 Lxxvt,
2649 4228 2703 4297 ϐ)
2729 4245 2744 4293 ;
2778 4235 2829 4282 et
2861 4227 3055 4281 iterum
3086 4242 3100 4283 ξ
3134 4224 3380 4277 Dominus
3408 4224 3501 4277 scit
3528 4224 3808 4293 cogitatio-

2226 4338 2313 4377 nes
2334 4322 2625 4388 hominum,
2650 4320 2896 4391 quoniam
2920 4334 3068 4371 vana:
3116 4324 3234 4369 sunt
3267 4314 3439 4379 (Psal.
3473 4328 3629 4378 nm,
3686 4314 3800 4381 ll).

546 4418 762 4457 cessare
791 4412 1017 4472 possunt
1044 4402 1110 4455 ab
1142 4418 1315 4472 ppere
1346 4420 1464 4469 suo,
1512 4420 1773 4475 aquarum
1806 4409 2121 4479 impulsibus
2155 4409 2199 4467 υ
2225 4412 2290 4466 Et
2317 4430 2329 4465 :
2360 4410 2712 4482 Cogitationes
2750 4412 3022 4480 justorum
3060 4407 3269 4477 judicia
3322 4403 3503 4475 (Prov.
3555 4420 3654 4471 xu,
3682 4406 3801 4477 15).

548 4494 910 4549 circumacta}.
959 4494 1011 4546 In
1052 4493 1166 4561 ejus
1207 4511 1335 4549 vero
1364 4498 1455 4565 qui
1488 4508 1681 4567 pI‘IBESl
1715 4501 1873 4555 situm
1909 4512 1992 4557 est
2029 4520 2123 4573 po-

519 4590 745 4641 ,testate
798 4593 1103 4635 utrumnam
1153 4585 1387 4639 triticum
1423 4586 1573 4641 malit
1616 4605 1682 4642 an
1715 4591 1996 4656 hordeum,
2029 4594 2123 4647 .lo-

549 4670 745 4725 limnve
790 4672 1100 4725 comminui.
1158 4674 1284 4727 Illud
1334 4678 1545 4745 quippe'
1570 4692 1652 4733 est
1692 4681 2121 4736 commolcndnm

548 4764 689 4833 quod
724 4764 986 4832 ingestum
1019 4765 1085 4817 ab
1133 4766 1222 4819 illo
1254 4765 1530 4823 fuerit‘cui
1578 4771 1757 4838 operis
1807 4772 1949 4826 illius
1990 4787 2119 4827 cura

547 4856 837 4911 commissa
888 4865 987 4908 est.
1018 4854 1090 4909 lta
1125 4857 1289 4926 igitur
1320 4859 1482 4913 etiam
1515 4877 1666 4916 tuens
1690 4877 1785 4931 per
1818 4864 1937 4918 vita:
1980 4880 2119 4935 prte-

548 4948 716 5003 sentis
762 4947 1007 5001 incursus
1053 4951 1289 5020 undique
1335 4950 1711 5022 ingruentibus
1767 4957 2118 5010 tcnlationum

550 5038 876 5091 torrentibus
904 5039 1248 5104 circumacta,
1279 5058 1444 5096 vacua
1484 5046 1697 5113 quidem
1732 5048 2116 5116 cogitationum

546 5128 766 5182 azstibus
795 5142 912 5180 esse
940 5144 1045 5183 non
1074 5134 1296 5199 poterit;
1334 5134 1521 5201 quales
1554 5150 1679 5188 vero
1711 5135 1789 5189 vel
1825 5136 2115 5190 admittere

539 5217 628 5271 vel
676 5231 866 5284 parare
919 5219 1018 5273 sibi
1080 5220 1292 5284 debeat,
1343 5224 1504 5276 studii
1552 5226 1630 5277 sui
1684 5212 1981 5292 providebit
2034 5228 2115 5279 in-

546 5306 770 5360 dustria.
806 5306 862 5361 Si
911 5311 1049 5363 enim
1079 5312 1144 5365 ad
1190 5323 1499 5367 sanctarum
1546 5313 1951 5383 Scripturarum
2002 5333 2115 5371 me-

546 5397 858 5452 ditationem
901 5400 1097 5470 jugiter
1129 5420 1503 5465 recurramus,
1559 5421 1623 5460 ac
1658 5409 1972 5459 memoriam
2021 5423 2117 5461 no-

544 5500 715 5542 stram
743 5492 807 5543 ad
838 5494 1266 5548 recordatiOncm
1307 5496 1668 5564 spiritualium
1710 5511 1913 5558 rerum,
1938 5506 1990 5551 et
2025 5499 2116 5550 dc-

545 5581 802 5635 sidcrium
832 5585 1196 5651 perfeCIionis.
1230 5602 1487 5654 spemque
1523 5588 1713 5640 lutum:
1765 5589 2112 5642 beatitudinis

546 5671 831 5741 erigamus,
873 5690 1087 5730 necesse
1122 5689 1202 5731 est
1257 5685 1310 5728 ut
1353 5687 1482 5731 orla:
1532 5680 1884 5749 cogitationes
1922 5683 2109 5735 exinde

2224 4503 2372 4557 Hanc
2397 4519 2523 4571 ergo
2553 4503 2872 4571 tripertitam
2932 4499 3192 4553 rationem
3224 4505 3437 4566 oportet
3468 4511 3563 4550 nos
3595 4496 3804 4566 jugiter

2222 4594 2532 4657 observare;
2588 4602 2643 4647 et
2704 4592 2981 4646 universas
3039 4588 3391 4659 cogitationes
3453 4602 3571 4654 qua:
3619 4601 3802 4641 emer~

2223 4695 2351 4754 gunt
2380 4686 2429 4738 in
2454 4685 2615 4739 corde
2668 4694 2852 4737 nostro
2904 4682 3083 4749 sagaci
3133 4679 3458 4733 discretione
3504 4678 3801 4746 discutere,

2222 4774 2455 4841 origines
2476 4790 2659 4827 earum
2690 4771 2771 4827 vel
2818 4787 3011 4826 causas
3046 4779 3401 4835 auctoresque
3437 4766 3687 4836 primitus
3714 4768 3800 4822 in-

2224 4864 2501 4931 dagantes,
2527 4874 2582 4918 ut
2609 4864 2798 4934 quales
2844 4879 2941 4917 nos
2971 4864 3050 4916 eis
3098 4861 3334 4931 prteberc
3380 4860 3688 4923 debeamus,
3726 4876 3798 4915 ex

2224 4956 2430 5009 illorum
2474 4956 2667 5010 merito
2694 4956 2781 5025 qui
2812 4970 2905 5008 eas
2937 4946 3252 5023 suggerunt,
3289 4950 3633 5003 considerare
3670 4966 3797 5020 pos-

2222 5050 2407 5114 simus,
2440 5066 2504 5102 ne
2541 5065 2643 5116 qua
2669 5048 2807 5101 forte
2835 5044 3208 5100 intellectualis
3238 5042 3434 5095 ibidem
3487 5041 3678 5120 besti‘a,
3708 5042 3797 5098 vel

2222 5140 2325 5201 leo,
2357 5140 2434 5193 vel
2466 5140 2629 5193 draco
2662 5139 3048 5207 pertransiens,
3087 5134 3385 5205 perniciosa
3444 5133 3667 5201 vestigia
3715 5133 3794 5187 la-

2224 5243 2395 5285 tenter
2421 5232 2772 5299 impresserit,
2804 5231 2998 5299 quibus
3035 5244 3284 5282 accessus
3306 5226 3465 5278 etiam
3497 5223 3708 5277 caeteris
3735 5224 3789 5277 in

2221 5324 2396 5376 abdita
2450 5324 2685 5392 pectoris
2716 5323 2880 5375 nostri
2939 5337 3031 5389 per
3089 5321 3469 5389 cogitationum
3519 5313 3793 5383 negligen-

2223 5413 2346 5463 tiam
2381 5413 2698 5479 prtrbeatur.
2740 5411 2802 5462 Et
2848 5410 2917 5461 ita
2953 5424 3046 5476 per
3111 5408 3348 5475 singulas
3405 5410 3566 5461 horas
3621 5413 3793 5472 atque

2221 5510 2485 5553 ntonmntn
2520 5510 2712 5551 terram
2739 5498 2915 5552 cordis
2941 5498 3105 5550 nostri
3129 5496 3434 5565 evangelico
3455 5493 3789 5573 aratrotltoc

2219 5591 2435 5657 cstjugi
2492 5590 2782 5642 Dominic.e
2838 5590 3015 5643 crucis
3073 5588 3443 5641 recordatione
3491 5584 3784 5647 sulcantes,

2220 5682 2299 5733 \‘t'l
2334 5681 2607 5733 noxiarum
2634 5697 2697 5733 ex
2723 5681 2874 5734 nobis
2916 5680 3147 5734 ferarum
3179 5676 3392 5743 cubilia,
3425 5676 3505 5730 vel
3552 5672 3785 5730 virulen-

3768 5992 3769 5995 η
3894 5984 3901 5995 s

3788 6030 3791 6047 ε
4022 6024 4045 6043 ῗ’“
