4200 6216
381 215 552 273 ,4025

1604 204 2017 261 ΤΠΆΟΤΔΤΠΞ
2055 204 2458 261 ASCETICUS.

3518 205 3653 261 1020

380 350 385 356 ·
412 343 588 387 torum
617 331 947 395 serpentium
974 322 1333 377 exterminare
1383 320 1598 373 latibula
1658 319 1971 387 poterimus.
2004 330 2050 385 Α
2080 318 2307 388 quisque
2338 318 2499 372 fuerit
2529 318 2916 382 communitus,
2947 320 3013 374 ab
3043 321 3275 375 hostium
3302 335 3514 393 semper
3535 323 3654 378 telis

408 421 579 490 Hujus
603 431 731 486 ergo
759 414 1011 484 perfectte
1035 413 1235 468 mentis
1269 413 1434 482 ﬁgura
1481 426 1579 481 per
1630 410 1777 463 illum
1811 424 1975 464 evan—

410 512 635 583 gelicum
660 505 1023 560 centurionem
1056 503 1416 572 pulcherrime
1456 500 1784 571 designatur.
1812 500 1975 568 Cujus

410 600 583 655 virtus
614 602 781 664 atque
832 595 1156 657 constantia,
1212 608 1317 661 qua
1369 605 1475 644 non
1526 591 1853 659 quibuslibet
1898 590 1977 643 in-

408 688 722 763 gruentibus
758 684 1172 752 cogitationibus
1198 683 1587 763 abducebatur,
1627 682 1720 736 sed
1750 698 1850 752 pro
1876 696 1976 735 suo

403 760 607 849 judicio
638 775 717 829 vel
740 775 1056 830 admittebat
1083 776 1271 838 bonas,
1299 774 1382 829 vel
1416 760 1719 828 codtrarias
1771 764 2017 840 absque"

412 866 521 922 ulla
542 864 855 923 diﬁicultate
885 862 1138 930 pellebat,
1189 864 1293 917 hac
1344 864 1549 932 tropica
1588 862 1977 933 signiﬁcatione

410 956 681 1027 descripta
712 938 839 1015 est:
871 956 1011 1009 Nam
1044 966 1089 1008 et
1129 972 1221 1025 ego
1258 956 1412 1008 homo
1442 972 1557 1009 sum
1603 954 1695 1008 sub
1730 965 1977 1022 potestate

407 1043 602 1101 habens
624 1045 719 1099 sub
742 1060 823 1099 me
851 1042 1057 1106 milites,
1076 1053 1123 1097 et
1149 1042 1264 1097 dico
1282 1044 1403 1096 huic
1423 1060 1443 1096 :
1478 1041 1636 1108 Vade,
1661 1054 1706 1096 et
1735 1044 1873 1096 radit
1894 1059 1912 1107 ;
1930 1052 1977 1095 et

408 1133 516 1189 alio
540 1132 723 1199 :Veni,
754 1144 801 1188 et
824 1136 956 1189 venit
976 1152 993 1196 ;
1013 1144 1059 1187 et
1088 1150 1233 1187 servo
1268 1149 1378 1186 meo
1408 1149 1425 1186 :
1450 1131 1561 1185 Fac
1592 1136 1709 1196 hoc,
1753 1142 1801 1185 et
1849 1132 1976 1201 facit

410 1222 626 1295 (lauit.
654 1240 771 1289 vm,
796 1224 856 1290 9;
905 1224 1034 1278 Luc.
1064 1240 1159 1287 vn,
1194 1225 1270 1294 8).
1316 1223 1372 1277 Si
1411 1224 1574 1292 igitur
1621 1238 1718 1277 nos
1766 1238 1979 1292 quoque

409 1313 639 1369 viriliter
663 1316 921 1370 adversus
948 1316 1380 1385 perturbationes
1405 1323 1458 1367 et
1482 1314 1608 1367 vitia
1636 1315 1974 1379 dimicantes,

406 1406 742 1477 potuerimus
790 1421 853 1459 ea
884 1406 1071 1463 ditioni
1103 1416 1299 1461 nostrae
1345 1404 1765 1474 discretioniquc
1813 1404 1980 1474 subji-

410 1511 559 1569 cere,
599 1497 684 1551 vel
738 1497 1041 1552 instabilem
1096 1497 1480 1567 cogitationum
1534 1505 1838 1550 nostrarum
1889 1512 1982 1550 co-

408 1585 621 1642 hortem
651 1586 877 1641 rationis
930 1587 1156 1656 imperio
1201 1584 1510 1655 subjugare,
1564 1586 1630 1639 ad
1685 1585 1980 1656 spiritualis

2078 423 2143 462 ac
2168 406 2511 476 populatione
2540 406 2812 472 defensus,
2837 422 2942 462 nou
2968 419 3024 462 ut
3048 410 3294 478 captivus
3316 425 3379 466 ac
3409 412 3653 466 subditus

2079 500 2143 552 ad
2188 499 2433 553 hostilem
2485 498 2870 567 cogitationum
2936 508 3162 565 terram,
3230 502 3652 571 deptmdautium

2078 590 2402 644 constrictus
2430 589 2658 644 vinculis
2688 590 3003 656 abducetur,
3036 606 3136 646 nec
3186 593 3367 647 audiet
3397 610 3492 662 per
3526 610 3654 666 pro-

2078 681 2350 750 phetam:
2404 680 2580 743 Quare
2639 682 2958 734 inveteratus
3020 699 3073 734 es
3135 686 3187 737 in
3250 694 3389 738 terra
3442 684 3655 739 aliena?

2079 772 2310 841 (Boruch
2360 758 2445 838 ιιι,
2473 773 2584 843 il.)
2613 772 2717 828 Sed
2749 766 3001 843 tanquam
3054 774 3413 843 triumphator
3460 775 3511 827 in
3566 775 3653 828 illa

2077 877 2180 930 qua
2210 863 2439 915 voluerit
2461 863 2851 932 cogitationum
2883 863 3100 932 regione
3124 859 3404 917 corisistet.
3442 863 3533 920 Vis
3562 880 3657 916 au-

2080 961 2187 1005 tem
2216 952 2387 1020 ipsum
2414 953 2577 1007 robur
2605 968 2668 1030 ac
2706 951 3073 1006 fortitudinem
3107 952 3443 1006 centurionis
3469 942 3653 1021 hujus,
3751 1016 3757 1021 _

2043 1106 2047 1115 t
2078 1045 2273 1112 quibus
2311 1044 2424 1098 lucc
2447 1058 2595 1097 arma
2622 1060 2741 1113 qua:
2762 1042 3109 1112 praediximus
3138 1060 3242 1097 non
3289 1044 3529 1119 carnalia
3559 1044 3654 1097 sed

2079 1133 2313 1201 potentia
2349 1132 2458 1186 Deo
2479 1142 2671 1202 gestet,
2703 1133 3034 1203 agnoscere?
3061 1134 3199 1187 Audi
3249 1136 3423 1203 ipsum
3454 1133 3655 1203 Regem

2079 1224 2225 1278 viros
2254 1222 2420 1277 fortes
2450 1224 2515 1278 ad
2544 1223 2878 1292 spiritualetn
2912 1224 3159 1276 militiam
3210 1234 3656 1294 congregantem,

2079 1327 2186 1381 quo
2208 1325 2300 1365 eos
2328 1310 2565 1365 delectos
2587 1313 2761 1380 signet
2784 1326 2847 1364 ac
2876 1312 3065 1380 probet
3090 1328 3104 1365 :
3158 1310 3431 1379 Infirmus,
3458 1313 3657 1381 inquit,

2078 1404 2220 1457 dicat
2246 1419 2263 1456 :
2290 1402 2425 1468 Quia
2450 1403 2638 1471 fortior
2656 1419 2769 1455 sum
2790 1419 2881 1472 ego
2914 1401 3073 1472 (Joel.
3102 1419 3186 1468 ιιι,
3216 1404 3335 1474 l0);
3363 1415 3418 1459 et
3444 1406 3533 1473 qui
3566 1420 3660 1473 pa-

2081 1492 2219 1545 tiens
2241 1500 2347 1555 cst,
2398 1491 2469 1545 sit
2497 1499 2791 1559 pugnator.
2826 1490 3036 1545 Videtis
3078 1506 3208 1561 ergo
3253 1492 3391 1546 bella
3447 1490 3659 1545 Domini

2080 1583 2307 1652 pra-liari
2337 1598 2440 1636 non
2464 1598 2630 1663 posse
2665 1582 2765 1636 nisi
2821 1586 3088 1650 patientes
3144 1583 3497 1651 iuﬁrmosque
3523 1600 3538 1646 ;
3566 1583 3657 1636 illa

409 1674 569 1746 hujus
612 1678 944 1732 centurionis
992 1677 1233 1731 ordinem
1279 1678 1661 1747 provehemur,
1706 1693 1867 1745 quem
1921 1677 1975 1732 in
2008 1671 2052 1729 B
2080 1672 2263 1741 procul
2323 1672 2485 1726 dubio
2534 1672 2851 1726 inﬁrmitate
2891 1688 2993 1740 qua
3034 1671 3291 1726 fundatus
3346 1672 3435 1726 ille
3477 1682 3659 1726 noster

408 1764 596 1821 Exodo
640 1782 853 1835 quoque
895 1783 991 1836 per
1033 1762 1527 1843 Moysen’legimus
1580 1768 1914 1839 designatum
1957 1786 1972 1821 :

411 1855 675 1910 Constitue
704 1857 797 1909 tibi
824 1857 1161 1921 chiliarchas,
1189 1868 1236 1911 et
1258 1859 1603 1923 centuriones,
1644 1870 1692 1913 et
1724 1860 1975 1930 quinqua-

314 1968 317 1971 ·
408 1945 667 2015 μιαν-ἰοί,
709 1955 758 1999 et
784 1944 1007 2002 decanos
1041 1948 1236 2020 (Exod.
1290 1963 1444 2011 xvm,
1473 1947 1587 2018 21).
1642 1949 1710 2007 Et
1765 1950 1835 2002 ita
1882 1964 1980 2003 nos

408 2050 622 2104 quoque
664 2038 821 2107 hujus
846 2039 1121 2108 dignitatis
1145 2041 1294 2109 apice
1325 2039 1619 2107 sublimati,
1661 2040 2008 2095 habebimus’

410 2124 550 2183 hanc
582 2128 878 2198 imperandi
932 2126 1271 2198 potestatem,
1306 2140 1365 2185 ut
1410 2128 1566 2183 malis
1602 2130 1815 2198 quidem
1856 2145 1981 2200 8ης-
2014 2158 2019 2163 -

380 2218 744 2288 gestionibus
776 2220 1385 2289 prtecipiamuszAbite,
1417 2228 1472 2273 et
1523 2212 1771 2285 abibunt;
1826 2221 1981 2275 bonis

410 2319 542 2362 vero
573 2323 589 2361 :
619 2306 825 2373 Venite,
866 2318 921 2362 et
947 2310 1181 2364 venient.
1213 2307 1381 2363 Servo
1404 2323 1619 2379 quoque
1675 2317 1884 2370 nostro.
1929 2307 1982 2363 id

412 2406 494 2453 est
516 2400 755 2465 corpori,
777 2414 841 2453 ea
869 2414 988 2469 qua:
1016 2394 1284 2453 castitatis
1312 2399 1393 2452 vel
1436 2398 1780 2454 continentia:
1832 2406 1979 2464 sunt,

412 2486 665 2542 similiter
691 2488 1052 2559 injungemus,
1076 2498 1129 2543 et
1155 2488 1272 2543 sine
1298 2487 1401 2541 ulla
1443 2486 1870 2543 contradictione
1891 2482 1985 2543 de?-

411 2576 629 2642 serviet,
663 2594 767 2631 non
797 2579 909 2648 jam
940 2580 1211 2633 suscitans
1242 2579 1395 2633 nobis
1430 2577 1689 2634 adversos
1731 2578 1985 2648 concupi-

412 2666 629 2722 scentiae
658 2668 923 2733 stimulos,
962 2668 1055 2723 sed
1082 2684 1296 2723 omnem
1346 2668 1609 2724 exhibens
1645 2668 1857 2739 spiritui
1908 2666 1985 2722 fa-

388 2754 690 2810 -mulatum.
1312 2759 1317 2766 ’

479 2843 649 2912 Hujus
687 2846 1013 2901 centurionis
1041 2847 1217 2917 qualia
1255 2861 1403 2901 arma
1432 2848 1561 2927 sint,
1617 2849 1702 2904 vel
1750 2848 1820 2903 ad
1865 2863 1992 2917 qua:

408 2935 715 3007 praeliorum
740 2936 999 2990 exercitia
1036 2948 1424 3006 praeparentur,
1482 2940 1607 2992 audi
1664 2938 1980 3007 Apostoluin

408 3001 790 3097 praedicantem
834 3001 1061 3091 :Arma,
1116 3001 1317 3097 inquit,
1357 3001 1598 3097 potentia:
1647 3001 1836 3084 nostra:
1878 3044 1981 3087 non
2008 3001 2050 3056 Ο

411 3118 531 3168 sunt
560 3115 818 3180 carnalia,
841 3117 933 3169 sed
960 3119 1189 3186 potentia
1210 3117 1332 3171 Deo-
1352 3117 1403 3175 (1
1414 3116 1441 3170 ι
1467 3100 1610 3172 “Cor.
1651 3134 1708 3184 ι,
1740 3119 1819 3189 4).
1848 3119 1983 3187 Qui-

410 3204 515 3260 bus
543 3220 642 3260 nos
680 3221 894 3274 quoque
930 3206 974 3260 si
1008 3206 1253 3261 volumus
1295 3195 1676 3271 bellaDomini
1727 3212 1979 3282 prarliari,

412 3302 471 3351 et
499 3295 643 3350 inter
694 3297 1038 3351 centuriones
1081 3300 1421 3367 evangelicos
1464 3300 1713 3363 militare,
1750 3304 1980 3359 accincti

406 3380 611 3456 iugiter
647 3384 904 3441 debemus
941 3374 1201 3443 incedere
1232 3406 1245 3441 :
1293 3388 1517 3454 Sumite,
1552 3392 1750 3460 inquit,
1779 3404 1983 3450 scutum

411 3473 558 3544 ﬁdei,
580 3470 635 3529 in
658 3493 760 3541 quo
780 3480 986 3545 possitis
1021 3480 1194 3532 omnia
1223 3480 1327 3532 tela
1356 3480 1659 3549 nequissimi
1696 3483 1860 3552 ignita
1893 3502 1985 3539 ea:-

411 3562 671 3634 stinguere
705 3562 923 3634 (Ephes.
977 3581 1053 3629 vr,
1100 3567 1213 3636 16).
1245 3567 1385 3637 Ergo
1411 3568 1543 3640 ﬁdes
1572 3578 1656 3633 est
1686 3586 1804 3640 quae
1838 3575 1985 3629 exci-

409 3650 569 3720 piem
594 3653 974 3710 ardentissima
998 3655 1280 3709 libidinum
1299 3657 1437 3721 .tela,
1470 3668 1613 3713 metu
1645 3660 1811 3717 futuri
1826 3664 1982 3734 ἀηδε-

410 3742 483 3800 cii
511 3751 567 3797 et
592 3743 829 3820 caelestis
867 3747 1015 3816 regni
1045 3745 1357 3822 credulitate
1404 3748 1711 3803 mortiﬁcat.
1744 3751 1813 3805 Et
1852 3752 1980 3808 loris

414 3848 550 3899 cant,
603 3819 797 3903 inquit,
844 3819 1324 3906 cliaritatis;(ibid.,
1354 3838 1463 3905 ιιι).
1501 3837 1616 3907 Ipsa
1665 3856 1854 3913 nempe
1901 3819 2010 3901 est‘

413 3932 535 3995 quae
561 3922 740 3977 vitalia
768 3924 1006 3993 pectoris
1044 3926 1211 3979 uosrri
1247 3927 1593 3983 circumdans
1636 3920 1808 4001 atque
1836 3920 1985 3989 corn-
2012 3952 2016 3957 θ

417 4014 691 4078 muniens,
724 4016 790 4070 ad
831 4006 1144 4071 interiorem
1198 4017 1465 4073 hominem
1521 4004 1761 4077 nostrum
1802 4025 1983 4095 jacula

414 4104 613 4168 diaboli
638 4116 922 4174 penetrare
945 4122 1051 4162 non
1072 4109 1355 4176 permittit.
1379 4109 1568 4164 Omnia
1601 4114 1745 4167 enim
1772 4116 1981 4182 suffert,

413 4198 591 4253 omnia
625 4199 840 4266 patitur,
877 4199 1057 4253 omnia
1087 4199 1336 4266 sustinet.
1369 4201 1437 4254 Et
1460 4202 1665 4271 galeam
1697 4220 1846 4275 spem
1890 4224 1983 4261 sa-

368 4332 373 4335 _
414 4286 539 4361 latis
562 4288 857 4360 (ibid.,i7).
886 4289 1045 4382 Galea
1070 4292 1263 4361 capitis
1279 4302 1360 4346 est
1383 4294 1678 4350 munimen.
1697 4296 1831 4364 Quia
1852 4314 1981 4369 ergo
2012 4324 2057 4382 Β

412 4390 576 4451 caput
605 4391 843 4443 nostrum
867 4381 1116 4438 Christus
1151 4394 1251 4448 est,
1287 4384 1543 4439 debemus
1583 4387 1722 4442 istud
1769 4404 1980 4461 semper

412 4486 508 4543 spe
536 4471 798 4537 bonorum
822 4472 1121 4528 futurorum
1159 4475 1303 4530 velut
1327 4478 1720 4547 inexpugnabili
1747 4481 1896 4550 galea
1928 4484 1980 4538 in

414 4562 623 4630 cunctis
645 4563 1028 4619 teutationibus
1050 4579 1113 4618 ac
1135 4568 1603 4634 persecutionibns
1624 4574 1977 4641 communire,

412 4661 470 4711 et
492 4652 860 4729 principaliter
899 4653 1055 4707 ﬁdem
1087 4644 1204 4723 ejus
1254 4655 1472 4710 illresam
1504 4667 1666 4728 atque
1718 4662 1979 4732 integram
2020 4686 2022 4688 τ

413 4746 705 4819 custodire.
736 4746 868 4801 Aliis
883 4746 1024 4801 enim
1047 4749 1301 4803 membris
1327 4758 1629 4805 truncatum
1654 4755 1978 4822 quempiam,
2030 4808 2033 4811 .
2100 4794 2103 4797 -

413 4835 538 4891 licet
565 4835 812 4900 debilem,
842 4837 1095 4906 possibile
1143 4845 1319 4893 tamen
1348 4849 1427 4895 est
1475 4842 1767 4911 utcunque'
1796 4860 1983 4914 snper-

410 4940 561 4989 esse;
596 4927 712 4980 sine
760 4929 932 4997 capite
962 4942 1090 4981 vero
1121 4930 1316 4982 nemini
1369 4930 1449 4985 rel
1505 4934 1681 4987 brevis
1705 4936 1827 4989 vitce
1862 4952 1985 4999 spa-

414 5014 545 5067 tium
570 5025 917 5083 prserogatur.
956 5013 1556 5085 Etgladium‘Spiritus,
1580 5023 1720 5089 quod
1754 5034 1829 5078 est
1873 5043 1983 5081 νινε

413 5104 534 5157 bum
565 5102 663 5155 Dei
694 5104 887 5175 (ibid.).
926 5102 1308 5159 Penetrabilius
1340 5124 1567 5177 namque
1594 5123 1676 5164 est
1708 5116 1846 5167 omni
1868 5115 1983 5184 gla.

412 5196 498 5251 dio
537 5198 770 5267 ancipiti,
808 5209 853 5252 et
892 5200 1186 5268 pertingens
1223 5216 1384 5265 usque
1430 5200 1499 5253 ad
1531 5202 1831 5256 divisionem
1861 5206 1981 5258 ani-

363 5326 370 5335 .
412 5300 512 5338 nite
538 5304 599 5340 ac
624 5288 859 5355 spiritus,
884 5305 1185 5357 campagum
1213 5306 1413 5358 quoque
1448 5308 1509 5343 ac
1538 5292 1910 5360 medullarum,
1932 5306 1984 5349 et

414 5372 663 5429 discretor
682 5377 1053 5445 cogitationum
1106 5378 1521 5433 etintentionum
1568 5381 1740 5443 cordis
1794 5381 1978 5451 (Hebr.

417 5474 489 5520 tv,
525 5460 641 5529 1‘2);
679 5465 919 5535 dividens
954 5464 1232 5520 scilicetet
1262 5466 1587 5522 abscindens
1643 5470 1901 5541 quidquid
1928 5474 1981 5527 in

416 5546 570 5605 nobis
612 5555 827 5610 carnale
850 5565 1227 5624 terrenumque
1260 5558 1537 5625 repererit.
1572 5557 1777 5626 Quibus
1805 5561 1983 5616 armis

2059 1944 2274 2028 .iterum
2314 1959 2329 1997 :

2078 1764 2417 1835 evangelicus
2447 1764 2693 1819 centurio
2717 1780 2839 1818 cum
2895 1764 3089 1818 ﬁducia
3121 1765 3478 1835 loquebatur:
3522 1762 3656 1817 Cum

2077 1854 2214 1907 enim
2241 1852 2499 1921 inﬁrmor,
2526 1867 2647 1907 tunc
2671 1853 2859 1923 fortior
2877 1870 2993 1907 sum
3025 1852 3108 1923 (II
3135 1852 3259 1907 Cor.
3300 1868 3400 1917 xu,
3426 1852 3536 1923 10).
3588 1852 3658 1907 Et

2388 1944 2564 1999 Virtus
2610 1947 2664 1999 in
2719 1946 3025 2013 inﬁrmitate
3068 1946 3338 2014 per/icitur
3367 1946 3541 2015 (ibid.,
3577 1944 3659 2016 9).

2082 2035 2157 2088 De
2176 2048 2279 2104 qua
2310 2034 2627 2105 inﬁrmitate
2670 2050 2811 2089 unus
2836 2036 3260 2104 prophetarum:
3290 2034 3357 2087 Et
3403 2026 3523 2099 erit,
3577 2036 3661 2093 in-

2080 2126 2218 2195 quit,
2239 2126 2331 2195 qui
2354 2126 2804 2195 inﬁrmaturtnter
2823 2144 2932 2190 eos,
2962 2131 3095 2181 sicut
3126 2130 3310 2181 domus
3334 2129 3523 2182 David.
3556 2128 3662 2184 Pa-

2084 2214 2221 2268 tiens
2246 2216 2407 2269 etiam
2447 2215 2560 2269 haec
2614 2216 2753 2271 bella
2812 2216 3161 2286 praeliabitur,
3202 2234 3396 2297 nempe
3449 2218 3535 2273 illa
3566 2236 3659 2291 pa-

2083 2305 2267 2359 tientia
2295 2305 2362 2359 de
2389 2319 2490 2373 qua
2516 2304 2711 2362 dicitur
2737 2320 2753 2359 :
2783 2303 3048 2360 Patientia
3078 2308 3219 2361 vobis
3243 2309 3537 2363 necessaria
3558 2319 3654 2373 est,

2080 2404 2136 2447 ut
2169 2392 2486 2449 voluntatem
2552 2395 2643 2448 Dei
2685 2395 2934 2463 facientes
2972 2398 3237 2466 recipiatis
3284 2398 3659 2453 remuneratio.

2081 2502 2196 2541 nem
2236 2484 2423 2557 (Hebr.
2454 2502 2509 2552 ι,
2537 2486 2649 2556 56).
3236 2486 3239 2493 ’

2109 2624 2113 2629 .
2152 2576 2229 2630 De
2259 2576 2489 2646 maligna
2518 2577 2843 2647 cogitatione
2882 2577 3021 2632 illud
3070 2594 3228 2634 nosse
3253 2579 3510 2635 debemus
3529 2579 3659 2649 quia

2084 2665 2227 2721 illico
2250 2674 2305 2719 ut
2331 2680 2428 2735 per
2452 2665 2847 2722 confessionem
2879 2666 3146 2736 patefacta
3190 2668 3371 2731 fuerit,
3422 2684 3663 2725 marces-

2084 2759 2187 2823 cit;
2214 2767 2270 2813 et
2296 2767 2582 2827 antequam
2640 2759 2984 2814 discretionis
3025 2758 3289 2826 judicium
3326 2760 3657 2831 proferatur,

2084 2865 2305 2919 serpens
2346 2850 2655 2904 teterrimos
2684 2851 2831 2905 velut
2863 2851 3150 2905 tenebroso
3196 2866 3261 2905 ac.
3304 2852 3659 2907 subterraneo

2085 2957 2247 3012 specu
2275 2944 2478 2999 virtute
2499 2942 2856 2998 confessionis
2886 2952 3194 3012 protractus
3242 2944 3309 2997 ad
3360 2944 3561 3009 lucem,
3605 2952 3661 2999 ct

2086 3030 2362 3086 traductus
2390 3031 2789 3101 quodammodo
2817 3046 2881 3086 ac
2930 3031 3337 3094 dehonestatus,
3390 3030 3656 3087 abscedit.

2084 3117 2289 3174 Tandiu
2315 3133 2547 3189 namque
2570 3120 2941 3190 suggestiones
2965 3118 3083 3186 ejus
3110 3120 3284 3173 noxia:
3312 3119 3661 3185 dominantur

2082 3206 2137 3260 in
2160 3206 2314 3260 nobis
2334 3208 2570 3276 quandiu
2600 3208 2842 3261 celantur
2869 3208 2920 3261 in
2950 3208 3131 3261 corde.
3160 3208 3329 3274 Quem
3359 3225 3577 3265 sensum
3603 3209 3656 3265 in

2083 3296 2406 3353 Ecclesiaste
2458 3312 2674 3367 quoque
2725 3297 2952 3368 legimus
2978 3298 3305 3365 figuratum:
3342 3296 3400 3352 Si
3435 3314 3663 3353 momor-

2081 3386 2238 3450 derit,
2264 3388 2468 3455 inquit,
2494 3404 2702 3457 serpens
2742 3404 2845 3441 non
2866 3388 2920 3440 in
2942 3379 3116 3451 sibilo,
3142 3404 3245 3440 non
3287 3400 3361 3443 est
3386 3389 3664 3443 abundatio

2083 3478 2157 3530 tia
2179 3478 2518 3539 incantatori,
2554 3478 2701 3533 taciti
2730 3477 2997 3547 serpentis
3025 3493 3259 3533 morsum
3290 3479 3657 3547 perniciosum

2082 3581 2205 3624 esse
2232 3568 2542 3638 designans.
2571 3568 2627 3624 ld
2657 3577 2760 3632 est,
2812 3569 2860 3623 si
2890 3583 2987 3637 per
3027 3568 3425 3625 confessionem
3462 3584 3659 3641 sugge-

2084 3659 2188 3714 stio
2241 3670 2333 3728 seu
2385 3658 2642 3728 cogitatio
2694 3657 2957 3712 diabolica
3012 3658 3349 3730 incantatori.‘
3381 3660 3659 3728 cuiquam,

2083 3750 2353 3821 spirituali
2378 3748 2589 3804 scilicet
2614 3749 2734 3803 viro
2754 3749 2845 3817 qui
2873 3748 3209 3804 carminibus
3246 3749 3656 3818 Scripturarum

2083 3839 2284 3896 mederi
2310 3838 2553 3908 protinus
2592 3837 2823 3903 vulneri,
2853 3847 2909 3892 et
2943 3838 3231 3894 extrahere
3248 3840 3316 3893 de
3338 3840 3499 3894 corde
3522 3854 3659 3894 con-

2084 3930 2258 3985 suevit
2280 3930 2440 3984 noxia
2463 3943 2669 3984 venena
2696 3928 2986 3998 serpentis,
3026 3928 3296 3997 patefacta
3328 3945 3435 3984 non
3472 3928 3658 3995 fuerit,

2084 4033 2399 4075 succurrere
2423 4017 2746 4087 periclitanti
2778 4018 3085 4087 periturovc
3115 4034 3222 4073 non
3266 4017 3481 4088 pOterit.
3519 4017 3655 4073 Nam

2082 4112 2343 4167 bonarum
2378 4124 2557 4164 rerum
2608 4125 2715 4171 non
2748 4118 2953 4164 tantum
3001 4121 3303 4180 suggeszor,
3350 4110 3443 4164 sed
3492 4109 3658 4165 etiam

2083 4201 2263 4256 fautor
2283 4208 2443 4272 atque
2472 4200 2734 4271 impulsor
2770 4210 2854 4256 est
2884 4199 3046 4263 Deus,
3079 4200 3150 4254 ita
3183 4210 3240 4254 ut
3268 4186 3656 4270 nonnunquam

2082 4306 2184 4345 nos
2207 4291 2370 4345 etiam
2398 4291 2592 4346 invitos
2613 4299 2669 4346 et
2694 4290 3001 4365 ignorantes
3020 4289 3274 4347 attrahat'
3299 4291 3366 4346 ad
3403 4291 3655 4347 salutem.

2083 4380 2305 4436 Constat
2333 4395 2461 4449 ergo
2487 4379 2757 4436 neminem
2785 4394 2940 4450 posse
2970 4395 3000 4434 a
3046 4379 3260 4434 diabolo
3304 4379 3503 4451 decipi,
3554 4381 3657 4436 nisi

2082 4487 2206 4528 eum
2231 4472 2320 4541 qui
2351 4472 2591 4541 praebere
2623 4456 2672 4525 ei
2709 4471 2961 4524 maluerit
3005 4484 3116 4524 sute
3147 4470 3439 4527 voluntatis
3468 4485 3657 4525 assen-

2082 4582 2221 4622 811111.

2692 4657 2919 4715 CAPUT
2948 4657 3026 4711 lli.

2327 4749 2405 4804 De
2425 4750 2841 4819 concupiscentia
2877 4750 3049 4803 carnis
3082 4766 3141 4803 ac
3173 4744 3406 4819 spiritus.

2154 4834 2353 4913 Spiritu
2382 4844 2662 4907 ambulate,
2692 4854 2739 4899 et
2775 4844 3033 4898 desideria
3061 4846 3236 4898 carnis
3274 4861 3375 4899 non
3416 4845 3656 4914 perﬁcie-

2083 4937 2168 4990 tis.
2204 4934 2342 4988 Caro
2398 4935 2532 4988 enim
2586 4935 2900 5004 concupiscit
2938 4936 3185 4989 adversus
3240 4936 3501 5004 spiritum,
3546 4938 3655 5006 spi-

2084 5027 2214 5080 ritus
2240 5035 2413 5079 nutem
2453 5026 2699 5081 adversus
2748 5043 2980 5081 carnem.
3024 5025 3153 5080 Ha'c
3210 5040 3382 5081 autem
3434 5028 3653 5082 inuicem

2084 5118 2426 5171 adversantur
2443 5110 2561 5181 sibi,
2594 5127 2648 5171 ut
2670 5135 2772 5172 non
2797 5134 3112 5188 quacunque
3154 5119 3450 5183 vu.‘tis,illa
3489 5120 3659 5187 facia-

2083 5206 2147 5259 tis
2178 5204 2319 5275 (Gal.
2348 5221 2397 5271 ν,
2427 5206 2535 5276 16).
2566 5204 2699 5260 Tres
2723 5221 2807 5260 res
2830 5206 2929 5260 hoc
2957 5205 3073 5261 loco
3105 5208 3171 5261 ab
3198 5207 3453 5277 Apostolo
3484 5208 3659 5261 nomi-

2085 5280 2207 5352 nari
2232 5295 2482 5349 videntur
2512 5314 2524 5349 :
2555 5295 2995 5365 concupiscentia
3025 5297 3206 5350 carnis
3233 5298 3493 5350 adversus
3543 5298 3657 5365 spi-

2084 5385 2272 5449 ritum,
2301 5394 2354 5439 et
2382 5387 2607 5455 spiritus
2631 5387 2888 5440 adversus
2923 5402 3161 5440 carnem.
3191 5386 3430 5453 Quorum
3464 5388 3657 5439 adver-

2050 5490 2054 5495 '
2084 5490 2175 5530 sus
2208 5491 2267 5530 se
2301 5476 2529 5530 invicem
2558 5490 2734 5546 pugna
2787 5477 2925 5531 hanc
2956 5477 3164 5529 videtur
3212 5479 3407 5532 habere
3435 5492 3656 5532 causam

2085 5576 2244 5637 atque
2275 5567 2555 5637 rationem,
2586 5578 2642 5621 ut
2677 5582 2738 5621 ea
2764 5582 2883 5635 qua:
2914 5567 3174 5629 volumus,
3233 5568 3422 5637 inquit,
3481 5568 3661 5623 facere
