4214 6222
552 200 689 259 1027

880 200 939 255 s.
987 199 1279 255 ANSELstt
1318 196 1659 253 CANTUAlt.
1702 188 2015 246 ARClllEP.
2058 184 2209 244 orp.
2240 184 2418 241 rans
2449 185 2520 240 ll:
2544 212 2611 227 .-
2649 161 3017 242 mximum.
3043 181 3134 241 ET
3172 176 3415 242 ascs‘t“.

3642 184 3811 243 was,
3850 160 3861 165 ’

558 326 909 382 nequeamus.
940 312 1137 376 Quarta
1162 310 1323 377 igitur
1369 314 1613 374 superest
1652 317 1859 365 causa,
1884 308 1942 353 ut
1991 296 2120 350 illud
2148 303 2195 358 Α
2221 292 2509 364 terpellaus
2539 292 2873 380 imbecillitas
2908 307 3106 357 carnis,
3141 291 3207 346 ab
3252 292 3338 347 illa
3370 284 3773 363 reprebettsibiii

553 407 758 462 scilicet
786 406 926 475 quod
950 406 1214 463 notamus,
1246 401 1525 454 faciamus.
1561 394 1708 450 Nunc
1730 408 1858 461 ergo
1887 393 1952 445 de
1999 391 2109 445 sin-

553 499 690 567 gulis
709 498 1001 550 videmnus.
1026 497 1248 548 Carnem
1282 492 1383 544 hoc
1426 491 1543 541 loco
1569 503 1672 539 nou
1720 484 2017 547 hominem,
2059 481 2112 534 id

553 598 637 642 est
665 588 899 641 hominis
918 584 1295 644 substantiam,
1327 582 1418 634 sed
1442 580 1557 647 ejus
1588 576 1850 631 desideria
1884 574 2113 641 pessima

553 675 810 729 debetnus
831 675 1092 741 accipere,
1121 673 1256 724 sicut
1276 683 1343 722 ne
1367 668 1613 736 Spiritum
1646 666 1858 733 quidem
1884 665 2113 733 aliquam

554 780 666 818 rem
706 762 1155 824 rsubstantialem,
1200 760 1297 813 sed
1348 758 1541 810 anima:
1580 754 1842 808 desideria
1875 755 2012 807 bona
2062 761 2117 805 et

551 854 845 923 spiritualia
877 849 1162 921 designari.
1187 848 1317 915 Quae
1340 863 1461 902 eum
1503 852 1750 913 utraque;
1782 844 1835 898 id
1860 852 1942 896 est
1968 842 2115 898 desi-

551 932 699 996 deria
728 942 903 995 carnis
926 948 978 993 et
998 938 1235 1013 spiritus,
1259 938 1309 991 in
1333 950 1439 989 uno
1473 936 1767 1002 eodemque
1812 942 1918 986 smt
1945 932 2116 985 humi.

554 1046 642 1096 ne,
678 1032 986 1085 intestinum
1031 1026 1270 1095 quotidie
1313 1026 1453 1079 intra
1494 1038 1591 1077 nos
1642 1024 1845 1093 geritur
1894 1019 2113 1084 bellum,

551 1122 676 1183 dum
699 1117 1130 1195 concupiscentia
1159 1115 1357 1177 carnis,
1388 1130 1506 1183 quae
1531 1113 1929 1183 praecipitanter
1949 1110 2119 1166 fertur

552 1212 617 1266 ad
645 1211 793 1274 vitia,
828 1210 910 1265 his
930 1223 1050 1277 quae
1091 1209 1157 1261 ad
1195 1214 1510 1276 praesentem
1568 1206 1805 1274 requiem
1850 1202 2119 1273 pertinent

550 1301 755 1354 deliciis
777 1300 994 1369 gaudet,
1025 1297 1249 1351 luxuriis
1276 1296 1604 1359 delectatur;
1639 1294 1836 1363 quibus
1875 1310 1905 1349 e
1928 1303 2118 1349 contra

549 1388 983 1457 concupiscentia
1022 1386 1242 1455 spiritus
1274 1386 1556 1441 adversata
1589 1386 1663 1439 ita
1692 1385 1963 1439 desiderat
2008 1392 2118 1447 tota

551 1478 919 1548 spiritualibus
941 1476 1131 1530 studiis
1164 1476 1445 1541 inhaerere,
1479 1487 1539 1529 ut
1563 1477 1728 1530 etiam
1784 1476 2119 1529 necessarios

552 1569 733 1622 carnis
755 1583 881 1622 usus
909 1566 1392 1637 optet‘excludere.
1424 1567 1517 1620 Illa
1548 1566 1731 1620 satiari
1780 1581 1989 1633 somno,
2033 1579 2121 1620 rc-

2217 386 2492 439 nimietate
2514 385 2734 453 spiritus
2768 372 2979 438 revocat
3029 398 3094 437 ac
3127 384 3383 439 retardat.
3415 383 3483 438 Et
3517 384 3589 439 ita
3632 382 3693 437 fit
3717 390 3774 437 ut

2218 483 2442 544 utraque
2469 472 2923 541 concupiscentia,
2949 471 3040 526 tali
3066 469 3443 525 Colluctatic'me
3465 472 3670 527 alterna
3697 471 3776 526 si»-

2214 563 2381 617 bimet
2409 572 2756 631 repugnante,
2791 563 2980 633 attinnt:
3014 561 3279 626 voluntas,
3324 575 3442 631 qua:
3466 575 3566 615 nec
3614 570 3777 615 totam

2215 668 2274 707 se
2310 654 2609 707 carnalibus
2649 654 2930 707 desideriis
2981 654 3197 716 dedere,
3233 667 3331 707 nec
3365 654 3621 706 virtutum
3668 652 3780 708 vult

2198 738 2486 801 «boribus
2518 742 2795 803 desudare,
2823 742 3052 810 quodam
3077 742 3225 811 justo
3250 743 3618 798 moderamine
3642 751 3780 797 temo

2216 844 2455 901 peretur,
2477 828 2615 885 dum'
2631 831 2745 902 [nec
2770 832 2909 885 inter
2933 838 3158 900 utraque
3180 833 3454 886 contentio
3485 828 3630 891 illam
3658 844 3783 902 per-

2218 926 2557 980 niciosiorem
2594 923 2881 978 excludens
2919 924 3109 978 anima:
3136 924 3485 1001 voluntatem.
3514 935 3574 978 ut
3594 938 3783 1008 quam-

2216 1017 2339 1069 dam
2363 1015 2627 1084 aequitatis
2651 1014 2840 1068 libram
2882 1015 2934 1067 in
2975 1024 3175 1069 statera
3204 1014 3374 1069 nostri
3402 1015 3643 1076 corporis
3669 1013 3785 1069 eol-

2218 1107 2379 1172 locat,
2421 1120 2539 1176 qua:
2567 1104 2793 1174 spiritus
2821 1104 3108 1172 carnisque
3132 1104 3364 1159 confinia
3386 1103 3536 1172 justo
3581 1106 3784 1159 discer-

2221 1198 2299 1251 nit
2327 1197 2593 1261 examine,
2622 1196 2730 1249 nec'
2751 1210 2777 1247 a
2825 1193 3030 1248 dextris
3079 1202 3313 1247 mentem
3344 1194 3564 1269 spiritus
3589 1193 3784 1249 ardore

2219 1300 2560 1349 succensam,
2602 1298 2702 1338 nec
2740 1297 2769 1336 a
2822 1282 2954 1337 laeva
3008 1297 3226 1337 carnem
3277 1282 3528 1336 vitiorum
3584 1281 3786 1337 aculeis

2220 1375 2627 1445 praeponderare
2648 1374 2987 1443 permittens.
3014 1372 3256 1442 Dumque
3285 1373 3401 1427 inec
3439 1388 3614 1443 pugna
3650 1387 3799 1443 quo-'

2222 1455 2438 1520 tidianis
2459 1465 2645 1519 diebus
2671 1463 2877 1517 utiliter
2898 1463 3202 1532 exagitator
3253 1448 3514 1526 in'nobis,
3543 1464 3610 1516 ad
3656 1462 3788 1519 illud

2221 1556 2471 1625 quartum
2511 1553 2652 1623 quod
2680 1552 2926 1607 nolumus
2964 1552 3254 1606 salubriter
3302 1552 3483 1605 venire
3507 1550 3792 1622 compelli-

551 1658 682 1728 pleri
717 1657 836 1712 cibo
855 1658 1229 1726 universisque
1243 1657 1548 1711 exuberare
1570 1638 2118 1726 copiis'concupiscit;
2152 1651 2164 1709 l

2226 1660 2366 1710 mur,
2392 1653 2461 1697 ut
2476 1644 2767 1714 puritatem
2792 1644 2973 1698 cordis
2998 1657 3107 1696 non
3152 1641 3265 1696 otio
3317 1656 3417 1696 nec
3471 1642 3783 1708 securitate,

553 1749 642 1801 hic
674 1748 867 1817 vigiliis
894 1756 949 1801 ct
971 1747 1198 1816 jejuniis,
1222 1750 1520 1816 saginatur,
1570 1761 1634 1800 ac
1664 1753 1980 1815 paupertate
2009 1744 2121 1817 glo-

554 1835 743 1888 riatur.
779 1836 1030 1888 Lavacris
1058 1834 1144 1887 illa
1191 1835 1473 1897 nitescere,
1526 1844 1579 1889 et
1631 1818 1957 1903 quotidianis
1986 1835 2120 1887 adu-

554 1924 776 1979 lantium
800 1927 987 1985 cuneis
1014 1926 1217 1995 appetit
1245 1924 1568 1994 constipari;
1617 1924 1705 1978 hic
1725 1923 2122 1993 squalore'sor-

554 2016 700 2070 dium
726 2017 1043 2084 congaudet,
1069 2026 1495 2084 cunctarumque
1523 2014 1829 2069 mortalium
1882 2028 2120 2084 praesen-

557 2104 684 2159 tiam
715 2105 1095 2174 perhorrescit.
1125 2106 1428 2160 llonoribus
1458 2104 1545 2158 illa
1582 2114 1638 2159 et
1678 2104 1928 2158 laudibus
1953 2103 2123 2157 bomi-

555 2207 680 2244 num
710 2190 1054 2257 confovetur;
1080 2194 1166 2245 hic
1192 2192 1444 2261 irrogatis
1467 2192 1569 2245 sibi
1591 2190 1803 2261 injuriis
1834 2205 1898 2244 ac
1944 2203 2123 2259 perse-

555 2281 860 2349 cutionibus
884 2282 1159 2351 gloriatur.

626 2371 772 2425 Inter
796 2372 892 2426 has
920 2371 1084 2441 igitur
1132 2381 1391 2442 utrasque
1435 2371 1900 2441 concupiscentias
1929 2369 2124 2425 auium

557 2458 803 2514 voluntas
830 2459 884 2513 in
916 2461 1215 2515 meditullio
1244 2464 1474 2529 quodam
1517 2461 1956 2530 vituperabiliore
2002 2477 2125 2517 con-

558 2547 899 2613 sistens,nec
926 2550 1177 2603 vitiorum
1208 2549 1423 2620 ﬂagitiis
1465 2549 1785 2617 oblectatur,
1837 2565 1935 2606 nec
1965 2552 2126 2606 virtu-

562 2648 671 2691 tum
702 2637 975 2692 doloribus
991 2639 1314 2707 acquiescit;
1342 2643 1421 2693 sie
1448 2654 1696 2708 quaerens
1720 2656 1751 2693 a
1777 2640 2126 2708 passionibus

561 2728 850 2797 temperari
893 2729 1221 2791 carnalibus,
1269 2740 1326 2781 ut
1364 2744 1702 2799 nequaquam
1744 2730 1869 2784 velit
1916 2729 2128 2785 dolores

562 2820 901 2873 necessarios
935 2820 1219 2879 sustinere.
1250 2821 1368 2874 sine
1388 2820 1583 2888 quibus
1611 2819 1873 2874 desideria
1906 2821 2129 2889 spiritus

562 2918 831 2977 nequeunt
858 2909 1151 2977 possideri,
1169 2911 1385 2979 Absque
1417 2912 1772 2980 castigatione
1815 2913 1997 2964 carnis
2036 2925 2129 2965 εει

560 2998 865 3050 stimoniam
885 3000 1142 3066 corporis,
1168 2998 1281 3050 sine
1302 2997 1605 3065 vigiliarum
1633 2998 1815 3052 labore
1838 3000 2017 3054 cordis
2036 3000 2131 3053 de-
2154 2970 2199 3027 θ

564 3083 812 3137 siJerans
839 3084 1117 3159 acquirere
1145 3084 1453 3152 puritatem,
1480 3084 1684 3154 absque
1714 3086 1872 3139 ullius
1900 3102 2130 3157 exaspe-

567 3171 779 3224 ratioue
800 3171 1023 3225 convicii
1044 3172 1313 3241 patientia:
1342 3174 1571 3240 gratiam
1616 3174 1914 3241 possidere,
1959 3175 2133 3229 humi-

565 3260 773 3312 litatem
797 3258 999 3313 Christi
1018 3258 1137 3313 sine
1166 3261 1385 3315 honoris
1411 3262 1661 3315 mundani
1691 3276 1947 3317 exercere
1961 3262 2135 3331 jactu-

569 3366 653 3418 ra,
684 3350 957 3419 religionis
994 3349 1389 3420 simplicitatem
1418 3367 1540 3408 cum
1564 3352 1808 3406 s:eculari
1840 3354 2133 3409 ambitione

568 3440 786 3501 sectari,
810 3438 1027 3493 Christo
1057 3453 1178 3493 cum
1210 3436 1497 3493 hominum
1517 3440 1672 3494 laude
1722 3456 1787 3494 ac
1815 3441 1995 3496 favore
2026 3458 2139 3497 ser-

569 3531 707 3592 vire,
742 3530 1130 3583 districtionem
1169 3531 1405 3584 veritatis
1431 3531 1546 3585 sine
1582 3530 1880 3600 cuiuspiam
1934 3532 2018 3587 vel
2053 3542 2137 3587 te-

570 3622 661 3675 nui
690 3620 982 3674 olfensione
1014 3620 1289 3689 proferre;
1330 3629 1603 3689 postremo
1634 3622 1714 3674 sic
1742 3621 1854 3674 vult
1880 3624 2139 3693 consequi

572 3712 749 3765 futura
772 3713 927 3775 bona,
961 3721 1018 3763 ut
1045 3711 1330 3779 praesentia
1358 3727 1462 3764 non
1493 3712 1726 3765 amittat.
1767 3710 1896 3777 Qua:
1945 3711 2137 3766 volun-

579 3814 659 3854 tas
709 3816 981 3869 nunquam
1027 3815 1123 3853 nos
1171 3800 1238 3853 ad
1273 3802 1655 3870 perfectionem
1708 3818 1888 3857 veram
1937 3800 2142 3857 faceret

574 3891 875 3961 pervenire,
912 3890 1003 3943 sed
1031 3891 1081 3943 iu
1124 3900 1305 3958 tepore
1335 3892 1566 3960 quodam
1604 3893 1881 3946 teterrimo
1905 3892 2139 3948 colloca-

505 3968 509 3971 I
576 3989 681 4043 ret,
713 3980 952 4048 talesque
976 3978 1178 4034 faceret
1216 3980 1400 4048 quales
1422 3990 1546 4033 sunt
1578 3980 1652 4034 illi
1690 3982 1779 4049 qui
1827 3983 1879 4035 in
1936 3982 2143 4051 Apoca-

580 4071 711 4139 lypsi
742 4070 1103 4138 increpatione
1140 4069 1346 4123 Domini
1390 4072 1721 4140 castigantur
1754 4089 1765 4123 :
1811 4072 1934 4126 Scio
1986 4088 2143 4141 opera

579 4163 836 4231 Παμφάη
864 4177 1024 4230 neque
1063 4162 1288 4231 frigidus
1331 4178 1403 4225 cs,
1454 4178 1614 4230 neque
1659 4164 1899 4228 calidus;
1944 4165 2144 4217 utinam

2222 1735 2315 1790 sed
2334 1734 2445 1805 jugi
2472 1731 2678 1805 sudore
2705 1741 2760 1789 et
2789 1732 3114 1788 contritione
3151 1732 3374 1807 spiritus
3415 1731 3786 1800 aequiramus,

2220 1826 2627 1893 castitatemque
2647 1823 2826 1877 carnis
2858 1821 3119 1877 districtis
3140 1819 3378 1891 jejuniis,
3407 1818 3570 1888 fame,
3597 1818 3688 1875 siti
3717 1834 3788 1875 ae

2220 1915 2491 1985 vigilantia
2525 1922 2873 1969 retentemus.
2916 1911 3168 1967 Essemus
3195 1910 3377 1980 itaque
3423 1909 3639 1980 penitus
3667 1909 3791 1985 sine

2224 2004 2462 2073 remedio
2484 2003 2667 2073 tepidi,
2698 2010 2882 2073 utpote
2906 2015 3011 2055 non
3045 1999 3307 2055 habentes
3346 1998 3577 2055 indicem
3616 1998 3791 2071 negli—

2222 2098 2413 2169 gentiae
2434 2104 2632 2153 nostra:
2654 2092 2737 2148 vel
2765 2093 2819 2147 in
2843 2105 3068 2162 corpore
3087 2079 3481 2155 nostrohel'in
3508 2090 3794 2146 conscien-

2225 2189 2313 2243 tiis
2340 2186 2571 2258 propriis
2596 2184 3019 2248 indesinentem;
3047 2196 3148 2237 nec
3192 2182 3534 2238 studeremus
3567 2179 3635 2235 ad
3659 2192 3789 2250 per-

2223 2275 2471 2330 fectionis
2508 2289 2751 2345 unquam
2780 2263 3391 2343 pervenirei‘fervorem,
3422 2273 3518 2327 sed
3568 2284 3639 2327 ne
3670 2269 3792 2327 fru-

2225 2356 2461 2440 galitatis
2478 2368 2698 2439 quidem
2708 2365 3101 2423 .districtionem
3118 2374 3449 2429 tolleremus,
3478 2361 3582 2417 nisi
3597 2360 3795 2419 saltem

2226 2475 2324 2516 nos
2347 2459 2580 2515 titillatio
2609 2458 2791 2514 carnis
2815 2456 3098 2528 noxiisque
3143 2459 3453 2513 increscens
3482 2452 3797 2509 bamiliaret

2225 2558 2388 2619 atque
2433 2548 2746 2603 retunderet
2781 2555 2846 2619 et
2879 2547 3140 2601 adversus
3186 2542 3550 2616 spiritualium
3574 2546 3800 2612 quoque

2226 2639 2479 2692 vitiorum
2547 2636 2914 2707 purgationem
2974 2635 3236 2690 sollicitos
3280 2633 3534 2689 redderet
3601 2639 3659 2686 et
3710 2630 3801 2686 in-

2230 2736 2422 2783 tentos.
2462 2728 2563 2795 Qui
2609 2737 2800 2791 status,
2834 2727 3009 2782 idest
3038 2726 3265 2795 tepidus,
3294 2740 3324 2778 a
3373 2723 3577 2779 carnali
3614 2721 3811 2792 quali-

2229 2829 2341 2873 tate
2376 2819 2705 2874 descendens
2735 2807 2963 2871 eﬂicitur
2986 2814 3271 2879 auimalis,‘
3304 2814 3394 2886 qui
3425 2827 3509 2867 est
3556 2798 3800 2867 deterior

2232 2909 2448 2977 gradus.
2472 2908 2587 2979 ipse
2602 2916 2683 2961 est
2700 2905 2842 2961 enim
2864 2905 2953 2974 qui
2969 2905 3034 2959 de
3055 2903 3250 2973 frigido
3275 2902 3341 2956 ad
3360 2901 3593 2971 tepidum
3620 2909 3801 2954 trans—

2232 2996 2369 3060 iens,
2396 2985 2757 3050 detestabilior
2781 3009 2909 3049 voce
2941 2992 3152 3046 Domini
3178 2993 3442 3060 signatur.

2303 3084 2435 3140 Tres
2450 3100 2677 3154 namque
2701 3094 2825 3140 sunt
2843 3084 3139 3138 animarum
3152 3091 3323 3137 status
3343 3098 3355 3134 :
3373 3080 3581 3150 primus
3602 3092 3801 3133 cama-

2234 3177 2330 3242 lis;
2368 3175 2655 3240 secundus,
2684 3173 2962 3239 animalis;
2996 3174 3204 3239 tertius,
3232 3171 3546 3241 spiritualis.
3568 3169 3713 3235 Quos
3741 3166 3799 3224 in

2233 3265 2488 3335 Apostolo
2525 3266 2595 3318 ita
2644 3263 2867 3335 legimus
2897 3264 3186 3333 designari.
3212 3260 3344 3315 Nam
3368 3262 3434 3315 de
3477 3257 3681 3315 carnali
3720 3257 3800 3313 ita

2236 3356 2434 3409 dicitur
2466 3373 2479 3407 :
2511 3355 2615 3407 Lac
2643 3354 2786 3407 vobis
2820 3361 2997 3421 potum
3027 3352 3169 3417 dedi,
3203 3360 3309 3405 non
3338 3366 3531 3405 escam.
3562 3348 3804 3421 Necdum

2192 3472 2195 3475 -
2236 3446 2373 3498 enim
2393 3444 2666 3513 poteratis,
2693 3442 2782 3496 sed
2808 3418 2898 3495 nec
2928 3441 3100 3495 adhuc
3126 3440 3336 3511 quidem
3351 3442 3585 3508 potestis.
3617 3418 3806 3492 Adhuc

2237 3535 2371 3586 enim
2402 3532 2637 3587 carnales
2668 3532 2789 3584 estis
2817 3529 2868 3601 (1
2916 3527 3037 3583 Cor.
3068 3544 3151 3594 ιιι,
3185 3528 3285 3599 9);
3322 3537 3377 3582 et
3419 3529 3611 3581 iterum
3636 3544 3650 3580 :
3672 3562 3677 3563 ν
3700 3522 3808 3580 ll“

2239 3624 2373 3676 enim
2397 3634 2469 3676 est
2501 3624 2636 3675 inter
2662 3637 2748 3674 vos
2779 3619 2996 3695 zelusct
3023 3620 3304 3681 contentio,
3349 3632 3517 3671 nonne
3561 3614 3805 3670 carnales
3872 3676 3879 3687 ⁸

2239 3714 2398 3767 estis?
2420 3713 2591 3782 (ibid.)
2611 3713 2682 3766 De
2710 3710 2927 3764 animali
2948 3723 3160 3779 quoque
3190 3707 3371 3762 taliter
3403 3719 3801 3761 commemora-

2243 3815 2365 3859 tur:
2395 3802 2651 3858 Animalis
2682 3806 2853 3854 autem
2882 3802 3032 3854 homo
3062 3816 3162 3852 non
3184 3798 3399 3867 percipit
3428 3814 3489 3851 ea
3536 3811 3651 3867 quis
3675 3804 3804 3851 sum

2244 3895 2470 3965 Spiritus
2493 3894 2589 3948 Dei
2616 3910 2634 3948 :
2664 3892 2886 3947 stultitia
2915 3892 3054 3945 enim
3106 3899 3179 3944 est
3217 3889 3297 3941 illi
3350 3886 3401 3957 (ι
3441 3886 3564 3941 Cor.
3596 3902 3659 3952 tt,
3692 3884 3807 3957 14).
3882 3960 3887 3963 _

2245 3985 2320 4039 De
2350 3984 2617 4055 spirituali
2646 4000 2774 4040 vero
2804 4004 2817 4039 :
2852 3985 3169 4055 Spiritualis
3200 3998 3370 4041 autem
3400 3988 3661 4038 examinat
3689 3998 3811 4037 om-

2245 4077 2355 4138 nia,
2379 4075 2486 4142 ipse
2520 4084 2690 4128 autent
2722 4093 2752 4128 a
2780 4077 2980 4129 nemine
3005 4076 3340 4145 «dijudicatur
3365 4075 3569 4144 (ibid.);
3604 4082 3661 4128 et
3707 4073 3812 4128 ito-

2247 4180 2360 4216 rum
2392 4183 2405 4217 :
2442 4160 2541 4218 Vos
2562 4167 2651 4233 qui
2678 4165 2973 4235 spirituales
2997 4166 3140 4231 estis,
3177 4165 3416 4218 instruite
3438 4180 3523 4217 eos
3553 4162 3641 4233 qui
3664 4161 3807 4230 ejus-

582 4252 806 4349 j'rigidus
857 4266 1011 4313 esset,
1070 4260 1161 4303 aut
1210 4251 1411 4303 calidus
1441 4252 1461 4301 .’
1502 4252 1590 4303 sed
1655 4254 1777 4320 quia
1827 4253 2027 4321 tepidus
2067 4270 2140 4319 es,
2172 4258 2386 4353 Dntodi
2414 4267 2556 4321 sunt,
2585 4261 2641 4309 in
2693 4257 2877 4325 spiritu
2914 4256 3139 4311 lenitatis
3193 4255 3333 4325 (Gal.
3384 4269 3458 4320 γι,
3493 4254 3571 4324 2).
3622 4255 3812 4325 Itaque

583 4339 827 4407 incipiant
857 4350 903 4393 te
931 4354 1161 4393 emovere
1186 4356 1250 4393 ex
1272 4356 1359 4393 ore
1380 4357 1489 4392 meo
1522 4344 1705 4409 (Apoc.
1744 4357 1823 4404 ιιι,
1868 4343 2010 4412 15,);
2041 4344 2143 4398 nisi

584 4426 727 4481 hunc
760 4430 1143 4497 tepidissimum
1194 4440 1393 4483 statum
1457 4432 1774 4485 altrinsecus
1806 4434 1920 4489 lucc
1968 4435 2145 4487 insur-

547 4586 549 4589 τ
585 4516 761 4586 gentia
782 4518 916 4570 bella
950 4518 1333 4584 dirumpercut.
1374 4518 1506 4571 Nam
1529 4534 1650 4572 cum
1678 4519 1996 4575 famulantes
2026 4524 2150 4576 huic

586 4605 850 4658 voluntati
882 4616 1077 4657 nostra:
1107 4608 1171 4659 ad
1224 4607 1359 4660 hanc
1397 4608 1767 4663 remissionem
1822 4612 2149 4667 voluerimus

588 4696 943 4763 nosmetipsos
1002 4696 1254 4763 paulatim
1314 4698 1573 4758 relaxare.
1644 4700 1924 4755 confestim
1975 4703 2150 4757 aculei

590 4787 769 4842 carnis
801 4788 1103 4853 insurgunt,
1147 4789 1359 4855 suisque
1393 4805 1489 4843 nos
1532 4791 1675 4845 vitiis
1707 4803 1759 4845 et
1813 4794 2151 4861 passionibus

593 4880 916 4941 sar-ciantcs,
954 4894 1285 4947 nequaquam
1326 4882 1377 4932 in
1423 4881 1506 4932 illa
1543 4898 1646 4950 qua
1680 4884 2016 4937 delectamur
2055 4901 2153 4953 pu-

594 4968 767 5020 ritttis
814 4970 1069 5035 qualitate
1092 4982 1234 5023 stare
1300 4976 1631 5039 permittunt,
1692 4984 1851 5041 atque
1899 4976 2149 5029 ad‘illam

597 5074 756 5127 quam
833 5060 1109 5111 horremus
1163 5060 1407 5129 frigidarii
1468 5064 1796 5131 voluptatum
1839 5064 2153 5132 plenamque

598 5148 836 5202 Sentibus
865 5150 1178 5215 pertrahunt
1205 5152 1359 5203 via-tn.

672 5238 874 5289 Rursus
906 5239 948 5289 si
990 5239 1205 5306 spiritus
1238 5241 1443 5296 fervore
1480 5246 1723 5297 succensi
1761 5261 1922 5314 opera
1975 5249 2155 5302 carnis

600 5330 840 5383 volentes
864 5332 1201 5398 exstinguere
1234 5333 1346 5385 sine
1398 5336 1501 5387 ullo
1553 5340 2157 5405 respectu'l'ragilitatis

604 5422 867 5481 humanae,
910 5431 1044 5474 totos
1073 5424 1420 5490 nosmetipsos
1452 5430 1839 5481 tentaverintus
1882 5432 1946 5481 ad
1973 5432 2159 5483 immo-

603 5506 785 5559 derata
814 5508 1063 5560 virtutunt
1099 5513 1263 5561 studia
1294 5515 1467 5567 cordis
1497 5515 1726 5567 clatio..c
1754 5517 1996 5572 conferre
2034 5538 2042 5570 :
2080 5522 2158 5571 iu-

2248 4346 2604 4401 festinandum
2627 4356 2711 4401 est
2738 4346 2889 4400 nobis
2917 4354 2994 4410 ut,
3022 4360 3142 4400 cum
3183 4346 3549 4399 renuntiantes
3579 4343 3809 4398 desierio

2250 4453 2367 4492 mus
2391 4452 2507 4492 esse
2540 4436 2803 4502 carnales,
2838 4438 2890 4489 id
2912 4444 2993 4490 est
3041 4451 3071 4488 a
3121 4435 3453 4489 sa:cul..rium
3490 4423 3814 4503 emperimus

2250 4530 2657 4585 conversatione
2683 4528 2909 4597 sejungi,
2959 4527 3108 4581 etab
3162 4526 3251 4580 illa
3292 4525 3573 4580 manifesta
3628 4525 3814 4579 carnis

2251 4619 2542 4689 pollutione
2584 4632 2820 4682 cessare,
2851 4616 3181 4685 spiritualem
3212 4623 3410 4677 statum
3448 4614 3692 4683 protinus
3716 4628 3819 4683 ap-

2255 4708 2583 4778 prehendere
2604 4708 2857 4771 nitamur,
2887 4720 3225 4774 nequaquam
3248 4704 3621 4759 existimantes
3647 4717 3811 4772 quam

2255 4815 2418 4867 supra
2458 4799 2691 4853 diximus
2716 4797 3001 4850 exterioris
3040 4796 3271 4849 hominis
3313 4794 3718 4848 conversionem
3746 4790 3816 4846 ad

2256 4889 2640 4957 perfectionem
2682 4888 2833 4940 nobis
2862 4886 3126 4949 sullicere,
3152 4886 3195 4939 si
3216 4896 3353 4954 ‘erga
3379 4883 3815 4937 emendationem

2257 4988 2568 5031 exterarum
2608 4978 2910 5046 passionum
2952 4976 3203 5031 lentiores
3240 4975 3544 5029 reddamur.
3605 4971 3682 5024 Ne
3708 4970 3818 5025 for-

2260 5078 2309 5121 te
2353 5068 2552 5121 inventi
2584 5069 2635 5119 in
2666 5067 2764 5132 illo,
2810 5067 2986 5136 tepido
3019 5074 3159 5119 statu
3194 5065 3285 5133 qui
3328 5063 3637 5117 teterrimus
3673 5058 3817 5127 judi-

2261 5169 2433 5221 Catur,
2486 5159 2808 5212 evomcndos
2862 5173 2958 5211 nos
3006 5173 3070 5210 ex
3125 5172 3220 5211 ore
3273 5154 3481 5208 Domini
3523 5154 3816 5207 secundum

2258 5249 2371 5316 ejus
2410 5249 2725 5317 sententiam
2778 5250 3105 5311 noverimus,
3157 5248 3227 5300 ita
3299 5246 3559 5299 dicentis:
3603 5241 3818 5295 Utinam

2262 5339 2461 5391 calidus
2522 5355 2654 5390 esses
2706 5348 2794 5390 aut
2845 5339 3063 5406 [rigidus
3094 5379 3106 5401 ,
3151 5339 3237 5390 sed
3302 5338 3423 5405 quia
3472 5334 3672 5402 tepidus
3702 5348 3817 5407 in,

2263 5430 2502 5494 incipiant
2527 5439 2571 5480 tc
2606 5445 2834 5495 eittovere
2860 5447 2921 5481 ex
2941 5446 3026 5480 ore
3066 5446 3177 5481 meo
3208 5430 3391 5497 (Apoc.
3450 5442 3532 5489 ιιι,
3570 5425 3677 5496 15).
3709 5422 3820 5477 Nec

2266 5523 2530 5573 innuerh
2558 5536 2647 5573 eos
2681 5522 2954 5579 Dominus,
2978 5536 3109 5587 quos
3130 5521 3236 5586 jam
3270 5520 3319 5571 in
3353 5518 3640 5572 visceribus
3670 5529 3821 5593 rece«

4026 32 4077 59 φ..
4106 38 4107 41 η

4116 1006 4117 1033 l

4120 1066 4127 1121 ἱ

4132 1988 4137 2017 l
