4214 6202
381 162 514 219 ίυίὶθ

1599 144 2018 204 TRACTATUS
2052 143 2452 233 ASCETICIQS.
2489 141 2509 167 ⁵

3474 149 3615 208 1050

379 263 531 324 perat
558 250 857 314 charitatis,
883 246 1040 303 noxie
1072 248 1360 319 tepefactus
1390 259 1509 301 cum
1540 248 1771 313 quadam
1802 257 1929 295 con—
1959 255 2011 313 Α
2032 236 2165 293 viris
2197 252 2294 307 pro
2342 251 2554 291 summo
2594 234 2834 291 labomm
2887 240 3155 310 stipendio
3211 243 3611 311 repromittitur

376 343 615 398 vulsione
634 341 866 409 pectoris
889 339 968 394 sui
996 339 1317 392 emovendos
1333 351 1452 389 esse
1473 333 1797 404 pronuntiat,
1825 330 1935 400 qui,

376 448 500 484 cum
528 430 814 485 salutarem
844 428 1236 496 quodammodo
1262 427 1433 481 eidem
1483 425 1774 495 potuissent
1805 438 1939 491 prac-

376 522 505 575 bere
542 522 920 580 substantiam,
952 518 1103 572 avelli
1135 519 1201 571 ab
1234 518 1375 570 illius
1412 515 1709 571 visceribus
1739 514 1939 567 malue-

376 620 534 663 runt:
572 617 721 661 tanto
746 607 1040 661 deteriores
1065 607 1239 660 effecti
1293 605 1397 659 illis
1421 604 1511 674 qui
1540 619 1813 672 nunquam
1853 603 1933 657 ori

378 698 656 751 Dominico
680 695 811 749 illati
843 695 1146 757 suntcibis,
1200 702 1399 761 quanto
1429 693 1478 746 id
1526 690 1691 760 quod,
1739 703 1935 744 nausea

376 786 744 856 compellente,
769 784 1097 855 projicimus,
1125 784 1377 839 odibilius
1392 784 1742 838 detestamur.
1773 781 1935 846 Quid-

375 876 503 946 quid
529 876 672 929 enim
700 868 946 943 frigidum
970 884 1070 939 est,
1102 874 1261 928 etiam
1292 889 1387 927 ore
1415 883 1599 927 nostro
1629 880 1934 939 susceptum

371 967 601 1022 vertitur
624 968 674 1019 in
689 967 941 1026 calorem.
956 973 1008 1019 et
1030 965 1301 1019 salutifera
1326 964 1589 1019 suavitate
1604 963 1930 1032 percipitur;

374 1056 516 1125 quod
539 1064 716 1109 autem
742 1054 869 1107 vitio
899 1053 1063 1107 semel
1092 1054 1375 1122 perniciosi
1414 1052 1614 1120 teporis
1660 1050 1932 1119 objectum

375 1153 481 1205 est,
522 1158 623 1196 non
655 1142 827 1196 dicam
854 1140 1010 1194 labiis
1039 1141 1343 1203 admovere,
1377 1138 1471 1193 sed
1517 1139 1680 1193 etiam
1716 1138 1933 1193 eminus

373 1230 572 1283 intueri
602 1229 717 1283 sine
743 1229 945 1296 ingenti
992 1229 1214 1282 horrore
1256 1243 1358 1281 non
1387 1241 1687 1297 possumus.
1721 1225 1932 1281 Rectis-

373 1320 511 1380 sime.
534 1334 662 1389 ergo
684 1318 1059 1389 pronuntiatur
1074 1333 1191 1372 esse
1216 1318 1469 1381 deterior,
1493 1316 1617 1386 quia
1643 1316 1933 1385 faciliusad

374 1406 660 1462 salutarem
697 1407 1101 1461 conversionem
1156 1421 1216 1459 ac
1265 1405 1610 1475 perfectionis
1662 1407 1931 1477 fastigium

373 1494 605 1549 carnalis
632 1495 773 1562 quis,
802 1494 855 1547 id
907 1503 989 1547 est
1016 1494 1287 1547 saecularis
1317 1493 1398 1547 vel
1446 1493 1663 1563 gentilis
1702 1494 1929 1559 accedit,

2040 344 2136 400 per
2156 328 2470 399 prophetam
2490 368 2505 392 ,
2548 329 2875 382 concedatur
2895 343 2924 382 a
2959 330 3183 385 Domino
3210 350 3223 385 :
3254 334 3473 398 Arcum,
3495 333 3625 404 gla-.

2039 420 2206 480 dium,
2241 428 2289 471 et
2316 416 2517 482 bellum.
2534 428 2797 486 conteram
2828 418 2893 470 de
2920 428 3062 473 terra
3100 432 3290 487 vestra,
3314 433 3363 477 et
3384 424 3611 479 dormire

2038 525 2125 563 vos
2160 508 2353 576 faciam
2399 505 2717 575 ﬁducialiter
2745 505 2897 577 (Osee
2932 522 2990 572 ιι,
3022 506 3130 570 18).
3181 511 3249 564 Et
3274 512 3346 567 ita
3388 509 3606 568 demum

2036 600 2102 652 ad
2143 598 2288 667 illum
2344 596 2626 665 perveniet
2679 605 2877 668 Statum
2926 605 2983 649 ut
3035 598 3156 652 talis
3208 599 3508 655 inveniatur
3558 602 3611 657 in

2037 696 2195 742 nocte
2217 685 2390 755 qualis
2418 684 2470 738 in
2492 686 2609 749 die;
2640 685 2762 740 talis
2788 686 2838 738 in
2868 671 3224 756 lecto,’qualis
3248 689 3299 743 in
3325 692 3609 757 oratione;

2039 776 2158 831 talis
2220 775 2390 839 solus,
2433 775 2607 843 qualis
2659 775 2828 848 turbis
2881 776 3159 834 hominum
3202 777 3614 849 circumseptus.

2034 864 2317 919 PoStremo
2354 873 2412 917 nt
2439 877 2712 932 nunquam
2738 862 2793 917 in
2827 878 2892 918 eo
2918 863 3024 917 tale
3050 863 3253 933 aliquid
3289 864 3615 923 inevitabilis

2038 955 2127 1011 ille
2146 954 2340 1031 oculus
2388 954 2777 1023 deprehendat,
2809 955 2952 1027 quod
2978 954 3047 1009 ab
3089 954 3339 1012 humanis
3388 958 3617 1027 aspecti-

2033 1046 2135 1100 bus
2163 1044 2286 1099 velit
2332 1058 2450 1117 esse
2504 1043 2760 1098 celatum.
2795 1042 2907 1098 Hoc
2937 1052 3115 1098 autem
3150 1045 3241 1099 flet
3268 1041 3625 1117 Quandojam'

2034 1135 2281 1189 desinens
2303 1149 2429 1188 caro
2450 1134 2708 1187 adversus
2757 1122 3026 1202 spiritum
3054 1131 3455 1202 concupiscere,
3480 1132 3631 1193 desi;

2034 1224 2202 1277 deriis
2226 1224 2342 1293 ejus
2368 1223 2664 1291 virtutique
2705 1222 3061 1287 consenserit,
3112 1215 3483 1293 caper-uitrum
3513 1225 3614 1280 sibi

2034 1312 2263 1367 invicem
2318 1326 2451 1380 pace
2507 1310 2843 1367 ﬁrmissima,
2878 1310 3160 1376 ftederari,
3216 1312 3271 1368 et
3319 1306 3615 1368 secundum

2033 1400 2443 1471 Psaimographi
2507 1402 2876 1456 sententiam:
2923 1399 3282 1455 fiabitarerint
3325 1402 3515 1470 fratres
3560 1403 3616 1457 in

2034 1507 2196 1554 unum
2218 1490 2384 1561 (Psal.
2419 1504 2623 1555 cum,
2653 1489 2733 1559 2),
2758 1488 2903 1544 illam
2930 1489 3308 1559 repromissam
3330 1504 3361 1542 a
3390 1490 3618 1545 Domino

371 1598 536 1653 quam
558 1584 603 1638 is
622 1586 713 1653 qui
748 1584 1019 1653 professus
1044 1583 1388 1647 monachum,
1428 1596 1525 1637 nec
1569 1591 1747 1636 tamen
1788 1583 1930 1637 viam
1967 1594 2010 1653 Β
2037 1579 2425 1635 beatitudinem
2469 1581 2825 1649 possidentes,
2883 1580 2950 1633 de
2990 1595 3096 1649 qua
3147 1578 3263 1635 ait:
3314 1578 3372 1634 Si
3416 1582 3523 1635 duo
3552 1597 3617 1635 ea:

372 1673 717 1743 perfectionis
750 1674 1012 1742 arripiens
1030 1674 1323 1727 secundum
1357 1668 1591 1742 regulam
1615 1672 1934 1743 disciplinae,

372 1768 444 1822 ab
468 1766 558 1820 illo
585 1764 748 1820 semei
774 1765 1067 1834 spirituaiis
1095 1765 1323 1819 fervoris
1355 1764 1474 1835 igne
1529 1764 1795 1835 discessit.
1846 1765 1936 1820 llle
1959 1793 1987 1824 ο

373 1869 607 1924 namque
668 1853 1038 1923 corporalibus
1084 1854 1272 1908 saltem
1312 1853 1454 1908 vitiis
1494 1852 1836 1921 humiliatus,
1882 1861 1936 1908 et

373 1942 690 1998 horrescens
717 1932 861 1995 illum
880 1941 934 1996 in
958 1956 1065 2011 quo
1089 1952 1172 1997 est
1193 1941 1524 1997 infidelitatis
1548 1941 1934 2011 gelidissimum

371 2039 596 2095 statum,
619 2030 839 2099 spiritus
866 2030 1059 2085 ardore
1086 2044 1379 2085 succensus
1429 2028 1495 2083 ad
1545 2028 1961 2099 perfectionem.

374 2118 586 2173 facilius
610 2118 936 2175 convolabit.
968 2118 1068 2174 ilic
1088 2127 1265 2173 antem
1292 2118 1421 2174 dicit
1474 2118 1525 2172 in
1574 2118 1735 2174 corde
1787 2133 1886 2173 suo
1917 2136 1931 2174 :

377 2210 514 2276 Quia
545 2211 686 2265 diues
707 2227 822 2264 sunt
849 2221 896 2265 et
921 2212 1113 2266 nullius
1142 2228 1262 2281 egeo
1284 2212 1469 2283 (Apoc.
1499 2227 1590 2277 xv,
1621 2212 1729 2284 16).
1752 2212 1848 2267 Cui
1872 2213 1937 2268 il-

373 2296 465 2352 lud
492 2313 706 2368 quoque
731 2301 874 2369 quod
907 2300 1254 2371 subsequitur
1288 2310 1683 2370 consequenter
1732 2302 1935 2371 aptabi-

374 2394 465 2443 tur
492 2404 507 2441 :
538 2386 615 2442 Tu
644 2399 817 2443 autem
840 2407 893 2444 es
925 2391 1101 2457 miser,
1128 2399 1177 2445 el
1206 2387 1535 2457 miser-ouilia,
1563 2392 1611 2445 et
1640 2407 1859 2460 pauper,
1882 2401 1932 2447 et

368 2494 563 2543 circus,
596 2470 642 2534 et
664 2482 836 2534 nudus
857 2481 1039 2551 (Apoc.
1067 2481 1279 2551 ut,l7).
1305 2480 1363 2535 in
1417 2496 1483 2536 eo
1533 2480 1710 2536 factus
1768 2481 1934 2536 etiam

374 2569 619 2623 saeculari
656 2570 911 2636 deterior,
942 2574 1082 2640 quod
1106 2585 1205 2627 nec
1235 2572 1492 2626 miserum
1521 2586 1581 2627 se
1606 2586 1708 2627 nec
1732 2586 1933 2626 caseum

374 2670 470 2715 aut
493 2663 713 2728 nudum,
746 2673 839 2717 aut
862 2665 1241 2720 emundatione
1263 2665 1503 2736 dignum,
1525 2665 1611 2721 vel
1635 2678 1795 2735 egere
1820 2680 1936 2719 mo—

372 2750 507 2805 nitis
521 2750 742 2820 alicujus
769 2763 860 2807 aut
882 2753 1217 2809 institutione
1236 2757 1541 2827 cognoscit;
1595 2738 1700 2813 non
1738 2756 1953 2811 intelli-.

373 2856 508 2911 gens
532 2842 652 2912 ipso
679 2844 926 2898 monachi
956 2850 1170 2901 nomine
1217 2846 1538 2915 praegravari
1595 2860 1659 2898 ac
1707 2845 1934 2925 deprimi

373 2933 628 3000 opinione
662 2934 973 2999 multorum,
1003 2935 1151 3004 quia,
1174 2912 1299 2989 dum
1329 2912 1566 3015 creditur
1599 2936 1667 2989 ab
1686 2912 1936 2990 omnibus
1962 2912 2008 2973 (ἶ

378 3030 617 3084 sanctus,
636 3024 703 3076 let
730 3022 873 3075 velut
907 3023 998 3078 Dei
1036 3022 1265 3077 famulus
1313 3024 1524 3087 colitur,
1583 3038 1805 3077 necesse
1853 3022 1937 3079 est

376 3118 438 3162 ut
466 3108 518 3162 in
548 3107 728 3165 futuro
754 3110 1139 3166 vehementiori
1161 3109 1367 3179 judicio
1414 3125 1691 3181 menteque
1742 3112 1937 3166 subda-

377 3208 483 3254 tur.

977 3289 1199 3347 CAPUT
1228 3290 1311 3345 lV.

973 3380 1050 3435 De
1082 3383 1338 3438 castitate.

448 3466 553 3522 Sex
582 3478 705 3524 sunt
744 3470 1073 3525 castimoniae
1097 3475 1312 3539 gradus.
1355 3473 1567 3529 Primus
1605 3474 1803 3544 gradus
1829 3482 1932 3538 est,

376 3573 447 3613 ne
471 3559 697 3628 vigilans
719 3560 1110 3631 impugnatione
1140 3563 1341 3618 carnali
1372 3566 1665 3619 monachus
1685 3565 1934 3619 elidatur.

378 3646 674 3714 Secundus,
704 3666 770 3705 ne
818 3667 968 3705 tuens
998 3652 1137 3707 illius
1165 3654 1480 3723 voluptariis
1526 3655 1937 3723 cogitationibus

377 3737 709 3792 immoretur.
746 3739 977 3804 Tertius,
1007 3756 1072 3794 ne
1096 3741 1325 3795 femineo
1346 3742 1428 3795 vel
1466 3744 1694 3798 tenuiter
1720 3743 1786 3796 ad
1809 3759 1936 3796 con-

374 3829 759 3898 cupisceutiam
807 3840 1079 3885 moveatur
1122 3841 1360 3901 aspectu.
1399 3834 1649 3901 Quartus,
1692 3849 1758 3889 ne
1798 3835 1933 3904 vigi-

374 3912 495 3973 lans
517 3919 598 3973 vel
635 3921 927 3991 simplicem
952 3923 1126 3977 carnis
1177 3923 1409 3986 perferat
1440 3934 1663 3979 motum.
1709 3926 1935 3993 Quintus

375 4022 448 4064 ne
467 4023 586 4064 cum
612 4011 920 4065 memoriam
948 4014 1304 4083 generationis
1357 4015 1601 4069 humana:
1630 4016 1713 4070 vel
1738 4024 1936 4070 tracta-

374 4106 462 4153 tus
490 4097 625 4152 ratio
650 4099 731 4154 vel
758 4102 1050 4155 necessitas
1094 4100 1340 4157 lectionis
1370 4103 1670 4172 ingesserit,
1698 4104 1922 4159 subtilis-

374 4190 543 4243 simus
571 4199 829 4255 mentem,
858 4192 1168 4260 voluptariae
1203 4193 1429 4248 actionis
1480 4195 1817 4264 praestringat
1849 4210 1933 4249 as-
1961 4229 2010 4287 υ

372 4294 600 4344 sensus;
647 4282 739 4335 sed
792 4281 934 4335 velut
976 4298 1109 4352 Opus
1163 4286 1427 4353 quoddam
1481 4284 1705 4354 simplex
1742 4301 1805 4339 ac
1837 4287 1934 4339 mi-

370 4373 653 4427 nisterium
703 4375 934 4427 humano
971 4377 1147 4444 generi
1200 4376 1503 4429 necessario
1545 4376 1931 4442 contributum,

373 4462 657 4530 tranquillo
708 4478 774 4518 ac
820 4480 955 4533 puro
1021 4466 1197 4519 cordis
1269 4463 1659 4532 contempletur
1718 4465 1931 4532 intuitu,

370 4550 608 4619 nihilque
661 4551 884 4619 amplius
940 4553 1005 4607 de
1053 4553 1168 4623 ejus
1231 4552 1600 4606 recordatione
1667 4552 1934 4621 concipiat

370 4653 531 4707 quam
563 4650 604 4694 st
635 4643 999 4711 operationem
1048 4644 1271 4699 laterum
1295 4646 1378 4700 vel
1394 4646 1680 4715 cujuslibet
1706 4645 1931 4699 alterius

369 4729 593 4787 ofﬁcinae
617 4722 795 4787 mente
820 4743 1127 4802 pertractet.
1156 4736 1350 4790 Sextus
1380 4738 1711 4791 castimoniae
1732 4736 1931 4806 gradus

368 4832 472 4885 cst,
507 4838 573 4875 ne
606 4822 932 4878 illecebrosis
978 4825 1438 4892 phantasmatibus
1496 4826 1813 4880 feminarum
1850 4826 1930 4879 vel

371 4910 641 4963 dormiens
673 4910 939 4964 illudatnr.
972 4910 1121 4965 Licet
1146 4914 1286 4965 enim
1335 4915 1473 4967 hanc
1514 4914 1929 4969 ludificationem

370 5010 589 5071 peccato
615 5017 732 5056 esse
773 5003 1057 5056 obnoxiam
1089 5019 1194 5056 non
1223 5006 1524 5068 credamus,
1548 5007 1932 5073 concupiscen-

371 5092 457 5144 tiae
505 5101 680 5144 tamen
710 5092 884 5146 adhuc
912 5093 1215 5147 medullitus
1239 5095 1496 5148 latitantis
1526 5098 1778 5150 indicium
1814 5105 1927 5161 est;

369 5180 538 5234 donec
576 5180 829 5249 paulatim
879 5185 1169 5237 secundum
1217 5199 1521 5238 mensuram
1570 5186 1835 5240 castitatis
1865 5186 1930 5239 ad

368 5285 529 5337 quam
576 5273 943 5340 unusquisque
998 5275 1291 5337 contendit,
1346 5256 1396 5328 in
1441 5276 1619 5329 odium
1670 5275 1810 5329 illius
1855 5274 1930 5330 rei

370 5374 529 5429 quam
581 5364 933 5432 volhptariam
994 5376 1149 5421 antea
1198 5368 1482 5427 sentiebat.
1548 5383 1700 5424 mens
1766 5370 1929 5421 etiam

372 5465 558 5506 somno
605 5457 775 5524 sopita
822 5466 1080 5523 vertatur,
1131 5460 1363 5529 illudque
1416 5461 1463 5514 ei
1508 5461 1649 5530 quod
1705 5461 1929 5526 fortibus

2036 1667 2177 1723 nobis
2220 1669 2568 1722 consenserint
2617 1684 2773 1737 super
2817 1677 3032 1731 terram,
3069 1668 3132 1720 de
3170 1670 3311 1721 omni
3338 1685 3393 1723 re
3432 1686 3619 1739 quant-

2036 1774 2236 1828 cunque
2279 1760 2538 1827 petierint,
2577 1759 2665 1825 fiet
2708 1758 2813 1812 illis
2849 1776 2883 1812 a
2914 1756 3075 1811 Patre
3119 1775 3231 1813 meo
3277 1761 3366 1825 qui
3394 1762 3447 1814 in
3473 1760 3617 1815 caelis

2035 1847 2370 1919 est-(Matth.
2419 1864 2575 1913 xvnt,
2603 1848 2715 1919 19).
2747 1848 3002 1919 Quisquis
3052 1863 3183 1919 ergo
3240 1850 3618 1907 intellectualis

2036 1938 2179 1995 illius
2203 1940 2390 2004 Jacob,
2416 1940 2467 1995 id
2497 1950 2580 1995 est
2610 1940 3043 2010 supplantatoris,
3076 1941 3475 1997 transcenderit
3498 1958 3618 2014 gra-

2037 2029 2181 2095 dum,
2210 2030 2278 2083 ab
2302 2028 2391 2083 illa
2434 2026 2803 2084 continentia"
2832 2029 3212 2085 colluctatione
3258 2046 3323 2085 ac
3363 2032 3618 2103 supplan-

2038 2121 2241 2176 tatione
2290 2121 2542 2176 vitiorum
2603 2120 2979 2190 obstupefaeto
3043 2120 3268 2177 feruoris
3310 2137 3499 2190 nervo,
3544 2123 3614 2179 ad

2034 2206 2248 2264 lsraelis
2314 2209 2567 2263 meritum
2603 2220 2862 2278 perpetua
2905 2208 3088 2265 cordis
3142 2209 3440 2264 directione
3485 2226 3636 2264 con~-

2030 2298 2277 2353 scendet.
2301 2296 2471 2364 Quem
2494 2297 2740 2352 ordinem
2769 2297 2934 2352 etiam
2979 2298 3170 2353 beatus
3196 2297 3362 2353 David
3390 2300 3465 2353 ita
3494 2298 3619 2370 Spi-

2037 2388 2173 2441 ritus
2219 2388 2389 2442 sancti
2435 2388 2821 2445 vaticinatione
2868 2386 3161 2454 distinxit,
3207 2387 3264 2443 in
3302 2389 3496 2458 primis
3535 2388 3620 2444 in-

2035 2479 2264 2549 quiens:
2321 2478 2492 2533 Notus
2547 2480 2603 2533 in
2650 2478 2842 2533 Judwa
2886 2478 3028 2532 Deus
3061 2477 3237 2549 (Psal.
3266 2493 3429 2545 Lxxv,
3464 2480 3540 2549 i),
3565 2479 3619 2549 id

2035 2581 2119 2625 est
2150 2571 2429 2636 inanima,
2460 2586 2580 2641 qua:
2622 2570 2798 2625 adhuc
2862 2569 2962 2625 sub
3002 2572 3355 2640 peccatorum
3402 2570 3617 2628 confes-

2038 2662 2187 2716 sione
2222 2659 2486 2714 retinetur
2510 2675 2525 2719 ;
2548 2657 2728 2713 Judzea
2752 2660 2895 2713 enim
2924 2657 3179 2727 confessio
3198 2658 3617 2735 interpretatur.

2037 2746 2104 2803 In
2137 2744 2305 2802 Israel
2326 2757 2529 2811 autem,
2553 2748 2605 2803 id
2635 2757 2718 2803 est
2738 2748 2792 2802 in
2829 2761 2895 2803 eo
2917 2746 3007 2817 qui
3036 2745 3212 2801 videns
3250 2747 3439 2813 Deum,
3469 2749 3612 2816 sive,

2036 2847 2097 2892 ut
2120 2838 2335 2907 quidam
2384 2838 2794 2907 interpretatur,
2841 2838 3158 2892 rectissimus
3208 2835 3308 2893 Dei
3358 2848 3456 2903 est,
3507 2855 3614 2895 non

2038 2929 2210 2983 solum
2241 2937 2418 2994 notus,
2453 2928 2547 2983 sed
2568 2934 2626 2983 et
2656 2944 2900 2999 magnum
2932 2937 3016 2982 est
3035 2944 3220 2983 nomen
3248 2924 3381 2997 ejus.
3412 2929 3616 2986 Deinde

2037 3021 2104 3073 ad
2130 3015 2439 3074 sublimiora
2478 3034 2576 3073 nos
2606 3033 2924 3083 provocans,
2954 3027 3008 3074 et
3030 3017 3214 3075 volens
3239 3017 3405 3075 etiam
3433 3022 3611 3077 locum

2038 3109 2213 3178 ipsum
2276 3122 2382 3178 quo
2446 3105 2703 3163 Dominus
2763 3108 3081 3174 delectatur,
3145 3108 3492 3163 ostendere:
3544 3109 3612 3165 Et

2039 3194 2207 3264 factus
2232 3208 2329 3263 est,
2361 3199 2559 3267 inquit,
2607 3198 2662 3252 in
2690 3212 2815 3269 pace
2859 3197 3003 3252 locus
3051 3199 3165 3268 ejus
3208 3200 3406 3272 (ibid.).
3434 3199 3490 3256 Id
3512 3211 3615 3267 est,

2038 3304 2143 3343 non
2190 3282 2241 3343 in
2280 3288 2527 3355 conﬂictu
2572 3288 2887 3343 certaminis
2926 3298 2981 3343 et
3028 3288 3417 3347 colluctatione
3462 3288 3615 3349 vitio-

1988 3402 1995 3415 ι
2038 3394 2177 3444 rum,
2218 3378 2311 3434 sed
2342 3379 2396 3433 in
2418 3370 2755 3434 castimonia:
2795 3392 2942 3448 pace,
2985 3389 3041 3436 et
3092 3381 3269 3435 cordis
3300 3383 3606 3453 tranquilli-

2039 3477 2146 3525 tate
2170 3479 2444 3538 perpetua.
2477 3468 2630 3524 Hunc
2671 3470 2831 3541 igitur
2859 3470 3005 3539 pacis
3036 3470 3211 3525 locum
3257 3468 3613 3530 exstinctione

2038 3558 2333 3614 carnalium
2374 3557 2680 3627 passionum
2709 3558 2755 3613 si
2794 3559 2914 3628 quis
2966 3561 3222 3614 meruerit
3252 3562 3516 3627 obtinere,
3546 3578 3615 3617 es

2037 3648 2139 3702 hoc
2168 3662 2379 3717 quoque
2400 3644 2687 3717 proficiens
2719 3685 2734 3711 ,
2774 3647 2940 3717 gradu
2967 3661 3033 3701 ac
3070 3645 3200 3701 Sion
3223 3648 3535 3716 spiritualis,
3562 3646 3615 3705 id

2037 3746 2115 3796 est
2170 3736 2378 3807 specula
2415 3735 2514 3789 Dei
2563 3743 2956 3805 consequenter
3007 3734 3250 3799 effectus,
3304 3737 3410 3791 erit
3450 3738 3614 3791 etiam

2037 3827 2287 3880 habitatio
2318 3823 2452 3893 ejus.
2504 3823 2620 3880 Non
2667 3824 2810 3880 enim
2854 3826 2907 3877 in
2948 3823 3201 3879 conflictu
3246 3824 3611 3893 continentiae,

2037 3917 2127 3971 sed
2175 3912 2289 3985 jugl
2336 3909 2595 3969 virtutum
2647 3914 2860 3986 specula
2920 3916 3177 3971 Dominus
3226 3908 3611 3981 commoratur,

2012 4007 2125 4071 ,ubi
2149 4009 2260 4078 jam
2284 4018 2392 4061 non
2428 4006 2685 4072 retundit,
2718 4021 2824 4061 non
2861 4008 3191 4077 comprimit,
3250 4006 3345 4062 sed
3387 4007 3441 4062 in
3488 4021 3610 4078 per-

2038 4107 2255 4168 petuum
2277 4096 2542 4167 confregit
2566 4095 2831 4166 potentias
2857 4112 3079 4151 arcuum
3110 4114 3124 4160 ;
3152 4112 3217 4150 ex
3243 4094 3437 4167 quibus
3463 4096 3613 4153 vide-

2037 4184 2162 4242 licet
2203 4187 2491 4241 adverSum
2518 4199 2617 4241 nos
2659 4184 2955 4240 libidinum
2980 4186 3248 4255 quondam
3272 4184 3451 4252 facula
3480 4182 3612 4261 diri-4

2039 4278 2301 4347 gebautur
2338 4273 2767 4347 ignita.'Videtis
2799 4290 2929 4344 ergo
2968 4276 3089 4344 quia
3144 4278 3281 4329 sicut
3312 4290 3415 4328 non
3446 4258 3527 4329 εξι
3558 4277 3611 4331 in

2036 4367 2431 4441 colluctatione,
2483 4364 2847 4435 continentiae,
2896 4366 2987 4419 sed
3054 4365 3104 4418 in
3156 4364 3425 4420 castitatis
3480 4382 3613 4435 pace

2036 4460 2186 4514 locus
2214 4458 2459 4524 Domini;
2490 4457 2561 4511 ita
2585 4444 2746 4511 etiam
2796 4456 3054 4511 habitatio
3082 4453 3198 4522 ejus
3229 4454 3278 4509 in
3303 4454 3515 4523 specula
3539 4455 3606 4509 sit

2034 4557 2089 4604 et
2145 4548 2598 4617 contemplatione
2638 4546 2921 4599 virtutum.
2974 4543 3127 4599 Unde
3183 4559 3288 4600 non
3338 4542 3610 4599 immerito

2034 4647 2200 4708 porta:
2255 4638 2383 4692 Sion
2445 4622 3055 4690 cnnctisdlabernaculis
3101 4632 3269 4687 Jacob
3313 4631 3610 4702 proferun-

2037 4740 2141 4785 tur.
2171 4728 2353 4798 Diligit
2383 4728 2528 4783 enim
2572 4726 2827 4780 Dominus
2860 4734 3035 4794 portas
3088 4723 3219 4778 Sion
3247 4739 3402 4793 super
3430 4725 3605 4779 Omnia

2035 4818 2365 4874 tabernacula
2394 4819 2555 4873 Jacob
2586 4804 2757 4887 (f’sal.
2787 4830 3009 4878 uxxvr,
3045 4814 3119 4884 1).

2104 4910 2174 4966 Ut
2208 4911 2371 4981 igitur
2422 4924 2543 4964 cum
2574 4907 2691 4976 lege
2741 4906 2902 4959 animi
2955 4904 3037 4958 lex
3084 4918 3298 4973 quoque
3346 4914 3604 4972 congruat

2032 4999 2345 5072 corporalis,
2369 5001 2529 5053 etiam
2562 4998 2613 5051 in
2638 4997 2802 5065 ipsius
2833 5009 2984 5063 aqua:
3014 5001 3162 5062 potu,
3188 4993 3259 5045 ita
3305 5002 3386 5047 est
3411 4994 3603 5047 nimie-

2035 5104 2115 5163 tas
2143 5091 2477 5162 castiganda,
2510 5099 2565 5143 nt
2608 5087 2845 5143 humoris
2882 5084 3178 5154 quotidiani
3225 5084 3315 5137 illa
3354 5084 3605 5141 collectio

2032 5186 2233 5256 pigrius
2281 5183 2531 5239 arefactis
2576 5181 2799 5235 influens
2848 5176 3129 5240 membris,
3178 5170 3321 5228 illum
3361 5170 3604 5243 corporis

2034 5284 2237 5331 motum
2260 5290 2367 5329 non
2398 5272 2571 5327 solum
2601 5268 2959 5331 rarissimum,
3002 5280 3184 5319 verum
3216 5264 3376 5317 etiam
3401 5264 3599 5316 lentum

2031 5368 2241 5431 reddat,
2280 5378 2345 5418 ac
2404 5364 2659 5432 tepidum,
2706 5357 3079 5426 frigidumqne,
3124 5362 3183 5409 ut
3230 5354 3301 5407 ita
3348 5354 3599 5413 dixerim,

2032 5456 2230 5528 ignem,
2260 5463 2313 5511 ct
2334 5453 2535 5521 absque
2564 5448 2724 5503 ullius
2756 5445 3052 5511 adustlonis
3092 5444 3284 5499 ardore
3328 5451 3598 5499 rorantem
