4214 6194
638 189 772 244 1051

968 186 1027 242 S.
1072 185 1371 241 ANSElAll
1411 121 1765 239 CANTliAR:
1805 180 2122 236 AﬂClilEP.
2159 178 2216 235 Ol

2297 130 2528 235 .’PARS
2564 180 2623 235 ll.
2664 212 2735 223 —
2770 181 3136 239 PARIENET.
3164 186 3252 241 ΕΤ
3287 187 3527 243 ASCET.

3744 188 3883 247 1052

629 302 859 357 suscitet
889 299 1182 362 flaminiam,
1220 298 1392 350 instar
1431 296 1766 349 admirabilis
1808 295 1948 348 illius
1975 294 2219 349 Mosaica:
2246 301 2290 361 Α
2325 302 2451 359 test,
2477 309 2598 365 quae
2626 306 2893 366 corruptae
2915 301 3288 355 tantummodo
3317 302 3605 358 voluntatis
3624 313 3702 359 est
3731 305 3886 376 aegri-

630 391 877 451 visionis,
904 399 964 442 ut
988 386 1168 441 carnis
1190 394 1389 441 nostra:
1416 385 1582 438 rubus
1601 385 1822 438 innoxio
1845 384 1964 451 igne
1984 384 2208 437 circum-

632 479 790 535 datus
830 492 935 531 non
972 485 1200 540 uratur;
1229 474 1308 527 vel
1348 475 1491 528 sicut
1522 474 1731 527 illorum
1757 472 2213 538 trium‘juvenum,

631 566 914 636 quibttsita
940 572 1162 618 rorante
1186 563 1391 633 Spiritu
1412 562 1646 617 fornacis
1667 560 1971 614 Chaldaith
2002 558 2214 612 finitima

630 653 879 709 discussa
908 662 1012 719 est,
1045 661 1103 706 ut
1130 667 1199 707 ne
1227 652 1449 722 capillos
1494 638 1679 705 eorum
1708 657 1801 703 aut
1822 647 2061 703 fimbrias
2085 650 2219 703 odor

630 747 770 816 ignis
816 744 1064 809 afﬂaret;
1104 752 1163 799 ut
1200 744 1326 797 illud
1373 742 1771 812 quodammodo
1822 742 1964 809 quod
2018 742 2218 794 sanctis

631 835 1034 903 repromittitur
1074 848 1170 903 per
1224 833 1573 900 Proplietum,
1634 831 1954 899 incipiamus
1996 829 2109 897 jam
2161 832 2216 885 in

631 928 733 981 hoc
765 941 995 995 corpore
1026 925 1345 994 possidere:
1372 922 1503 975 Cum
1535 922 1884 975 antbttlaveris
1908 922 2212 991 perignem,

631 1032 737 1069 non
779 1015 1117 1079 combureris,
1148 1022 1197 1065 et
1236 1014 1455 1080 ﬂamma
1500 1028 1603 1065 non
1641 1010 1839 1064 ardebit
1880 1011 1934 1063 in
1962 1019 2010 1078 te
2040 998 2212 1080 (Psal.

632 1122 789 1168 mu,
818 1107 897 1173 2).
940 1104 1153 1167 Deliae
1184 1103 1524 1157 castimoniae
1572 1101 1808 1169 puritate
1864 1102 1995 1167 quid
2027 1102 2215 1154 beatus

630 1194 920 1261 Apostolus
966 1194 1221 1259 senserit,
1274 1191 1584 1262 diligentius
1641 1191 1993 1258 inquiramns.
2032 1188 2217 1241 Morti-

632 1286 805 1352 ﬁcate,
838 1284 1036 1352 inquit,
1074 1284 1306 1336 membra
1334 1292 1503 1337 vestra
1526 1297 1644 1351 qua:
1665 1290 1787 1333 sunt
1816 1297 1973 1349 super
1999 1290 2213 1334 terram.

630 1374 747 1430 Non
798 1376 985 1445 utique
1039 1375 1278 1428 membra
1328 1374 1573 1442 corporis
1631 1371 1821 1436 nostri,
1879 1371 1973 1424 sed
2020 1384 2215 1438 corpus

632 1465 864 1536 peccati,
914 1465 1058 1535 quod
1105 1472 1317 1520 constat
1342 1479 1411 1518 ex
1453 1463 1730 1527 membris,
1763 1462 2083 1530 quantocius
2123 1461 2215 1515 de-

633 1558 771 1613 strui
832 1557 946 1612 zelo
981 1554 1234 1626 perfecta:
1284 1555 1554 1610 desiderat
1609 1553 1937 1608 sanctitatis.
1992 1553 2068 1606 De
2104 1567 2213 1620 quo

2320 383 2467 449 tudo,
2523 384 2591 439 de
2644 401 2749 454 qua
2794 386 3048 445 Dominus
3078 389 3129 442 in
3179 388 3505 457 Evangelio:
3552 391 3655 457 Qui
3703 393 3886 446 viderit

2317 475 2585 527 mulierem
2608 476 2678 527 ad
2703 476 3165 541 concupiscendum
3190 494 3327 543 eam,
3350 480 3470 547 jam
3494 486 3775 538 mcechatus
3804 493 3883 539 est

2316 580 2431 619 eam
2457 565 2511 617 in
2544 564 2698 616 corde
2722 581 2816 618 suo
2845 565 3057 635 (Matth.
3090 583 3144 633 v,
3174 568 3286 638 28).
3316 568 3479 623 Multo
3522 572 3665 625 enim
3716 574 3889 644 majus

2318 664 2399 708 est
2432 654 2594 706 etiam
2625 660 2751 707 tunc
2773 654 2968 708 mentis
2989 654 3207 711 lubricae
3231 658 3554 713 desiderium
3583 663 3884 729 continere,

2316 757 2439 797 cum
2469 744 2518 797 ci
2546 742 2844 797 illecebrosi
2894 756 3143 813 aspectus
3164 747 3387 802 offertur
3416 751 3651 804 occasio.
3684 748 3888 817 Quibus
3925 809 3929 813 _

2318 833 2755 888 manifestissime
2805 837 3190 904 comprobatur
3219 840 3285 892 ad
3318 840 3703 907 perfectionem
3739 844 3889 913 puri-

2318 926 2447 979 tatis
2468 927 2844 980 castimoniam
2882 928 3226 982 Cmitinentim
3252 932 3554 998 corporalis
3583 934 3751 987 solam
3781 949 3890 989 non

2316 1031 2473 1085 posse
2516 1015 2781 1080 sufficere,
2810 1019 2911 1072 nisi
2951 1019 3000 1072 ei
3037 1022 3199 1074 etiam
3245 1022 3440 1076 mentis
3482 1023 3710 1078 addatur
3752 1026 3892 1081 inte-

2316 1109 2504 1177 gritas.
2543 1104 2671 1162 Post
2710 1124 2828 1177 qua:
2855 1110 3034 1164 omnia
3066 1111 3417 1168 novissimum
3448 1114 3597 1169 illius
3648 1120 3894 1187 corpozis

2316 1198 2637 1263 membrum,
2666 1208 2713 1252 et
2736 1200 3034 1263 avaritiam,
3065 1202 3254 1270 inquit,
3287 1205 3473 1272 procul
3518 1205 3681 1259 dubio
3709 1216 3895 1275 osten-

2317 1288 2449 1340 dens
2476 1303 2582 1341 non
2620 1287 2791 1342 solum
2824 1290 2892 1343 ab
2921 1291 3164 1359 appetitu
3206 1307 3390 1346 rerum
3437 1284 3731 1349 alienarum
3774 1300 3895 1352 ani-

2318 1388 2460 1426 mum
2484 1376 2888 1441 continendum,
2922 1390 3108 1432 verum
3153 1380 3318 1434 etiam
3351 1384 3569 1450 propria
3604 1386 3893 1452 magnani-

2316 1462 2497 1527 miter,
2522 1466 2934 1519 contemnenda.
2960 1465 3074 1520 Hoc
3099 1468 3243 1521 euitn
3271 1470 3399 1523 etin
3426 1470 3652 1527 Actibus
3672 1482 3893 1542 aposto-

2316 1550 2490 1607 lorum
2532 1553 2723 1610 fecisse
2752 1555 2949 1626 legitur
2984 1558 3317 1613 credentium
3357 1562 3661 1627 multitudo,
3688 1564 3755 1618 de
3782 1580 3895 1634 qua

633 1662 862 1717 corpore
896 1646 1020 1700 alibi
1055 1663 1069 1699 :
1107 1643 1173 1698 Ut
1194 1646 1520 1709 destruatur,
1577 1644 1773 1711 inquit,
1801 1658 1990 1712 corpus
2015 1643 2214 1713 peccati

2318 1640 2562 1694 dicitur:
2621 1641 2980 1699 Multitudinis
3026 1657 3202 1701 autent
3272 1648 3595 1704 credentium
3647 1663 3760 1707 erat
3801 1670 3895 1707 cor

634 1737 808 1807 (Rom.
845 1752 920 1799 vt,
950 1737 1026 1805 6).
1069 1736 1137 1789 Et
1157 1750 1279 1805 quae
1318 1736 1391 1790 sit
1413 1735 1530 1803 ejus
1558 1735 1857 1789 destructio
1882 1749 2216 1803 consequen-

637 1836 719 1882 ter
744 1828 985 1896 cxponit
1018 1845 1031 1880 :
1069 1825 1131 1880 Et
1157 1827 1294 1894 jam,
1339 1826 1535 1895 inquit,
1564 1842 1667 1880 non
1703 1827 1989 1880 serviamus
2010 1835 2217 1894 peccato

634 1917 831 1988 (ibid.).
860 1920 904 1972 A
932 1934 1041 1987 quo
1067 1917 1232 1972 etiam
1280 1916 1500 1971 liberari
1542 1932 1663 1970 eum
1712 1915 1912 1983 ejulatu
1956 1915 2217 1985 postulat,

632 2010 861 2064 dicens:
898 2008 1090 2075 infelix
1129 2024 1222 2076 ego
1261 2008 1440 2090 homo,
1466 2007 1582 2077 quis
1631 2010 1712 2060 me
1740 2006 1977 2059 liberabit
2020 2005 2084 2059 de
2104 2022 2220 2058 cor-

633 2116 757 2170 pore
785 2100 967 2154 mortis
1000 2099 1157 2169 hujus
1186 2098 1212 2152 ἲ
1251 2098 1426 2169 (Rom.
1461 2114 1559 2162 Vit,
1587 2098 1704 2169 24.)
1742 2097 1856 2151 Hoc
1891 2098 2073 2166 itaque
2096 2111 2219 2165 pec-

635 2187 741 2241 cati
770 2202 968 2257 corpus
1018 2186 1205 2240 multis
1248 2187 1500 2240 vitiorum
1546 2186 1804 2241 membris
1847 2185 2104 2252 probatur
2125 2201 2219 2240 ex-

634 2285 923 2340 structum,
960 2285 1015 2328 et
1069 2276 1137 2329 ad
1162 2275 1279 2343 ejus
1311 2276 1545 2330 attinere
1598 2262 1923 2344 portionem,
1959 2276 2218 2344 quidquid

633 2364 719 2439 vel
740 2364 906 2430 facto,
936 2365 1018 2420 vel
1049 2366 1213 2430 dicto,
1249 2365 1333 2419 vel
1376 2365 1709 2434 cogitatione
1748 2374 1998 2434 peccatur
2024 2382 2037 2417 :
2066 2363 2218 2431 cujus

634 2458 879 2510 membra
906 2472 1069 2526 super
1099 2468 1297 2510 terram
1332 2456 1633 2511 rectissime
1657 2471 1776 2511 esse
1803 2451 2071 2509 dicuntu’r.
2098 2454 2214 2510 Non

633 2530 1042 2613 enimpossuut
1064 2544 1097 2596 ii
1131 2545 1222 2613 qui
1257 2559 1445 2596 eorum
1480 2552 1706 2617 utuntur
1730 2543 2035 2597 ministerio
2067 2544 2213 2596 veri-

632 2632 753 2687 dice
800 2634 1079 2701 profiteri:
1131 2632 1329 2685 Nostra
1370 2642 1546 2685 autem
1597 2633 1918 2686 conversatio
1965 2635 2020 2686 in
2076 2632 2216 2685 cazlis

633 2732 708 2774 est
744 2720 999 2790 (Philipp.
1029 2734 1113 2784 ιιι,
1170 2722 1279 2790 i0).
1316 2720 1483 2788 Hujus
1539 2710 1705 2789 igitt'tr
1752 2722 1996 2789 corporis
2031 2721 2085 2774 in
2114 2721 2216 2776 hoc

638 2811 760 2867 loco
788 2812 1076 2881 Apostolus
1103 2810 1675 2879 membra,describens
1700 2828 1713 2863 :
1756 2808 2095 2877 Mortiﬁcate,
2125 2810 2214 2864 in-

634 2903 775 2971 quit,
803 2908 1032 2958 membra
1061 2912 1231 2956 vestra
1253 2918 1369 2972 qua
1400 2910 1519 2955 sunt
1542 2916 1699 2971 super
1723 2911 1954 2955 terram:
1977 2901 2213 2970 fornica-

2270 1780 2289 1797 _
2321 1744 2484 1781 unum
2504 1740 2551 1783 et
2582 1732 2759 1785 anima
2786 1750 2910 1796 una,
2946 1744 3077 1799 etc.,
3100 1752 3270 1807 usque
3314 1739 3678 1793 dividebantur
3716 1753 3894 1795 autem

2319 1820 2536 1890 singulis
2576 1832 2730 1891 prout
2778 1825 2985 1893 cuique
3017 1842 3147 1895 opus
3176 1838 3286 1880 erat
3318 1828 3457 1897 (Act.
3484 1843 3559 1891 tv,
3584 1828 3700 1898 52).
3730 1830 3799 1883 Ει
3826 1845 3896 1887 ne

2319 1910 2386 1962 ad
2411 1924 2610 1977 paucos
2645 1911 2919 1979 pertinere
2975 1915 3251 1969 videretur
3301 1917 3402 1970 ista
3447 1916 3733 1985 perfectio,
3765 1932 3898 1972 ava-
3968 1908 3975 1913 Α

2320 2001 2501 2054 rltiam
2528 2001 2943 2057 simulacrorum
3000 2007 3316 2059 servitutem
3345 2021 3466 2062 esse
3514 2016 3740 2063 testatus
3780 2018 3890 2063 est.

2321 2085 2429 2142 Nec
2484 2089 2778 2143 immerito.
2840 2090 3095 2161 Quisquis
3150 2092 3293 2147 enim
3358 2108 3463 2147 non
3528 2095 3897 2151 communicat

2320 2180 2731 2234 necessitatibus
2802 2196 3115 2251 egenorum,
3166 2192 3221 2238 et
3269 2185 3511 2252 pecuniae
3556 2197 3669 2241 sua:
3725 2202 3894 2256 quam

2322 2273 2521 2327 infideli
2555 2278 2843 2329 tenacitate
2869 2292 3175 2341 conservas,
3205 2276 3404 2332 Christi
3451 2289 3713 2348 praecepta
3737 2289 3893 2349 post-

2321 2364 2491 2433 ponit,
2538 2364 2860 2420 idololatriae
2895 2367 3099 2439 crimen
3145 2367 3389 2432 incurrit,
3443 2383 3681 2424 amorem
3740 2369 3895 2424 scili-

2319 2462 2405 2507 cet
2457 2454 2696 2510 materite
2749 2456 3036 2509 mundialis
3091 2456 3285 2510 divinae
3350 2456 3645 2527 praeferens
3711 2458 3896 2514 chari-

2318 2542 2436 2596 tati.
3136 2544 3137 2547 “

2388 2632 2446 2687 In
2484 2640 2689 2687 tantum
2747 2642 2927 2689 autem
3001 2635 3197 2691 beatus
3235 2635 3524 2706 Apostolus
3581 2637 3896 2694 fornicatio-

2319 2736 2439 2775 nem
2466 2711 2579 2775 sive
2622 2722 3020 2776 immunditiam
3047 2724 3113 2778 de
3139 2725 3340 2779 nostris
3386 2726 3649 2780 membris
3693 2731 3896 2782 exstir-

2318 2812 2435 2880 pari
2475 2826 2632 2880 posse
2684 2811 2925 2877 confidit,
2974 2824 3032 2866 ut
3064 2828 3169 2867 non
3215 2814 3385 2868 solum
3436 2816 3749 2870 mortificari
3806 2834 3895 2883 ea,

2317 2899 2504 2955 sedne
2533 2902 2800 2954 nominari
2836 2903 3051 2971 quidem
3094 2904 3148 2956 in
3185 2905 3341 2959 nobis
3388 2904 3588 2960 debere
3648 2922 3898 2976 pronun-

634 2993 851 3059 tionem,
918 2992 1328 3056 immunditiam,
1392 2991 1682 3056 libidinem,
1743 2961 2285 3060 concupiscentiaan
2320 2988 2458 3043 tiet:
2512 2986 2839 3056 Fornicatio,
2889 2986 3160 3058 inquiens,
3212 3002 3263 3044 et
3306 2993 3477 3056 omnis
3531 2961 3896 3062 imuiunditia,

633 3082 830 3136 malum
848 3093 894 3136 et
924 3084 1225 3147 avaritiam,
1266 3100 1383 3154 qua:
1417 3094 1493 3137 est
1540 3082 1945 3137 simulacrorum
1998 3083 2213 3136 servitus

635 3172 861 3246 (Coloss.
918 3190 1005 3237 tu,
1042 3174 1121 3244 5).
1171 3174 1357 3229 Primo
1411 3177 1595 3243 itaque
1634 3175 1754 3229 loco
1811 3172 2211 3242 fornicationem

634 3263 867 3317 credidit
897 3262 1252 3330 inferendam,
1280 3279 1401 3333 qua:
1440 3262 1645 3317 carnali
1693 3262 2070 3320 commistione,
2093 3276 2215 3330 per-

636 3355 838 3408 ficitur.
906 3353 1214 3408 Secundum
1253 3352 1418 3407 etiam
1467 3351 1771 3407 membrum
1826 3350 2263 3405 immunditiam.

635 3442 991 3515 nuncupavit,
1054 3456 1176 3512 qua:
1244 3456 1629 3510 nonnunquam
1702 3440 1904 3508 absque
1973 3436 2216 3492 mulieris

635 3541 785 3587 tactu
810 3531 895 3587 vel
912 3531 1305 3587 dormientibus
1334 3532 1416 3595 vel
1445 3531 1795 3602 vigilantibus
1826 3538 1924 3599 per
1947 3529 2211 3584 incuriam

636 3621 1104 3691 incircumspecta:
1159 3621 1358 3675 mentis
1381 3620 1619 3687 obrepit.
1648 3620 1716 3673 Et
1743 3619 1865 3673 ideo
1896 3627 2116 3674 notatur
2150 3631 2215 3671 ac

632 3710 953 3783 prohibetur
1002 3711 1055 3764 in
1102 3709 1241 3780 lege,
1296 3726 1417 3778 qua:
1458 3709 1765 3764 immundos
1818 3722 2061 3778 quosque
2107 3721 2213 3761 non

633 3803 809 3858 solum
857 3817 1137 3857 sacrarum
1188 3803 1433 3857 cartiium
1488 3802 1905 3873 participatione
1959 3800 2210 3872 privavit,

634 3906 825 3946 verum
876 3892 1040 3946 etiam
1072 3907 1139 3947 ne
1166 3900 1420 3947 contactu
1457 3908 1557 3947 suo
1594 3902 1784 3947 saneta
1836 3891 2160 3961 polluerent,
2183 3906 2212 3943 a

637 3991 941 4041 castrorum
989 3981 1150 4051 jussit
1205 3985 1624 4053 congregatione
1687 3982 1919 4047 secerni,
1986 3982 2210 4036 dicens:

635 4074 828 4126 Anima
884 4088 1205 4142 qutecunque
1251 4073 1530 4125 comederit
1570 4074 1634 4125 de
1670 4071 1915 4125 carnibus
1965 4070 2214 4138 sacriﬁcii

636 4164 887 4219 salutaris
938 4165 1077 4233 quod
1114 4174 1187 4217 est
1228 4163 1461 4229 Domini,
1502 4165 1556 4216 in
1608 4180 1713 4235 qua
1741 4174 1814 4217 est
1859 4163 2212 4226 immundttia,

633 4240 817 4318 peribit
840 4269 1016 4306 coram
1042 4252 1267 4305 Domino
1298 4251 1561 4322 (Levﬁvu,
1585 4251 1697 4322 2|).
1730 4251 1796 4304 Et
1817 4252 2069 4321 quidquid
2096 4253 2207 4305 tcti-

633 4347 766 4415 gerit
812 4345 1135 4406 immundus,
1186 4345 1513 4395 immundum
1565 4343 1661 4396 erit
1709 4341 1853 4413 (Leu.
1887 4358 2021 4409 xxu,
2051 4342 2209 4411 5).ln

634 4437 1055 4490 Deuteronomio
1080 4450 1293 4504 quoque
1327 4452 1339 4487 :
1369 4432 1427 4487 Si
1454 4434 1612 4503 fuerit
1651 4435 1785 4487 inter
1810 4452 1898 4488 vos
1927 4436 2081 4489 homo
2123 4436 2210 4503 qui

635 4537 889 4580 nocturno
917 4526 1148 4594 pollutus
1166 4536 1239 4577 est
1268 4526 1487 4590 somnio,
1515 4526 1809 4594 egredietur
1829 4537 1975 4579 extra
1997 4536 2208 4588 castra;

630 4628 680 4671 et
738 4634 842 4669 non
861 4626 1170 4670 «evertetur
1224 4616 1529 4685 priusquam
1585 4617 1653 4669 ad
1698 4632 1955 4681 vesperam
2015 4617 2212 4670 [aretur

635 4714 814 4775 aqua;
856 4716 902 4758 et
954 4716 1067 4774 post
1105 4704 1231 4757 solis
1288 4722 1531 4759 occasum
1580 4706 1899 4777 regredietur
1942 4708 1996 4758 in
2037 4718 2211 4760 castra

635 4797 813 4865 (Deut.
848 4812 1004 4863 χχιιι,
1037 4795 1143 4865 10).
1180 4782 1382 4851 Deinde
1411 4799 1626 4851 tertium
1657 4798 1866 4866 peccati
1909 4798 2209 4851 membrum

634 4887 901 4939 libidinem
958 4890 1159 4957 posuit,
1214 4903 1333 4956 quae
1384 4890 1432 4941 in
1488 4890 1787 4945 recessibus
1836 4892 2032 4942 anima:
2081 4906 2207 4943 coa-

588 4964 589 4967 l
636 4976 869 5039 lescens,
898 4978 1144 5031 accidere
1169 4979 1399 5047 cuipiam
1422 4982 1585 5033 etiam
1639 4982 1755 5034 sine
1801 4981 2051 5049 passione
2086 4995 2204 5034 cor-

635 5066 783 5134 poris
841 5075 1036 5131 potest.
1089 5066 1386 5122 Libidinem
1443 5071 1586 5123 euim
1637 5071 1705 5124 ab
1749 5084 1813 5123 eo
1848 5072 1993 5138 quod
2041 5071 2208 5123 libeat

636 5153 834 5207 dictam
855 5169 996 5221 esse,
1029 5174 1132 5211 non
1156 5159 1373 5213 dubium
1399 5168 1500 5213 est.
1527 5159 1654 5213 Post
1684 5162 1801 5215 lucc
1822 5162 1887 5214 de
1916 5160 2207 5227 majoribus

632 5247 871 5313 peccatis
920 5249 987 5302 ad
1055 5252 1259 5306 minora
1315 5257 1679 5321 descendens,
1729 5238 1977 5323 quartum
2028 5235 2209 5306 intulit

633 5338 958 5404 membrum,
988 5350 1451 5413 concupiscentiam
1500 5350 1715 5413 malam,
1750 5364 1871 5417 qua:
1904 5364 2008 5401 non
2035 5348 2205 5401 solum

634 5429 703 5482 ad
736 5432 1043 5498 prmdictam
1076 5439 1415 5508 lmplltllCili‘J‘
1446 5440 1800 5510 passionem,‘
1828 5458 2012 5496 verum
2040 5440 2205 5495 etiam

632 5522 701 5576 ad
726 5537 911 5580 omnes
942 5528 1127 5583 noxias
1169 5533 1489 5600 cupiditates
1539 5532 1861 5598 generaliter
1895 5532 2079 5587 referri
2106 5549 2200 5602 po—

2314 3088 2405 3131 aut
2432 3069 2655 3133 avaritia
2699 3097 2790 3134 nec
2832 3083 3127 3135 nominetur
3149 3084 3201 3136 in
3232 3083 3398 3150 vobis,
3441 3085 3573 3137 sicut
3594 3085 3735 3138 decet
3766 3102 3891 3139 san-

2315 3176 2446 3231 ctos,
2472 3176 2563 3221 aut
2588 3168 2877 3236 turpitudo,
2916 3178 3005 3221 aut
3042 3168 3441 3239 stultiloquium,
3480 3182 3571 3224 aut
3592 3172 3894 3226 scurrilitas

2312 3272 2428 3326 qua:
2451 3259 2522 3311 ad
2552 3274 2658 3311 rem
2683 3275 2785 3311 non
2808 3259 3024 3328 pertinet
3049 3258 3265 3329 (Ephes.
3290 3275 3345 3321 ν,
3373 3262 3424 3324 '5,
3458 3263 3537 3331 4).
3570 3262 3700 3328 Qua:
3721 3262 3893 3316 etiam

2315 3346 2430 3413 pari
2471 3345 2629 3398 modo
2686 3348 2990 3428 perniciosa
3032 3361 3174 3413 esse,
3212 3360 3266 3403 et
3308 3351 3499 3419 :equali
3526 3366 3625 3405 nos
3660 3368 3690 3404 a
3721 3366 3894 3422 regno

2314 3438 2407 3491 Dei
2431 3437 2739 3493 exclusione
2766 3438 3031 3507 depellere
3080 3441 3290 3507 edocet,
3342 3443 3529 3496 dicens
3557 3458 3573 3499 :
3601 3442 3747 3496 Illud
3773 3460 3879 3497 au-

2313 3538 2414 3581 tem
2459 3528 2640 3579 scitote
2684 3528 2823 3595 quod
2860 3529 3027 3582 omnis
3067 3529 3377 3596 fornicator,
3419 3542 3508 3584 aut
3557 3533 3886 3600 immundus,

2314 3625 2404 3669 aut
2434 3632 2644 3678 avarus,
2690 3618 2830 3686 quod
2880 3629 2955 3671 est
3005 3619 3261 3673 idolorum
3310 3623 3551 3687 servitus,
3594 3640 3695 3676 non
3734 3625 3889 3679 habet

2312 3706 2667 3759 hereditatem
2722 3709 2775 3761 in
2820 3725 2975 3777 regno
3029 3708 3224 3763 Christi
3256 3720 3303 3765 et
3350 3712 3448 3765 Dei
3495 3714 3667 3783 (ibid.,
3695 3715 3774 3784 3).
3825 3716 3892 3771 Et

2325 3800 2519 3852 iterum
2567 3817 2579 3851 :
2634 3798 2812 3855 Nolite
2856 3818 3033 3855 errare
3078 3816 3098 3853 :
3136 3820 3294 3872 neque
3349 3806 3646 3874 fornicarii,
3722 3824 3889 3878 neque

2312 3889 2467 3942 idolis
2490 3892 2785 3955 servientes,
2827 3908 2987 3961 neque
3014 3892 3259 3957 adulteri,
3293 3911 3456 3963 neque
3489 3896 3691 3961 molles,
3723 3914 3889 3965 neque

2314 3981 2667 4035 masculorum
2694 3983 3070 4047 concubitores,
3112 4000 3274 4053 neque
3317 3985 3482 4051 fures,
3517 4002 3682 4054 neque
3712 3988 3885 4055 avari,

2317 4089 2479 4142 neque
2504 4073 2719 4138 ebriosi,
2754 4090 2916 4143 neque
2946 4074 3213 4140 maledici,
3238 4091 3398 4144 neque
3430 4093 3643 4144 rapaces
3670 4094 3888 4147 regnum

2316 4163 2409 4215 Dei
2454 4164 2788 4231 possidebunt
2827 4163 2877 4231 (Ι
2934 4163 3056 4217 Cor.
3111 4180 3184 4230 vt,
3215 4165 3289 4235 9).
3320 4166 3509 4223 Certos
3547 4178 3722 4222 autem
3761 4186 3885 4225 esse

2238 4284 2288 4341 Β
2317 4267 2412 4306 nos
2439 4255 2687 4307 convenit
2719 4255 2882 4321 quod,
2914 4253 3037 4306 licet
3059 4269 3270 4307 omnem
3323 4255 3663 4309 continentia:
3696 4257 3887 4311 distri-

2313 4348 2567 4409 ctionem,
2597 4345 2796 4398 famem
2846 4343 3052 4400 scilicet
3075 4359 3140 4398 ac
3190 4345 3375 4407 situm,
3407 4344 3617 4412 vigilias
3668 4350 3885 4413 quoque

2312 4450 2367 4494 et
2421 4438 2600 4506 operis
2642 4435 2949 4505 jugitatem,
2995 4450 3156 4504 atque
3215 4436 3546 4489 iucessabilis
3595 4436 3884 4489 subeamus

2313 4530 2549 4583 studium
2621 4528 2884 4590 lectionis,
2950 4538 3255 4595 perpetuam
3320 4536 3495 4579 tamen
3546 4526 3882 4580 castimonia:

2313 4621 2597 4690 puritatem
2624 4621 2812 4672 horum
2843 4618 3083 4671 laborum
3106 4619 3297 4693 merito
3316 4618 3625 4684 contingere
3645 4630 3881 4683 ncquca-

2314 4728 2455 4776 mus,
2505 4713 2608 4764 nisi
2638 4712 2692 4763 in
2734 4711 2817 4763 bis
2861 4708 3063 4778 jugiter
3135 4709 3477 4772 desudantes,
3536 4706 3881 4776 experientia:

2312 4803 2621 4872 magisterio
2672 4804 2963 4854 doceamur
3018 4792 3471 4869 incorruptibnem
3526 4796 3643 4864 ejus
3684 4798 3879 4851 divina

2311 4894 2497 4961 gratia:
2549 4892 2794 4961 largitate
2844 4892 3081 4945 CtﬂCCl“.
3146 4890 3432 4944 Sciendum
3491 4886 3876 4956 quoquequia

2264 5006 2267 5009 ν
2311 4993 2564 5051 quantum
2596 4984 2717 5050 quis
2743 4983 2792 5034 in
2818 4982 3035 5047 leuitate
3072 4998 3132 5035 ac
3147 4981 3416 5049 .patientia
3442 4972 3640 5043 cordis,
3668 4987 3874 5032 tantum

2313 5075 2362 5126 iu
2418 5076 2660 5143 corporis
2724 5074 2956 5141 puritate
3020 5072 3281 5141 proficiet.
3350 5071 3500 5125 Unde
3564 5070 3872 5124 Dominus:

2310 5165 2459 5217 Beati
2482 5166 2648 5226 mites,
2672 5166 2915 5231 quoniam
2949 5166 3044 5230 ipsi
3079 5164 3408 5231 possidebunt
3432 5173 3622 5215 terram
3655 5159 3870 5231 (Matth.

2310 5270 2360 5320 v,
2388 5254 2465 5323 4).
2493 5253 2605 5307 Νοιι
2639 5269 2766 5321 ergo
2790 5253 2945 5304 aliter
2968 5262 3201 5306 nostram
3231 5253 3622 5323 possidebimus
3646 5259 3872 5314 terram,

2309 5348 2360 5401 id
2390 5360 2493 5413 e5t,
2527 5365 2629 5401 non
2654 5349 2786 5402 alias
2812 5348 2999 5401 ditioni
3029 5356 3223 5399 nostra!
3279 5343 3493 5398 rebellis
3546 5339 3705 5406 hujus
3753 5352 3872 5394 eor-

2308 5439 2458 5508 poris
2490 5447 2629 5491 terra
2672 5439 2951 5501 subdetur,
2997 5438 3096 5503 nisi
3145 5452 3294 5491 mens
3329 5444 3510 5488 nostra
3561 5432 3711 5500 prius
3751 5430 3869 5483 fue-

2314 5532 2670 5598 ritpaticutim
2704 5532 2923 5585 lenitate
2951 5527 3188 5584 fundata.
3226 5529 3484 5583 Man‘sueti
3518 5526 3661 5581 enim
3706 5520 3869 5591 possi-

3674 6074 3715 6093 Α

4096 73 4134 585 l
