4214 6202
428 236 562 295 10⁵53

1607 220 1969 280 TRACTATU
1981 220 2016 274 S
2053 214 2336 272 ASCI'LTiC
2348 215 2381 268 L'
2393 213 2449 266 S.

422 353 610 406 debent
637 357 824 401 terram
845 344 1012 415 (Ptol.
1034 359 1214 404 xxxvr,
1248 341 1350 412 ll).
1371 339 1439 394 Et
1463 353 1567 394 non
1591 338 1764 390 solum
1789 335 1963 404 possi—
1993 343 2045 393 Α.
2070 331 2239 385 donec
2271 325 2521 380 continua
2575 319 2917 373 meditatione
2972 317 3176 371 imbttat
3209 283 3439 368 mentem
3473 324 3635 372 tuam,

424 439 620 494 debunt
641 448 780 497 eam,
808 432 901 487 sed
926 432 1089 487 etiam
1127 428 1516 481 delectabantur
1561 427 1615 478 in
1643 423 1976 478 multitudine

420 524 584 594 pacis,
617 538 718 590 qua
741 535 896 574 nemo
931 520 984 572 in
1009 517 1163 587 cujus
1189 529 1354 570 carne
1395 514 1570 568 adhuc
1615 511 1748 566 bella
1779 525 1978 564 concu-

422 613 693 682 piscentiae
719 610 1065 674 suscitantur,
1095 607 1356 662 Stabiliter
1386 603 1709 673 perfruetur.
1749 600 1978 654 Necesse

401 710 503 755 est
528 698 669 768 enim
701 695 935 750 infestari
971 711 1090 750 eum
1121 692 1400 748 dirissimis
1422 691 1722 744 dzemonum
1751 687 1969 755 praaliis,

420 808 475 852 et
504 795 684 866 ignitis
704 791 1134 861 luxuritejaculis
1166 786 1465 859 sauciatum
1485 801 1514 838 a
1537 796 1693 838 terrae
1714 797 1825 836 sum
1852 793 1979 848 pos-

420 887 659 940 sessiOne
692 883 920 946 devolvi,
951 883 1120 936 donec
1153 879 1409 933 Dominus
1433 876 1639 943 auferat
1660 872 1794 926 bella
1820 885 1980 939 usque

423 977 490 1027 ad
538 975 682 1070 ﬁnes.
725 983 876 1026 teme
913 971 1057 1040 ejus,
1107 983 1282 1021 arcum
1327 974 1577 1028 conterat,
1611 973 1655 1015 et
1685 961 1978 1029 confringet

677 1069 686 1070 κ
1077 1057 1089 1070 ι
1209 1066 1219 1070 -
1270 1057 1280 1068 ι
1358 1056 1368 1066 ι
1399 1051 1464 1070 In
1535 1052 1547 1070 Ι
1618 1066 1716 1070 --μ
1766 1051 1819 1070 n\
1889 1047 1974 1070 211,

422 1078 593 1126 arma,
640 1047 687 1115 ἂ
722 1071 881 1136 ⁸ιςειιιιι
955 1057 1220 1111 comburat
1262 1056 1368 1124 igni
1395 1051 1566 1118 (Psal.
1618 1066 1737 1114 XLV,
1766 1051 1841 1112 9),
1889 1047 1978 1102 illo

422 1153 625 1207 scilicet
647 1166 803 1220 quem
833 1149 1092 1203 Dominus
1123 1147 1266 1199 venit
1299 1145 1512 1196 mittere
1539 1157 1698 1210 super
1750 1148 1970 1192 terram.

421 1243 487 1296 Et
509 1243 578 1295 ita
601 1256 722 1294 cum
742 1255 863 1293 eum
889 1239 1144 1291 Dominus
1175 1245 1459 1288 conterens
1483 1231 1617 1285 bella
1644 1231 1711 1282 ab
1739 1215 1978 1282 omﬁium

419 1329 808 1382 inecntivorum
856 1307 1076 1380 testibus
1125 1321 1452 1385 liberaverit,
1491 1320 1555 1372 ad
1597 1319 1742 1371 illum
1779 1316 1978 1384 purita-

421 1416 490 1469 tis
517 1414 792 1484 perveniet
852 1421 1048 1466 statum
1079 1420 1155 1474 ut,
1198 1409 1435 1476 deposita
1485 1404 1814 1467 confusione,
1873 1407 1976 1470 qua

418 1503 786 1571 semetipsum,
833 1499 886 1552 id
910 1507 991 1552 est
1013 1511 1229 1552 carnem
1277 1508 1450 1556 suam,
1483 1492 1606 1545 dum
1642 1491 1979 1560 impugnare-

421 1585 530 1656 tur,
581 1592 854 1654 horrebat,
913 1588 1130 1656 incipiet
1175 1600 1238 1638 ea
1285 1584 1428 1637 velut
1473 1580 1761 1650 purissimo
1801 1580 1978 1633 taber-

2079 429 2133 476 et
2154 417 2306 486 quasi
2340 417 2391 466 in
2417 411 2814 466 similitudinem
2842 407 2920 461 sui
2949 406 3158 470 formet,
3185 418 3365 457 arcam
3391 402 3638 469 quodam.

2081 508 2238 562 modo
2256 520 2323 558 ex
2361 518 2423 557 ea
2461 501 2661 553 faciens
2704 494 3031 578 testamenti,
3083 495 3368 548 habentem
3431 490 3639 545 scilicet

2083 596 2131 650 in
2161 608 2218 647 se
2247 593 2382 667 duas
2431 587 2637 642 tabulas
2697 585 2952 654 lapideas,
2987 581 3038 636 id
3067 592 3148 636 est
3171 580 3394 649 duplicis
3432 580 3637 633 lustru-

2079 683 2245 738 menti
2269 687 2576 748 perpetuam
2598 676 2926 730 ﬁrmitatem.
2947 672 3146 725 Urnam
3163 683 3375 738 quoque
3395 680 3635 727 auream,

2079 773 2180 826 hoc
2204 781 2288 826 est
2314 770 2623 824 memoriam
2655 780 2842 837 puram
2889 771 3049 830 atque
3090 761 3374 820 sinceram,
3411 773 3527 825 qua:
3554 773 3636 809 re-

2078 863 2350 918 conditum
2379 862 2429 914 in
2460 876 2518 914 se
2558 873 2749 912 manna
2790 863 3042 923 perpetua
3085 850 3371 903 tenacitate
3418 861 3637 900 conser-

2077 960 2188 1015 vet,
2213 950 2569 1020 spiritualium
2600 947 2804 1001 scilicet
2855 956 3128 1001 sensuum,
3160 949 3214 992 et
3249 937 3468 1004 angelici
3499 934 3637 988 illius

2079 1042 2231 1110 panis
2265 1053 2554 1110 percurrent
2583 1035 2964 1100 caelestemque
3011 1028 3362 1085 dulcedinem.
3398 1023 3502 1076 Nec
3532 1038 3635 1076 non

2078 1135 2236 1187 etiam
2265 1133 2467 1198 virgam
2512 1128 2710 1189 Aaron,
2741 1125 2790 1176 id
2821 1130 2906 1174 c;;'.
2928 1120 3120 1173 summi
3172 1117 3387 1183 verique
3420 1113 3647 1167 l’tmtili-‘

2079 1223 2156 1274 cis
2189 1219 2355 1273 nostri
2396 1216 2519 1269 Jcsn
2541 1213 2734 1267 Christi
2764 1209 2998 1263 salutare
3036 1206 3284 1259 vexillum
3321 1200 3637 1254 immortalis

2081 1310 2348 1364 Inetnorize
2387 1320 2599 1373 semper
2628 1300 2895 1354 viriditate
2930 1297 3295 1349 l'rondcsccns.
3345 1291 3464 1344 lIa-c
3488 1306 3640 1342 nam-

2077 1417 2182 1468 que
2229 1407 2311 1452 est
2360 1398 2504 1465 virga
2559 1409 2675 1462 quae
2717 1401 3106 1461 posteaquam
3165 1386 3228 1439 de
3254 1384 3403 1438 Jessc
3459 1381 3639 1434 radice

2077 1489 2285 1558 succisa
2334 1495 2434 1547 cst,
2496 1483 2729 1535 vivacius
2785 1478 3102 1531 mortiﬁcata
3172 1472 3466 1527 revirescit.
3514 1469 3637 1523 llaec

2080 1588 2257 1631 autem
2285 1575 2463 1629 omnia
2509 1573 2713 1627 duobus
2745 1569 3044 1631 cherubim,
3085 1566 3136 1619 id
3177 1576 3259 1618 est
3287 1561 3552 1618 historicw
3583 1568 3639 1614 et

423 1678 616 1734 naculo
643 1677 896 1732 delectari
928 1692 944 1741 ;
980 1655 1082 1728 non
1107 1673 1250 1726 enim
1281 1668 1538 1724 accedent;
1566 1667 1630 1721 ad
1661 1681 1782 1720 eum
1815 1665 1974 1744 mala,
2008 1676 2050 1729 Β
2077 1667 2369 1738 Spiritualis
2419 1664 2657 1720 scientiae
2685 1661 3010 1731 plenitudine
3039 1665 3397 1728 protegentur.
3433 1655 3636 1708 (ll-teru-

419 1778 475 1822 et
501 1766 764 1836 ﬂagellum
795 1781 900 1818 non
951 1758 1398 1831 appropinquabit
1439 1754 1784 1811 tabernaculo
1833 1751 1968 1820 ejus.

410 1856 571 1910 .llanc
595 1850 757 1924 igitur
780 1866 965 1922 pacem
995 1852 1165 1905 donec
1199 1837 1409 1902 finitam
1458 1855 1621 1914 atque
1658 1850 1971 1912 perpetuam

419 1946 662 2000 obtinere
687 1956 1008 2006 mereamur,
1043 1938 1221 2006 multis
1251 1950 1472 1992 necesse
1518 1942 1602 1989 est
1648 1947 1746 1987 nos
1795 1933 1974 2000 impu-

419 2034 766 2104 gnationibus
843 2031 1116 2094 attentari,
1192 2002 1606 2096 lreqnenterque
1675 2021 1830 2076 nobis
1893 2015 1975 2075 est

418 2123 714 2181 versiculus
740 2123 838 2178 iste
866 2137 987 2176 cum
1008 2120 1204 2189 gemitu
1227 2117 1584 2187 lacrymisque
1608 2112 1930 2182 repetendus
1955 2127 1969 2164 :

421 2214 584 2270 liter
608 2213 778 2282 factus
823 2227 935 2265 sum
978 2217 1353 2279 usquequaque,
1389 2215 1498 2259 tota
1532 2204 1614 2256 die
1638 2202 1974 2257 contristatur

418 2291 761 2374 ingrediebar,
793 2301 1036 2370 quoniam
1065 2298 1224 2364 lumbi
1273 2295 1374 2349 mei
1395 2291 1589 2367 impleti
1611 2291 1732 2344 sunt
1772 2289 1974 2342 illusio.

420 2395 591 2459 uibus,
613 2404 661 2448 et
683 2400 784 2446 non
798 2402 872 2446 est
889 2392 1087 2456 sanitas
1110 2389 1164 2441 in
1176 2403 1329 2441 carne
1345 2401 1458 2439 mea
1480 2382 1650 2453 (Paul.
1673 2395 1878 2443 xxxvn,
1895 2379 1973 2448 8).

420 2482 535 2538 Hoc
577 2491 757 2536 autem
812 2479 1015 2542 tandiu,
1065 2475 1240 2545 quoad
1273 2487 1442 2543 usque
1486 2464 1583 2542 per
1627 2469 1720 2525 Dei
1742 2467 1974 2537 gratiam

419 2570 768 2628 conﬁrmatus
799 2568 850 2622 in
885 2567 973 2619 illa
997 2580 1159 2636 quam
1195 2563 1401 2633 appetit
1451 2560 1707 2631 puritate,
1739 2555 1976 2612 ellieaci-

423 2672 506 2715 ter
531 2660 712 2714 dicere
759 2665 1028 2710 niereatnr
1055 2672 1069 2708 :
1096 2653 1415 2720 Exspectant
1456 2650 1748 2718 exspectavi
1795 2646 1978 2702 Domi-

421 2749 567 2811 num,‘
594 2757 642 2800 et
667 2745 884 2800 intendit
911 2745 1039 2798 milii
1059 2742 1230 2813 (Prol.
1259 2755 1446 2805 χχχιι,
1486 2740 1564 2810 ι).

1045 2818 1266 2885 CAPUT
1294 2829 1355 2885 v.

905 2923 976 2976 De
996 2922 1253 2992 spirituali
1273 2921 1506 2974 scientia.

490 3012 818 3082 impossibile
840 3020 921 3066 est
945 3011 1179 3064 animam
1216 3007 1340 3077 (μηδ’
1377 3009 1664 3064 mundanis
1689 3009 1772 3064 vel
1805 3008 1977 3063 tenui-
2001 2996 2048 3058 C

421 3114 502 3158 ter
526 3102 937 3157 distentionibus
980 3108 1290 3167 occupatur,
1320 3099 1400 3153 vel
1429 3114 1546 3166 qua:
1572 3100 1845 3168 proposito
1889 3113 1975 3152 ac-

419 3193 694 3262 quirendte
751 3191 923 3244 laudis
961 3190 1204 3242 ltutnana:
1232 3189 1408 3241 studio
1449 3187 1697 3241 lectionis
1749 3188 1973 3250 insistit,

426 3284 622 3334 donum
662 3293 801 3332 vera:
846 3277 1080 3332 scientia:
1122 3269 1438 3344 promereri,
1482 3275 1564 3328 vel
1587 3275 1974 3342 generatriccm

420 3369 776 3438 spiritualium
827 3381 1074 3421 sensuum
1121 3373 1211 3417 aut
1250 3373 1806 3418 tenacemsacrarnm
1861 3362 1975 3416 ﬁeri

427 3459 734 3512 lectionum.
779 3455 935 3511 Aliud
997 3467 1229 3522 namque
1270 3461 1354 3507 est
1398 3453 1710 3506 facilitatem
1768 3451 1877 3506 oris
1924 3460 1978 3504 et

425 3549 649 3601 nitorem
688 3547 887 3600 habere
917 3543 1202 3606 sermonis,
1227 3549 1283 3595 et
1309 3541 1451 3594 aliud
1480 3555 1644 3596 venas
1673 3555 1736 3593 ac
1781 3537 1979 3592 medul-

423 3636 502 3691 las
547 3635 845 3690 ccelestium
896 3635 1096 3688 intrare
1166 3632 1452 3694 dictorum,
1503 3643 1567 3682 ac
1605 3627 1866 3697 profunda
1922 3638 1980 3680 et

422 3725 733 3780 abscondita
768 3730 1103 3777 sacramenta
1143 3719 1430 3790 purissimo
1470 3719 1650 3772 cordis
1669 3717 1825 3770 oculo
1853 3731 1979 3769 cou-

428 3813 690 3883 templari.
743 3811 894 3877 Quod
941 3810 1242 3863 nullatenus
1292 3809 1524 3861 humana
1567 3805 1832 3868 doctrina,
1880 3818 1980 3858 nec

423 3905 654 3961 eruditio
693 3901 988 3964 saecularis,
1016 3901 1108 3955 sed
1133 3900 1247 3954 sola
1276 3899 1484 3968 puritas
1507 3898 1699 3950 mentis
1739 3911 1832 3965 per
1855 3895 1977 3948 illu-

425 3996 774 4051 minationem
820 3993 988 4047 sancti
1033 3990 1265 4059 Spiritus
1331 3987 1613 4042 obtinebit.
1678 3987 1846 4059 Beati,
1906 3986 1982 4040 ait

433 4085 706 4148 Dominus,
728 4083 918 4136 mundo
949 4081 1121 4145 corde,
1145 4080 1385 4146 quoniam
1413 4079 1510 4146 ipsi
1543 4077 1706 4130 Deum
1740 4075 1980 4129 videbunt

428 4174 643 4242 (Matth.
667 4183 725 4238 ‘v,
756 4173 831 4240 8).
864 4169 1238 4225 Festinandum
1274 4158 1438 4236 igitur
1479 4166 1572 4219 tibi
1598 4175 1700 4230 est,
1739 4163 1981 4232 quisquis

429 4267 496 4320 ad
538 4279 716 4318 veram
767 4262 1166 4333 Scripturarnm
1214 4258 1296 4310 vis
1349 4255 1630 4312 scientiam
1682 4253 1978 4321 pervenire,

428 4356 860 4412 utlnunilitatem
885 4351 1060 4406 cordis
1105 4346 1432 4402 immobilem
1491 4343 1738 4413 primitus
1785 4357 1978 4398 conse-

427 4447 628 4515 quaris,
656 4459 772 4511 qu:e
800 4453 849 4496 te
873 4458 974 4495 non
999 4441 1064 4494 ad
1102 4439 1240 4491 illam
1273 4451 1389 4502 qua:
1431 4433 1600 4498 inﬂat,
1639 4433 1734 4486 sed
1771 4433 1835 4484 ad
1857 4445 1976 4483 eam

337 4553 354 4576 ε
427 4550 548 4604 quae
572 4532 852 4592 illuminat,
886 4527 1164 4582 scientiam
1197 4523 1474 4577 charitatis
1524 4518 1980 4574 consummatione

429 4623 703 4692 perducat.
729 4619 925 4673 Deinde
956 4617 1054 4668 hoc
1081 4614 1174 4666 tibi
1207 4620 1299 4680 est.
1319 4611 1624 4666 omnimodo
1670 4607 1979 4661 enitendum

431 4721 507 4774 ut,
537 4707 752 4776 expulsa
782 4705 926 4758 omni
955 4696 1306 4758 sollicitudine
1322 4708 1375 4753 et
1393 4700 1717 4769 cogitatione
1741 4706 1977 4758 terrena,

429 4799 695 4856 assiduum
727 4806 774 4850 le
805 4811 864 4849 ac
889 4795 1060 4864 potius
1083 4792 1259 4860 iugem
1290 4805 1455 4844 sactae
1480 4790 1714 4858 praebeas
1737 4786 1974 4849 lectioni,

714 5570 973 5627 l‘AthoL.
1015 5560 1266 5621 CLVlll.

2071 1760 2183 1813 bim
2220 1759 2361 1812 enim
2429 1757 2811 1823 interpretatur
2875 1751 3104 1803 scientia:
3173 1746 3470 1807 multitudo,
3520 1759 3638 1812 qua:

2046 1835 2502 1924 'propitiatoriutn
2561 1842 2678 1909 Dei,
2745 1843 2798 1897 id
2848 1849 2929 1895 est
2983 1838 3342 1908 placiditatem
3404 1834 3636 1903 pectoris

2073 1940 2147 1994 tui
2166 1940 2365 2008 jugiter
2383 1944 2688 2014 protegent,
2712 1944 2767 1988 et
2793 1948 2820 1985 a
2844 1930 3051 1987 cunctis
3075 1926 3428 1997 spiritualium
3452 1925 3639 1991 nequi.

2076 2031 2271 2084 tiarum
2331 2029 2636 2082 incursibus
2674 2025 3091 2080 obumbrabunt.
3135 2020 3202 2094 Et
3252 2019 3325 2070 ita
3377 2025 3637 2069 menstna

2075 2133 2180 2172 non
2204 2117 2374 2172 solum
2403 2119 2456 2170 in
2481 2130 2660 2170 arcam
2693 2113 2856 2166 divini
2889 2109 3238 2170 Testameuti,
3269 2123 3451 2161 verum
3474 2106 3636 2160 etiam

2077 2209 2130 2260 in
2163 2221 2386 2281 regnum
2423 2201 2759 2259 sacerdotale
2794 2209 3068 2270 provecta,
3092 2213 3187 2266 per
3213 2194 3639 2252 indissolubilent

2077 2299 2328 2365 puritatis
2355 2295 2607 2350 allectum
2635 2291 3028 2363 quodammodo
3067 2290 3320 2357 absorpta
3345 2285 3638 2356 spirituali-

2073 2390 2175 2443 bus
2194 2386 2510 2456 disciplinis,
2545 2384 2674 2439 illud
2704 2381 2946 2451 implebit
2990 2378 3298 2450 pontiﬁcale
3327 2377 3638 2431 mandatum

2076 2475 2216 2545 quod
2239 2491 2270 2528 a
2299 2472 2604 2542 legislatore
2628 2472 2700 2524 ita
2736 2468 3081 2541 praecipitur:
3117 2466 3184 2520 Et
3207 2469 3271 2520 de
3293 2467 3488 2520 sanctis
3534 2480 3639 2519 non

2054 2553 2384 2633 egredietur,
2412 2577 2475 2615 ne
2517 2559 2717 2630 polluat
2769 2558 3127 2612 tanctuariunt
3169 2554 3266 2610 Dei
3313 2553 3495 2625 (Leuit.
3523 2565 3640 2620 ut,

2078 2653 2190 2721 12),
2226 2652 2279 2707 id
2303 2659 2384 2706 est
2421 2666 2514 2705 cor
2540 2665 2720 2715 suum,
2742 2648 2797 2703 in
2820 2645 3141 2716 quojugiter
3186 2645 3553 2698 habitaturum
3579 2654 3641 2696 se

2077 2741 2336 2798 Deminus
2372 2739 2714 2811 repromittit,
2771 2739 2955 2792 dicens
2991 2752 3004 2789 :
3019 2733 3350 2813 ~lnltabt'tabo
3378 2733 3430 2787 in
3466 2734 3559 2795 eis,
3589 2740 3639 2784 et

2078 2836 2212 2888 inter
2257 2833 2374 2886 illo:
2427 2829 2701 2884 amlmlabo
2746 2828 2832 2898 (ll
2867 2825 2987 2882 Cor.
3033 2842 3105 2891 γι,
3140 2826 3246 2894 l6).
3307 2822 3638 2893 lmpossibile

2077 2926 2272 2993 quippe
2293 2932 2376 2977 est
2396 2920 2721 2974 itmnundam
2743 2919 2974 2972 animam
3002 2917 3280 2971 scientiam
3304 2913 3636 2983 spiritualem

2077 3015 2322 3085 adipisci.
2346 3012 2510 3066 Netno
2527 3011 2670 3065 enim
2696 3009 2747 3062 in
2769 3024 2861 3062 vas
2893 3007 3113 3062 fetidum
3140 3014 3298 3074 atque
3326 3013 3636 3070 corruptum

2077 3112 2400 3174 unguentum
2439 3100 2652 3168 aliquod
2684 3097 2880 3160 nobile,
2926 3104 3020 3148 aut
3063 3096 3164 3148 mel
3219 3097 3498 3162 optimmn,
3548 3099 3639 3142 aut

2075 3192 2292 3262 pretiosi
2319 3192 2607 3259 quidquam
2657 3187 2881 3257 liquoris
2917 3184 3183 3252 infundit.
3236 3182 3467 3235 Facilius
3499 3181 3638 3234 enim

2077 3281 2324 3353 quamvis
2349 3278 2781 3334 odoratissimam
2832 3275 3104 3344 myrrham
3153 3271 3314 3324 semel
3361 3270 3641 3324 horrendis

2078 3373 2280 3426 imbuta
2305 3369 2567 3423 fetoribus
2602 3376 2733 3420 testa
2764 3362 3114 3426 contaminat,
3145 3374 3302 3430 quam
3349 3357 3546 3426 aliquid
3572 3372 3634 3411 cx

2076 3476 2138 3514 ea
2166 3460 2446 3514 suavitatis
2485 3457 2652 3525 gratia
2723 3454 2834 3521 ipsa
2857 3451 3142 3518 concipiat,
3190 3449 3314 3517 quia
3358 3446 3524 3500 inulto
3557 3446 3638 3498 ci-

2081 3551 2187 3604 tius
2211 3550 2415 3602 munda‘
2444 3540 2880 3613 corruinpnntur,
2909 3555 3068 3610 quant
3103 3545 3354 3605 corrupta
3377 3535 3640 3587 inundan-

2082 3648 2188 3692 tur.
2241 3636 2316 3689 lla
2361 3636 2528 3704 igitur
2575 3643 2628 3688 ct
2676 3648 2767 3685 vas
2803 3630 3037 3700 pectoris
3097 3625 3289 3689 nostri,
3332 3625 3431 3677 nisi
3497 3622 3643 3692 prius

2080 3729 2240 3783 fuerit
2271 3727 2338 3781 ab
2368 3727 2514 3781 ontni
2549 3726 2843 3779 ftedissima
2870 3723 3118 3776 vitiorum
3151 3717 3469 3785 contagione
3513 3729 3644 3784 pur--

2081 3830 2281 3891 gatum,
2314 3835 2419 3874 non
2450 3817 2741 3871 merebitur
2789 3814 3059 3882 suscipere
3093 3811 3220 3866 illud
3261 3804 3644 3862 benedictionis

2084 3923 2412 3983 unguentum
2459 3911 2523 3964 de
2568 3923 2674 3978 quo
2717 3906 2913 3961 dicitur
2959 3918 3051 3972 per
3080 3902 3446 3969 Prophetam:
3491 3897 3640 3950 Sicut

2083 4013 2399 4073 unguentum
2422 4003 2473 4052 in
2496 4001 2660 4068 capite
2676 3986 2811 4068 quod
2835 3993 3091 4048 descendit
3114 3993 3166 4044 in
3189 3986 3646 4050 burbam,barbam

2082 4095 2290 4158 Aaron;
2319 4093 2457 4162 quod
2485 4091 2748 4144 descendit
2781 4088 2831 4140 in
2858 4101 3000 4140 orum
3028 4081 3310 4137 vestimenti
3334 4079 3444 4146 ejus
3473 4073 3644 4143 (Psal.

2084 4197 2286 4246 cxxxn,
2321 4181 2377 4253 2)
2412 4197 2426 4246 ;
2457 4195 2556 4234 nec
2587 4177 2730 4232 illam
2753 4175 3032 4230 scientiam
3072 4167 3421 4240 spiritualem,
3456 4174 3509 4218 et
3536 4161 3647 4215 elo-

2088 4273 2213 4342 quia
2251 4249 2675 4338 Scripturarum,
2705 4280 2822 4334 quae
2873 4262 3110 4317 dulciora
3169 4266 3294 4312 sunt
3339 4268 3498 4323 super
3543 4249 3649 4303 mel

2087 4341 2142 4417 et
2171 4364 2370 4426 favum,
2397 4360 2668 4430 impolluta
2722 4354 2973 4409 servabit.
3025 4351 3154 4416 Qua:
3187 4348 3328 4402 enim
3359 4341 3647 4412 participa-

2083 4451 2402 4518 tiojustitite
2427 4429 2548 4504 cum
2603 4448 2884 4516 iniquitate
2909 4445 2931 4497 ?
2957 4446 3060 4496 Aut
3085 4456 3202 4509 quae
3258 4436 3488 4492 societas
3540 4429 3644 4484 inci

2084 4558 2204 4596 cum
2261 4539 2495 4595 tenebris
2533 4539 2556 4592 ?
2595 4553 2711 4607 qua:
2756 4545 2932 4590 autem
2980 4529 3264 4587 conventio
3311 4524 3525 4579 Christo
3578 4517 3645 4571 ad

2083 4631 2291 4689 Belial?
2315 4631 2370 4684 In
2402 4631 2561 4685 corde
2601 4632 2740 4682 bono
2777 4625 3064 4696 requiescit
3101 4617 3382 4690 sapientia.

3164 5534 3237 5589 33

3503 199 3632 250 n5:
3726 233 3734 260 ,.
