4214 6214
436 362 570 421 1037

432 479 479 532 A
504 490 713 532 summo
737 473 896 531 Patre
915 473 1172 546 genitum,

430 568 537 624 Per
564 568 788 623 brec’tua
820 582 915 623 nos
948 569 1160 632 merita,

430 638 475 710 Ak
496 654 645 726 lapsu
675 655 864 711 mortis
893 654 1079 709 libera.

497 746 681 803 Gloria
720 743 815 800 tibi
848 744 1091 811 Domine,
1115 755 1222 802 etc.

773 833 855 888 Ad
886 842 1107 888 sextam.

495 924 631 980 Nate
658 937 866 999 summe
885 937 981 977 rex
1010 930 1162 980 utero

427 1011 610 1067 Marias
638 1013 705 1067 de
732 1010 1002 1082 Virginea,

426 1103 668 1158 Emunda
707 1117 806 1159 nos
831 1117 862 1157 a
900 1101 1064 1166 vitiis,

426 1194 494 1250 Et
525 1208 658 1248 orna
695 1192 895 1248 sanctis
922 1190 1147 1255 meritis.

494 1283 584 1336 Dei
609 1290 797 1347 mater,
833 1296 866 1336 ο
895 1280 1133 1344 domina,
1204 1326 1221 1341 .

427 1376 681 1432 Sublimis
712 1366 867 1430 tanta
896 1374 1097 1446 gratia;

424 1461 560 1527 Tua,
602 1450 708 1526 iac,
735 1459 1007 1517 exaltatio.

426 1548 509 1605 Sit
540 1559 725 1605 nostra
762 1548 1035 1604 relevatio.

493 1634 673 1691 Gloria
701 1634 815 1698 tibi,
842 1643 951 1689 etc.

772 1720 853 1774 Ad
891 1736 1098 1775 nonam.

494 1808 589 1865 Fili
620 1800 799 1864 Mariae
833 1808 1074 1880 virginis,

405 1900 501 1962 Da
527 1899 684 1979 nobis
717 1898 833 1969 ejus
859 1899 1063 1981 meritis

420 1994 465 2047 A
494 1978 728 2062 peccatis
754 1978 1075 2060 resurgere,

413 2079 490 2134 Et
509 2081 576 2135 ad
599 2080 761 2141 vitam
786 2080 1106 2150 pertingere.

489 2169 652 2239 Cujus
671 2184 731 2225 es
770 2170 937 2224 iactus
967 2168 1126 2234 ﬁlius,

423 2259 583 2325 Deus,
609 2274 704 2330 pro
746 2259 1143 2330 peccatoribus,

422 2346 535 2404 lloc
563 2350 654 2419 qui
692 2348 794 2403 ﬁde
827 2347 1196 2418 pronuntiant,

421 2437 531 2493 Fac
556 2447 613 2491 ut
639 2436 862 2493 salutem
893 2438 1147 2493 sentiant.

492 2528 672 2584 Gloria
700 2528 817 2594 tibi,
848 2539 957 2585 etc.

762 2620 844 2675 Ad
880 2636 1132 2690 vesperas.

486 2710 578 2766 Sol
608 2720 756 2767 casto
792 2726 1016 2767 nascens
1041 2721 1212 2779 utero,

416 2805 839 2874 VeSperascente
876 2801 1088 2869 saeculo,

413 2896 637 2952 lliustra'
651 2910 747 2952 nos
780 2902 1052 2967 perpetue,

418 2989 529 3048 Nec
551 2990 783 3047 declines
811 2990 865 3046 in
902 3004 1143 3061 vespere.

490 3081 700 3138 λειω-πιί
724 3080 854 3137 solis
876 3080 1126 3155 δειλίη-ει,

413 3170 543 3226 Tuis
571 3170 673 3226 hoc
711 3170 915 3225 sanctis
941 3168 1144 3224 meritis

413 3259 526 3328 Age
555 3273 661 3328 quo
682 3273 871 3329 perpes
904 3266 1117 3313 maneat

416 3342 603 3409 Nobis,
644 3359 740 3399 nec
783 3359 1014 3414 unquam
1051 3342 1278 3399 decidat.

487 3432 664 3488 Gloria
698 3432 811 3497 tibi,
841 3441 947 3488 etc.

652 3543 733 3596 Ad
766 3542 1173 3611 completorium.

480 3648 555 3703 De
576 3658 722 3705 easta
743 3641 897 3703 nebis
918 3648 1097 3703 oriens

364 3808 367 3809 ν
411 3737 580 3795 Matre
623 3740 738 3796 dies
770 3739 1096 3805 indesinens,

409 3831 528 3902 διιεὶ
558 3844 656 3886 nos
685 3831 801 3887 fove
832 3830 1050 3895 lumine,

411 3921 696 3992 Culpmque
725 3932 935 3978 noctem
966 3939 1202 3980 remove.

479 4007 648 4063 Mater
674 4011 777 4063 diei
803 4012 1064 4079 perpetis,

408 4099 617 4156 Obsiste
644 4103 839 4156 nostris
868 4105 1122 4167 tenebris,

408 4188 486 4243 Ne
511 4190 682 4246 lucem
712 4192 865 4247 nobis
899 4194 1174 4265 dissipent,

409 4276 476 4330 Et
498 4292 595 4333 nos
628 4278 833 4333 delictis
855 4280 1145 4351 implicent.

476 4366 658 4422 Gloria
686 4368 799 4433 tibi,
833 4377 936 4425 etc.

408 4498 667 4553 Sttlntatio
708 4504 1090 4571 deprecatoria,
1126 4521 1241 4567 ante
1276 4508 1428 4564 Psal-

474 4572 655 4623 terium
686 4573 843 4624 beata:
874 4570 1097 4643 Virginis
1118 4579 1354 4632 dicenda.
1405 4582 1424 4602 "

476 4673 631 4728 Salve
658 4674 857 4745 Regina
907 4688 1077 4733 mater
1126 4683 1428 4739 misericor-

406 4764 524 4829 diae,
551 4764 677 4831 vita,
708 4766 952 4831 dulcedo,
996 4778 1048 4822 et
1098 4787 1215 4839 spes
1248 4785 1423 4829 nostra
1450 4832 1457 4835 ι

406 4853 569 4905 salve.
598 4852 675 4906 Ad
704 4862 753 4907 te
782 4854 1073 4911 clamamus
1093 4862 1303 4916 exsules
1333 4865 1423 4919 lilii

404 4940 567 4995 Evre:
601 4942 665 4995 ad
699 4952 749 4995 te
780 4944 1107 5011 suspiramus
1132 4961 1420 5019 gementes,

374 5041 457 5083 ret
485 5030 671 5085 ﬂentes
690 5032 740 5084 in
774 5032 869 5086 hac
892 5033 1241 5104 lacrymarum
1266 5041 1417 5095 valle.

404 5118 496 5172 Eia
553 5135 681 5189 ergo
732 5122 984 5175 advocata
1042 5134 1256 5191 nostra,
1306 5128 1419 5183 illus

392 5224 522 5277 _tuos
566 5216 936 5275 misericordes
977 5222 1158 5273 ocuios
1210 5223 1272 5273 atl
1325 5238 1419 5278 nos

392 5284 687 5363 converte,
731 5308 783 5351 et
838 5298 1016 5352 .Icsnm
1082 5303 1415 5361 benedictum

404 5386 628 5441 fructum
664 5390 864 5443 ventris
892 5392 963 5443 tui
992 5394 1142 5445 nobis
1169 5406 1283 5461 post
1320 5398 1418 5452 hoc

403 5474 641 5530 exsilium
678 5480 896 5533 ostende
933 5497 945 5531 :
986 5481 1029 5535 Ο
1066 5482 1296 5538 clemens
1334 5489 1345 5539 !
1389 5504 1420 5541 ο

404 5566 490 5633 pia
524 5566 536 5620 l
564 5582 596 5618 0
626 5568 795 5623 dulcis
817 5569 1039 5638 gloriosa
1080 5573 1297 5629 Domina
1327 5593 1416 5629 no-

405 5663 535 5716 stra,
572 5670 666 5725 pro
687 5659 836 5712 nobis
862 5662 1147 5715 intet'cede.

1340 365 1554 421 erum
1589 363 1677 419 ετ
1716 365 2154 447 gementum
2182 338 2280 423 nt:
2319 367 2377 424 s.
2411 367 2640 428 ututi.

1599 494 1923 536 ιἐητειιιωι
1977 493 2191 536 ΒΟΠΙΝιΒ
2238 496 2453 536 δοετιιλκ

1895 573 2047 642 (mus
2080 573 2150 642 t).

1584 659 1696 715 Ave
1718 672 1892 717 mater
1920 665 2189 729 advocati,

1516 752 1618 819 Qui
1650 736 1838 810 beatus
1875 759 2121 824 consilio,

1516 842 1651 900 Aula
1689 849 1890 903 ventris
1931 850 2223 919 incorrupti

1516 935 1785 994 Precessit
1821 950 1881 995 ut
1907 956 1973 996 ex
2007 943 2262 1000 thalamo.

1497 1099 1499 1102 Q
1584 1028 1778 1084 Beatus
1806 1034 1883 1085 vir
1914 1033 2003 1102 qui
2035 1049 2137 1087 non
2170 1028 2321 1099 abiit,
2360 1047 2463 1092 etc.

1584 1116 1696 1172 Ave
1728 1130 1921 1186 mater,
1947 1121 2099 1189 cujus
2130 1134 2317 1192 partus

1513 1200 1805 1261 Postulavit
1837 1207 2001 1263 Deum
2022 1210 2257 1281 Patrem,

1518 1283 1827 1365 Et'aceepit,
1855 1312 1990 1369 quas
2025 1303 2270 1371 redemit,

1512 1381 1716 1439 Gentes
1742 1385 1795 1439 in
1829 1386 2220 1459 haereditatem.
2288 1398 2293 1417 ’

1835 1472 2077 1543 Postula,
2109 1488 2213 1535 etc.

1583 1557 1696 1613 Ave
1722 1570 1912 1629 mater,
1935 1563 2086 1633 cujus
2111 1563 2292 1636 partus

1513 1642 1871 1704 Obdormiens
1898 1652 2173 1720 patiendo,

1516 1732 1574 1789 in
1603 1739 1850 1807 sepulcro
1883 1736 2188 1813 superatus,

1513 1824 1735 1884 Mortem
1764 1832 1892 1887 vicit
1918 1841 2267 1907 resurgendo.

1580 1916 1759 1983 Gloria
1797 1923 1910 1987 tibi,
1934 1933 2043 1995 etc,

1626 2078 1630 2083 ἱ
1751 2009 1864 2080 Ego
1893 2012 2139 2081 dormivi,
2168 2025 2275 2072 etc.
2314 2032 2319 2037 ‘

1573 2096 1685 2153 Ave
1711 2107 1905 2164 mater,
1936 2102 2088 2171 cujus
2108 2114 2295 2172 partus

1502 2184 1666 2242 Nobis
1688 2188 1833 2245 dedit
1872 2190 1922 2245 in
1947 2194 2224 2265 sanguine,

1509 2275 1575 2331 Ut
1606 2278 1846 2347 signetur
1880 2282 2172 2353 baptizatus

1504 2365 1807 2425 Divinitatis
1830 2371 2047 2427 lumine.

1571 2457 1753 2515 Gloria
1784 2461 1899 2527 tibi,
1939 2472 2044 2519 etc.

1752 2546 2021 2618 Signalum
2045 2563 2138 2618 est,
2162 2563 2266 2609 etc.

1572 2635 1684 2692 Ave
1704 2648 1899 2706 mater,
1925 2642 2074 2713 cujus
2095 2660 2191 2701 nos
2214 2646 2352 2702 illius

1505 2728 1669 2785 Scuto
1710 2732 1863 2789 bonae
1894 2737 2179 2796 voluntatis

1503 2818 1682 2876 induit
1703 2824 1981 2892 propitius,

1504 2911 1617 2967 Lux
1640 2904 1914 2974 immensae"
1942 2920 2254 2989 majestatis.

1766 3006 1927 3062 Scuto
1957 3010 2122 3076 bonw,
2154 3022 2256 3067 etc.

1570 3094 1684 3147 Ave
1712 3096 1933 3153 thronus
1972 3100 2213 3169 Deitatis,

1502 3183 1558 3241 In
1589 3204 1692 3257 quo
1722 3189 1858 3245 Dens
1885 3196 2177 3262 majestatis

1505 3277 1763 3348 Dignatur
1794 3282 1954 3337 homo
1982 3287 2118 3340 fieri.

1554 3441 1725 3513 'Unde
1749 3466 1961 3519 nostras
1988 3466 2192 3521 animas

1501 3545 1707 3617 Eripuit
1732 3550 1784 3604 in
1808 3555 2013 3620 gratia;

1500 3635 1566 3716 Et
1593 3654 1726 3707 quas
1748 3642 1925 3698 eil‘ecit
1947 3645 2162 3712 liberas,

1414 3770 1419 3774 .
1499 3724 1685 3783 Salvas
1706 3729 1833 3786 fecit
1862 3734 1912 3786 in
1933 3735 2118 3805 gloria.

1776 3828 2096 3901 Convertere,
2123 3840 2228 3893 e‘te.

1498 3915 1610 3972 Ave
1636 3926 1823 3985 mater,
1849 3921 1998 3989 cujus
2032 3937 2215 3994 partus

1500 4004 1605 4060 Sua
1642 4007 1768 4062 facit
1791 3998 2002 4079 justitia

1503 4094 1565 4149 Ut
1599 4096 1650 4149 in
1677 4100 1828 4155 nobis
1855 4101 2032 4159 Patris
2067 4104 2181 4173 ejus

1499 4190 1613 4244 Sint
1632 4192 1777 4261 justa
1810 4195 2096 4266 adjutoria.

1562 4318 1772 4375 Iustum
1823 4326 2138 4447 adﬁctarjum
2202 4347 2365 4385 meum
2418 4351 2449 4387 (ι

1938 4413 2127 4447 ommo.

1938 4413 2127 4449 OIINNO.

1564 4499 1673 4554 Ave
1696 4510 1874 4555 nostra
1906 4506 2229 4572 advocatrix,

1494 4587 1665 4657 Atque
1690 4592 1809 4645 vita:
1836 4596 2131 4662 reparatrix
2161 4614 2173 4649 :

1492 4681 1652 4751 Cujus
1674 4694 1855 4751 partus
1882 4702 2042 4753 super
2068 4689 2207 4757 ipsos

1493 4769 1745 4824 Dominus
1771 4782 1850 4826 est
1884 4776 2004 4827 εαξὶὶ
2045 4777 2282 4833 thronos.

1629 4864 1884 4926 Quoniam
1921 4866 2114 4920 elevata
2148 4880 2241 4933 est,
2267 4880 2370 4923 etc.

1556 4948 1664 5002 Ave
1696 4950 1844 5015 Sion,
1880 4953 1929 5006 in
1957 4970 2057 5022 qua
2096 4956 2234 5011 Dens

1488 5038 1753 5093 Habitavit
1781 5042 1936 5097 homo
1974 5042 2143 5099 factus
2180 5065 2191 5100 :

1490 5126 1543 5179 ln
1564 5144 1666 5195 quo
1702 5134 1917 5197 speran’t
1948 5135 2156 5189 enixius

1490 5216 1587 5280 Qui
1632 5231 1890 5274 noverunt
1921 5237 2109 5277 nomen
2137 5225 2271 5294 ejus.

1683 5311 1747 5364 Et
1778 5323 1975 5379 sperent
2005 5316 2056 5366 in
2097 5326 2162 5379 te,
2204 5328 2306 5370 etc.

1561 5403 1668 5455 Ave
1690 5403 1850 5471 Virgo
1876 5405 2180 5472 singularis,

1491 5493 1712 5546 Placens
1742 5493 1858 5546 auia
1898 5496 2192 5563 virginalis,

1490 5574 1731 5649 Cujus—in
1774 5583 1965 5650 templo
1994 5585 2249 5640 Dominus

1489 5671 1555 5724 Et
1578 5673 1628 5725 in
1660 5670 1795 5725 cado
1822 5673 1972 5726 sedes
2003 5675 2134 5743 ejus.

3486 375 3619 431 1058

2746 478 2905 552 305
2920 481 3168 538 Dominus
3191 486 3244 539 in
3274 487 3482 557 teinplo,
3513 502 3617 544 etc.

2678 573 2808 637 Ave,
2836 576 2987 643 cujus
3015 575 3069 629 in
3108 578 3215 633 ﬁlio
3494 596 3496 598 '

2605 660 2839 719 Salutem
2869 662 3029 719 Pater
3056 671 3253 737 posuit,

2603 752 2657 806 ln
2685 770 2791 824 quo
2811 758 2947 831 sicut
2975 758 3028 813 in
3058 760 3214 816 unico

2604 846 2786 901 Fidem
2831 860 3066 904 nostram
3096 856 3394 921 constituit.

2766 940 2970 997 Ponant
2989 943 3044 998 in
3067 946 3309 1013 salutari,
3337 960 3444 1002 etc.

2670 1038 2802 1103 Ave,
2826 1040 2891 1096 de
2918 1042 3070 1111 cujus
3101 1044 3209 1100 tilia

2602 1125 2839 1183 Salutari
2868 1130 2961 1186 Dei
2984 1132 3180 1201 Patris,

2604 1214 2820 1271 Exsulta
2830 1235 2945 1274 mus
2976 1221 3030 1276 in
3060 1224 3306 1292 Domino,

2600 1308 2701 1375 Qui
2737 1311 2873 1364 bona
2898 1315 3081 1368 tribuit
3110 1319 3280 1373 nobis.

2710 1398 3002 1456 Exsullavit
3033 1416 3126 1459 tor
3162 1424 3352 1475 meum,
3374 1422 3477 1469 etc.

2603 1488 2712 1542 Ave
2733 1502 2912 1545 nostra
2949 1495 3282 1562 atlvocatriv,

2601 1575 2945 1655 Captivorum
2974 1582 3272 1650 liberatrix,

2604 1664 2679 1719 De
2700 1681 2801 1735 qua
2820 1669 2950 1724 Sion
2991 1671 3303 1730 Emmanuel

2605 1754 2853 1811 Salutare
2885 1762 2942 1813 lit
2975 1761 3162 1817 lsrael.
3284 1756 3287 1760 ’

2888 1844 3016 1910 Quis
3048 1850 3215 1915 dabit,
3237 1865 3323 1908 etc

2669 1933 2798 2000 Ave,
2828 1935 2979 2003 cujus
3006 1955 3157 1997 mons
3193 1942 3348 2001 tilius.

2600 2022 2690 2078 Dei
2721 2026 2892 2084 Patris
2930 2041 3013 2085 est.
3044 2036 3251 2103 unicus,

2598 2114 2651 2167 In
2681 2132 2788 2196 quo
2814 2121 2982 2175 sancti
3023 2112 3408 2193 requiescunt,

2596 2204 2694 2270 Qui
2724 2210 3001 2266 veritatem
3025 2204 3272 2286 diligunt.

2698 2293 2938 2363 Domine,
2960 2300 3075 2368 quis
3110 2300 3383 2371 habitabit,
3410 2314 3513 2362 etc.

2662 2383 2774 2435 Ave
2806 2386 2986 2453 regina
3013 2388 3296 2458 Virginum,

2595 2469 2765 2528 Mater
2790 2476 2951 2547 Virgo
2985 2491 3103 2548 post
3135 2482 3315 2549 illium,

2591 2561 2755 2632 Cujus
2784 2578 2969 2635 partus
2993 2570 3274 2629 haereditas

2594 2650 2649 2706 in
2675 2653 2808 2709 laetis
2836 2667 2917 2711 est
2946 2662 3227 2727 pneclara.

2779 2750 2955 2807 anes
2981 2757 3291 2821 ceciderunt,
3317 2768 3421 2816 etc.

2664 2841 2775 2899 Are
2803 2853 2994 2908 mater,
3024 2860 3180 2915 quem
3216 2850 3478 2917 prtedicat

2591 2929 2649 2982 lu
2682 2939 2735 2985 te
2761 2942 2941 2987 nostra
2974 2935 3294 3010 mortalitas,

2590 3020 2726 3085 Quia
2758 3032 2879 3078 tuus
2910 3026 3161 3082 miriticat

2520 3158 2525 3165 .
2592 3111 2787 3169 Partus
2813 3115 3227 3170 misericordias.

2717 3201 2962 3270 Miri/icnt
2985 3206 3383 3273 misericordias,
3407 3216 3509 3269 etc.

2661 3290 2791 3356 Ave,
2824 3307 2983 3360 quam
3010 3295 3225 3351 laudant
3254 3302 3486 3367 spiritus.

2589 3378 2687 3431 Cui
2713 3380 2883 3437 virtus
2910 3386 3085 3440 omnis
3117 3389 3372 3455 concinit,

2594 3475 2666 3527 De
2694 3476 2844 3544 cujus
2867 3479 3003 3533 cmlo
3027 3482 3282 3539 Dominus

2592 3564 2741 3620 Nube
2767 3570 2947 3624 carnis
2971 3571 3224 3629 intonuit.

2852 3655 2917 3709 Et
2953 3658 3204 3729 intonuit,
3230 3675 3334 3719 ctc.

2658 3741 2787 3811 Ave,
2816 3746 2966 3815 cujus
2999 3750 3231 3820 virgineo

2590 3829 2728 3887 Deus
2754 3839 3013 3902 processit
3042 3841 3289 3910 thalamo,

2591 3922 2757 3977 Dotali
2788 3926 2938 3981 nobis
2962 3933 3133 3998 gratia

2590 4009 2658 4065 Se
2682 4014 2923 4082 praebens
2952 4018 3001 4070 iu
3032 4023 3320 4087 sponsalia.

2908 4105 2973 4159 In
3013 4108 3137 4173 sole,
3172 4122 3278 4165 etc.
3326 4138 3329 4139 ν

2654 4190 2765 4244 Ave
2790 4192 2935 4256 Sion,
2970 4196 3034 4247 de
3056 4214 3157 4267 qua
3190 4200 3325 4255 Deus

2587 4279 2692 4337 Nos
2713 4292 2886 4339 tuetur
2916 4289 3247 4355 incm'uatns,

2587 4376 2785 4430 Memor
2814 4382 2979 4433 nostri
3008 4382 3271 4441 lihaminis

2583 4467 2635 4521 in
2660 4486 2786 4537 pace
2814 4476 2892 4527 sui
2932 4477 3188 4543 corporis.

2874 4562 3073 4616 Memor
3099 4565 3182 4628 sit,
3214 4576 3320 4620 etc.

2552 4707 2560 4713 _
2648 4652 2757 4704 Are
2786 4662 2975 4717 mater,
3003 4652 3150 4720 cujus
3178 4668 3385 4723 partum

2578 4739 2822 4794 (Imlestis
2844 4741 3003 4796 Pater
3035 4745 3245 4797 unicum

2576 4829 2629 4881 lu
2658 4831 2903 4883 sa'enlum
2929 4834 3016 4886 dat
3040 4836 3285 4901 gentibus

2574 4918 2629 4970 lu
2657 4919 3133 4985 benedictionibus,

2785 5025 3059 5089 Quoniam
3080 5027 3240 5092 dabit,
3275 5040 3376 5085 etc.

2648 5133 2756 5185 Ave
2793 5142 2982 5198 mater,
3006 5136 3158 5201 cujus
3186 5149 3396 5206 partum

2577 5222 2769 5275 Panem
2800 5224 2918 5277 vitm
2955 5226 3105 5277 nobis
3134 5227 3351 5295 laetum,

2575 5310 2802 5381 Pingues
2833 5322 2986 5365 terrae
3023 5329 3083 5367 ex
3118 5331 3219 5381 quo
3244 5321 3397 5372 \‘it‘nn

2574 5401 2639 5453 Et
2667 5403 2987 5459 manducant
3021 5418 3073 5460 et
3102 5409 3344 5462 adorant.

2780 5491 3245 5558 Man‘ducaverunt,
3282 5510 3386 5553 etc.

2610 5616 2613 5621 ~
2647 5588 2755 5639 Are
2785 5597 2961 5640 nostra
2995 5590 3332 5653 advocatrix,

2577 5674 2737 5745 Cujus
2765 5688 2942 5735 partus
2971 5693 3147 5730 mensa
3174 5677 3349 5736 Patris
