4214 6194
757 275 890 330 1039

757 391 851 447 Est
895 391 1045 445 nobis
1074 381 1391 446 conSolatiu,

757 483 833 538 Nc
861 461 1072 550 frangat
1112 475 1411 532 tribulatio.

898 570 1103 626 Parasti
1144 570 1197 622 in
1222 573 1510 632 conspectu,
1535 571 1640 616 etc.

827 668 936 720 Ave
960 665 1164 734 Regina
1187 660 1392 730 gratim,

757 756 922 825 Cujus
945 762 1130 823 partus
1158 750 1268 802 Rex
1298 744 1484 814 gloria:

759 847 873 900 Rex
900 852 981 899 est
1006 845 1256 897 virtutum
1299 834 1574 898 Dominus,

759 936 874 990 Lux
915 937 980 990 de
1013 933 1130 986 luce
1167 930 1415 986 Christus
1435 927 1597 981 Deus.

794 1092 806 1099 υ
1005 1019 1133 1086 Quis
1167 1026 1241 1072 est
1276 1013 1401 1079 iste,
1425 1021 1531 1068 etc.

830 1113 962 1176 Ave,
991 1109 1142 1178 cujus
1168 1107 1405 1177 virgineo

762 1200 1032 1257 Processit
1053 1215 1117 1254 ex
1145 1196 1402 1257 sacrario,

765 1291 880 1347 Una
909 1291 1054 1346 salus
1082 1287 1228 1343 ornui
1269 1272 1489 1348 mundo,

763 1383 944 1439 Dulcis
972 1383 1131 1445 Deus,
1167 1385 1344 1432 rectus
1369 1374 1550 1428 homo.

977 1471 1152 1525 Dulcis
1181 1480 1227 1522 et
1258 1476 1446 1532 rectus,
1472 1473 1578 1518 etc.

838 1564 948 1617 Ave
971 1570 1151 1616 nostra
1187 1553 1523 1616 advocatrix,

768 1655 833 1708 Et
865 1653 1131 1722 lapsorum
1156 1644 1478 1716 rcparatrix,

769 1744 844 1798 De
875 1758 977 1812 qua
1003 1742 1142 1794 Deus
1166 1739 1338 1792 factus
1369 1735 1548 1790 homo.

768 1839 924 1895 Solus
951 1835 1099 1892 stetit
1137 1833 1188 1887 in
1231 1832 1454 1887 directo.

1048 1919 1189 1973 Puer
1209 1933 1372 1983 meus,
1409 1924 1516 1971 etc.

753 2083 761 2092 η
837 2013 950 2066 Ave
991 2017 1162 2066 mater
1190 2006 1342 2075 cujus
1371 2019 1599 2077 sponsus

771 2105 838 2160 Et
857 2111 1070 2158 creator
1100 2108 1154 2154 et
1181 2091 1340 2165 illius,

776 2195 912 2250 Deus
959 2189 1297 2258 illuminatio,

773 2283 934 2340 Salus
957 2283 1118 2338 estet
1149 2278 1430 2348 protectio.

1209 2367 1379 2423 Idem.
1492 2359 1493 2364 “

845 2461 957 2514 Ave
983 2465 1156 2512 mater
1176 2450 1556 2522 redemptoris,

775 2544 917 2602 Caro
939 2542 1091 2612 cujus
1117 2539 1371 2602 eilloruit,

776 2638 1003 2708 Quando
1037 2650 1230 2708 passus
1259 2639 1470 2703 gustum
1515 2626 1707 2684 mortis

783 2733 859 2788 De
884 2728 1140 2801 sepulcro
1164 2719 1480 2780 resurrexit.

1045 2813 1114 2870 Et
1142 2811 1397 2883 reﬂoruit,
1431 2818 1532 2864 ete.

851 2908 964 2962 Ave
998 2913 1170 2959 mater
1199 2898 1462 2957 castitatis

785 2997 860 3054 De
895 3011 999 3066 qua
1023 2993 1164 3048 Deus
1189 2986 1485 3056 majestatis
1531 3025 1536 3028 -

785 3088 1181 3158 Scripturarum
1213 3093 1368 3136 voces
1392 3075 1544 3146 pluit,

787 3179 853 3234 Et
878 3176 1100 3231 virtutes
1125 3167 1376 3224 intonuit.

927 3259 1038 3316 Vox
1061 3258 1152 3313 Dei
1186 3271 1340 3325 super
1375 3267 1560 3323 aquas,
1581 3257 1682 3304 etc.

856 3357 967 3408 Ave
997 3360 1195 3414 mater,
1235 3346 1386 3415 cujus
1409 3351 1593 3414 partus

790 3439 1135 3514 Besurgendo
1156 3435 1310 3493 nobis
1339 3431 1510 3488 factus

791 3535 1050 3594 Matutina
1081 3531 1286 3594 lattitia,

791 3628 981 3684 Nostra
1009 3638 1127 3694 spes
1151 3629 1250 3683 est,
1271 3626 1322 3672 et
1339 3614 1526 3687 gloria.

1046 3713 1124 3765 Ad
1159 3722 1441 3777 vesperum,
1466 3712 1572 3758 etc.

863 3807 970 3860 Av:
993 3799 1229 3880 caelestis
1260 3793 1494 3856 domina,

797 3899 960 3965 Cujus
989 3875 1172 3962 partus
1191 3875 1401 3955 iustitia

799 3993 891 4047 Est
929 3996 1106 4043 nostra
1135 3983 1234 4036 libe
1245 3978 1397 4041 ratio,

799 4078 867 4132 Et
894 4077 944 4129 iu
977 4074 1140 4126 Deum
1168 4063 1450 4137 protectio.

964 4159 1089 4212 Esto
1120 4153 1243 4207 mihi
1267 4151 1320 4203 in
1350 4148 1537 4210 Deum,
1559 4157 1664 4200 etc.

874 4252 982 4303 Ave
1018 4251 1187 4300 mater
1211 4237 1518 4309 singularis,

805 4343 966 4411 Cujus
991 4338 1104 4392 hmc
1140 4341 1220 4387 est
1253 4327 1568 4392 fecunditas,

807 4439 920 4503 Qua
951 4429 1119 4487 beatis
1157 4425 1309 4488 viris,

807 4525 992 4584 Omnis
1031 4516 1318 4574 remittitur
1345 4510 1618 4581 iniquitas.

1166 4619 1198 4681 J
1207 4621 1320 4675 dem
1341 4622 1466 4689 ipse.

878 4717 989 4769 Ave
1008 4708 1156 4766 stella
1182 4705 1481 4777 virginalis,

809 4809 971 4876 Cujus
997 4811 1177 4871 partus
1197 4795 1484 4868 singularis

811 4899 886 4952 De
910 4895 1126 4964 cytltara
1161 4903 1254 4941 nos
1277 4884 1481 4947 docuit,

815 4986 867 5060 ln
890 4996 1045 5034 cruce
1069 4976 1280 5046 quando
1310 4973 1464 5026 obiit.

884 5072 983 5142 Ipsi
1013 5082 1133 5122 tunc
1157 5071 1290 5120 bene
1315 5061 1591 5132 psallimus

815 5167 1005 5220 Decem
1039 5157 1251 5212 chordis
1280 5149 1514 5222 psalterii
1539 5165 1554 5211 ;

815 5258 894 5310 Ad
931 5255 1099 5322 ipsum
1129 5263 1249 5302 cum
1277 5243 1556 5296 referimus

817 5348 1128 5416 Ili-calngum
1157 5336 1415 5409 mystcrii.

817 5436 1137 5504 Con/itcmini
1187 5433 1288 5484 Dco
1331 5430 1382 5478 iu
1434 5423 1678 5492 egi/raris,
1726 5430 1828 5473 etc.

887 5528 994 5576 Ave
1023 5533 1205 5578 luatur,
1238 5517 1386 5581 cujus
1411 5520 1592 5580 partus

820 5615 978 5666 l'ibt:s
1006 5614 1120 5663 vitm
1151 5607 1301 5660 nobis
1328 5605 1516 5663 factus,

990 222 992 225 l
1074 274 1132 326 ε..
1181 257 1470 318 ANSELMI
1507 226 1857 310 caurum,
1890 238 2202 298 ARCIIIEP.
2244 235 2392 290 ore.
2430 231 2608 287 mus
2651 228 2710 282 ιι.
2748 255 2818 268 -
2853 217 3216 280 ramum.
3247 217 3336 275 ET
3371 213 3611 273 ascer.

1840 366 2005 421 Gusta
2015 376 2071 417 rc
2099 359 2247 416 dedit
2273 356 2542 412 mentibus

1845 456 2015 522 Quam
2042 449 2222 505 suavis
2251 457 2333 501 est
2358 445 2636 499 Dominus.

1974 540 2278 594 Benedicam
2309 533 2611 593 Dominum,
2635 538 2740 581 etc.

1915 627 2026 680 Ave
2051 631 2240 687 mater,
2266 619 2419 688 cujus
2448 626 2632 686 partus

1847 713 2003 769 Salus
2029 711 2182 766 nobis
2211 720 2295 765 est
2316 707 2566 770 eﬂ'ectus;

1849 803 2026 859 Effusa
2049 803 2210 857 datur
2239 799 2468 861 framea,

1849 891 1979 958 Quae
2007 888 2166 944 scidit
2202 893 2385 941 nostra
2412 880 2656 936 vulnera.

1979 993 1982 1000 '
2026 978 2256 1050 E/I‘un'de
2281 977 2557 1046 frameam,
2592 980 2699 1026 etc.

1921 1072 2033 1126 Ave
2061 1078 2253 1134 mater,
2279 1063 2432 1134 cujus
2455 1071 2640 1133 partus

1853 1165 2088 1220 Torrens
2112 1172 2334 1215 summa
2365 1151 2654 1224 voluptatis

1857 1249 2090 1308 Verbum
2118 1244 2293 1298 Patris
2333 1243 2492 1298 homo
2520 1237 2714 1304 factus,

1855 1342 1997 1396 Fons
2019 1337 2138 1392 vitm
2169 1346 2253 1391 est
2278 1332 2530 1403 splendor
2567 1329 2718 1384 lucis.

2102 1431 2129 1483 1
2134 1428 2380 1485 nebriasti
2401 1442 2503 1489 mc,
2533 1432 2638 1499 etc.

1930 1526 2039 1579 Ave
2068 1520 2304 1577 caelestis
2332 1517 2518 1592 janua,

1858 1615 1972 1682 Qua
1999 1610 2265 1683 processit
2291 1605 2629 1670 Emmanuel,

1858 1708 2023 1772 Cujus
2045 1703 2223 1768 lumen
2243 1698 2476 1767 iustitia,

1859 1791 2124 1847 Judicium
2150 1786 2422 1842 meridies.
2487 1771 2505 1777 λ’

2071 1883 2139 1937 Ει
2163 1883 2342 1948 educet
2368 1877 2539 1950 quasi,
2570 1884 2675 1939 etc.

1932 1979 2043 2031 Ave
2065 1982 2253 2035 mater,
2279 1984 2398 2039 qua:
2426 1966 2678 2039 gaudium

1867 2065 2129 2136 Peperisti
2164 2059 2420 2124 fidelium,

1864 2159 2003 2213 Ante
2025 2169 2184 2224 quem
2210 2148 2557 2206 desiderium.

1867 2250 2044 2304 Manet
2076 2260 2135 2300 sc
2160 2239 2522 2312 diligentium.

1937 2337 2039 2393 Per
2063 2335 2233 2405 ipsam
2263 2339 2449 2386 uoster
2470 2325 2688 2397 genitus

1867 2426 2015 2483 Patri
2038 2440 2141 2480 non
2173 2430 2254 2479 est
2282 2417 2653 2479 absconditus,

1872 2522 2004 2578 Dum
2030 2533 2087 2574 se
2115 2512 2244 2570 facit
2275 2509 2617 2573 advocatum,

1871 2571 2294 2678 Pium—pmbens
2319 2571 2653 2674 exauditum.
2753 2571 2770 2651 ,θ

2084 2686 2322 2754 Domine,
2335 2695 2454 2738 ante
2490 2691 2559 2746 te,
2583 2689 2688 2736 etc.

1941 2778 2054 2833 Ave
2081 2780 2276 2837 mater,
2301 2773 2368 2827 de
2392 2785 2498 2840 qua
2529 2776 2706 2823 nostra

1875 2864 2143 2922 Processit
2165 2858 2518 2930 exspectatio.

1876 2957 1931 3012 In
1952 2970 2056 3025 qua
2076 2961 2260 3009 nostra
2289 2946 2586 3004 subStantia

1877 3045 2054 3102 Patris
2077 3041 2321 3098 consedit
2349 3038 2502 3093 solio.

2088 3133 2153 3187 Et
2185 3147 2318 3185 nunc
2342 3143 2458 3200 qua!
2486 3136 2579 3194 est,
2600 3133 2706 3180 etc.

1947 3226 2062 3280 Ave
2086 3230 2279 3284 mater,
2307 3218 2460 3288 cujus
2483 3223 2670 3286 partus

1881 3315 1952 3372 Se
1980 3301 2078 3386 pro
2100 3312 2254 3367 nobis
2274 3309 2645 3364 holocaustum

1875 3410 2032 3470 Fecit
2052 3407 2192 3462 Deus
2218 3417 2346 3458 caro
2367 3400 2562 3465 factus,

1882 3501 2041 3557 Solus
2063 3508 2307 3552 nostrum
2329 3491 2647 3548 remedium.

1938 3589 2313 3645 Holocaustum
2342 3581 2728 3654 improperium,
2759 3586 2864 3633 etc.

1951 3688 2063 3740 Ave
2089 3690 2277 3744 mater,
2302 3677 2456 3748 cujus
2480 3682 2667 3747 partus

1885 3780 2107 3835 Nostras
2136 3774 2349 3831 sanavit
2389 3771 2618 3832 animas,

1886 3870 2043 3934 Solus
2071 3874 2263 3937 potens
2300 3863 2611 3923 advocatus,

1884 3967 2061 4034 Agens
2087 3972 2298 4022 causas,
2327 3954 2539 4010 solvens
2565 3951 2770 4020 culpas.

2072 4055 2180 4125 Ego
2208 4052 2319 4106 dixi
2355 4049 2596 4113 Domine,
2624 4057 2727 4104 etc.

1958 4150 2069 4203 Ave
2107 4157 2275 4201 mater
2304 4144 2585 4204 castitatis,

1890 4234 2053 4304 Cujus
2077 4233 2258 4288 laudes
2283 4245 2448 4286 sonus
2472 4227 2604 4280 lium
2625 4222 2910 4294 cpulantis,

1895 4326 2292 4394 Scripturarum
2324 4320 2427 4374 cibi
2453 4317 2656 4379 dulces,

1896 4416 1950 4469 In
1982 4428 2114 4469 voce
2140 4410 2508 4468 confessionis.

2023 4503 2084 4556 In
2114 4519 2232 4556 voce
2254 4496 2630 4561 exsul'tationis,
2663 4503 2766 4548 etc.

1967 4594 2076 4665 Ave
2100 4600 2270 4644 mater
2295 4587 2532 4658 pietatis,

1898 4683 2060 4751 Cujus
2093 4690 2278 4750 partus
2306 4690 2386 4733 est
2412 4677 2580 4729 altare
2609 4674 2697 4726 Dei
2726 4669 2918 4724 Patris.

1900 4776 2201 4833 chtilieans
2227 4771 2448 4827 intuitus

1901 4865 2201 4923 Iuventutis
2242 4873 2440 4917 nostra:
2483 4859 2695 4912 trientis.

2168 4953 2231 5003 Et
2256 4949 2504 5011 introibo,
2527 4957 2630 4999 etc.

1975 5047 2105 5108 Ave,
2131 5059 2246 5112 qua:
2270 5041 2444 5110 Patris
2463 5038 2737 5093 brachium

1905 5136 2164 5205 Peperisti
2192 5133 2371 5186 .lcsum
2397 5131 2685 5191 Christum,

1905 5228 2065 5295 Cujus
2097 5223 2434 5283 illumiuatio,

1909 5320 2090 5374 Vultus
2117 5316 2205 5367 Dei
2235 5316 2291 5364 lit
2319 5313 2472 5362 visio.

2117 5403 2216 5457 Sed
2244 5405 2448 5453 dextera
2472 5409 2580 5458 tua,
2611 5407 2710 5448 etc.

1977 5499 2104 5553 Ave,
2138 5491 2287 5556 cujus
2313 5487 2603 5539 visceribz.s

1911 5591 2047 5640 Deus
2075 5587 2227 5637 l'atcr
2253 5580 2519 5649 ingenitus

3893 34 3978 46 vv

3825 207 3964 268 ιθῖο

2942 339 3218 398 Eructavit
3260 337 3482 392 verbum
3504 331 3723 395 bonum,

2944 432 3161 489 Scilicet
3201 426 3552 498 unigenitum.

3372 511 3519 568 Idem

3013 607 3146 672 Ave,
3173 603 3327 673 cujus
3367 601 3659 656 altissimus

2949 693 3198 755 Sacravit
3229 690 3648 753 tabernaculum,

2943 785 3186 842 Paterna:
3211 785 3346 840 lucis
3372 783 3555 838 radius

2945 875 3142 932 Factus
3164 876 3319 931 nobis
3347 871 3661 929 remedium.

3246 965 3533 1028 Fluminis,
3566 969 3672 1017 etc.

3017 1059 3129 1113 Ave
3152 1061 3342 1119 mater,
3372 1050 3524 1120 cujus
3552 1050 3739 1117 partus

2951 1149 3144 1206 Nostra
3177 1146 3322 1202 salus
3345 1128 3430 1198 est
3453 1138 3693 1203 effectus,

2952 1238 3108 1310 unde
3134 1236 3335 1293 clamat
3358 1223 3516 1314 nobis
3541 1227 3811 1289 Psalmns,

2874 1366 2892 1382 .
2951 1327 3190 1385 Plaudite
3221 1332 3408 1396 gentes
3439 1319 3686 1376 manibus

3382 1409 3532 1465 Idem

3019 1501 3396 1583 Ave‘jcmlestis
3427 1498 3653 1562 mansio,

2953 1601 3028 1655 De
3052 1597 3204 1666 cujus
3232 1593 3415 1665 templi
3442 1589 3580 1646 medi

2955 1690 3300 1760 Suscepimus
3329 1680 3664 1740 incarnatam
3749 1721 3754 1726 .

2955 1775 3048 1832 Dei
3081 1770 3526 1830 misericordiam.

3221 1862 3576 1932 Suscepimus,
3598 1863 3704 1910 etc.

3028 1963 3144 2018 Ave
3171 1956 3292 2014 εωιί
3311 1949 3579 2020 introitus,

2963 2051 3151 2109 Divina
3177 2043 3458 2104 habitatio,

2962 2141 3126 2210 Cujus
3145 2144 3230 2192 est
3257 2131 3410 2189 nobis
3430 2127 3572 2183 illius

2968 2235 3032 2290 Et
3055 2233 3242 2294 frater,
3267 2235 3323 2283 et
3347 2220 3662 2291 redemptio.

3113 2321 3305 2377 Frater
3335 2331 3439 2371 non
3463 2312 3701 2374 redemit,
3731 2316 3850 2365 etc.

2967 2482 2972 2486 ,
3034 2416 3151 2471 Ave
3171 2411 3300 2467 Sion
3330 2405 3584 2478 gloriosa,

2939 2539 2944 2544 -
2970 2511 3044 2565 De
3067 2519 3172 2577 qua
3203 2501 3357 2558 nobis
3385 2494 3663 2554 manifesta

2966 2595 3056 2654 Fit
3075 2608 3238 2652 came
3269 2587 3431 2645 Verbi
3453 2585 3622 2642 facies

2972 2681 3190 2749 Decoris
3214 2679 3305 2735 Dei
3344 2671 3553 2746 specie.

3232 2769 3272 2823 Δ
3305 2766 3429 2821 solis
3455 2772 3594 2825 ortu,
3616 2767 3720 2813 etc.

3038 2867 3150 2920 Ave
3175 2861 3412 2919 caelestis
3431 2859 3617 2930 ianua.

2972 2956 3088 3024 Qua
3120 2955 3214 3010 Dei
3254 2947 3431 3008 Patris
3469 2947 3627 3002 unica

2971 3044 3242 3126 Processit
3278 3039 3433 3096 nobis
3469 3034 3674 3092 reddita

2972 3135 3236 3192 Salutaris
3271 3131 3475 3188 lastitia.
3511 3141 3516 3147 '

3245 3220 3422 3277 Redde
3444 3215 3593 3279 mihi,
3623 3224 3733 3268 etc.

2973 3326 3102 3368 PARS
3120 3327 3158 3366 11
3187 3322 3459 3364 νειιτειιιι
3485 3321 3532 3359 Β.
3555 3311 4008 3358 ιλιιενιιιοικις.

3042 3403 3156 3456 Ave
3182 3408 3375 3464 mater,
3397 3393 3550 3464 cujus
3585 3400 3795 3462 partus,

2974 3494 3046 3550 Ut
3070 3493 3210 3548 oliva
3234 3487 3524 3550 fructifera,

2973 3587 3278 3644 Patibulum
3303 3581 3480 3638 crucis
3500 3590 3688 3649 passus
3707 3615 3722 3641 ,

2977 3681 3142 3738 Totus
3163 3676 3317 3732 ﬂuxit
3339 3675 3394 3727 in
3420 3670 3612 3742 gratia.

3245 3767 3357 3837 Ego
3387 3773 3580 3826 autem,
3611 3766 3719 3813 etc.

3046 3864 3158 3918 Ave
3188 3868 3379 3920 mater,
3407 3853 3559 3922 cujus
3587 3859 3775 3921 partus

2976 3953 3136 4028 305
3163 3951 3290 4006 Sine
3312 3946 3478 4015 culpa
3518 3943 3616 3997 fuit
3649 3955 3821 4006 unus,

2977 4047 3076 4112 Qui
3108 4055 3203 4098 nec
3234 4038 3396 4093 traxit
3428 4033 3639 4102 origine

2976 4133 3197 4203 Culpam
3227 4138 3382 4192 natus
3404 4141 3469 4182 ex
3492 4122 3726 4193 Virgine.

3051 4222 3159 4276 Ave
3182 4227 3352 4272 mater
3371 4255 3385 4280 ,
3417 4213 3570 4283 cujus
3613 4217 3805 4278 partus

2980 4311 3228 4366 leestts
3262 4305 3438 4359 Patris
3475 4301 3662 4356 unicus
3777 4289 3781 4294 ”

2982 4400 3147 4454 Nobis
3166 4394 3526 4451 voluntarium

2986 4491 3078 4546 Est
3104 4489 3274 4542 factus
3297 4481 3638 4539 sacrificium.

3254 4575 3588 4636 ‘Voluntarie,
3623 4580 3732 4624 etc.

3049 4677 3180 4738 Ave,
3204 4687 3270 4727 ex
3298 4683 3401 4738 qua
3435 4665 3681 4721 Christus
3724 4670 3888 4716 ortus

2991 4769 3224 4834 Vesliere
3252 4759 3468 4814 Pascha'
3485 4753 3692 4814 docuit,

2996 4853 3068 4911 Ad
3103 4850 3327 4904 Pilatum
3357 4857 3512 4898 mane
3537 4843 3734 4894 ductus

2997 4939 3284 4992 Veritatem
3309 4924 3607 4985 nuntiavit.

3067 5025 3283 5082 Meridie
3311 5019 3598 5074 cruciﬁxus

2995 5123 3035 5174 A
3063 5119 3218 5173 Patre
3242 5126 3321 5170 est
3349 5109 3663 5171 exauditus;

2996 5213 3060 5264 Et
3087 5209 3316 5263 moriens
3353 5213 3576 5258 mortem
3607 5195 3778 5259 vicit,

2996 5301 3095 5367 Qui
3127 5302 3192 5352 de
3221 5302 3390 5349 morte
3424 5287 3736 5343 resurrexit.

3214 5387 3422 5453 Vespere
3451 5392 3495 5446 ct
3514 5393 3682 5438 mane,
3698 5382 3811 5431 etc.

3062 5479 3170 5531 Ave.
3201 5474 3394 5544 Regina
3429 5468 3725 5535 virginum,

2994 5568 3198 5624 Lcctitia
3231 5563 3455 5618 fidelium
3471 5601 3485 5626 ,

3941 5757 3952 5782 ρ
4131 5777 4140 5788 ο

4121 5797 4142 5822 ἰι

4115 5829 4140 5860 .r?’

3733 5983 3742 5996 ο
3769 6009 3774 6012 Ι
3863 5985 3866 5990 -
3887 5997 3914 6008 -
4083 6001 4088 6008 '
